PokerStars Hand #254315626817:  Hold'em No Limit ($0.50/$1.00 USD) - 2025/01/11 17:15:48 WET [2025/01/11 12:15:48 ET]
Table 'Medea III' 6-max Seat #3 is the button
Seat 1: tukeiron ($100 in chips) 
Seat 2: MAO_DZEDYN_S ($100 in chips) 
Seat 3: Evelexy1 ($10 in chips) 
Seat 4: oneduo ($100 in chips) 
Seat 5: Twistenko ($100 in chips) 
Seat 6: Ae46 ($25 in chips) 
oneduo: posts small blind $0.50
Twistenko: posts big blind $1
*** HOLE CARDS ***
Ae46: calls $1
tukeiron: folds 
MAO_DZEDYN_S: folds 
Evelexy1: folds 
oneduo: folds 
Twistenko: checks 
*** FLOP *** [5c Th Ks]
Twistenko: checks 
Ae46: bets $1
Twistenko: folds 
Uncalled bet ($1) returned to Ae46
Ae46 collected $2.38 from pot
*** SUMMARY ***
Total pot $2.50 | Rake $0.12 
Board [5c Th Ks]
Seat 1: tukeiron folded before Flop (didn't bet)
Seat 2: MAO_DZEDYN_S folded before Flop (didn't bet)
Seat 3: Evelexy1 (button) folded before Flop (didn't bet)
Seat 4: oneduo (small blind) folded before Flop
Seat 5: Twistenko (big blind) folded on the Flop
Seat 6: Ae46 collected ($2.38)



PokerStars Hand #254315642304:  Hold'em No Limit ($0.50/$1.00 USD) - 2025/01/11 17:16:41 WET [2025/01/11 12:16:41 ET]
Table 'Medea III' 6-max Seat #4 is the button
Seat 1: tukeiron ($100 in chips) 
Seat 2: MAO_DZEDYN_S ($100 in chips) 
Seat 3: Evelexy1 ($100 in chips) 
Seat 4: oneduo ($100 in chips) 
Seat 5: Twistenko ($100 in chips) 
Seat 6: Ae46 ($26.38 in chips) 
Twistenko: posts small blind $0.50
Ae46: posts big blind $1
*** HOLE CARDS ***
tukeiron: folds 
MAO_DZEDYN_S: folds 
Evelexy1: raises $1.50 to $2.50
oneduo: folds 
Twistenko: folds 
Ae46: folds 
Uncalled bet ($1.50) returned to Evelexy1
Evelexy1 collected $2.50 from pot
Evelexy1: doesn't show hand 
*** SUMMARY ***
Total pot $2.50 | Rake $0 
Seat 1: tukeiron folded before Flop (didn't bet)
Seat 2: MAO_DZEDYN_S folded before Flop (didn't bet)
Seat 3: Evelexy1 collected ($2.50)
Seat 4: oneduo (button) folded before Flop (didn't bet)
Seat 5: Twistenko (small blind) folded before Flop
Seat 6: Ae46 (big blind) folded before Flop



PokerStars Hand #254315647535:  Hold'em No Limit ($0.50/$1.00 USD) - 2025/01/11 17:17:00 WET [2025/01/11 12:17:00 ET]
Table 'Medea III' 6-max Seat #5 is the button
Seat 1: tukeiron ($100 in chips) 
Seat 2: MAO_DZEDYN_S ($100 in chips) 
Seat 3: Evelexy1 ($101.50 in chips) 
Seat 4: oneduo ($100 in chips) 
Seat 5: Twistenko ($100 in chips) 
Seat 6: Ae46 ($25.38 in chips) 
Ae46: posts small blind $0.50
tukeiron: posts big blind $1
*** HOLE CARDS ***
MAO_DZEDYN_S: folds 
Evelexy1: folds 
oneduo: folds 
Twistenko: raises $2 to $3
Ae46: folds 
tukeiron: calls $2
*** FLOP *** [9c 2h 9h]
tukeiron: checks 
Twistenko: bets $2.47
Evelexy1 leaves the table
tukeiron: folds 
Uncalled bet ($2.47) returned to Twistenko
Twistenko collected $6.18 from pot
Twistenko: doesn't show hand 
*** SUMMARY ***
Total pot $6.50 | Rake $0.32 
Board [9c 2h 9h]
Seat 1: tukeiron (big blind) folded on the Flop
Seat 2: MAO_DZEDYN_S folded before Flop (didn't bet)
Seat 3: Evelexy1 folded before Flop (didn't bet)
Seat 4: oneduo folded before Flop (didn't bet)
Seat 5: Twistenko (button) collected ($6.18)
Seat 6: Ae46 (small blind) folded before Flop



PokerStars Hand #254315661694:  Hold'em No Limit ($0.50/$1.00 USD) - 2025/01/11 17:17:49 WET [2025/01/11 12:17:49 ET]
Table 'Medea III' 6-max Seat #6 is the button
Seat 1: tukeiron ($100 in chips) 
Seat 2: MAO_DZEDYN_S ($100 in chips) 
Seat 4: oneduo ($100 in chips) 
Seat 5: Twistenko ($103.18 in chips) 
Seat 6: Ae46 ($24.88 in chips) 
tukeiron: posts small blind $0.50
MAO_DZEDYN_S: posts big blind $1
*** HOLE CARDS ***
IREQO joins the table at seat #3 
oneduo: folds 
Twistenko: folds 
Ae46: raises $1 to $2
tukeiron: raises $10 to $12
MAO_DZEDYN_S: folds 
Ae46: folds 
Uncalled bet ($10) returned to tukeiron
tukeiron collected $5 from pot
*** SUMMARY ***
Total pot $5 | Rake $0 
Seat 1: tukeiron (small blind) collected ($5)
Seat 2: MAO_DZEDYN_S (big blind) folded before Flop
Seat 4: oneduo folded before Flop (didn't bet)
Seat 5: Twistenko folded before Flop (didn't bet)
Seat 6: Ae46 (button) folded before Flop



PokerStars Hand #254315676240:  Hold'em No Limit ($0.50/$1.00 USD) - 2025/01/11 17:18:40 WET [2025/01/11 12:18:40 ET]
Table 'Medea III' 6-max Seat #1 is the button
Seat 1: tukeiron ($103 in chips) 
Seat 2: MAO_DZEDYN_S ($100 in chips) 
Seat 3: IREQO ($100 in chips) 
Seat 4: oneduo ($100 in chips) 
Seat 5: Twistenko ($103.18 in chips) 
Seat 6: Ae46 ($22.88 in chips) 
MAO_DZEDYN_S: posts small blind $0.50
IREQO: posts big blind $1
*** HOLE CARDS ***
oneduo: folds 
Twistenko: folds 
Ae46: raises $1 to $2
tukeiron: raises $8 to $10
MAO_DZEDYN_S: folds 
IREQO: folds 
Ae46: calls $8
*** FLOP *** [9h 3s Jc]
Ae46: bets $12.88 and is all-in
tukeiron: calls $12.88
*** TURN *** [9h 3s Jc] [8c]
*** RIVER *** [9h 3s Jc 8c] [Qd]
*** SHOW DOWN ***
Ae46: shows [Ad Jh] (a pair of Jacks)
tukeiron: shows [Kd Kh] (a pair of Kings)
tukeiron collected $44.90 from pot
Ae46 cashed out the hand for $8.90 | Cash Out Fee $0.18
*** SUMMARY ***
Total pot $47.26 | Rake $2.36 
Board [9h 3s Jc 8c Qd]
Seat 1: tukeiron (button) showed [Kd Kh] and won ($44.90) with a pair of Kings
Seat 2: MAO_DZEDYN_S (small blind) folded before Flop
Seat 3: IREQO (big blind) folded before Flop
Seat 4: oneduo folded before Flop (didn't bet)
Seat 5: Twistenko folded before Flop (didn't bet)
Seat 6: Ae46 showed [Ad Jh] and lost with a pair of Jacks (cashed out).



PokerStars Hand #254315689551:  Hold'em No Limit ($0.50/$1.00 USD) - 2025/01/11 17:19:26 WET [2025/01/11 12:19:26 ET]
Table 'Medea III' 6-max Seat #2 is the button
Seat 1: tukeiron ($125.02 in chips) 
Seat 2: MAO_DZEDYN_S ($100 in chips) 
Seat 3: IREQO ($99 in chips) 
Seat 4: oneduo ($100 in chips) 
Seat 5: Twistenko ($103.18 in chips) 
Seat 6: Ae46 ($8.90 in chips) 
IREQO: posts small blind $0.50
oneduo: posts big blind $1
*** HOLE CARDS ***
Twistenko: folds 
Ae46: folds 
tukeiron: folds 
MAO_DZEDYN_S: raises $1.50 to $2.50
IREQO: raises $9.50 to $12
oneduo: folds 
MAO_DZEDYN_S: calls $9.50
*** FLOP *** [6h 2h 2c]
IREQO: bets $11.88
MAO_DZEDYN_S: calls $11.88
*** TURN *** [6h 2h 2c] [Ks]
IREQO: bets $25
MAO_DZEDYN_S: folds 
Uncalled bet ($25) returned to IREQO
IREQO collected $46.32 from pot
IREQO: doesn't show hand 
*** SUMMARY ***
Total pot $48.76 | Rake $2.44 
Board [6h 2h 2c Ks]
Seat 1: tukeiron folded before Flop (didn't bet)
Seat 2: MAO_DZEDYN_S (button) folded on the Turn
Seat 3: IREQO (small blind) collected ($46.32)
Seat 4: oneduo (big blind) folded before Flop
Seat 5: Twistenko folded before Flop (didn't bet)
Seat 6: Ae46 folded before Flop (didn't bet)



PokerStars Hand #254315716759:  Hold'em No Limit ($0.50/$1.00 USD) - 2025/01/11 17:21:01 WET [2025/01/11 12:21:01 ET]
Table 'Medea III' 6-max Seat #3 is the button
Seat 1: tukeiron ($125.02 in chips) 
Seat 2: MAO_DZEDYN_S ($100 in chips) 
Seat 3: IREQO ($121.44 in chips) 
Seat 4: oneduo ($100 in chips) 
Seat 5: Twistenko ($103.18 in chips) 
Seat 6: Ae46 ($8.90 in chips) 
oneduo: posts small blind $0.50
Twistenko: posts big blind $1
*** HOLE CARDS ***
Ae46: raises $7.90 to $8.90 and is all-in
tukeiron: folds 
MAO_DZEDYN_S: calls $8.90
IREQO: folds 
oneduo: folds 
Twistenko: calls $7.90
*** FLOP *** [Ad 9c 6h]
Twistenko: checks 
MAO_DZEDYN_S: checks 
*** TURN *** [Ad 9c 6h] [4d]
Twistenko: checks 
MAO_DZEDYN_S: checks 
*** RIVER *** [Ad 9c 6h 4d] [3h]
Twistenko: checks 
MAO_DZEDYN_S: checks 
*** SHOW DOWN ***
Twistenko: shows [Kd Qh] (high card Ace)
Ae46: mucks hand 
MAO_DZEDYN_S: shows [7s 7d] (a pair of Sevens)
MAO_DZEDYN_S collected $25.84 from pot
*** SUMMARY ***
Total pot $27.20 | Rake $1.36 
Board [Ad 9c 6h 4d 3h]
Seat 1: tukeiron folded before Flop (didn't bet)
Seat 2: MAO_DZEDYN_S showed [7s 7d] and won ($25.84) with a pair of Sevens
Seat 3: IREQO (button) folded before Flop (didn't bet)
Seat 4: oneduo (small blind) folded before Flop
Seat 5: Twistenko (big blind) showed [Kd Qh] and lost with high card Ace
Seat 6: Ae46 mucked



PokerStars Hand #254315739644:  Hold'em No Limit ($0.50/$1.00 USD) - 2025/01/11 17:22:21 WET [2025/01/11 12:22:21 ET]
Table 'Medea III' 6-max Seat #4 is the button
Seat 6: Ae46 ($0 in chips) is sitting out
Seat 1: tukeiron ($125.02 in chips) 
Seat 2: MAO_DZEDYN_S ($116.94 in chips) 
Seat 3: IREQO ($121.44 in chips) 
Seat 4: oneduo ($100 in chips) 
Seat 5: Twistenko ($100 in chips) 
Twistenko: posts small blind $0.50
tukeiron: posts big blind $1
*** HOLE CARDS ***
Ae46 leaves the table
MAO_DZEDYN_S: raises $1.25 to $2.25
IREQO: folds 
oneduo: folds 
Twistenko: folds 
tukeiron: folds 
Uncalled bet ($1.25) returned to MAO_DZEDYN_S
MAO_DZEDYN_S collected $2.50 from pot
MAO_DZEDYN_S: doesn't show hand 
*** SUMMARY ***
Total pot $2.50 | Rake $0 
Seat 6: Ae46
Seat 1: tukeiron (big blind) folded before Flop
Seat 2: MAO_DZEDYN_S collected ($2.50)
Seat 3: IREQO folded before Flop (didn't bet)
Seat 4: oneduo (button) folded before Flop (didn't bet)
Seat 5: Twistenko (small blind) folded before Flop



PokerStars Hand #254315811404:  Hold'em No Limit ($0.50/$1.00 USD) - 2025/01/11 17:26:32 WET [2025/01/11 12:26:32 ET]
Table 'Medea III' 6-max Seat #1 is the button
Seat 4: AlexPinsk1 ($100 in chips) is sitting out
Seat 1: tukeiron ($124.02 in chips) 
Seat 3: Hansenmic ($100 in chips) 
tukeiron: posts small blind $0.50
Hansenmic: posts big blind $1
*** HOLE CARDS ***
tukeiron: folds 
Uncalled bet ($0.50) returned to Hansenmic
AleJunior001 joins the table at seat #5 
Hansenmic collected $1 from pot
Hansenmic: doesn't show hand 
steepfell joins the table at seat #6 
*** SUMMARY ***
Total pot $1 | Rake $0 
Seat 4: AlexPinsk1
Seat 1: tukeiron (button) (small blind) folded before Flop
Seat 3: Hansenmic (big blind) collected ($1)



PokerStars Hand #254315813104:  Hold'em No Limit ($0.50/$1.00 USD) - 2025/01/11 17:26:38 WET [2025/01/11 12:26:38 ET]
Table 'Medea III' 6-max Seat #1 is the button
Seat 4: AlexPinsk1 ($100 in chips) is sitting out
Seat 6: steepfell ($100 in chips) is sitting out
Seat 1: tukeiron ($123.52 in chips) 
Seat 3: Hansenmic ($100.50 in chips) 
Seat 5: AleJunior001 ($100 in chips) 
Hansenmic: posts small blind $0.50
AleJunior001: posts big blind $1
steepfell: sits out 
*** HOLE CARDS ***
Manifestorr joins the table at seat #2 
tukeiron: folds 
Hansenmic: calls $0.50
AleJunior001: checks 
*** FLOP *** [Kd Jd 9c]
Hansenmic: checks 
AleJunior001: bets $1
Hansenmic: calls $1
*** TURN *** [Kd Jd 9c] [7d]
Hansenmic: checks 
AleJunior001: bets $2.50
Hansenmic: calls $2.50
*** RIVER *** [Kd Jd 9c 7d] [Ks]
Hansenmic: bets $3
AleJunior001: calls $3
*** SHOW DOWN ***
Hansenmic: shows [4d 3d] (a flush, King high)
AleJunior001: mucks hand 
Hansenmic collected $14.25 from pot
*** SUMMARY ***
Total pot $15 | Rake $0.75 
Board [Kd Jd 9c 7d Ks]
Seat 4: AlexPinsk1
Seat 6: steepfell
Seat 1: tukeiron (button) folded before Flop (didn't bet)
Seat 3: Hansenmic (small blind) showed [4d 3d] and won ($14.25) with a flush, King high
Seat 5: AleJunior001 (big blind) mucked



PokerStars Hand #254315827008:  Hold'em No Limit ($0.50/$1.00 USD) - 2025/01/11 17:27:27 WET [2025/01/11 12:27:27 ET]
Table 'Medea III' 6-max Seat #3 is the button
Seat 2: Manifestorr ($100 in chips) is sitting out
Seat 4: AlexPinsk1 ($100 in chips) is sitting out
Seat 1: tukeiron ($123.52 in chips) 
Seat 3: Hansenmic ($107.25 in chips) 
Seat 5: AleJunior001 ($92.50 in chips) 
Seat 6: steepfell ($100 in chips) 
AleJunior001: posts small blind $0.50
steepfell: posts big blind $1
Manifestorr: sits out 
*** HOLE CARDS ***
tukeiron: folds 
Hansenmic: folds 
AleJunior001: raises $2 to $3
steepfell: raises $6 to $9
AleJunior001: raises $15.50 to $24.50
steepfell: raises $75.50 to $100 and is all-in
AleJunior001: folds 
Uncalled bet ($75.50) returned to steepfell
steepfell collected $49 from pot
steepfell: doesn't show hand 
*** SUMMARY ***
Total pot $49 | Rake $0 
Seat 2: Manifestorr
Seat 4: AlexPinsk1
Seat 1: tukeiron folded before Flop (didn't bet)
Seat 3: Hansenmic (button) folded before Flop (didn't bet)
Seat 5: AleJunior001 (small blind) folded before Flop
Seat 6: steepfell (big blind) collected ($49)



PokerStars Hand #254315837910:  Hold'em No Limit ($0.50/$1.00 USD) - 2025/01/11 17:28:05 WET [2025/01/11 12:28:05 ET]
Table 'Medea III' 6-max Seat #5 is the button
Seat 2: Manifestorr ($100 in chips) is sitting out
Seat 4: AlexPinsk1 ($100 in chips) is sitting out
Seat 1: tukeiron ($123.52 in chips) 
Seat 3: Hansenmic ($107.25 in chips) 
Seat 5: AleJunior001 ($100 in chips) 
Seat 6: steepfell ($124.50 in chips) 
steepfell: posts small blind $0.50
tukeiron: posts big blind $1
Manifestorr: sits out 
AlexPinsk1: sits out 
*** HOLE CARDS ***
Hansenmic: folds 
AleJunior001: folds 
steepfell: folds 
Uncalled bet ($0.50) returned to tukeiron
tukeiron collected $1 from pot
tukeiron: doesn't show hand 
*** SUMMARY ***
Total pot $1 | Rake $0 
Seat 2: Manifestorr
Seat 4: AlexPinsk1
Seat 1: tukeiron (big blind) collected ($1)
Seat 3: Hansenmic folded before Flop (didn't bet)
Seat 5: AleJunior001 (button) folded before Flop (didn't bet)
Seat 6: steepfell (small blind) folded before Flop



PokerStars Hand #254315841741:  Hold'em No Limit ($0.50/$1.00 USD) - 2025/01/11 17:28:18 WET [2025/01/11 12:28:18 ET]
Table 'Medea III' 6-max Seat #6 is the button
Seat 4: AlexPinsk1 ($100 in chips) is sitting out
Seat 1: tukeiron ($124.02 in chips) 
Seat 2: Manifestorr ($100 in chips) 
Seat 3: Hansenmic ($107.25 in chips) 
Seat 5: AleJunior001 ($100 in chips) 
Seat 6: steepfell ($124 in chips) 
tukeiron: posts small blind $0.50
Manifestorr: posts big blind $1
AlexPinsk1: sits out 
*** HOLE CARDS ***
Hansenmic: folds 
Hansenmic leaves the table
AleJunior001: folds 
steepfell: folds 
tukeiron: raises $2 to $3
Manifestorr: folds 
Uncalled bet ($2) returned to tukeiron
tukeiron collected $2 from pot
tukeiron: doesn't show hand 
*** SUMMARY ***
Total pot $2 | Rake $0 
Seat 4: AlexPinsk1
Seat 1: tukeiron (small blind) collected ($2)
Seat 2: Manifestorr (big blind) folded before Flop
Seat 3: Hansenmic folded before Flop (didn't bet)
Seat 5: AleJunior001 folded before Flop (didn't bet)
Seat 6: steepfell (button) folded before Flop (didn't bet)



PokerStars Hand #254315978420:  Hold'em No Limit ($0.50/$1.00 USD) - 2025/01/11 17:36:05 WET [2025/01/11 12:36:05 ET]
Table 'Medea III' 6-max Seat #4 is the button
Seat 1: tukeiron ($124.98 in chips) 
Seat 2: machosaliba22 ($7.85 in chips) 
Seat 3: Unipoker11 ($100.50 in chips) 
Seat 4: AlexPinsk1 ($122.64 in chips) 
Seat 5: AleJunior001 ($103 in chips) 
AleJunior001: posts small blind $0.50
tukeiron: posts big blind $1
*** HOLE CARDS ***
machosaliba22: folds 
Unipoker11: folds 
AlexPinsk1: raises $1.50 to $2.50
AleJunior001: raises $9 to $11.50
tukeiron: folds 
AlexPinsk1: folds 
Uncalled bet ($9) returned to AleJunior001
AleJunior001 collected $6 from pot
AleJunior001: doesn't show hand 
*** SUMMARY ***
Total pot $6 | Rake $0 
Seat 1: tukeiron (big blind) folded before Flop
Seat 2: machosaliba22 folded before Flop (didn't bet)
Seat 3: Unipoker11 folded before Flop (didn't bet)
Seat 4: AlexPinsk1 (button) folded before Flop
Seat 5: AleJunior001 (small blind) collected ($6)



PokerStars Hand #254315987009:  Hold'em No Limit ($0.50/$1.00 USD) - 2025/01/11 17:36:35 WET [2025/01/11 12:36:35 ET]
Table 'Medea III' 6-max Seat #5 is the button
Seat 1: tukeiron ($123.98 in chips) 
Seat 2: machosaliba22 ($7.85 in chips) 
Seat 3: Unipoker11 ($100.50 in chips) 
Seat 4: AlexPinsk1 ($120.14 in chips) 
Seat 5: AleJunior001 ($106.50 in chips) 
tukeiron: posts small blind $0.50
machosaliba22: posts big blind $1
*** HOLE CARDS ***
Unipoker11: folds 
AlexPinsk1: folds 
AleJunior001: raises $1.50 to $2.50
tukeiron: raises $9 to $11.50
machosaliba22: folds 
AleJunior001: folds 
Uncalled bet ($9) returned to tukeiron
tukeiron collected $6 from pot
*** SUMMARY ***
Total pot $6 | Rake $0 
Seat 1: tukeiron (small blind) collected ($6)
Seat 2: machosaliba22 (big blind) folded before Flop
Seat 3: Unipoker11 folded before Flop (didn't bet)
Seat 4: AlexPinsk1 folded before Flop (didn't bet)
Seat 5: AleJunior001 (button) folded before Flop



PokerStars Hand #254315993761:  Hold'em No Limit ($0.50/$1.00 USD) - 2025/01/11 17:36:58 WET [2025/01/11 12:36:58 ET]
Table 'Medea III' 6-max Seat #1 is the button
Seat 1: tukeiron ($127.48 in chips) 
Seat 2: machosaliba22 ($6.85 in chips) 
Seat 3: Unipoker11 ($100.50 in chips) 
Seat 4: AlexPinsk1 ($120.14 in chips) 
Seat 5: AleJunior001 ($104 in chips) 
machosaliba22: posts small blind $0.50
Unipoker11: posts big blind $1
*** HOLE CARDS ***
AlexPinsk1: raises $1.50 to $2.50
AleJunior001: folds 
Ysiven joins the table at seat #6 
tukeiron: folds 
machosaliba22: folds 
Unipoker11: folds 
Uncalled bet ($1.50) returned to AlexPinsk1
AlexPinsk1 collected $2.50 from pot
AlexPinsk1: doesn't show hand 
*** SUMMARY ***
Total pot $2.50 | Rake $0 
Seat 1: tukeiron (button) folded before Flop (didn't bet)
Seat 2: machosaliba22 (small blind) folded before Flop
Seat 3: Unipoker11 (big blind) folded before Flop
Seat 4: AlexPinsk1 collected ($2.50)
Seat 5: AleJunior001 folded before Flop (didn't bet)



PokerStars Hand #254315997549:  Hold'em No Limit ($0.50/$1.00 USD) - 2025/01/11 17:37:11 WET [2025/01/11 12:37:11 ET]
Table 'Medea III' 6-max Seat #2 is the button
Seat 6: Ysiven ($100 in chips) is sitting out
Seat 1: tukeiron ($127.48 in chips) 
Seat 2: machosaliba22 ($6.35 in chips) 
Seat 3: Unipoker11 ($100 in chips) 
Seat 4: AlexPinsk1 ($121.64 in chips) 
Seat 5: AleJunior001 ($104 in chips) 
Unipoker11: posts small blind $0.50
AlexPinsk1: posts big blind $1
Ysiven: sits out 
*** HOLE CARDS ***
AleJunior001: folds 
tukeiron: raises $1.50 to $2.50
machosaliba22: raises $3.85 to $6.35 and is all-in
Unipoker11: folds 
AlexPinsk1: calls $5.35
tukeiron: calls $3.85
*** FLOP *** [2h 9d 6h]
AlexPinsk1: checks 
tukeiron: bets $9.29
AlexPinsk1: raises $17.21 to $26.50
tukeiron: calls $17.21
*** TURN *** [2h 9d 6h] [Qd]
Ysiven leaves the table
AlexPinsk1: bets $88.79 and is all-in
tukeiron: folds 
Uncalled bet ($88.79) returned to AlexPinsk1
*** RIVER *** [2h 9d 6h Qd] [Ad]
*** SHOW DOWN ***
AlexPinsk1: shows [Jh Jc] (a pair of Jacks)
AlexPinsk1 collected $51.48 from side pot
machosaliba22: shows [Kd 8d] (a flush, Ace high)
machosaliba22 collected $18.57 from main pot
*** SUMMARY ***
Total pot $72.55 Main pot $18.57. Side pot $51.48. | Rake $2.50 
Board [2h 9d 6h Qd Ad]
Seat 6: Ysiven
Seat 1: tukeiron folded on the Turn
Seat 2: machosaliba22 (button) showed [Kd 8d] and won ($18.57) with a flush, Ace high
Seat 3: Unipoker11 (small blind) folded before Flop
Seat 4: AlexPinsk1 (big blind) showed [Jh Jc] and won ($51.48) with a pair of Jacks
Seat 5: AleJunior001 folded before Flop (didn't bet)



PokerStars Hand #254316023735:  Hold'em No Limit ($0.50/$1.00 USD) - 2025/01/11 17:38:39 WET [2025/01/11 12:38:39 ET]
Table 'Medea III' 6-max Seat #3 is the button
Seat 1: tukeiron ($100 in chips) 
Seat 2: machosaliba22 ($18.57 in chips) 
Seat 3: Unipoker11 ($100 in chips) 
Seat 4: AlexPinsk1 ($140.27 in chips) 
Seat 5: AleJunior001 ($104 in chips) 
AlexPinsk1: posts small blind $0.50
AleJunior001: posts big blind $1
*** HOLE CARDS ***
tukeiron: folds 
machosaliba22: folds 
Unipoker11: raises $1.50 to $2.50
AlexPinsk1: raises $7.50 to $10
AleJunior001: folds 
Unipoker11: folds 
Uncalled bet ($7.50) returned to AlexPinsk1
AlexPinsk1 collected $6 from pot
AlexPinsk1: doesn't show hand 
*** SUMMARY ***
Total pot $6 | Rake $0 
Seat 1: tukeiron folded before Flop (didn't bet)
Seat 2: machosaliba22 folded before Flop (didn't bet)
Seat 3: Unipoker11 (button) folded before Flop
Seat 4: AlexPinsk1 (small blind) collected ($6)
Seat 5: AleJunior001 (big blind) folded before Flop



PokerStars Hand #254316031256:  Hold'em No Limit ($0.50/$1.00 USD) - 2025/01/11 17:39:05 WET [2025/01/11 12:39:05 ET]
Table 'Medea III' 6-max Seat #4 is the button
Seat 1: tukeiron ($100 in chips) 
Seat 2: machosaliba22 ($18.57 in chips) 
Seat 3: Unipoker11 ($100 in chips) 
Seat 4: AlexPinsk1 ($143.77 in chips) 
Seat 5: AleJunior001 ($103 in chips) 
AleJunior001: posts small blind $0.50
tukeiron: posts big blind $1
*** HOLE CARDS ***
machosaliba22: folds 
Unipoker11: folds 
AlexPinsk1: folds 
AleJunior001: raises $2 to $3
tukeiron: folds 
Uncalled bet ($2) returned to AleJunior001
AleJunior001 collected $2 from pot
AleJunior001: doesn't show hand 
*** SUMMARY ***
Total pot $2 | Rake $0 
Seat 1: tukeiron (big blind) folded before Flop
Seat 2: machosaliba22 folded before Flop (didn't bet)
Seat 3: Unipoker11 folded before Flop (didn't bet)
Seat 4: AlexPinsk1 (button) folded before Flop (didn't bet)
Seat 5: AleJunior001 (small blind) collected ($2)



PokerStars Hand #254316035341:  Hold'em No Limit ($0.50/$1.00 USD) - 2025/01/11 17:39:19 WET [2025/01/11 12:39:19 ET]
Table 'Medea III' 6-max Seat #5 is the button
Seat 1: tukeiron ($100 in chips) 
Seat 2: machosaliba22 ($18.57 in chips) 
Seat 3: Unipoker11 ($100 in chips) 
Seat 4: AlexPinsk1 ($143.77 in chips) 
Seat 5: AleJunior001 ($104 in chips) 
tukeiron: posts small blind $0.50
machosaliba22: posts big blind $1
*** HOLE CARDS ***
Unipoker11: raises $1 to $2
AlexPinsk1: raises $5 to $7
AleJunior001: folds 
tukeiron: folds 
machosaliba22: folds 
Unipoker11: folds 
Uncalled bet ($5) returned to AlexPinsk1
AlexPinsk1 collected $5.50 from pot
AlexPinsk1: doesn't show hand 
*** SUMMARY ***
Total pot $5.50 | Rake $0 
Seat 1: tukeiron (small blind) folded before Flop
Seat 2: machosaliba22 (big blind) folded before Flop
Seat 3: Unipoker11 folded before Flop
Seat 4: AlexPinsk1 collected ($5.50)
Seat 5: AleJunior001 (button) folded before Flop (didn't bet)



PokerStars Hand #254316044698:  Hold'em No Limit ($0.50/$1.00 USD) - 2025/01/11 17:39:51 WET [2025/01/11 12:39:51 ET]
Table 'Medea III' 6-max Seat #1 is the button
Seat 1: tukeiron ($100 in chips) 
Seat 2: machosaliba22 ($17.57 in chips) 
Seat 3: Unipoker11 ($100 in chips) 
Seat 4: AlexPinsk1 ($147.27 in chips) 
Seat 5: AleJunior001 ($104 in chips) 
machosaliba22: posts small blind $0.50
Unipoker11: posts big blind $1
*** HOLE CARDS ***
AlexPinsk1: folds 
AleJunior001: folds 
tukeiron: folds 
machosaliba22: folds 
Uncalled bet ($0.50) returned to Unipoker11
Unipoker11 collected $1 from pot
Unipoker11: doesn't show hand 
*** SUMMARY ***
Total pot $1 | Rake $0 
Seat 1: tukeiron (button) folded before Flop (didn't bet)
Seat 2: machosaliba22 (small blind) folded before Flop
Seat 3: Unipoker11 (big blind) collected ($1)
Seat 4: AlexPinsk1 folded before Flop (didn't bet)
Seat 5: AleJunior001 folded before Flop (didn't bet)



PokerStars Hand #254316048631:  Hold'em No Limit ($0.50/$1.00 USD) - 2025/01/11 17:40:04 WET [2025/01/11 12:40:04 ET]
Table 'Medea III' 6-max Seat #2 is the button
Seat 1: tukeiron ($100 in chips) 
Seat 2: machosaliba22 ($17.07 in chips) 
Seat 3: Unipoker11 ($100.50 in chips) 
Seat 4: AlexPinsk1 ($147.27 in chips) 
Seat 5: AleJunior001 ($104 in chips) 
Unipoker11: posts small blind $0.50
AlexPinsk1: posts big blind $1
*** HOLE CARDS ***
AleJunior001: folds 
tukeiron: folds 
machosaliba22: folds 
Unipoker11: raises $2 to $3
AlexPinsk1: folds 
Uncalled bet ($2) returned to Unipoker11
Unipoker11 collected $2 from pot
Unipoker11: doesn't show hand 
*** SUMMARY ***
Total pot $2 | Rake $0 
Seat 1: tukeiron folded before Flop (didn't bet)
Seat 2: machosaliba22 (button) folded before Flop (didn't bet)
Seat 3: Unipoker11 (small blind) collected ($2)
Seat 4: AlexPinsk1 (big blind) folded before Flop
Seat 5: AleJunior001 folded before Flop (didn't bet)



PokerStars Hand #254316053803:  Hold'em No Limit ($0.50/$1.00 USD) - 2025/01/11 17:40:21 WET [2025/01/11 12:40:21 ET]
Table 'Medea III' 6-max Seat #3 is the button
Seat 1: tukeiron ($100 in chips) 
Seat 2: machosaliba22 ($17.07 in chips) 
Seat 3: Unipoker11 ($101.50 in chips) 
Seat 4: AlexPinsk1 ($146.27 in chips) 
Seat 5: AleJunior001 ($104 in chips) 
AlexPinsk1: posts small blind $0.50
AleJunior001: posts big blind $1
*** HOLE CARDS ***
tukeiron: raises $1.50 to $2.50
machosaliba22: calls $2.50
Unipoker11: folds 
AlexPinsk1: folds 
AleJunior001: folds 
*** FLOP *** [5h 4s 7h]
tukeiron: checks 
machosaliba22: bets $14.57 and is all-in
tukeiron: folds 
Uncalled bet ($14.57) returned to machosaliba22
machosaliba22 collected $6.18 from pot
*** SUMMARY ***
Total pot $6.50 | Rake $0.32 
Board [5h 4s 7h]
Seat 1: tukeiron folded on the Flop
Seat 2: machosaliba22 collected ($6.18)
Seat 3: Unipoker11 (button) folded before Flop (didn't bet)
Seat 4: AlexPinsk1 (small blind) folded before Flop
Seat 5: AleJunior001 (big blind) folded before Flop



PokerStars Hand #254316065815:  Hold'em No Limit ($0.50/$1.00 USD) - 2025/01/11 17:41:02 WET [2025/01/11 12:41:02 ET]
Table 'Medea III' 6-max Seat #4 is the button
Seat 1: tukeiron ($100 in chips) 
Seat 2: machosaliba22 ($20.75 in chips) 
Seat 3: Unipoker11 ($101.50 in chips) 
Seat 4: AlexPinsk1 ($145.77 in chips) 
Seat 5: AleJunior001 ($103 in chips) 
AleJunior001: posts small blind $0.50
tukeiron: posts big blind $1
*** HOLE CARDS ***
Steve18212627 joins the table at seat #6 
Steve18212627 is disconnected 
machosaliba22: folds 
Unipoker11: folds 
AlexPinsk1: folds 
AleJunior001: folds 
Uncalled bet ($0.50) returned to tukeiron
tukeiron collected $1 from pot
*** SUMMARY ***
Total pot $1 | Rake $0 
Seat 1: tukeiron (big blind) collected ($1)
Seat 2: machosaliba22 folded before Flop (didn't bet)
Seat 3: Unipoker11 folded before Flop (didn't bet)
Seat 4: AlexPinsk1 (button) folded before Flop (didn't bet)
Seat 5: AleJunior001 (small blind) folded before Flop



PokerStars Hand #254316069876:  Hold'em No Limit ($0.50/$1.00 USD) - 2025/01/11 17:41:16 WET [2025/01/11 12:41:16 ET]
Table 'Medea III' 6-max Seat #5 is the button
Seat 6: Steve18212627 ($79.37 in chips) is sitting out
Seat 1: tukeiron ($100.50 in chips) 
Seat 2: machosaliba22 ($20.75 in chips) 
Seat 3: Unipoker11 ($101.50 in chips) 
Seat 4: AlexPinsk1 ($145.77 in chips) 
Seat 5: AleJunior001 ($102.50 in chips) 
tukeiron: posts small blind $0.50
machosaliba22: posts big blind $1
*** HOLE CARDS ***
Unipoker11: folds 
AlexPinsk1: folds 
AleJunior001: folds 
tukeiron: folds 
Uncalled bet ($0.50) returned to machosaliba22
machosaliba22 collected $1 from pot
*** SUMMARY ***
Total pot $1 | Rake $0 
Seat 6: Steve18212627
Seat 1: tukeiron (small blind) folded before Flop
Seat 2: machosaliba22 (big blind) collected ($1)
Seat 3: Unipoker11 folded before Flop (didn't bet)
Seat 4: AlexPinsk1 folded before Flop (didn't bet)
Seat 5: AleJunior001 (button) folded before Flop (didn't bet)



PokerStars Hand #254316074206:  Hold'em No Limit ($0.50/$1.00 USD) - 2025/01/11 17:41:31 WET [2025/01/11 12:41:31 ET]
Table 'Medea III' 6-max Seat #1 is the button
Seat 6: Steve18212627 ($79.37 in chips) is sitting out
Seat 1: tukeiron ($100 in chips) 
Seat 2: machosaliba22 ($21.25 in chips) 
Seat 3: Unipoker11 ($101.50 in chips) 
Seat 4: AlexPinsk1 ($145.77 in chips) 
Seat 5: AleJunior001 ($102.50 in chips) 
machosaliba22: posts small blind $0.50
Unipoker11: posts big blind $1
Steve18212627: sits out 
*** HOLE CARDS ***
AlexPinsk1: folds 
AleJunior001: raises $1 to $2
tukeiron: folds 
machosaliba22: calls $1.50
Unipoker11: calls $1
*** FLOP *** [6s 2d Ad]
machosaliba22: checks 
Unipoker11: checks 
AleJunior001: checks 
*** TURN *** [6s 2d Ad] [Qd]
machosaliba22: checks 
Unipoker11: checks 
AleJunior001: checks 
*** RIVER *** [6s 2d Ad Qd] [9d]
machosaliba22: bets $1
Unipoker11: calls $1
AleJunior001: folds 
*** SHOW DOWN ***
machosaliba22: shows [Js 9c] (a pair of Nines)
Unipoker11: shows [Td 8s] (a flush, Ace high)
Unipoker11 collected $7.60 from pot
*** SUMMARY ***
Total pot $8 | Rake $0.40 
Board [6s 2d Ad Qd 9d]
Seat 6: Steve18212627
Seat 1: tukeiron (button) folded before Flop (didn't bet)
Seat 2: machosaliba22 (small blind) showed [Js 9c] and lost with a pair of Nines
Seat 3: Unipoker11 (big blind) showed [Td 8s] and won ($7.60) with a flush, Ace high
Seat 4: AlexPinsk1 folded before Flop (didn't bet)
Seat 5: AleJunior001 folded on the River



PokerStars Hand #254316090843:  Hold'em No Limit ($0.50/$1.00 USD) - 2025/01/11 17:42:27 WET [2025/01/11 12:42:27 ET]
Table 'Medea III' 6-max Seat #2 is the button
Seat 6: Steve18212627 ($79.37 in chips) is sitting out
Seat 1: tukeiron ($100 in chips) 
Seat 2: machosaliba22 ($18.25 in chips) 
Seat 3: Unipoker11 ($106.10 in chips) 
Seat 4: AlexPinsk1 ($145.77 in chips) 
Seat 5: AleJunior001 ($100.50 in chips) 
Unipoker11: posts small blind $0.50
AlexPinsk1: posts big blind $1
Steve18212627: sits out 
*** HOLE CARDS ***
AleJunior001: folds 
tukeiron: folds 
machosaliba22: calls $1
Unipoker11: calls $0.50
AlexPinsk1: checks 
*** FLOP *** [6d Kh 9d]
Unipoker11: checks 
AlexPinsk1: checks 
machosaliba22: checks 
*** TURN *** [6d Kh 9d] [2c]
Unipoker11: checks 
AlexPinsk1: bets $2
machosaliba22: folds 
Unipoker11: folds 
Uncalled bet ($2) returned to AlexPinsk1
AlexPinsk1 collected $2.85 from pot
AlexPinsk1: doesn't show hand 
*** SUMMARY ***
Total pot $3 | Rake $0.15 
Board [6d Kh 9d 2c]
Seat 6: Steve18212627
Seat 1: tukeiron folded before Flop (didn't bet)
Seat 2: machosaliba22 (button) folded on the Turn
Seat 3: Unipoker11 (small blind) folded on the Turn
Seat 4: AlexPinsk1 (big blind) collected ($2.85)
Seat 5: AleJunior001 folded before Flop (didn't bet)



PokerStars Hand #254316105087:  Hold'em No Limit ($0.50/$1.00 USD) - 2025/01/11 17:43:15 WET [2025/01/11 12:43:15 ET]
Table 'Medea III' 6-max Seat #3 is the button
Seat 6: Steve18212627 ($79.37 in chips) is sitting out
Seat 1: tukeiron ($100 in chips) 
Seat 2: machosaliba22 ($17.25 in chips) 
Seat 3: Unipoker11 ($105.10 in chips) 
Seat 4: AlexPinsk1 ($147.62 in chips) 
Seat 5: AleJunior001 ($100.50 in chips) 
AlexPinsk1: posts small blind $0.50
AleJunior001: posts big blind $1
Steve18212627: sits out 
*** HOLE CARDS ***
tukeiron: folds 
machosaliba22: calls $1
Unipoker11: folds 
AlexPinsk1: folds 
AleJunior001: checks 
*** FLOP *** [9h As 3c]
AleJunior001: checks 
machosaliba22: bets $1
AleJunior001: folds 
Uncalled bet ($1) returned to machosaliba22
machosaliba22 collected $2.38 from pot
*** SUMMARY ***
Total pot $2.50 | Rake $0.12 
Board [9h As 3c]
Seat 6: Steve18212627
Seat 1: tukeiron folded before Flop (didn't bet)
Seat 2: machosaliba22 collected ($2.38)
Seat 3: Unipoker11 (button) folded before Flop (didn't bet)
Seat 4: AlexPinsk1 (small blind) folded before Flop
Seat 5: AleJunior001 (big blind) folded on the Flop



PokerStars Hand #254316111993:  Hold'em No Limit ($0.50/$1.00 USD) - 2025/01/11 17:43:39 WET [2025/01/11 12:43:39 ET]
Table 'Medea III' 6-max Seat #4 is the button
Seat 1: tukeiron ($100 in chips) 
Seat 2: machosaliba22 ($18.63 in chips) 
Seat 3: Unipoker11 ($105.10 in chips) 
Seat 4: AlexPinsk1 ($147.12 in chips) 
Seat 5: AleJunior001 ($99.50 in chips) 
Seat 6: Steve18212627 ($79.37 in chips) 
AleJunior001: posts small blind $0.50
Steve18212627: posts big blind $1
*** HOLE CARDS ***
tukeiron: folds 
machosaliba22: calls $1
Unipoker11: folds 
AlexPinsk1: raises $2.50 to $3.50
AleJunior001: folds 
Steve18212627: folds 
machosaliba22: calls $2.50
*** FLOP *** [9s 2c 9h]
machosaliba22: checks 
AlexPinsk1: checks 
*** TURN *** [9s 2c 9h] [5d]
machosaliba22: checks 
AlexPinsk1: checks 
*** RIVER *** [9s 2c 9h 5d] [As]
machosaliba22: checks 
AlexPinsk1: bets $3
machosaliba22: folds 
Uncalled bet ($3) returned to AlexPinsk1
AlexPinsk1 collected $8.08 from pot
AlexPinsk1: doesn't show hand 
*** SUMMARY ***
Total pot $8.50 | Rake $0.42 
Board [9s 2c 9h 5d As]
Seat 1: tukeiron folded before Flop (didn't bet)
Seat 2: machosaliba22 folded on the River
Seat 3: Unipoker11 folded before Flop (didn't bet)
Seat 4: AlexPinsk1 (button) collected ($8.08)
Seat 5: AleJunior001 (small blind) folded before Flop
Seat 6: Steve18212627 (big blind) folded before Flop



PokerStars Hand #254316127007:  Hold'em No Limit ($0.50/$1.00 USD) - 2025/01/11 17:44:30 WET [2025/01/11 12:44:30 ET]
Table 'Medea III' 6-max Seat #5 is the button
Seat 1: tukeiron ($100 in chips) 
Seat 2: machosaliba22 ($15.13 in chips) 
Seat 3: Unipoker11 ($105.10 in chips) 
Seat 4: AlexPinsk1 ($151.70 in chips) 
Seat 5: AleJunior001 ($99 in chips) 
Seat 6: Steve18212627 ($78.37 in chips) 
Steve18212627: posts small blind $0.50
tukeiron: posts big blind $1
*** HOLE CARDS ***
machosaliba22: raises $14.13 to $15.13 and is all-in
Unipoker11: folds 
AlexPinsk1: folds 
AleJunior001: folds 
Steve18212627: folds 
tukeiron: folds 
Uncalled bet ($14.13) returned to machosaliba22
machosaliba22 collected $2.50 from pot
*** SUMMARY ***
Total pot $2.50 | Rake $0 
Seat 1: tukeiron (big blind) folded before Flop
Seat 2: machosaliba22 collected ($2.50)
Seat 3: Unipoker11 folded before Flop (didn't bet)
Seat 4: AlexPinsk1 folded before Flop (didn't bet)
Seat 5: AleJunior001 (button) folded before Flop (didn't bet)
Seat 6: Steve18212627 (small blind) folded before Flop



PokerStars Hand #254316136331:  Hold'em No Limit ($0.50/$1.00 USD) - 2025/01/11 17:45:02 WET [2025/01/11 12:45:02 ET]
Table 'Medea III' 6-max Seat #6 is the button
Seat 1: tukeiron ($100 in chips) 
Seat 2: machosaliba22 ($16.63 in chips) 
Seat 3: Unipoker11 ($105.10 in chips) 
Seat 4: AlexPinsk1 ($151.70 in chips) 
Seat 5: AleJunior001 ($99 in chips) 
Seat 6: Steve18212627 ($77.87 in chips) 
tukeiron: posts small blind $0.50
machosaliba22: posts big blind $1
*** HOLE CARDS ***
Unipoker11: folds 
AlexPinsk1: folds 
AleJunior001: folds 
Steve18212627: folds 
tukeiron: folds 
Uncalled bet ($0.50) returned to machosaliba22
machosaliba22 collected $1 from pot
*** SUMMARY ***
Total pot $1 | Rake $0 
Seat 1: tukeiron (small blind) folded before Flop
Seat 2: machosaliba22 (big blind) collected ($1)
Seat 3: Unipoker11 folded before Flop (didn't bet)
Seat 4: AlexPinsk1 folded before Flop (didn't bet)
Seat 5: AleJunior001 folded before Flop (didn't bet)
Seat 6: Steve18212627 (button) folded before Flop (didn't bet)



PokerStars Hand #254316143513:  Hold'em No Limit ($0.50/$1.00 USD) - 2025/01/11 17:45:27 WET [2025/01/11 12:45:27 ET]
Table 'Medea III' 6-max Seat #1 is the button
Seat 1: tukeiron ($100 in chips) 
Seat 2: machosaliba22 ($17.13 in chips) 
Seat 3: Unipoker11 ($105.10 in chips) 
Seat 4: AlexPinsk1 ($151.70 in chips) 
Seat 5: AleJunior001 ($99 in chips) 
Seat 6: Steve18212627 ($77.87 in chips) 
machosaliba22: posts small blind $0.50
Unipoker11: posts big blind $1
*** HOLE CARDS ***
AlexPinsk1: folds 
AleJunior001: folds 
Steve18212627: folds 
tukeiron: folds 
machosaliba22: raises $1 to $2
Unipoker11: calls $1
*** FLOP *** [5s Jd Qh]
machosaliba22: bets $2
Unipoker11: calls $2
*** TURN *** [5s Jd Qh] [Ac]
machosaliba22: bets $2
Unipoker11: calls $2
*** RIVER *** [5s Jd Qh Ac] [3s]
machosaliba22: checks 
Unipoker11: checks 
*** SHOW DOWN ***
machosaliba22: shows [Kc Js] (a pair of Jacks)
Unipoker11: shows [8s Qs] (a pair of Queens)
Unipoker11 collected $11.40 from pot
*** SUMMARY ***
Total pot $12 | Rake $0.60 
Board [5s Jd Qh Ac 3s]
Seat 1: tukeiron (button) folded before Flop (didn't bet)
Seat 2: machosaliba22 (small blind) showed [Kc Js] and lost with a pair of Jacks
Seat 3: Unipoker11 (big blind) showed [8s Qs] and won ($11.40) with a pair of Queens
Seat 4: AlexPinsk1 folded before Flop (didn't bet)
Seat 5: AleJunior001 folded before Flop (didn't bet)
Seat 6: Steve18212627 folded before Flop (didn't bet)



PokerStars Hand #254316163332:  Hold'em No Limit ($0.50/$1.00 USD) - 2025/01/11 17:46:34 WET [2025/01/11 12:46:34 ET]
Table 'Medea III' 6-max Seat #2 is the button
Seat 1: tukeiron ($100 in chips) 
Seat 2: machosaliba22 ($11.13 in chips) 
Seat 3: Unipoker11 ($110.50 in chips) 
Seat 4: AlexPinsk1 ($151.70 in chips) 
Seat 5: AleJunior001 ($99 in chips) 
Seat 6: Steve18212627 ($77.87 in chips) 
Unipoker11: posts small blind $0.50
AlexPinsk1: posts big blind $1
*** HOLE CARDS ***
AleJunior001: raises $1 to $2
Steve18212627: folds 
tukeiron: raises $5 to $7
machosaliba22: folds 
Unipoker11: folds 
AlexPinsk1: folds 
AleJunior001: folds 
Uncalled bet ($5) returned to tukeiron
tukeiron collected $5.50 from pot
tukeiron: doesn't show hand 
*** SUMMARY ***
Total pot $5.50 | Rake $0 
Seat 1: tukeiron collected ($5.50)
Seat 2: machosaliba22 (button) folded before Flop (didn't bet)
Seat 3: Unipoker11 (small blind) folded before Flop
Seat 4: AlexPinsk1 (big blind) folded before Flop
Seat 5: AleJunior001 folded before Flop
Seat 6: Steve18212627 folded before Flop (didn't bet)



PokerStars Hand #254316170922:  Hold'em No Limit ($0.50/$1.00 USD) - 2025/01/11 17:46:59 WET [2025/01/11 12:46:59 ET]
Table 'Medea III' 6-max Seat #3 is the button
Seat 1: tukeiron ($103.50 in chips) 
Seat 2: machosaliba22 ($11.13 in chips) 
Seat 3: Unipoker11 ($110 in chips) 
Seat 4: AlexPinsk1 ($150.70 in chips) 
Seat 5: AleJunior001 ($97 in chips) 
Seat 6: Steve18212627 ($77.87 in chips) 
AlexPinsk1: posts small blind $0.50
AleJunior001: posts big blind $1
*** HOLE CARDS ***
Steve18212627: folds 
tukeiron: raises $1.20 to $2.20
machosaliba22: folds 
Unipoker11: folds 
AlexPinsk1: folds 
AleJunior001: calls $1.20
*** FLOP *** [Qs Td Ah]
AleJunior001: checks 
tukeiron: bets $4.66
AleJunior001: folds 
Uncalled bet ($4.66) returned to tukeiron
tukeiron collected $4.66 from pot
tukeiron: doesn't show hand 
*** SUMMARY ***
Total pot $4.90 | Rake $0.24 
Board [Qs Td Ah]
Seat 1: tukeiron collected ($4.66)
Seat 2: machosaliba22 folded before Flop (didn't bet)
Seat 3: Unipoker11 (button) folded before Flop (didn't bet)
Seat 4: AlexPinsk1 (small blind) folded before Flop
Seat 5: AleJunior001 (big blind) folded on the Flop
Seat 6: Steve18212627 folded before Flop (didn't bet)



PokerStars Hand #254316183751:  Hold'em No Limit ($0.50/$1.00 USD) - 2025/01/11 17:47:42 WET [2025/01/11 12:47:42 ET]
Table 'Medea III' 6-max Seat #4 is the button
Seat 1: tukeiron ($105.96 in chips) 
Seat 2: machosaliba22 ($11.13 in chips) 
Seat 3: Unipoker11 ($110 in chips) 
Seat 4: AlexPinsk1 ($150.20 in chips) 
Seat 5: AleJunior001 ($94.80 in chips) 
Seat 6: Steve18212627 ($77.87 in chips) 
AleJunior001: posts small blind $0.50
Steve18212627: posts big blind $1
*** HOLE CARDS ***
tukeiron: folds 
machosaliba22: raises $10.13 to $11.13 and is all-in
Unipoker11: folds 
AlexPinsk1: folds 
AleJunior001: folds 
Steve18212627: folds 
Uncalled bet ($10.13) returned to machosaliba22
machosaliba22 collected $2.50 from pot
*** SUMMARY ***
Total pot $2.50 | Rake $0 
Seat 1: tukeiron folded before Flop (didn't bet)
Seat 2: machosaliba22 collected ($2.50)
Seat 3: Unipoker11 folded before Flop (didn't bet)
Seat 4: AlexPinsk1 (button) folded before Flop (didn't bet)
Seat 5: AleJunior001 (small blind) folded before Flop
Seat 6: Steve18212627 (big blind) folded before Flop



PokerStars Hand #254316190213:  Hold'em No Limit ($0.50/$1.00 USD) - 2025/01/11 17:48:04 WET [2025/01/11 12:48:04 ET]
Table 'Medea III' 6-max Seat #5 is the button
Seat 1: tukeiron ($105.96 in chips) 
Seat 2: machosaliba22 ($12.63 in chips) 
Seat 3: Unipoker11 ($110 in chips) 
Seat 4: AlexPinsk1 ($150.20 in chips) 
Seat 5: AleJunior001 ($94.30 in chips) 
Seat 6: Steve18212627 ($76.87 in chips) 
Steve18212627: posts small blind $0.50
tukeiron: posts big blind $1
*** HOLE CARDS ***
machosaliba22: calls $1
Unipoker11: folds 
AlexPinsk1: folds 
AleJunior001: folds 
Steve18212627: raises $3 to $4
tukeiron: folds 
machosaliba22: raises $8.63 to $12.63 and is all-in
Steve18212627: calls $8.63
*** FLOP *** [3h 6c 5h]
*** TURN *** [3h 6c 5h] [Jc]
*** RIVER *** [3h 6c 5h Jc] [Ah]
*** SHOW DOWN ***
Steve18212627: shows [9h 9d] (a pair of Nines)
machosaliba22: shows [Ad 5s] (two pair, Aces and Fives)
machosaliba22 collected $24.95 from pot
*** SUMMARY ***
Total pot $26.26 | Rake $1.31 
Board [3h 6c 5h Jc Ah]
Seat 1: tukeiron (big blind) folded before Flop
Seat 2: machosaliba22 showed [Ad 5s] and won ($24.95) with two pair, Aces and Fives
Seat 3: Unipoker11 folded before Flop (didn't bet)
Seat 4: AlexPinsk1 folded before Flop (didn't bet)
Seat 5: AleJunior001 (button) folded before Flop (didn't bet)
Seat 6: Steve18212627 (small blind) showed [9h 9d] and lost with a pair of Nines



PokerStars Hand #254316201090:  Hold'em No Limit ($0.50/$1.00 USD) - 2025/01/11 17:48:41 WET [2025/01/11 12:48:41 ET]
Table 'Medea III' 6-max Seat #6 is the button
Seat 1: tukeiron ($104.96 in chips) 
Seat 2: machosaliba22 ($24.95 in chips) 
Seat 3: Unipoker11 ($110 in chips) 
Seat 4: AlexPinsk1 ($150.20 in chips) 
Seat 5: AleJunior001 ($94.30 in chips) 
Seat 6: Steve18212627 ($64.24 in chips) 
tukeiron: posts small blind $0.50
machosaliba22: posts big blind $1
*** HOLE CARDS ***
Unipoker11: folds 
AlexPinsk1: folds 
AleJunior001: folds 
Steve18212627: raises $2.50 to $3.50
tukeiron: folds 
machosaliba22: folds 
Uncalled bet ($2.50) returned to Steve18212627
Steve18212627 collected $2.50 from pot
*** SUMMARY ***
Total pot $2.50 | Rake $0 
Seat 1: tukeiron (small blind) folded before Flop
Seat 2: machosaliba22 (big blind) folded before Flop
Seat 3: Unipoker11 folded before Flop (didn't bet)
Seat 4: AlexPinsk1 folded before Flop (didn't bet)
Seat 5: AleJunior001 folded before Flop (didn't bet)
Seat 6: Steve18212627 (button) collected ($2.50)



PokerStars Hand #254316207612:  Hold'em No Limit ($0.50/$1.00 USD) - 2025/01/11 17:49:03 WET [2025/01/11 12:49:03 ET]
Table 'Medea III' 6-max Seat #1 is the button
Seat 1: tukeiron ($104.46 in chips) 
Seat 2: machosaliba22 ($23.95 in chips) 
Seat 3: Unipoker11 ($110 in chips) 
Seat 4: AlexPinsk1 ($150.20 in chips) 
Seat 5: AleJunior001 ($94.30 in chips) 
Seat 6: Steve18212627 ($65.74 in chips) 
machosaliba22: posts small blind $0.50
Unipoker11: posts big blind $1
*** HOLE CARDS ***
AlexPinsk1: raises $1.50 to $2.50
AleJunior001: folds 
Steve18212627: calls $2.50
tukeiron: folds 
machosaliba22: folds 
Unipoker11: folds 
*** FLOP *** [9c Js 3s]
AlexPinsk1: bets $4.64
Steve18212627: folds 
Uncalled bet ($4.64) returned to AlexPinsk1
AlexPinsk1 collected $6.18 from pot
AlexPinsk1: doesn't show hand 
*** SUMMARY ***
Total pot $6.50 | Rake $0.32 
Board [9c Js 3s]
Seat 1: tukeiron (button) folded before Flop (didn't bet)
Seat 2: machosaliba22 (small blind) folded before Flop
Seat 3: Unipoker11 (big blind) folded before Flop
Seat 4: AlexPinsk1 collected ($6.18)
Seat 5: AleJunior001 folded before Flop (didn't bet)
Seat 6: Steve18212627 folded on the Flop



PokerStars Hand #254316227722:  Hold'em No Limit ($0.50/$1.00 USD) - 2025/01/11 17:50:12 WET [2025/01/11 12:50:12 ET]
Table 'Medea III' 6-max Seat #2 is the button
Seat 1: tukeiron ($104.46 in chips) 
Seat 2: machosaliba22 ($23.45 in chips) 
Seat 3: Unipoker11 ($109 in chips) 
Seat 4: AlexPinsk1 ($153.88 in chips) 
Seat 5: AleJunior001 ($94.30 in chips) 
Seat 6: Steve18212627 ($63.24 in chips) 
Unipoker11: posts small blind $0.50
AlexPinsk1: posts big blind $1
*** HOLE CARDS ***
AleJunior001: raises $1 to $2
Steve18212627: folds 
tukeiron: folds 
machosaliba22: calls $2
Unipoker11: folds 
AlexPinsk1: folds 
*** FLOP *** [4d 6c 6h]
AleJunior001: bets $1.72
machosaliba22: folds 
Uncalled bet ($1.72) returned to AleJunior001
AleJunior001 collected $5.22 from pot
AleJunior001: doesn't show hand 
*** SUMMARY ***
Total pot $5.50 | Rake $0.28 
Board [4d 6c 6h]
Seat 1: tukeiron folded before Flop (didn't bet)
Seat 2: machosaliba22 (button) folded on the Flop
Seat 3: Unipoker11 (small blind) folded before Flop
Seat 4: AlexPinsk1 (big blind) folded before Flop
Seat 5: AleJunior001 collected ($5.22)
Seat 6: Steve18212627 folded before Flop (didn't bet)



PokerStars Hand #254316239494:  Hold'em No Limit ($0.50/$1.00 USD) - 2025/01/11 17:50:52 WET [2025/01/11 12:50:52 ET]
Table 'Medea III' 6-max Seat #3 is the button
Seat 1: tukeiron ($104.46 in chips) 
Seat 2: machosaliba22 ($21.45 in chips) 
Seat 3: Unipoker11 ($108.50 in chips) 
Seat 4: AlexPinsk1 ($152.88 in chips) 
Seat 5: AleJunior001 ($97.52 in chips) 
Seat 6: Steve18212627 ($63.24 in chips) 
AlexPinsk1: posts small blind $0.50
AleJunior001: posts big blind $1
*** HOLE CARDS ***
Steve18212627: folds 
tukeiron: folds 
machosaliba22: folds 
Unipoker11: raises $1.50 to $2.50
machosaliba22 leaves the table
AlexPinsk1: folds 
janarr5 joins the table at seat #2 
AleJunior001: calls $1.50
*** FLOP *** [Qs 7d 9h]
AleJunior001: checks 
Unipoker11: checks 
*** TURN *** [Qs 7d 9h] [3s]
AleJunior001: bets $2
Unipoker11: calls $2
*** RIVER *** [Qs 7d 9h 3s] [Ac]
AleJunior001: checks 
Unipoker11: bets $11.28
AleJunior001: folds 
Uncalled bet ($11.28) returned to Unipoker11
Unipoker11 collected $9.02 from pot
Unipoker11: doesn't show hand 
*** SUMMARY ***
Total pot $9.50 | Rake $0.48 
Board [Qs 7d 9h 3s Ac]
Seat 1: tukeiron folded before Flop (didn't bet)
Seat 2: machosaliba22 folded before Flop (didn't bet)
Seat 3: Unipoker11 (button) collected ($9.02)
Seat 4: AlexPinsk1 (small blind) folded before Flop
Seat 5: AleJunior001 (big blind) folded on the River
Seat 6: Steve18212627 folded before Flop (didn't bet)



PokerStars Hand #254316259572:  Hold'em No Limit ($0.50/$1.00 USD) - 2025/01/11 17:52:00 WET [2025/01/11 12:52:00 ET]
Table 'Medea III' 6-max Seat #4 is the button
Seat 2: janarr5 ($100 in chips) is sitting out
Seat 1: tukeiron ($104.46 in chips) 
Seat 3: Unipoker11 ($113.02 in chips) 
Seat 4: AlexPinsk1 ($152.38 in chips) 
Seat 5: AleJunior001 ($93.02 in chips) 
Seat 6: Steve18212627 ($63.24 in chips) 
AleJunior001: posts small blind $0.50
Steve18212627: posts big blind $1
janarr5: sits out 
*** HOLE CARDS ***
tukeiron: folds 
Unipoker11: raises $1.30 to $2.30
AlexPinsk1: folds 
AleJunior001: folds 
Steve18212627: folds 
Uncalled bet ($1.30) returned to Unipoker11
Unipoker11 collected $2.50 from pot
Unipoker11: doesn't show hand 
*** SUMMARY ***
Total pot $2.50 | Rake $0 
Seat 2: janarr5
Seat 1: tukeiron folded before Flop (didn't bet)
Seat 3: Unipoker11 collected ($2.50)
Seat 4: AlexPinsk1 (button) folded before Flop (didn't bet)
Seat 5: AleJunior001 (small blind) folded before Flop
Seat 6: Steve18212627 (big blind) folded before Flop



PokerStars Hand #254316265710:  Hold'em No Limit ($0.50/$1.00 USD) - 2025/01/11 17:52:21 WET [2025/01/11 12:52:21 ET]
Table 'Medea III' 6-max Seat #5 is the button
Seat 2: janarr5 ($100 in chips) is sitting out
Seat 1: tukeiron ($104.46 in chips) 
Seat 3: Unipoker11 ($114.52 in chips) 
Seat 4: AlexPinsk1 ($152.38 in chips) 
Seat 5: AleJunior001 ($92.52 in chips) 
Seat 6: Steve18212627 ($62.24 in chips) 
Steve18212627: posts small blind $0.50
tukeiron: posts big blind $1
janarr5: sits out 
*** HOLE CARDS ***
Unipoker11: folds 
AlexPinsk1: raises $1.50 to $2.50
AleJunior001: folds 
Steve18212627: raises $6.50 to $9
tukeiron: folds 
AlexPinsk1: folds 
Uncalled bet ($6.50) returned to Steve18212627
Steve18212627 collected $6 from pot
*** SUMMARY ***
Total pot $6 | Rake $0 
Seat 2: janarr5
Seat 1: tukeiron (big blind) folded before Flop
Seat 3: Unipoker11 folded before Flop (didn't bet)
Seat 4: AlexPinsk1 folded before Flop
Seat 5: AleJunior001 (button) folded before Flop (didn't bet)
Seat 6: Steve18212627 (small blind) collected ($6)



PokerStars Hand #254316276452:  Hold'em No Limit ($0.50/$1.00 USD) - 2025/01/11 17:52:58 WET [2025/01/11 12:52:58 ET]
Table 'Medea III' 6-max Seat #6 is the button
Seat 1: tukeiron ($103.46 in chips) 
Seat 2: janarr5 ($100 in chips) 
Seat 3: Unipoker11 ($114.52 in chips) 
Seat 4: AlexPinsk1 ($149.88 in chips) 
Seat 5: AleJunior001 ($92.52 in chips) 
Seat 6: Steve18212627 ($65.74 in chips) 
tukeiron: posts small blind $0.50
janarr5: posts big blind $1
*** HOLE CARDS ***
Unipoker11: folds 
AlexPinsk1: folds 
AleJunior001: folds 
Steve18212627: folds 
tukeiron: folds 
Uncalled bet ($0.50) returned to janarr5
janarr5 collected $1 from pot
janarr5: doesn't show hand 
*** SUMMARY ***
Total pot $1 | Rake $0 
Seat 1: tukeiron (small blind) folded before Flop
Seat 2: janarr5 (big blind) collected ($1)
Seat 3: Unipoker11 folded before Flop (didn't bet)
Seat 4: AlexPinsk1 folded before Flop (didn't bet)
Seat 5: AleJunior001 folded before Flop (didn't bet)
Seat 6: Steve18212627 (button) folded before Flop (didn't bet)



PokerStars Hand #254316280384:  Hold'em No Limit ($0.50/$1.00 USD) - 2025/01/11 17:53:11 WET [2025/01/11 12:53:11 ET]
Table 'Medea III' 6-max Seat #1 is the button
Seat 1: tukeiron ($102.96 in chips) 
Seat 2: janarr5 ($100.50 in chips) 
Seat 3: Unipoker11 ($114.52 in chips) 
Seat 4: AlexPinsk1 ($149.88 in chips) 
Seat 5: AleJunior001 ($92.52 in chips) 
Seat 6: Steve18212627 ($65.74 in chips) 
janarr5: posts small blind $0.50
Unipoker11: posts big blind $1
*** HOLE CARDS ***
AlexPinsk1: folds 
AleJunior001: folds 
Steve18212627: folds 
tukeiron: folds 
janarr5: folds 
Uncalled bet ($0.50) returned to Unipoker11
Unipoker11 collected $1 from pot
Unipoker11: doesn't show hand 
*** SUMMARY ***
Total pot $1 | Rake $0 
Seat 1: tukeiron (button) folded before Flop (didn't bet)
Seat 2: janarr5 (small blind) folded before Flop
Seat 3: Unipoker11 (big blind) collected ($1)
Seat 4: AlexPinsk1 folded before Flop (didn't bet)
Seat 5: AleJunior001 folded before Flop (didn't bet)
Seat 6: Steve18212627 folded before Flop (didn't bet)



PokerStars Hand #254316286675:  Hold'em No Limit ($0.50/$1.00 USD) - 2025/01/11 17:53:31 WET [2025/01/11 12:53:31 ET]
Table 'Medea III' 6-max Seat #2 is the button
Seat 1: tukeiron ($102.96 in chips) 
Seat 2: janarr5 ($100 in chips) 
Seat 3: Unipoker11 ($115.02 in chips) 
Seat 4: AlexPinsk1 ($149.88 in chips) 
Seat 5: AleJunior001 ($92.52 in chips) 
Seat 6: Steve18212627 ($65.74 in chips) 
Unipoker11: posts small blind $0.50
AlexPinsk1: posts big blind $1
*** HOLE CARDS ***
AleJunior001: folds 
Steve18212627: raises $2 to $3
tukeiron: folds 
janarr5: folds 
Unipoker11: folds 
AlexPinsk1: folds 
Uncalled bet ($2) returned to Steve18212627
Steve18212627 collected $2.50 from pot
*** SUMMARY ***
Total pot $2.50 | Rake $0 
Seat 1: tukeiron folded before Flop (didn't bet)
Seat 2: janarr5 (button) folded before Flop (didn't bet)
Seat 3: Unipoker11 (small blind) folded before Flop
Seat 4: AlexPinsk1 (big blind) folded before Flop
Seat 5: AleJunior001 folded before Flop (didn't bet)
Seat 6: Steve18212627 collected ($2.50)



PokerStars Hand #254316294896:  Hold'em No Limit ($0.50/$1.00 USD) - 2025/01/11 17:53:59 WET [2025/01/11 12:53:59 ET]
Table 'Medea III' 6-max Seat #3 is the button
Seat 1: tukeiron ($102.96 in chips) 
Seat 2: janarr5 ($100 in chips) 
Seat 3: Unipoker11 ($114.52 in chips) 
Seat 4: AlexPinsk1 ($148.88 in chips) 
Seat 5: AleJunior001 ($92.52 in chips) 
Seat 6: Steve18212627 ($67.24 in chips) 
AlexPinsk1: posts small blind $0.50
AleJunior001: posts big blind $1
*** HOLE CARDS ***
Steve18212627 has timed out
Steve18212627: folds 
tukeiron: folds 
janarr5: folds 
Unipoker11: raises $1.50 to $2.50
AlexPinsk1: folds 
AleJunior001: folds 
Uncalled bet ($1.50) returned to Unipoker11
Unipoker11 collected $2.50 from pot
Unipoker11: doesn't show hand 
*** SUMMARY ***
Total pot $2.50 | Rake $0 
Seat 1: tukeiron folded before Flop (didn't bet)
Seat 2: janarr5 folded before Flop (didn't bet)
Seat 3: Unipoker11 (button) collected ($2.50)
Seat 4: AlexPinsk1 (small blind) folded before Flop
Seat 5: AleJunior001 (big blind) folded before Flop
Seat 6: Steve18212627 folded before Flop (didn't bet)



PokerStars Hand #254316306846:  Hold'em No Limit ($0.50/$1.00 USD) - 2025/01/11 17:54:40 WET [2025/01/11 12:54:40 ET]
Table 'Medea III' 6-max Seat #4 is the button
Seat 6: Steve18212627 ($67.24 in chips) is sitting out
Seat 1: tukeiron ($102.96 in chips) 
Seat 2: janarr5 ($100 in chips) 
Seat 3: Unipoker11 ($116.02 in chips) 
Seat 4: AlexPinsk1 ($148.38 in chips) 
Seat 5: AleJunior001 ($91.52 in chips) 
AleJunior001: posts small blind $0.50
tukeiron: posts big blind $1
*** HOLE CARDS ***
janarr5: folds 
Unipoker11: raises $1.30 to $2.30
AlexPinsk1: folds 
AleJunior001: raises $9.20 to $11.50
tukeiron: folds 
Unipoker11: calls $9.20
*** FLOP *** [3s 7d Jc]
AleJunior001: bets $7.52
Unipoker11: calls $7.52
*** TURN *** [3s 7d Jc] [2d]
AleJunior001: bets $18.55
Unipoker11: calls $18.55
*** RIVER *** [3s 7d Jc 2d] [5d]
AleJunior001: checks 
Unipoker11: checks 
*** SHOW DOWN ***
AleJunior001: shows [Qc Ah] (high card Ace)
Unipoker11: shows [Js As] (a pair of Jacks)
Unipoker11 collected $73.64 from pot
*** SUMMARY ***
Total pot $76.14 | Rake $2.50 
Board [3s 7d Jc 2d 5d]
Seat 6: Steve18212627
Seat 1: tukeiron (big blind) folded before Flop
Seat 2: janarr5 folded before Flop (didn't bet)
Seat 3: Unipoker11 showed [Js As] and won ($73.64) with a pair of Jacks
Seat 4: AlexPinsk1 (button) folded before Flop (didn't bet)
Seat 5: AleJunior001 (small blind) showed [Qc Ah] and lost with high card Ace



PokerStars Hand #254316324018:  Hold'em No Limit ($0.50/$1.00 USD) - 2025/01/11 17:55:54 WET [2025/01/11 12:55:54 ET]
Table 'Medea III' 6-max Seat #5 is the button
Seat 6: Steve18212627 ($67.24 in chips) is sitting out
Seat 1: tukeiron ($101.96 in chips) 
Seat 2: janarr5 ($100 in chips) 
Seat 3: Unipoker11 ($152.09 in chips) 
Seat 4: AlexPinsk1 ($148.38 in chips) 
Seat 5: AleJunior001 ($100 in chips) 
tukeiron: posts small blind $0.50
janarr5: posts big blind $1
*** HOLE CARDS ***
Unipoker11: folds 
AlexPinsk1: raises $1.50 to $2.50
AleJunior001: folds 
tukeiron: folds 
janarr5: calls $1.50
*** FLOP *** [Kd 9s Qh]
janarr5: checks 
AlexPinsk1: bets $3.92
janarr5: folds 
Uncalled bet ($3.92) returned to AlexPinsk1
AlexPinsk1 collected $5.22 from pot
AlexPinsk1: doesn't show hand 
*** SUMMARY ***
Total pot $5.50 | Rake $0.28 
Board [Kd 9s Qh]
Seat 6: Steve18212627
Seat 1: tukeiron (small blind) folded before Flop
Seat 2: janarr5 (big blind) folded on the Flop
Seat 3: Unipoker11 folded before Flop (didn't bet)
Seat 4: AlexPinsk1 collected ($5.22)
Seat 5: AleJunior001 (button) folded before Flop (didn't bet)



PokerStars Hand #254316329203:  Hold'em No Limit ($0.50/$1.00 USD) - 2025/01/11 17:56:19 WET [2025/01/11 12:56:19 ET]
Table 'Medea III' 6-max Seat #1 is the button
Seat 5: AleJunior001 ($100 in chips) is sitting out
Seat 6: Steve18212627 ($67.24 in chips) is sitting out
Seat 1: tukeiron ($101.46 in chips) 
Seat 2: janarr5 ($100 in chips) 
Seat 3: Unipoker11 ($152.09 in chips) 
Seat 4: AlexPinsk1 ($151.10 in chips) 
janarr5: posts small blind $0.50
Unipoker11: posts big blind $1
Steve18212627: sits out 
*** HOLE CARDS ***
AlexPinsk1: folds 
AleJunior001 leaves the table
tukeiron: folds 
janarr5: raises $2 to $3
Unipoker11: calls $2
*** FLOP *** [Jd 6h 8s]
janarr5: bets $1.88
Unipoker11: calls $1.88
*** TURN *** [Jd 6h 8s] [8h]
janarr5: checks 
Unipoker11: checks 
*** RIVER *** [Jd 6h 8s 8h] [Qc]
janarr5: checks 
Unipoker11: checks 
*** SHOW DOWN ***
janarr5: shows [4h Ah] (a pair of Eights)
Unipoker11: shows [As 6s] (two pair, Eights and Sixes)
Unipoker11 collected $9.27 from pot
*** SUMMARY ***
Total pot $9.76 | Rake $0.49 
Board [Jd 6h 8s 8h Qc]
Seat 5: AleJunior001
Seat 6: Steve18212627
Seat 1: tukeiron (button) folded before Flop (didn't bet)
Seat 2: janarr5 (small blind) showed [4h Ah] and lost with a pair of Eights
Seat 3: Unipoker11 (big blind) showed [As 6s] and won ($9.27) with two pair, Eights and Sixes
Seat 4: AlexPinsk1 folded before Flop (didn't bet)



PokerStars Hand #254316343012:  Hold'em No Limit ($0.50/$1.00 USD) - 2025/01/11 17:57:26 WET [2025/01/11 12:57:26 ET]
Table 'Medea III' 6-max Seat #2 is the button
Seat 6: Steve18212627 ($67.24 in chips) is sitting out
Seat 1: tukeiron ($101.46 in chips) 
Seat 2: janarr5 ($100 in chips) 
Seat 3: Unipoker11 ($156.48 in chips) 
Seat 4: AlexPinsk1 ($151.10 in chips) 
Unipoker11: posts small blind $0.50
AlexPinsk1: posts big blind $1
Steve18212627: sits out 
*** HOLE CARDS ***
tukeiron: raises $1.20 to $2.20
janarr5: folds 
Unipoker11: folds 
AlexPinsk1: folds 
Uncalled bet ($1.20) returned to tukeiron
tukeiron collected $2.50 from pot
*** SUMMARY ***
Total pot $2.50 | Rake $0 
Seat 6: Steve18212627
Seat 1: tukeiron collected ($2.50)
Seat 2: janarr5 (button) folded before Flop (didn't bet)
Seat 3: Unipoker11 (small blind) folded before Flop
Seat 4: AlexPinsk1 (big blind) folded before Flop



PokerStars Hand #254316345061:  Hold'em No Limit ($0.50/$1.00 USD) - 2025/01/11 17:57:36 WET [2025/01/11 12:57:36 ET]
Table 'Medea III' 6-max Seat #3 is the button
Seat 1: tukeiron ($102.96 in chips) 
Seat 2: janarr5 ($100 in chips) 
Seat 3: Unipoker11 ($155.98 in chips) 
Seat 4: AlexPinsk1 ($150.10 in chips) 
Seat 6: Steve18212627 ($67.24 in chips) 
AlexPinsk1: posts small blind $0.50
Steve18212627: posts big blind $1
*** HOLE CARDS ***
tukeiron: folds 
janarr5: folds 
Unipoker11: folds 
AlexPinsk1: raises $2 to $3
Steve18212627: calls $2
*** FLOP *** [3c Qd 8h]
AlexPinsk1: bets $2.85
HarryBeast420 joins the table at seat #5 
Steve18212627: calls $2.85
*** TURN *** [3c Qd 8h] [Kh]
AlexPinsk1: checks 
Steve18212627: checks 
*** RIVER *** [3c Qd 8h Kh] [8d]
AlexPinsk1: checks 
Steve18212627: checks 
*** SHOW DOWN ***
AlexPinsk1: shows [Jh Qc] (two pair, Queens and Eights)
Steve18212627: mucks hand 
AlexPinsk1 collected $11.12 from pot
*** SUMMARY ***
Total pot $11.70 | Rake $0.58 
Board [3c Qd 8h Kh 8d]
Seat 1: tukeiron folded before Flop (didn't bet)
Seat 2: janarr5 folded before Flop (didn't bet)
Seat 3: Unipoker11 (button) folded before Flop (didn't bet)
Seat 4: AlexPinsk1 (small blind) showed [Jh Qc] and won ($11.12) with two pair, Queens and Eights
Seat 6: Steve18212627 (big blind) mucked



PokerStars Hand #254316362845:  Hold'em No Limit ($0.50/$1.00 USD) - 2025/01/11 17:59:02 WET [2025/01/11 12:59:02 ET]
Table 'Medea III' 6-max Seat #4 is the button
Seat 5: HarryBeast420 ($70 in chips) is sitting out
Seat 1: tukeiron ($102.96 in chips) 
Seat 2: janarr5 ($100 in chips) 
Seat 3: Unipoker11 ($155.98 in chips) 
Seat 4: AlexPinsk1 ($155.37 in chips) 
Seat 6: Steve18212627 ($61.39 in chips) 
Steve18212627: posts small blind $0.50
tukeiron: posts big blind $1
*** HOLE CARDS ***
janarr5: raises $1.25 to $2.25
Unipoker11: folds 
AlexPinsk1: folds 
Steve18212627: folds 
tukeiron: folds 
Uncalled bet ($1.25) returned to janarr5
janarr5 collected $2.50 from pot
janarr5: doesn't show hand 
*** SUMMARY ***
Total pot $2.50 | Rake $0 
Seat 5: HarryBeast420
Seat 1: tukeiron (big blind) folded before Flop
Seat 2: janarr5 collected ($2.50)
Seat 3: Unipoker11 folded before Flop (didn't bet)
Seat 4: AlexPinsk1 (button) folded before Flop (didn't bet)
Seat 6: Steve18212627 (small blind) folded before Flop



PokerStars Hand #254316367985:  Hold'em No Limit ($0.50/$1.00 USD) - 2025/01/11 17:59:27 WET [2025/01/11 12:59:27 ET]
Table 'Medea III' 6-max Seat #6 is the button
Seat 1: tukeiron ($101.96 in chips) 
Seat 2: janarr5 ($101.50 in chips) 
Seat 3: Unipoker11 ($155.98 in chips) 
Seat 4: AlexPinsk1 ($155.37 in chips) 
Seat 5: HarryBeast420 ($70 in chips) 
Seat 6: Steve18212627 ($60.89 in chips) 
tukeiron: posts small blind $0.50
janarr5: posts big blind $1
HarryBeast420: posts big blind $1
*** HOLE CARDS ***
Unipoker11: folds 
AlexPinsk1: folds 
HarryBeast420: checks 
Steve18212627: folds 
tukeiron: folds 
janarr5: checks 
*** FLOP *** [Jh Kh 3d]
janarr5: checks 
HarryBeast420: checks 
*** TURN *** [Jh Kh 3d] [2s]
janarr5: bets $1.57
HarryBeast420: folds 
Uncalled bet ($1.57) returned to janarr5
janarr5 collected $2.38 from pot
janarr5: doesn't show hand 
*** SUMMARY ***
Total pot $2.50 | Rake $0.12 
Board [Jh Kh 3d 2s]
Seat 1: tukeiron (small blind) folded before Flop
Seat 2: janarr5 (big blind) collected ($2.38)
Seat 3: Unipoker11 folded before Flop (didn't bet)
Seat 4: AlexPinsk1 folded before Flop (didn't bet)
Seat 5: HarryBeast420 folded on the Turn (didn't bet)
Seat 6: Steve18212627 (button) folded before Flop (didn't bet)



PokerStars Hand #254316379854:  Hold'em No Limit ($0.50/$1.00 USD) - 2025/01/11 18:00:22 WET [2025/01/11 13:00:22 ET]
Table 'Medea III' 6-max Seat #1 is the button
Seat 1: tukeiron ($101.46 in chips) 
Seat 2: janarr5 ($102.88 in chips) 
Seat 3: Unipoker11 ($155.98 in chips) 
Seat 4: AlexPinsk1 ($155.37 in chips) 
Seat 5: HarryBeast420 ($69 in chips) 
Seat 6: Steve18212627 ($60.89 in chips) 
janarr5: posts small blind $0.50
Unipoker11: posts big blind $1
*** HOLE CARDS ***
AlexPinsk1: raises $1.50 to $2.50
HarryBeast420: folds 
Steve18212627: folds 
tukeiron: folds 
janarr5: folds 
Unipoker11: raises $11 to $13.50
AlexPinsk1: folds 
Uncalled bet ($11) returned to Unipoker11
Unipoker11 collected $5.50 from pot
Unipoker11: doesn't show hand 
*** SUMMARY ***
Total pot $5.50 | Rake $0 
Seat 1: tukeiron (button) folded before Flop (didn't bet)
Seat 2: janarr5 (small blind) folded before Flop
Seat 3: Unipoker11 (big blind) collected ($5.50)
Seat 4: AlexPinsk1 folded before Flop
Seat 5: HarryBeast420 folded before Flop (didn't bet)
Seat 6: Steve18212627 folded before Flop (didn't bet)



PokerStars Hand #254316391280:  Hold'em No Limit ($0.50/$1.00 USD) - 2025/01/11 18:01:10 WET [2025/01/11 13:01:10 ET]
Table 'Medea III' 6-max Seat #2 is the button
Seat 1: tukeiron ($101.46 in chips) 
Seat 2: janarr5 ($102.38 in chips) 
Seat 3: Unipoker11 ($158.98 in chips) 
Seat 4: AlexPinsk1 ($152.87 in chips) 
Seat 5: HarryBeast420 ($69 in chips) 
Seat 6: Steve18212627 ($60.89 in chips) 
Unipoker11: posts small blind $0.50
AlexPinsk1: posts big blind $1
*** HOLE CARDS ***
HarryBeast420: calls $1
Steve18212627: folds 
tukeiron: folds 
janarr5: raises $2.50 to $3.50
Unipoker11: folds 
AlexPinsk1: folds 
HarryBeast420: calls $2.50
*** FLOP *** [Ks Th 3h]
HarryBeast420: checks 
janarr5: bets $2.67
HarryBeast420: folds 
Uncalled bet ($2.67) returned to janarr5
janarr5 collected $8.08 from pot
janarr5: doesn't show hand 
*** SUMMARY ***
Total pot $8.50 | Rake $0.42 
Board [Ks Th 3h]
Seat 1: tukeiron folded before Flop (didn't bet)
Seat 2: janarr5 (button) collected ($8.08)
Seat 3: Unipoker11 (small blind) folded before Flop
Seat 4: AlexPinsk1 (big blind) folded before Flop
Seat 5: HarryBeast420 folded on the Flop
Seat 6: Steve18212627 folded before Flop (didn't bet)



PokerStars Hand #254316406532:  Hold'em No Limit ($0.50/$1.00 USD) - 2025/01/11 18:02:07 WET [2025/01/11 13:02:07 ET]
Table 'Medea III' 6-max Seat #3 is the button
Seat 1: tukeiron ($101.46 in chips) 
Seat 2: janarr5 ($106.96 in chips) 
Seat 3: Unipoker11 ($158.48 in chips) 
Seat 4: AlexPinsk1 ($151.87 in chips) 
Seat 5: HarryBeast420 ($65.50 in chips) 
Seat 6: Steve18212627 ($60.89 in chips) 
AlexPinsk1: posts small blind $0.50
HarryBeast420: posts big blind $1
*** HOLE CARDS ***
Steve18212627 has timed out
Steve18212627: folds 
tukeiron: folds 
janarr5: folds 
Unipoker11: folds 
AlexPinsk1: folds 
Uncalled bet ($0.50) returned to HarryBeast420
HarryBeast420 collected $1 from pot
HarryBeast420: doesn't show hand 
*** SUMMARY ***
Total pot $1 | Rake $0 
Seat 1: tukeiron folded before Flop (didn't bet)
Seat 2: janarr5 folded before Flop (didn't bet)
Seat 3: Unipoker11 (button) folded before Flop (didn't bet)
Seat 4: AlexPinsk1 (small blind) folded before Flop
Seat 5: HarryBeast420 (big blind) collected ($1)
Seat 6: Steve18212627 folded before Flop (didn't bet)



PokerStars Hand #254316413417:  Hold'em No Limit ($0.50/$1.00 USD) - 2025/01/11 18:02:31 WET [2025/01/11 13:02:31 ET]
Table 'Medea III' 6-max Seat #4 is the button
Seat 1: tukeiron ($101.46 in chips) 
Seat 2: janarr5 ($106.96 in chips) 
Seat 3: Unipoker11 ($158.48 in chips) 
Seat 4: AlexPinsk1 ($151.37 in chips) 
Seat 5: HarryBeast420 ($66 in chips) 
Seat 6: Steve18212627 ($60.89 in chips) 
HarryBeast420: posts small blind $0.50
Steve18212627: posts big blind $1
*** HOLE CARDS ***
tukeiron: raises $1.50 to $2.50
janarr5: folds 
Unipoker11: folds 
AlexPinsk1: folds 
HarryBeast420: calls $2
Steve18212627: folds 
*** FLOP *** [4s Qs 5s]
HarryBeast420: checks 
tukeiron: checks 
*** TURN *** [4s Qs 5s] [3d]
HarryBeast420: checks 
tukeiron: checks 
*** RIVER *** [4s Qs 5s 3d] [Jd]
HarryBeast420: checks 
tukeiron: bets $1
HarryBeast420: calls $1
*** SHOW DOWN ***
tukeiron: shows [6d 6h] (a pair of Sixes)
HarryBeast420: mucks hand 
tukeiron collected $7.60 from pot
*** SUMMARY ***
Total pot $8 | Rake $0.40 
Board [4s Qs 5s 3d Jd]
Seat 1: tukeiron showed [6d 6h] and won ($7.60) with a pair of Sixes
Seat 2: janarr5 folded before Flop (didn't bet)
Seat 3: Unipoker11 folded before Flop (didn't bet)
Seat 4: AlexPinsk1 (button) folded before Flop (didn't bet)
Seat 5: HarryBeast420 (small blind) mucked
Seat 6: Steve18212627 (big blind) folded before Flop



PokerStars Hand #254316434246:  Hold'em No Limit ($0.50/$1.00 USD) - 2025/01/11 18:03:41 WET [2025/01/11 13:03:41 ET]
Table 'Medea III' 6-max Seat #5 is the button
Seat 1: tukeiron ($105.56 in chips) 
Seat 2: janarr5 ($106.96 in chips) 
Seat 3: Unipoker11 ($158.48 in chips) 
Seat 4: AlexPinsk1 ($151.37 in chips) 
Seat 5: HarryBeast420 ($62.50 in chips) 
Seat 6: Steve18212627 ($59.89 in chips) 
Steve18212627: posts small blind $0.50
tukeiron: posts big blind $1
*** HOLE CARDS ***
janarr5: folds 
Unipoker11: folds 
AlexPinsk1: folds 
HarryBeast420: calls $1
Steve18212627: calls $0.50
tukeiron: checks 
*** FLOP *** [Ts 3s 8h]
Steve18212627: checks 
tukeiron: checks 
HarryBeast420: checks 
*** TURN *** [Ts 3s 8h] [8d]
Steve18212627: bets $2.85
tukeiron: folds 
HarryBeast420: folds 
Uncalled bet ($2.85) returned to Steve18212627
Steve18212627 collected $2.85 from pot
*** SUMMARY ***
Total pot $3 | Rake $0.15 
Board [Ts 3s 8h 8d]
Seat 1: tukeiron (big blind) folded on the Turn
Seat 2: janarr5 folded before Flop (didn't bet)
Seat 3: Unipoker11 folded before Flop (didn't bet)
Seat 4: AlexPinsk1 folded before Flop (didn't bet)
Seat 5: HarryBeast420 (button) folded on the Turn
Seat 6: Steve18212627 (small blind) collected ($2.85)



PokerStars Hand #254316458304:  Hold'em No Limit ($0.50/$1.00 USD) - 2025/01/11 18:04:59 WET [2025/01/11 13:04:59 ET]
Table 'Medea III' 6-max Seat #6 is the button
Seat 1: tukeiron ($104.56 in chips) 
Seat 2: janarr5 ($106.96 in chips) 
Seat 3: Unipoker11 ($158.48 in chips) 
Seat 4: AlexPinsk1 ($151.37 in chips) 
Seat 5: HarryBeast420 ($61.50 in chips) 
Seat 6: Steve18212627 ($61.74 in chips) 
tukeiron: posts small blind $0.50
janarr5: posts big blind $1
*** HOLE CARDS ***
Unipoker11: folds 
AlexPinsk1: raises $1.50 to $2.50
HarryBeast420: folds 
Steve18212627: folds 
tukeiron: folds 
janarr5: folds 
Uncalled bet ($1.50) returned to AlexPinsk1
AlexPinsk1 collected $2.50 from pot
AlexPinsk1: doesn't show hand 
*** SUMMARY ***
Total pot $2.50 | Rake $0 
Seat 1: tukeiron (small blind) folded before Flop
Seat 2: janarr5 (big blind) folded before Flop
Seat 3: Unipoker11 folded before Flop (didn't bet)
Seat 4: AlexPinsk1 collected ($2.50)
Seat 5: HarryBeast420 folded before Flop (didn't bet)
Seat 6: Steve18212627 (button) folded before Flop (didn't bet)



PokerStars Hand #254316462746:  Hold'em No Limit ($0.50/$1.00 USD) - 2025/01/11 18:05:14 WET [2025/01/11 13:05:14 ET]
Table 'Medea III' 6-max Seat #1 is the button
Seat 1: tukeiron ($104.06 in chips) 
Seat 2: janarr5 ($105.96 in chips) 
Seat 3: Unipoker11 ($158.48 in chips) 
Seat 4: AlexPinsk1 ($152.87 in chips) 
Seat 5: HarryBeast420 ($61.50 in chips) 
Seat 6: Steve18212627 ($61.74 in chips) 
janarr5: posts small blind $0.50
Unipoker11: posts big blind $1
*** HOLE CARDS ***
AlexPinsk1: raises $1.50 to $2.50
HarryBeast420: folds 
Steve18212627: raises $6.50 to $9
tukeiron: folds 
janarr5: folds 
Unipoker11: folds 
AlexPinsk1: folds 
Uncalled bet ($6.50) returned to Steve18212627
Steve18212627 collected $6.50 from pot
*** SUMMARY ***
Total pot $6.50 | Rake $0 
Seat 1: tukeiron (button) folded before Flop (didn't bet)
Seat 2: janarr5 (small blind) folded before Flop
Seat 3: Unipoker11 (big blind) folded before Flop
Seat 4: AlexPinsk1 folded before Flop
Seat 5: HarryBeast420 folded before Flop (didn't bet)
Seat 6: Steve18212627 collected ($6.50)



PokerStars Hand #254316471538:  Hold'em No Limit ($0.50/$1.00 USD) - 2025/01/11 18:05:43 WET [2025/01/11 13:05:43 ET]
Table 'Medea III' 6-max Seat #2 is the button
Seat 1: tukeiron ($104.06 in chips) 
Seat 2: janarr5 ($105.46 in chips) 
Seat 3: Unipoker11 ($157.48 in chips) 
Seat 4: AlexPinsk1 ($150.37 in chips) 
Seat 5: HarryBeast420 ($61.50 in chips) 
Seat 6: Steve18212627 ($65.74 in chips) 
Unipoker11: posts small blind $0.50
AlexPinsk1: posts big blind $1
*** HOLE CARDS ***
HarryBeast420: calls $1
Steve18212627: folds 
tukeiron: folds 
janarr5: folds 
Unipoker11: folds 
AlexPinsk1: checks 
*** FLOP *** [Qh 8d 7c]
AlexPinsk1: checks 
HarryBeast420: bets $1
AlexPinsk1: folds 
Uncalled bet ($1) returned to HarryBeast420
HarryBeast420 collected $2.38 from pot
HarryBeast420: doesn't show hand 
*** SUMMARY ***
Total pot $2.50 | Rake $0.12 
Board [Qh 8d 7c]
Seat 1: tukeiron folded before Flop (didn't bet)
Seat 2: janarr5 (button) folded before Flop (didn't bet)
Seat 3: Unipoker11 (small blind) folded before Flop
Seat 4: AlexPinsk1 (big blind) folded on the Flop
Seat 5: HarryBeast420 collected ($2.38)
Seat 6: Steve18212627 folded before Flop (didn't bet)



PokerStars Hand #254316479828:  Hold'em No Limit ($0.50/$1.00 USD) - 2025/01/11 18:06:09 WET [2025/01/11 13:06:09 ET]
Table 'Medea III' 6-max Seat #3 is the button
Seat 1: tukeiron ($104.06 in chips) 
Seat 2: janarr5 ($105.46 in chips) 
Seat 3: Unipoker11 ($156.98 in chips) 
Seat 4: AlexPinsk1 ($149.37 in chips) 
Seat 5: HarryBeast420 ($62.88 in chips) 
Seat 6: Steve18212627 ($65.74 in chips) 
AlexPinsk1: posts small blind $0.50
HarryBeast420: posts big blind $1
*** HOLE CARDS ***
Steve18212627: folds 
tukeiron: raises $2.50 to $3.50
janarr5: folds 
Unipoker11: raises $7 to $10.50
AlexPinsk1: folds 
HarryBeast420: folds 
tukeiron: calls $7
*** FLOP *** [8s 9c 2d]
tukeiron: checks 
Unipoker11: bets $10.69
tukeiron: calls $10.69
*** TURN *** [8s 9c 2d] [7d]
tukeiron: checks 
Unipoker11: checks 
*** RIVER *** [8s 9c 2d 7d] [7c]
tukeiron: bets $16.68
Unipoker11: raises $119.11 to $135.79 and is all-in
tukeiron: calls $66.19 and is all-in
Uncalled bet ($52.92) returned to Unipoker11
*** SHOW DOWN ***
Unipoker11: shows [Kd Kc] (two pair, Kings and Sevens)
tukeiron: shows [Td Th] (two pair, Tens and Sevens)
Unipoker11 collected $207.12 from pot
*** SUMMARY ***
Total pot $209.62 | Rake $2.50 
Board [8s 9c 2d 7d 7c]
Seat 1: tukeiron showed [Td Th] and lost with two pair, Tens and Sevens
Seat 2: janarr5 folded before Flop (didn't bet)
Seat 3: Unipoker11 (button) showed [Kd Kc] and won ($207.12) with two pair, Kings and Sevens
Seat 4: AlexPinsk1 (small blind) folded before Flop
Seat 5: HarryBeast420 (big blind) folded before Flop
Seat 6: Steve18212627 folded before Flop (didn't bet)



PokerStars Hand #254316529547:  Hold'em No Limit ($0.50/$1.00 USD) - 2025/01/11 18:08:51 WET [2025/01/11 13:08:51 ET]
Table 'Medea III' 6-max Seat #4 is the button
Seat 1: tukeiron ($100 in chips) 
Seat 2: janarr5 ($105.46 in chips) 
Seat 3: Unipoker11 ($260.04 in chips) 
Seat 4: AlexPinsk1 ($148.87 in chips) 
Seat 5: HarryBeast420 ($61.88 in chips) 
Seat 6: Steve18212627 ($65.74 in chips) 
HarryBeast420: posts small blind $0.50
Steve18212627: posts big blind $1
*** HOLE CARDS ***
tukeiron: folds 
janarr5: folds 
Unipoker11: folds 
AlexPinsk1: folds 
HarryBeast420: calls $0.50
Steve18212627: checks 
*** FLOP *** [Kh Qd 7h]
HarryBeast420: checks 
Steve18212627: checks 
*** TURN *** [Kh Qd 7h] [Qh]
HarryBeast420: checks 
Steve18212627: checks 
*** RIVER *** [Kh Qd 7h Qh] [9h]
HarryBeast420: bets $10
Steve18212627: folds 
Uncalled bet ($10) returned to HarryBeast420
HarryBeast420 collected $1.90 from pot
HarryBeast420: doesn't show hand 
*** SUMMARY ***
Total pot $2 | Rake $0.10 
Board [Kh Qd 7h Qh 9h]
Seat 1: tukeiron folded before Flop (didn't bet)
Seat 2: janarr5 folded before Flop (didn't bet)
Seat 3: Unipoker11 folded before Flop (didn't bet)
Seat 4: AlexPinsk1 (button) folded before Flop (didn't bet)
Seat 5: HarryBeast420 (small blind) collected ($1.90)
Seat 6: Steve18212627 (big blind) folded on the River



PokerStars Hand #254316544252:  Hold'em No Limit ($0.50/$1.00 USD) - 2025/01/11 18:09:39 WET [2025/01/11 13:09:39 ET]
Table 'Medea III' 6-max Seat #5 is the button
Seat 1: tukeiron ($100 in chips) 
Seat 2: janarr5 ($105.46 in chips) 
Seat 3: Unipoker11 ($260.04 in chips) 
Seat 4: AlexPinsk1 ($148.87 in chips) 
Seat 5: HarryBeast420 ($62.78 in chips) 
Seat 6: Steve18212627 ($64.74 in chips) 
Steve18212627: posts small blind $0.50
tukeiron: posts big blind $1
*** HOLE CARDS ***
janarr5: folds 
Unipoker11: folds 
AlexPinsk1: raises $1.50 to $2.50
HarryBeast420: calls $2.50
Steve18212627: folds 
tukeiron: folds 
*** FLOP *** [Tc 4c Qd]
AlexPinsk1: checks 
HarryBeast420: checks 
*** TURN *** [Tc 4c Qd] [Qc]
janarr5 leaves the table
AlexPinsk1: bets $2.04
HarryBeast420: folds 
Uncalled bet ($2.04) returned to AlexPinsk1
AlexPinsk1 collected $6.18 from pot
AlexPinsk1: doesn't show hand 
*** SUMMARY ***
Total pot $6.50 | Rake $0.32 
Board [Tc 4c Qd Qc]
Seat 1: tukeiron (big blind) folded before Flop
Seat 2: janarr5 folded before Flop (didn't bet)
Seat 3: Unipoker11 folded before Flop (didn't bet)
Seat 4: AlexPinsk1 collected ($6.18)
Seat 5: HarryBeast420 (button) folded on the Turn
Seat 6: Steve18212627 (small blind) folded before Flop



PokerStars Hand #254316558015:  Hold'em No Limit ($0.50/$1.00 USD) - 2025/01/11 18:10:24 WET [2025/01/11 13:10:24 ET]
Table 'Medea III' 6-max Seat #6 is the button
Seat 1: tukeiron ($100 in chips) 
Seat 3: Unipoker11 ($260.04 in chips) 
Seat 4: AlexPinsk1 ($152.55 in chips) 
Seat 5: HarryBeast420 ($60.28 in chips) 
Seat 6: Steve18212627 ($64.24 in chips) 
tukeiron: posts small blind $0.50
Unipoker11: posts big blind $1
*** HOLE CARDS ***
AlexPinsk1: folds 
vadjkeee joins the table at seat #2 
HarryBeast420: raises $1 to $2
Steve18212627: folds 
tukeiron: folds 
Unipoker11: calls $1
*** FLOP *** [3s Kc 6s]
Unipoker11: checks 
HarryBeast420: checks 
*** TURN *** [3s Kc 6s] [7h]
Unipoker11: checks 
HarryBeast420: checks 
*** RIVER *** [3s Kc 6s 7h] [Ah]
Unipoker11: checks 
HarryBeast420: bets $5
Unipoker11: folds 
Uncalled bet ($5) returned to HarryBeast420
HarryBeast420 collected $4.28 from pot
HarryBeast420: doesn't show hand 
*** SUMMARY ***
Total pot $4.50 | Rake $0.22 
Board [3s Kc 6s 7h Ah]
Seat 1: tukeiron (small blind) folded before Flop
Seat 3: Unipoker11 (big blind) folded on the River
Seat 4: AlexPinsk1 folded before Flop (didn't bet)
Seat 5: HarryBeast420 collected ($4.28)
Seat 6: Steve18212627 (button) folded before Flop (didn't bet)



PokerStars Hand #254316574764:  Hold'em No Limit ($0.50/$1.00 USD) - 2025/01/11 18:11:18 WET [2025/01/11 13:11:18 ET]
Table 'Medea III' 6-max Seat #1 is the button
Seat 2: vadjkeee ($100 in chips) is sitting out
Seat 1: tukeiron ($100 in chips) 
Seat 3: Unipoker11 ($258.04 in chips) 
Seat 4: AlexPinsk1 ($152.55 in chips) 
Seat 5: HarryBeast420 ($62.56 in chips) 
Seat 6: Steve18212627 ($64.24 in chips) 
Unipoker11: posts small blind $0.50
AlexPinsk1: posts big blind $1
*** HOLE CARDS ***
HarryBeast420: calls $1
Steve18212627: folds 
tukeiron: raises $5 to $6
Unipoker11: folds 
AlexPinsk1: folds 
HarryBeast420: calls $5
*** FLOP *** [Ad 5h 4s]
HarryBeast420: checks 
tukeiron: bets $4.23
HarryBeast420: calls $4.23
*** TURN *** [Ad 5h 4s] [9d]
HarryBeast420: bets $15
tukeiron: calls $15
*** RIVER *** [Ad 5h 4s 9d] [Th]
HarryBeast420: bets $37.33 and is all-in
tukeiron: calls $37.33
*** SHOW DOWN ***
HarryBeast420: shows [6h 9h] (a pair of Nines)
tukeiron: shows [Ks Ah] (a pair of Aces)
tukeiron collected $124.12 from pot
*** SUMMARY ***
Total pot $126.62 | Rake $2.50 
Board [Ad 5h 4s 9d Th]
Seat 2: vadjkeee
Seat 1: tukeiron (button) showed [Ks Ah] and won ($124.12) with a pair of Aces
Seat 3: Unipoker11 (small blind) folded before Flop
Seat 4: AlexPinsk1 (big blind) folded before Flop
Seat 5: HarryBeast420 showed [6h 9h] and lost with a pair of Nines
Seat 6: Steve18212627 folded before Flop (didn't bet)



PokerStars Hand #254316597850:  Hold'em No Limit ($0.50/$1.00 USD) - 2025/01/11 18:12:33 WET [2025/01/11 13:12:33 ET]
Table 'Medea III' 6-max Seat #3 is the button
Seat 2: vadjkeee ($100 in chips) is sitting out
Seat 5: HarryBeast420 ($0 in chips) is sitting out
Seat 1: tukeiron ($161.56 in chips) 
Seat 3: Unipoker11 ($257.54 in chips) 
Seat 4: AlexPinsk1 ($151.55 in chips) 
Seat 6: Steve18212627 ($64.24 in chips) 
AlexPinsk1: posts small blind $0.50
Steve18212627: posts big blind $1
vadjkeee: sits out 
*** HOLE CARDS ***
tukeiron: raises $1.50 to $2.50
Unipoker11: raises $5 to $7.50
AlexPinsk1: folds 
Steve18212627: folds 
tukeiron: calls $5
*** FLOP *** [Jc 4c Qc]
tukeiron: checks 
HarryBeast420 is disconnected 
Unipoker11: bets $3.92
tukeiron: calls $3.92
*** TURN *** [Jc 4c Qc] [As]
tukeiron: checks 
Unipoker11: checks 
*** RIVER *** [Jc 4c Qc As] [7s]
HarryBeast420 leaves the table
tukeiron: bets $38.50
Unipoker11: folds 
Uncalled bet ($38.50) returned to tukeiron
tukeiron collected $23.34 from pot
tukeiron: doesn't show hand 
*** SUMMARY ***
Total pot $24.34 | Rake $1 
Board [Jc 4c Qc As 7s]
Seat 2: vadjkeee
Seat 5: HarryBeast420
Seat 1: tukeiron collected ($23.34)
Seat 3: Unipoker11 (button) folded on the River
Seat 4: AlexPinsk1 (small blind) folded before Flop
Seat 6: Steve18212627 (big blind) folded before Flop



PokerStars Hand #254316626717:  Hold'em No Limit ($0.50/$1.00 USD) - 2025/01/11 18:14:07 WET [2025/01/11 13:14:07 ET]
Table 'Medea III' 6-max Seat #4 is the button
Seat 2: vadjkeee ($100 in chips) is sitting out
Seat 1: tukeiron ($173.48 in chips) 
Seat 3: Unipoker11 ($246.12 in chips) 
Seat 4: AlexPinsk1 ($151.05 in chips) 
Seat 6: Steve18212627 ($63.24 in chips) 
Steve18212627: posts small blind $0.50
tukeiron: posts big blind $1
vadjkeee: sits out 
*** HOLE CARDS ***
Unipoker11: raises $1.30 to $2.30
AlexPinsk1: folds 
Steve18212627: folds 
tukeiron: raises $11.20 to $13.50
Unipoker11: folds 
Uncalled bet ($11.20) returned to tukeiron
Unipoker11 leaves the table
tukeiron collected $5.10 from pot
tukeiron: doesn't show hand 
*** SUMMARY ***
Total pot $5.10 | Rake $0 
Seat 2: vadjkeee
Seat 1: tukeiron (big blind) collected ($5.10)
Seat 3: Unipoker11 folded before Flop
Seat 4: AlexPinsk1 (button) folded before Flop (didn't bet)
Seat 6: Steve18212627 (small blind) folded before Flop



PokerStars Hand #254316635605:  Hold'em No Limit ($0.50/$1.00 USD) - 2025/01/11 18:14:36 WET [2025/01/11 13:14:36 ET]
Table 'Medea III' 6-max Seat #6 is the button
Seat 2: vadjkeee ($100 in chips) is sitting out
Seat 1: tukeiron ($176.28 in chips) 
Seat 4: AlexPinsk1 ($151.05 in chips) 
Seat 6: Steve18212627 ($62.74 in chips) 
tukeiron: posts small blind $0.50
vadjkeee: is sitting out 
AlexPinsk1: posts big blind $1
*** HOLE CARDS ***
Steve18212627: folds 
tukeiron: folds 
Uncalled bet ($0.50) returned to AlexPinsk1
AlexPinsk1 collected $1 from pot
AlexPinsk1: doesn't show hand 
*** SUMMARY ***
Total pot $1 | Rake $0 
Seat 2: vadjkeee
Seat 1: tukeiron (small blind) folded before Flop
Seat 4: AlexPinsk1 (big blind) collected ($1)
Seat 6: Steve18212627 (button) folded before Flop (didn't bet)



PokerStars Hand #254316638330:  Hold'em No Limit ($0.50/$1.00 USD) - 2025/01/11 18:14:45 WET [2025/01/11 13:14:45 ET]
Table 'Medea III' 6-max Seat #1 is the button
Seat 2: vadjkeee ($100 in chips) is sitting out
Seat 1: tukeiron ($175.78 in chips) 
Seat 4: AlexPinsk1 ($151.55 in chips) 
Seat 6: Steve18212627 ($62.74 in chips) 
AlexPinsk1: posts small blind $0.50
Steve18212627: posts big blind $1
*** HOLE CARDS ***
tukeiron: folds 
AndreaBsAs joins the table at seat #5 
tukeiron leaves the table
AlexPinsk1: raises $2 to $3
Steve18212627: folds 
Uncalled bet ($2) returned to AlexPinsk1
AlexPinsk1 collected $2 from pot
AlexPinsk1: doesn't show hand 
*** SUMMARY ***
Total pot $2 | Rake $0 
Seat 2: vadjkeee
Seat 1: tukeiron (button) folded before Flop (didn't bet)
Seat 4: AlexPinsk1 (small blind) collected ($2)
Seat 6: Steve18212627 (big blind) folded before Flop



PokerStars Hand #254316642736:  Hold'em No Limit ($0.50/$1.00 USD) - 2025/01/11 18:14:59 WET [2025/01/11 13:14:59 ET]
Table 'Medea III' 6-max Seat #4 is the button
Seat 5: AndreaBsAs ($100 in chips) is sitting out
Seat 2: vadjkeee ($100 in chips) 
Seat 4: AlexPinsk1 ($152.55 in chips) 
Seat 6: Steve18212627 ($61.74 in chips) 
Steve18212627: posts small blind $0.50
vadjkeee: posts big blind $1
*** HOLE CARDS ***
AlexPinsk1: folds 
AndreaBsAs leaves the table
Steve18212627: folds 
Uncalled bet ($0.50) returned to vadjkeee
vadjkeee collected $1 from pot
vadjkeee: doesn't show hand 
*** SUMMARY ***
Total pot $1 | Rake $0 
Seat 5: AndreaBsAs
Seat 2: vadjkeee (big blind) collected ($1)
Seat 4: AlexPinsk1 (button) folded before Flop (didn't bet)
Seat 6: Steve18212627 (small blind) folded before Flop



PokerStars Hand #254316646366:  Hold'em No Limit ($0.50/$1.00 USD) - 2025/01/11 18:15:10 WET [2025/01/11 13:15:10 ET]
Table 'Medea III' 6-max Seat #2 is the button
Seat 4: AlexPinsk1 ($152.55 in chips) is sitting out
Seat 2: vadjkeee ($100.50 in chips) 
Seat 6: Steve18212627 ($61.24 in chips) 
vadjkeee: posts small blind $0.50
AlexPinsk1: is sitting out 
Steve18212627: posts big blind $1
*** HOLE CARDS ***
AndreaBsAs joins the table at seat #1 
vadjkeee: raises $1.50 to $2.50
Steve18212627: folds 
Uncalled bet ($1.50) returned to vadjkeee
vadjkeee collected $2 from pot
vadjkeee: doesn't show hand 
*** SUMMARY ***
Total pot $2 | Rake $0 
Seat 4: AlexPinsk1
Seat 2: vadjkeee (button) (small blind) collected ($2)
Seat 6: Steve18212627 (big blind) folded before Flop



PokerStars Hand #254316652493:  Hold'em No Limit ($0.50/$1.00 USD) - 2025/01/11 18:15:29 WET [2025/01/11 13:15:29 ET]
Table 'Medea III' 6-max Seat #2 is the button
Seat 1: AndreaBsAs ($100 in chips) 
Seat 2: vadjkeee ($101.50 in chips) 
Seat 6: Steve18212627 ($60.24 in chips) 
Steve18212627: posts small blind $0.50
AlexPinsk1 leaves the table
AndreaBsAs: posts big blind $1
*** HOLE CARDS ***
vadjkeee: folds 
Steve18212627: folds 
Uncalled bet ($0.50) returned to AndreaBsAs
AndreaBsAs collected $1 from pot
*** SUMMARY ***
Total pot $1 | Rake $0 
Seat 1: AndreaBsAs (big blind) collected ($1)
Seat 2: vadjkeee (button) folded before Flop (didn't bet)
Seat 6: Steve18212627 (small blind) folded before Flop



PokerStars Hand #254316655290:  Hold'em No Limit ($0.50/$1.00 USD) - 2025/01/11 18:15:38 WET [2025/01/11 13:15:38 ET]
Table 'Medea III' 6-max Seat #6 is the button
Seat 1: AndreaBsAs ($100.50 in chips) 
Seat 2: vadjkeee ($101.50 in chips) 
Seat 6: Steve18212627 ($59.74 in chips) 
AndreaBsAs: posts small blind $0.50
vadjkeee: posts big blind $1
*** HOLE CARDS ***
Steve18212627: raises $2 to $3
AndreaBsAs: folds 
vadjkeee: calls $2
*** FLOP *** [6s Ad 8d]
vadjkeee: checks 
Steve18212627: bets $3.09
vadjkeee: folds 
Uncalled bet ($3.09) returned to Steve18212627
Steve18212627 collected $6.18 from pot
*** SUMMARY ***
Total pot $6.50 | Rake $0.32 
Board [6s Ad 8d]
Seat 1: AndreaBsAs (small blind) folded before Flop
Seat 2: vadjkeee (big blind) folded on the Flop
Seat 6: Steve18212627 (button) collected ($6.18)



PokerStars Hand #254316667065:  Hold'em No Limit ($0.50/$1.00 USD) - 2025/01/11 18:16:14 WET [2025/01/11 13:16:14 ET]
Table 'Medea III' 6-max Seat #1 is the button
Seat 1: AndreaBsAs ($100 in chips) 
Seat 2: vadjkeee ($100 in chips) 
Seat 6: Steve18212627 ($62.92 in chips) 
vadjkeee: posts small blind $0.50
Steve18212627: posts big blind $1
*** HOLE CARDS ***
AndreaBsAs: raises $1.50 to $2.50
vadjkeee: folds 
Steve18212627: calls $1.50
*** FLOP *** [8s 7s Th]
Steve18212627: checks 
blackclan7 joins the table at seat #4 
EyzRED joins the table at seat #3 
AndreaBsAs: bets $2.61
Evelexy1 joins the table at seat #5 
Steve18212627: raises $5.22 to $7.83
AndreaBsAs: folds 
Uncalled bet ($5.22) returned to Steve18212627
Steve18212627 collected $10.18 from pot
*** SUMMARY ***
Total pot $10.72 | Rake $0.54 
Board [8s 7s Th]
Seat 1: AndreaBsAs (button) folded on the Flop
Seat 2: vadjkeee (small blind) folded before Flop
Seat 6: Steve18212627 (big blind) collected ($10.18)



PokerStars Hand #254316686055:  Hold'em No Limit ($0.50/$1.00 USD) - 2025/01/11 18:17:12 WET [2025/01/11 13:17:12 ET]
Table 'Medea III' 6-max Seat #2 is the button
Seat 3: EyzRED ($100 in chips) is sitting out
Seat 4: blackclan7 ($100 in chips) is sitting out
Seat 5: Evelexy1 ($101.50 in chips) is sitting out
Seat 1: AndreaBsAs ($100 in chips) 
Seat 2: vadjkeee ($100 in chips) 
Seat 6: Steve18212627 ($67.99 in chips) 
Steve18212627: posts small blind $0.50
AndreaBsAs: posts big blind $1
*** HOLE CARDS ***
vadjkeee: raises $2 to $3
Steve18212627: calls $2.50
AndreaBsAs: folds 
*** FLOP *** [8d Qh 5d]
Steve18212627: checks 
vadjkeee: bets $3.66
Steve18212627: calls $3.66
*** TURN *** [8d Qh 5d] [4d]
Steve18212627: checks 
vadjkeee: bets $4.49
Steve18212627: calls $4.49
*** RIVER *** [8d Qh 5d 4d] [Ts]
Steve18212627: checks 
vadjkeee: checks 
*** SHOW DOWN ***
Steve18212627: shows [Kh Qd] (a pair of Queens)
vadjkeee: mucks hand 
Steve18212627 collected $22.30 from pot
*** SUMMARY ***
Total pot $23.30 | Rake $1 
Board [8d Qh 5d 4d Ts]
Seat 3: EyzRED
Seat 4: blackclan7
Seat 5: Evelexy1
Seat 1: AndreaBsAs (big blind) folded before Flop
Seat 2: vadjkeee (button) mucked
Seat 6: Steve18212627 (small blind) showed [Kh Qd] and won ($22.30) with a pair of Queens



PokerStars Hand #254316707796:  Hold'em No Limit ($0.50/$1.00 USD) - 2025/01/11 18:18:19 WET [2025/01/11 13:18:19 ET]
Table 'Medea III' 6-max Seat #6 is the button
Seat 2: vadjkeee ($100 in chips) is sitting out
Seat 4: blackclan7 ($100 in chips) is sitting out
Seat 5: Evelexy1 ($101.50 in chips) is sitting out
Seat 1: AndreaBsAs ($100 in chips) 
Seat 3: EyzRED ($100 in chips) 
Seat 6: Steve18212627 ($79.14 in chips) 
AndreaBsAs: posts small blind $0.50
vadjkeee: is sitting out 
EyzRED: posts big blind $1
blackclan7: sits out 
Evelexy1: sits out 
*** HOLE CARDS ***
vadjkeee leaves the table
Steve18212627 has timed out
Steve18212627: folds 
AndreaBsAs: folds 
Uncalled bet ($0.50) returned to EyzRED
EyzRED collected $1 from pot
EyzRED: doesn't show hand 
*** SUMMARY ***
Total pot $1 | Rake $0 
Seat 2: vadjkeee
Seat 4: blackclan7
Seat 5: Evelexy1
Seat 1: AndreaBsAs (small blind) folded before Flop
Seat 3: EyzRED (big blind) collected ($1)
Seat 6: Steve18212627 (button) folded before Flop (didn't bet)



PokerStars Hand #254316716432:  Hold'em No Limit ($0.50/$1.00 USD) - 2025/01/11 18:18:45 WET [2025/01/11 13:18:45 ET]
Table 'Medea III' 6-max Seat #1 is the button
Seat 5: Evelexy1 ($101.50 in chips) is sitting out
Seat 6: Steve18212627 ($79.14 in chips) is sitting out
Seat 1: AndreaBsAs ($100 in chips) 
Seat 3: EyzRED ($100.50 in chips) 
Seat 4: blackclan7 ($100 in chips) 
EyzRED: posts small blind $0.50
blackclan7: posts big blind $1
Evelexy1: sits out 
*** HOLE CARDS ***
AndreaBsAs: raises $1.50 to $2.50
EyzRED: folds 
blackclan7: calls $1.50
*** FLOP *** [2s 5h 7d]
blackclan7: checks 
AndreaBsAs: checks 
*** TURN *** [2s 5h 7d] [2h]
blackclan7: bets $7.83
AndreaBsAs: calls $7.83
*** RIVER *** [2s 5h 7d 2h] [Kc]
blackclan7: checks 
AndreaBsAs: bets $6.65
blackclan7: folds 
Uncalled bet ($6.65) returned to AndreaBsAs
AndreaBsAs collected $20.16 from pot
*** SUMMARY ***
Total pot $21.16 | Rake $1 
Board [2s 5h 7d 2h Kc]
Seat 5: Evelexy1
Seat 6: Steve18212627
Seat 1: AndreaBsAs (button) collected ($20.16)
Seat 3: EyzRED (small blind) folded before Flop
Seat 4: blackclan7 (big blind) folded on the River



PokerStars Hand #254316744462:  Hold'em No Limit ($0.50/$1.00 USD) - 2025/01/11 18:20:11 WET [2025/01/11 13:20:11 ET]
Table 'Medea III' 6-max Seat #3 is the button
Seat 1: AndreaBsAs ($109.83 in chips) 
Seat 3: EyzRED ($100 in chips) 
Seat 4: blackclan7 ($100 in chips) 
Seat 5: Evelexy1 ($101.50 in chips) 
Seat 6: Steve18212627 ($79.14 in chips) 
blackclan7: posts small blind $0.50
Evelexy1: posts big blind $1
*** HOLE CARDS ***
Steve18212627: folds 
AndreaBsAs: folds 
EyzRED: raises $1.50 to $2.50
blackclan7: folds 
Evelexy1: calls $1.50
*** FLOP *** [8d Jh Qc]
Evelexy1: checks 
EyzRED: bets $1.51
Evelexy1: calls $1.51
*** TURN *** [8d Jh Qc] [Kc]
Evelexy1: checks 
EyzRED: bets $5.74
Evelexy1: calls $5.74
*** RIVER *** [8d Jh Qc Kc] [6h]
Evelexy1: checks 
EyzRED: checks 
*** SHOW DOWN ***
Evelexy1: shows [Ks 9s] (a pair of Kings)
EyzRED: mucks hand 
Evelexy1 collected $19 from pot
*** SUMMARY ***
Total pot $20 | Rake $1 
Board [8d Jh Qc Kc 6h]
Seat 1: AndreaBsAs folded before Flop (didn't bet)
Seat 3: EyzRED (button) mucked
Seat 4: blackclan7 (small blind) folded before Flop
Seat 5: Evelexy1 (big blind) showed [Ks 9s] and won ($19) with a pair of Kings
Seat 6: Steve18212627 folded before Flop (didn't bet)



PokerStars Hand #254316759318:  Hold'em No Limit ($0.50/$1.00 USD) - 2025/01/11 18:20:56 WET [2025/01/11 13:20:56 ET]
Table 'Medea III' 6-max Seat #4 is the button
Seat 1: AndreaBsAs ($109.83 in chips) 
Seat 3: EyzRED ($100 in chips) 
Seat 4: blackclan7 ($100 in chips) 
Seat 5: Evelexy1 ($110.75 in chips) 
Seat 6: Steve18212627 ($79.14 in chips) 
Evelexy1: posts small blind $0.50
Steve18212627: posts big blind $1
*** HOLE CARDS ***
AndreaBsAs: folds 
EyzRED: folds 
blackclan7: folds 
Evelexy1: folds 
Uncalled bet ($0.50) returned to Steve18212627
Steve18212627 collected $1 from pot
*** SUMMARY ***
Total pot $1 | Rake $0 
Seat 1: AndreaBsAs folded before Flop (didn't bet)
Seat 3: EyzRED folded before Flop (didn't bet)
Seat 4: blackclan7 (button) folded before Flop (didn't bet)
Seat 5: Evelexy1 (small blind) folded before Flop
Seat 6: Steve18212627 (big blind) collected ($1)



PokerStars Hand #254316764684:  Hold'em No Limit ($0.50/$1.00 USD) - 2025/01/11 18:21:13 WET [2025/01/11 13:21:13 ET]
Table 'Medea III' 6-max Seat #5 is the button
Seat 1: AndreaBsAs ($109.83 in chips) is sitting out
Seat 3: EyzRED ($100 in chips) 
Seat 4: blackclan7 ($100 in chips) 
Seat 5: Evelexy1 ($110.25 in chips) 
Seat 6: Steve18212627 ($79.64 in chips) 
Steve18212627: posts small blind $0.50
AndreaBsAs: is sitting out 
EyzRED: posts big blind $1
*** HOLE CARDS ***
blackclan7: folds 
Evelexy1: raises $1.50 to $2.50
AndreaBsAs leaves the table
Steve18212627 has timed out
Steve18212627: folds 
EyzRED: folds 
Uncalled bet ($1.50) returned to Evelexy1
Evelexy1 collected $2.50 from pot
Evelexy1: doesn't show hand 
*** SUMMARY ***
Total pot $2.50 | Rake $0 
Seat 1: AndreaBsAs
Seat 3: EyzRED (big blind) folded before Flop
Seat 4: blackclan7 folded before Flop (didn't bet)
Seat 5: Evelexy1 (button) collected ($2.50)
Seat 6: Steve18212627 (small blind) folded before Flop



PokerStars Hand #254316837289:  Hold'em No Limit ($0.50/$1.00 USD) - 2025/01/11 18:24:52 WET [2025/01/11 13:24:52 ET]
Table 'Medea III' 6-max Seat #6 is the button
Seat 4: Manifestorr ($101.50 in chips) 
Seat 5: blackclan7 ($100 in chips) 
Seat 6: Zvst ($100 in chips) 
Manifestorr: posts small blind $0.50
blackclan7: posts big blind $1
*** HOLE CARDS ***
CichiChanMarian joins the table at seat #2 
Zvst: folds 
Manifestorr: folds 
Uncalled bet ($0.50) returned to blackclan7
blackclan7 collected $1 from pot
blackclan7: doesn't show hand 
*** SUMMARY ***
Total pot $1 | Rake $0 
Seat 4: Manifestorr (small blind) folded before Flop
Seat 5: blackclan7 (big blind) collected ($1)
Seat 6: Zvst (button) folded before Flop (didn't bet)



PokerStars Hand #254316840292:  Hold'em No Limit ($0.50/$1.00 USD) - 2025/01/11 18:25:01 WET [2025/01/11 13:25:01 ET]
Table 'Medea III' 6-max Seat #4 is the button
Seat 2: CichiChanMarian ($100 in chips) is sitting out
Seat 4: Manifestorr ($101 in chips) 
Seat 5: blackclan7 ($100.50 in chips) 
Seat 6: Zvst ($100 in chips) 
blackclan7: posts small blind $0.50
Zvst: posts big blind $1
CichiChanMarian: sits out 
*** HOLE CARDS ***
Manifestorr: raises $1.20 to $2.20
blackclan7: calls $1.70
Zvst: folds 
*** FLOP *** [As 9c 9s]
blackclan7: checks 
Manifestorr: bets $1.69
blackclan7: folds 
Uncalled bet ($1.69) returned to Manifestorr
Manifestorr collected $5.13 from pot
*** SUMMARY ***
Total pot $5.40 | Rake $0.27 
Board [As 9c 9s]
Seat 2: CichiChanMarian
Seat 4: Manifestorr (button) collected ($5.13)
Seat 5: blackclan7 (small blind) folded on the Flop
Seat 6: Zvst (big blind) folded before Flop



PokerStars Hand #254316854412:  Hold'em No Limit ($0.50/$1.00 USD) - 2025/01/11 18:25:44 WET [2025/01/11 13:25:44 ET]
Table 'Medea III' 6-max Seat #5 is the button
Seat 2: CichiChanMarian ($100 in chips) 
Seat 4: Manifestorr ($103.93 in chips) 
Seat 5: blackclan7 ($100 in chips) 
Seat 6: Zvst ($100 in chips) 
Zvst: posts small blind $0.50
CichiChanMarian: posts big blind $1
*** HOLE CARDS ***
Manifestorr: raises $1.20 to $2.20
blackclan7: folds 
Zvst: folds 
CichiChanMarian: folds 
Uncalled bet ($1.20) returned to Manifestorr
Zvst leaves the table
Manifestorr collected $2.50 from pot
*** SUMMARY ***
Total pot $2.50 | Rake $0 
Seat 2: CichiChanMarian (big blind) folded before Flop
Seat 4: Manifestorr collected ($2.50)
Seat 5: blackclan7 (button) folded before Flop (didn't bet)
Seat 6: Zvst (small blind) folded before Flop



PokerStars Hand #254316858331:  Hold'em No Limit ($0.50/$1.00 USD) - 2025/01/11 18:25:56 WET [2025/01/11 13:25:56 ET]
Table 'Medea III' 6-max Seat #2 is the button
Seat 2: CichiChanMarian ($100 in chips) 
Seat 4: Manifestorr ($105.43 in chips) 
Seat 5: blackclan7 ($100 in chips) 
Manifestorr: posts small blind $0.50
blackclan7: posts big blind $1
*** HOLE CARDS ***
CichiChanMarian: raises $1.50 to $2.50
Manifestorr: folds 
blackclan7: folds 
Uncalled bet ($1.50) returned to CichiChanMarian
CichiChanMarian collected $2.50 from pot
CichiChanMarian: doesn't show hand 
*** SUMMARY ***
Total pot $2.50 | Rake $0 
Seat 2: CichiChanMarian (button) collected ($2.50)
Seat 4: Manifestorr (small blind) folded before Flop
Seat 5: blackclan7 (big blind) folded before Flop



PokerStars Hand #254316954508:  Hold'em No Limit ($0.50/$1.00 USD) - 2025/01/11 18:30:47 WET [2025/01/11 13:30:47 ET]
Table 'Medea III' 6-max Seat #3 is the button
Seat 1: blackclan7 ($100 in chips) 
Seat 2: ptolejmus ($10 in chips) 
Seat 3: Zvst ($100 in chips) 
Seat 5: Manifestorr ($104.93 in chips) 
Manifestorr: posts small blind $0.50
blackclan7: posts big blind $1
*** HOLE CARDS ***
ptolejmus: raises $9 to $10 and is all-in
Zvst: folds 
Manifestorr: folds 
blackclan7: folds 
Uncalled bet ($9) returned to ptolejmus
ptolejmus collected $2.50 from pot
*** SUMMARY ***
Total pot $2.50 | Rake $0 
Seat 1: blackclan7 (big blind) folded before Flop
Seat 2: ptolejmus collected ($2.50)
Seat 3: Zvst (button) folded before Flop (didn't bet)
Seat 5: Manifestorr (small blind) folded before Flop



PokerStars Hand #254316961477:  Hold'em No Limit ($0.50/$1.00 USD) - 2025/01/11 18:31:08 WET [2025/01/11 13:31:08 ET]
Table 'Medea III' 6-max Seat #5 is the button
Seat 1: blackclan7 ($100 in chips) 
Seat 2: ptolejmus ($11.50 in chips) 
Seat 3: Zvst ($100 in chips) 
Seat 5: Manifestorr ($104.43 in chips) 
blackclan7: posts small blind $0.50
ptolejmus: posts big blind $1
*** HOLE CARDS ***
Zvst: folds 
Manifestorr: raises $1.20 to $2.20
blackclan7: folds 
ptolejmus: folds 
Uncalled bet ($1.20) returned to Manifestorr
Manifestorr collected $2.50 from pot
*** SUMMARY ***
Total pot $2.50 | Rake $0 
Seat 1: blackclan7 (small blind) folded before Flop
Seat 2: ptolejmus (big blind) folded before Flop
Seat 3: Zvst folded before Flop (didn't bet)
Seat 5: Manifestorr (button) collected ($2.50)



PokerStars Hand #254316965707:  Hold'em No Limit ($0.50/$1.00 USD) - 2025/01/11 18:31:21 WET [2025/01/11 13:31:21 ET]
Table 'Medea III' 6-max Seat #1 is the button
Seat 1: blackclan7 ($100 in chips) 
Seat 2: ptolejmus ($10.50 in chips) 
Seat 3: Zvst ($100 in chips) 
Seat 5: Manifestorr ($105.93 in chips) 
ptolejmus: posts small blind $0.50
Zvst: posts big blind $1
*** HOLE CARDS ***
Manifestorr: raises $1.20 to $2.20
blackclan7: folds 
michasia joins the table at seat #6 
ptolejmus: folds 
Zvst: folds 
Uncalled bet ($1.20) returned to Manifestorr
Manifestorr collected $2.50 from pot
Diamondplaces joins the table at seat #4 
Diamondplaces is disconnected 
*** SUMMARY ***
Total pot $2.50 | Rake $0 
Seat 1: blackclan7 (button) folded before Flop (didn't bet)
Seat 2: ptolejmus (small blind) folded before Flop
Seat 3: Zvst (big blind) folded before Flop
Seat 5: Manifestorr collected ($2.50)



PokerStars Hand #254316971208:  Hold'em No Limit ($0.50/$1.00 USD) - 2025/01/11 18:31:38 WET [2025/01/11 13:31:38 ET]
Table 'Medea III' 6-max Seat #2 is the button
Seat 6: michasia ($100 in chips) is sitting out
Seat 1: blackclan7 ($100 in chips) 
Seat 2: ptolejmus ($10 in chips) 
Seat 3: Zvst ($100 in chips) 
Seat 4: Diamondplaces ($10 in chips) 
Seat 5: Manifestorr ($107.43 in chips) 
Zvst: posts small blind $0.50
Diamondplaces is connected 
Diamondplaces: posts big blind $1
michasia: sits out 
*** HOLE CARDS ***
Manifestorr: folds 
blackclan7: folds 
ptolejmus: folds 
Zvst: raises $99 to $100 and is all-in
Diamondplaces is connected 
Diamondplaces: folds 
Uncalled bet ($99) returned to Zvst
Zvst collected $2 from pot
Zvst: doesn't show hand 
*** SUMMARY ***
Total pot $2 | Rake $0 
Seat 6: michasia
Seat 1: blackclan7 folded before Flop (didn't bet)
Seat 2: ptolejmus (button) folded before Flop (didn't bet)
Seat 3: Zvst (small blind) collected ($2)
Seat 4: Diamondplaces (big blind) folded before Flop
Seat 5: Manifestorr folded before Flop (didn't bet)



PokerStars Hand #254316987051:  Hold'em No Limit ($0.50/$1.00 USD) - 2025/01/11 18:32:25 WET [2025/01/11 13:32:25 ET]
Table 'Medea III' 6-max Seat #4 is the button
Seat 3: Zvst ($101 in chips) is sitting out
Seat 1: blackclan7 ($100 in chips) 
Seat 2: ptolejmus ($10 in chips) 
Seat 4: Diamondplaces ($9 in chips) 
Seat 5: Manifestorr ($107.43 in chips) 
Seat 6: michasia ($100 in chips) 
Manifestorr: posts small blind $0.50
michasia: posts big blind $1
*** HOLE CARDS ***
Zvst leaves the table
blackclan7: folds 
blackclan7 leaves the table
ptolejmus: raises $9 to $10 and is all-in
Diamondplaces: calls $9 and is all-in
Manifestorr: folds 
michasia: folds 
Uncalled bet ($1) returned to ptolejmus
*** FLOP *** [4h 4s Ts]
*** TURN *** [4h 4s Ts] [Qd]
*** RIVER *** [4h 4s Ts Qd] [6d]
*** SHOW DOWN ***
ptolejmus: shows [9h Th] (two pair, Tens and Fours)
Diamondplaces: shows [6c 6h] (a full house, Sixes full of Fours)
Diamondplaces collected $18.52 from pot
*** SUMMARY ***
Total pot $19.50 | Rake $0.98 
Board [4h 4s Ts Qd 6d]
Seat 3: Zvst
Seat 1: blackclan7 folded before Flop (didn't bet)
Seat 2: ptolejmus showed [9h Th] and lost with two pair, Tens and Fours
Seat 4: Diamondplaces (button) showed [6c 6h] and won ($18.52) with a full house, Sixes full of Fours
Seat 5: Manifestorr (small blind) folded before Flop
Seat 6: michasia (big blind) folded before Flop



PokerStars Hand #254316997742:  Hold'em No Limit ($0.50/$1.00 USD) - 2025/01/11 18:32:57 WET [2025/01/11 13:32:57 ET]
Table 'Medea III' 6-max Seat #5 is the button
Seat 2: ptolejmus ($10 in chips) is sitting out
Seat 4: Diamondplaces ($18.52 in chips) 
Seat 5: Manifestorr ($106.93 in chips) 
Seat 6: michasia ($100 in chips) 
michasia: posts small blind $0.50
ptolejmus: is sitting out 
Diamondplaces: posts big blind $1
*** HOLE CARDS ***
ptolejmus leaves the table
Manifestorr: raises $1.20 to $2.20
michasia: folds 
EAroca joins the table at seat #3 
Diamondplaces: folds 
Uncalled bet ($1.20) returned to Manifestorr
Manifestorr collected $2.50 from pot
*** SUMMARY ***
Total pot $2.50 | Rake $0 
Seat 2: ptolejmus
Seat 4: Diamondplaces (big blind) folded before Flop
Seat 5: Manifestorr (button) collected ($2.50)
Seat 6: michasia (small blind) folded before Flop



PokerStars Hand #254317005870:  Hold'em No Limit ($0.50/$1.00 USD) - 2025/01/11 18:33:22 WET [2025/01/11 13:33:22 ET]
Table 'Medea III' 6-max Seat #6 is the button
Seat 5: Manifestorr ($108.43 in chips) is sitting out
Seat 3: EAroca ($100 in chips) 
Seat 4: Diamondplaces ($17.52 in chips) 
Seat 6: michasia ($100 in chips) 
EAroca: posts small blind $0.50
Diamondplaces: posts big blind $1
*** HOLE CARDS ***
Manifestorr leaves the table
michasia: folds 
EAroca: folds 
Uncalled bet ($0.50) returned to Diamondplaces
Diamondplaces collected $1 from pot
*** SUMMARY ***
Total pot $1 | Rake $0 
Seat 5: Manifestorr
Seat 3: EAroca (small blind) folded before Flop
Seat 4: Diamondplaces (big blind) collected ($1)
Seat 6: michasia (button) folded before Flop (didn't bet)



PokerStars Hand #254317010091:  Hold'em No Limit ($0.50/$1.00 USD) - 2025/01/11 18:33:34 WET [2025/01/11 13:33:34 ET]
Table 'Medea III' 6-max Seat #3 is the button
Seat 3: EAroca ($100 in chips) 
Seat 4: Diamondplaces ($18.02 in chips) 
Seat 6: michasia ($100 in chips) 
Diamondplaces: posts small blind $0.50
michasia: posts big blind $1
*** HOLE CARDS ***
EAroca: raises $1 to $2
Diamondplaces: folds 
michasia: folds 
Uncalled bet ($1) returned to EAroca
EAroca collected $2.50 from pot
przemasek joins the table at seat #1 
EAroca: doesn't show hand 
*** SUMMARY ***
Total pot $2.50 | Rake $0 
Seat 3: EAroca (button) collected ($2.50)
Seat 4: Diamondplaces (small blind) folded before Flop
Seat 6: michasia (big blind) folded before Flop



PokerStars Hand #254317013759:  Hold'em No Limit ($0.50/$1.00 USD) - 2025/01/11 18:33:45 WET [2025/01/11 13:33:45 ET]
Table 'Medea III' 6-max Seat #4 is the button
Seat 1: przemasek ($32.82 in chips) 
Seat 3: EAroca ($101.50 in chips) 
Seat 4: Diamondplaces ($17.52 in chips) 
Seat 6: michasia ($100 in chips) 
michasia: posts small blind $0.50
alexandr699 joins the table at seat #2 
przemasek is connected 
przemasek: posts big blind $1
*** HOLE CARDS ***
Twistenko joins the table at seat #5 
EAroca: folds 
Diamondplaces: folds 
michasia: folds 
Uncalled bet ($0.50) returned to przemasek
przemasek collected $1 from pot
przemasek: doesn't show hand 
*** SUMMARY ***
Total pot $1 | Rake $0 
Seat 1: przemasek (big blind) collected ($1)
Seat 3: EAroca folded before Flop (didn't bet)
Seat 4: Diamondplaces (button) folded before Flop (didn't bet)
Seat 6: michasia (small blind) folded before Flop



PokerStars Hand #254317018170:  Hold'em No Limit ($0.50/$1.00 USD) - 2025/01/11 18:33:59 WET [2025/01/11 13:33:59 ET]
Table 'Medea III' 6-max Seat #6 is the button
Seat 5: Twistenko ($100 in chips) is sitting out
Seat 1: przemasek ($33.32 in chips) 
Seat 2: alexandr699 ($100 in chips) 
Seat 3: EAroca ($101.50 in chips) 
Seat 4: Diamondplaces ($17.52 in chips) 
Seat 6: michasia ($100 in chips) 
przemasek: posts small blind $0.50
alexandr699: posts big blind $1
Twistenko: sits out 
*** HOLE CARDS ***
EAroca: folds 
Diamondplaces: folds 
michasia: folds 
przemasek: calls $0.50
alexandr699: raises $4 to $5
przemasek: calls $4
*** FLOP *** [Jd 2h 8d]
przemasek: checks 
alexandr699: bets $7.13
przemasek: calls $7.13
*** TURN *** [Jd 2h 8d] [6c]
przemasek: checks 
alexandr699: bets $21.50
przemasek: calls $21.19 and is all-in
Uncalled bet ($0.31) returned to alexandr699
*** RIVER *** [Jd 2h 8d 6c] [As]
*** SHOW DOWN ***
przemasek: shows [9s Ts] (high card Ace)
alexandr699: shows [8s Kc] (a pair of Eights)
alexandr699 collected $64.14 from pot
*** SUMMARY ***
Total pot $66.64 | Rake $2.50 
Board [Jd 2h 8d 6c As]
Seat 5: Twistenko
Seat 1: przemasek (small blind) showed [9s Ts] and lost with high card Ace
Seat 2: alexandr699 (big blind) showed [8s Kc] and won ($64.14) with a pair of Eights
Seat 3: EAroca folded before Flop (didn't bet)
Seat 4: Diamondplaces folded before Flop (didn't bet)
Seat 6: michasia (button) folded before Flop (didn't bet)



PokerStars Hand #254317031654:  Hold'em No Limit ($0.50/$1.00 USD) - 2025/01/11 18:34:39 WET [2025/01/11 13:34:39 ET]
Table 'Medea III' 6-max Seat #2 is the button
Seat 1: przemasek ($0 in chips) is sitting out
Seat 5: Twistenko ($100 in chips) is sitting out
Seat 2: alexandr699 ($130.82 in chips) 
Seat 3: EAroca ($101.50 in chips) 
Seat 4: Diamondplaces ($17.52 in chips) 
Seat 6: michasia ($100 in chips) 
EAroca: posts small blind $0.50
Diamondplaces: posts big blind $1
Twistenko: sits out 
*** HOLE CARDS ***
michasia: folds 
przemasek leaves the table
alexandr699: raises $2 to $3
EAroca: folds 
Diamondplaces: raises $14.52 to $17.52 and is all-in
alexandr699: calls $14.52
*** FLOP *** [Qs 9h 5c]
*** TURN *** [Qs 9h 5c] [2c]
*** RIVER *** [Qs 9h 5c 2c] [9s]
*** SHOW DOWN ***
Diamondplaces: shows [7h 7c] (two pair, Nines and Sevens)
alexandr699: shows [Js Jd] (two pair, Jacks and Nines)
Evelexy1 joins the table at seat #1 
alexandr699 collected $34.54 from pot
Diamondplaces cashed out the hand for $6.69 | Cash Out Fee $0.14
*** SUMMARY ***
Total pot $35.54 | Rake $1 
Board [Qs 9h 5c 2c 9s]
Seat 1: przemasek
Seat 5: Twistenko
Seat 2: alexandr699 (button) showed [Js Jd] and won ($34.54) with two pair, Jacks and Nines
Seat 3: EAroca (small blind) folded before Flop
Seat 4: Diamondplaces (big blind) showed [7h 7c] and lost with two pair, Nines and Sevens (cashed out).
Seat 6: michasia folded before Flop (didn't bet)



PokerStars Hand #254317042381:  Hold'em No Limit ($0.50/$1.00 USD) - 2025/01/11 18:35:11 WET [2025/01/11 13:35:11 ET]
Table 'Medea III' 6-max Seat #3 is the button
Seat 5: Twistenko ($100 in chips) is sitting out
Seat 6: michasia ($100 in chips) is sitting out
Seat 1: Evelexy1 ($111.75 in chips) 
Seat 2: alexandr699 ($147.84 in chips) 
Seat 3: EAroca ($101 in chips) 
Seat 4: Diamondplaces ($6.69 in chips) 
Diamondplaces: posts small blind $0.50
Twistenko: is sitting out 
michasia: is sitting out 
Evelexy1: posts big blind $1
*** HOLE CARDS ***
Twistenko leaves the table
alexandr699: folds 
EAroca: folds 
Diamondplaces: folds 
Uncalled bet ($0.50) returned to Evelexy1
Evelexy1 collected $1 from pot
Evelexy1: doesn't show hand 
*** SUMMARY ***
Total pot $1 | Rake $0 
Seat 5: Twistenko
Seat 6: michasia
Seat 1: Evelexy1 (big blind) collected ($1)
Seat 2: alexandr699 folded before Flop (didn't bet)
Seat 3: EAroca (button) folded before Flop (didn't bet)
Seat 4: Diamondplaces (small blind) folded before Flop



PokerStars Hand #254317046558:  Hold'em No Limit ($0.50/$1.00 USD) - 2025/01/11 18:35:23 WET [2025/01/11 13:35:23 ET]
Table 'Medea III' 6-max Seat #4 is the button
Seat 6: michasia ($100 in chips) is sitting out
Seat 1: Evelexy1 ($112.25 in chips) 
Seat 2: alexandr699 ($147.84 in chips) 
Seat 3: EAroca ($101 in chips) 
Seat 4: Diamondplaces ($6.19 in chips) 
Evelexy1: posts small blind $0.50
alexandr699: posts big blind $1
*** HOLE CARDS ***
EyzRED joins the table at seat #5 
michasia leaves the table
EAroca: raises $1.20 to $2.20
Diamondplaces: raises $3.99 to $6.19 and is all-in
Evelexy1: raises $9.31 to $15.50
alexandr699: folds 
EAroca: calls $13.30
*** FLOP *** [6s Kd Qd]
Evelexy1: bets $9.50
EAroca: calls $9.50
*** TURN *** [6s Kd Qd] [Jc]
Evelexy1: checks 
EAroca: checks 
*** RIVER *** [6s Kd Qd Jc] [3d]
Evelexy1: checks 
EAroca: checks 
*** SHOW DOWN ***
Evelexy1: shows [8c 8s] (a pair of Eights)
EAroca: shows [Qh Ac] (a pair of Queens)
EAroca collected $37.60 from side pot
Diamondplaces: shows [Kc Td] (a pair of Kings)
Diamondplaces collected $18.59 from main pot
*** SUMMARY ***
Total pot $57.19 Main pot $18.59. Side pot $37.60. | Rake $1 
Board [6s Kd Qd Jc 3d]
Seat 6: michasia
Seat 1: Evelexy1 (small blind) showed [8c 8s] and lost with a pair of Eights
Seat 2: alexandr699 (big blind) folded before Flop
Seat 3: EAroca showed [Qh Ac] and won ($37.60) with a pair of Queens
Seat 4: Diamondplaces (button) showed [Kc Td] and won ($18.59) with a pair of Kings



PokerStars Hand #254317068859:  Hold'em No Limit ($0.50/$1.00 USD) - 2025/01/11 18:36:30 WET [2025/01/11 13:36:30 ET]
Table 'Medea III' 6-max Seat #2 is the button
Seat 5: EyzRED ($100 in chips) is sitting out
Seat 2: alexandr699 ($146.84 in chips) 
Seat 3: EAroca ($113.60 in chips) 
Seat 4: Diamondplaces ($18.59 in chips) 
EAroca: posts small blind $0.50
Diamondplaces: posts big blind $1
EyzRED: sits out 
*** HOLE CARDS ***
alexandr699: folds 
EAroca: folds 
Uncalled bet ($0.50) returned to Diamondplaces
pip2155 joins the table at seat #6 
pip2155 is disconnected 
Diamondplaces collected $1 from pot
*** SUMMARY ***
Total pot $1 | Rake $0 
Seat 5: EyzRED
Seat 2: alexandr699 (button) folded before Flop (didn't bet)
Seat 3: EAroca (small blind) folded before Flop
Seat 4: Diamondplaces (big blind) collected ($1)



PokerStars Hand #254317072582:  Hold'em No Limit ($0.50/$1.00 USD) - 2025/01/11 18:36:41 WET [2025/01/11 13:36:41 ET]
Table 'Medea III' 6-max Seat #3 is the button
Seat 6: pip2155 ($10 in chips) is sitting out
Seat 2: alexandr699 ($146.84 in chips) 
Seat 3: EAroca ($113.10 in chips) 
Seat 4: Diamondplaces ($19.09 in chips) 
Seat 5: EyzRED ($100 in chips) 
Diamondplaces: posts small blind $0.50
EyzRED: posts big blind $1
pip2155: sits out 
*** HOLE CARDS ***
alexandr699: folds 
Twistenko joins the table at seat #1 
EAroca: folds 
Diamondplaces: folds 
Uncalled bet ($0.50) returned to EyzRED
EyzRED collected $1 from pot
EyzRED: doesn't show hand 
*** SUMMARY ***
Total pot $1 | Rake $0 
Seat 6: pip2155
Seat 2: alexandr699 folded before Flop (didn't bet)
Seat 3: EAroca (button) folded before Flop (didn't bet)
Seat 4: Diamondplaces (small blind) folded before Flop
Seat 5: EyzRED (big blind) collected ($1)



PokerStars Hand #254317077732:  Hold'em No Limit ($0.50/$1.00 USD) - 2025/01/11 18:36:57 WET [2025/01/11 13:36:57 ET]
Table 'Medea III' 6-max Seat #4 is the button
Seat 1: Twistenko ($100 in chips) is sitting out
Seat 2: alexandr699 ($146.84 in chips) 
Seat 3: EAroca ($113.10 in chips) 
Seat 4: Diamondplaces ($18.59 in chips) 
Seat 5: EyzRED ($100.50 in chips) 
Seat 6: pip2155 ($10 in chips) 
EyzRED: posts small blind $0.50
pip2155: posts big blind $1
Twistenko: sits out 
*** HOLE CARDS ***
alexandr699: folds 
EAroca: folds 
Diamondplaces: folds 
EyzRED: raises $99.50 to $100.50 and is all-in
pip2155: folds 
Uncalled bet ($99.50) returned to EyzRED
EyzRED collected $2 from pot
EyzRED: doesn't show hand 
*** SUMMARY ***
Total pot $2 | Rake $0 
Seat 1: Twistenko
Seat 2: alexandr699 folded before Flop (didn't bet)
Seat 3: EAroca folded before Flop (didn't bet)
Seat 4: Diamondplaces (button) folded before Flop (didn't bet)
Seat 5: EyzRED (small blind) collected ($2)
Seat 6: pip2155 (big blind) folded before Flop



PokerStars Hand #254317083572:  Hold'em No Limit ($0.50/$1.00 USD) - 2025/01/11 18:37:14 WET [2025/01/11 13:37:14 ET]
Table 'Medea III' 6-max Seat #5 is the button
Seat 1: Twistenko ($100 in chips) 
Seat 2: alexandr699 ($146.84 in chips) 
Seat 3: EAroca ($113.10 in chips) 
Seat 4: Diamondplaces ($18.59 in chips) 
Seat 5: EyzRED ($101.50 in chips) 
Seat 6: pip2155 ($9 in chips) 
pip2155: posts small blind $0.50
Twistenko: posts big blind $1
*** HOLE CARDS ***
alexandr699: raises $2 to $3
EAroca: folds 
Diamondplaces: folds 
EyzRED: raises $6 to $9
pip2155: calls $8.50 and is all-in
Twistenko: folds 
alexandr699: folds 
*** FLOP *** [4h 9c Tc]
*** TURN *** [4h 9c Tc] [7h]
*** RIVER *** [4h 9c Tc 7h] [3c]
*** SHOW DOWN ***
pip2155: shows [6h Th] (a pair of Tens)
EyzRED: shows [Jc Jh] (a pair of Jacks)
EyzRED collected $20.90 from pot
*** SUMMARY ***
Total pot $22 | Rake $1.10 
Board [4h 9c Tc 7h 3c]
Seat 1: Twistenko (big blind) folded before Flop
Seat 2: alexandr699 folded before Flop
Seat 3: EAroca folded before Flop (didn't bet)
Seat 4: Diamondplaces folded before Flop (didn't bet)
Seat 5: EyzRED (button) showed [Jc Jh] and won ($20.90) with a pair of Jacks
Seat 6: pip2155 (small blind) showed [6h Th] and lost with a pair of Tens



PokerStars Hand #254317094663:  Hold'em No Limit ($0.50/$1.00 USD) - 2025/01/11 18:37:47 WET [2025/01/11 13:37:47 ET]
Table 'Medea III' 6-max Seat #1 is the button
Seat 6: pip2155 ($0 in chips) is sitting out
Seat 1: Twistenko ($100 in chips) 
Seat 2: alexandr699 ($143.84 in chips) 
Seat 3: EAroca ($113.10 in chips) 
Seat 4: Diamondplaces ($18.59 in chips) 
Seat 5: EyzRED ($113.40 in chips) 
alexandr699: posts small blind $0.50
EAroca: posts big blind $1
*** HOLE CARDS ***
Diamondplaces: folds 
Diamondplaces leaves the table
EyzRED: folds 
Twistenko: raises $2 to $3
alexandr699: folds 
Evelexy1 joins the table at seat #4 
EAroca: folds 
Uncalled bet ($2) returned to Twistenko
Twistenko collected $2.50 from pot
Twistenko: doesn't show hand 
*** SUMMARY ***
Total pot $2.50 | Rake $0 
Seat 6: pip2155
Seat 1: Twistenko (button) collected ($2.50)
Seat 2: alexandr699 (small blind) folded before Flop
Seat 3: EAroca (big blind) folded before Flop
Seat 4: Diamondplaces folded before Flop (didn't bet)
Seat 5: EyzRED folded before Flop (didn't bet)



PokerStars Hand #254317101576:  Hold'em No Limit ($0.50/$1.00 USD) - 2025/01/11 18:38:08 WET [2025/01/11 13:38:08 ET]
Table 'Medea III' 6-max Seat #2 is the button
Seat 1: Twistenko ($101.50 in chips) 
Seat 2: alexandr699 ($143.34 in chips) 
Seat 3: EAroca ($112.10 in chips) 
Seat 4: Evelexy1 ($100 in chips) 
Seat 5: EyzRED ($113.40 in chips) 
Seat 6: pip2155 ($10 in chips) 
EAroca: posts small blind $0.50
Evelexy1: posts big blind $1
*** HOLE CARDS ***
EyzRED: folds 
pip2155: raises $9 to $10 and is all-in
Twistenko: folds 
alexandr699: folds 
EAroca: calls $9.50
Evelexy1: folds 
*** FLOP *** [7s 2s Ks]
*** TURN *** [7s 2s Ks] [4c]
*** RIVER *** [7s 2s Ks 4c] [4h]
*** SHOW DOWN ***
EAroca: shows [5d 5c] (two pair, Fives and Fours)
pip2155: shows [Tc 9c] (a pair of Fours)
EAroca collected $19.95 from pot
*** SUMMARY ***
Total pot $21 | Rake $1.05 
Board [7s 2s Ks 4c 4h]
Seat 1: Twistenko folded before Flop (didn't bet)
Seat 2: alexandr699 (button) folded before Flop (didn't bet)
Seat 3: EAroca (small blind) showed [5d 5c] and won ($19.95) with two pair, Fives and Fours
Seat 4: Evelexy1 (big blind) folded before Flop
Seat 5: EyzRED folded before Flop (didn't bet)
Seat 6: pip2155 showed [Tc 9c] and lost with a pair of Fours



PokerStars Hand #254317111407:  Hold'em No Limit ($0.50/$1.00 USD) - 2025/01/11 18:38:37 WET [2025/01/11 13:38:37 ET]
Table 'Medea III' 6-max Seat #3 is the button
Seat 6: pip2155 ($0 in chips) is sitting out
Seat 1: Twistenko ($101.50 in chips) 
Seat 2: alexandr699 ($143.34 in chips) 
Seat 3: EAroca ($122.05 in chips) 
Seat 4: Evelexy1 ($100 in chips) 
Seat 5: EyzRED ($113.40 in chips) 
Evelexy1: posts small blind $0.50
EyzRED: posts big blind $1
*** HOLE CARDS ***
Twistenko: folds 
alexandr699: folds 
EAroca: raises $1.50 to $2.50
Evelexy1: folds 
EyzRED: folds 
Uncalled bet ($1.50) returned to EAroca
EAroca collected $2.50 from pot
EAroca: doesn't show hand 
*** SUMMARY ***
Total pot $2.50 | Rake $0 
Seat 6: pip2155
Seat 1: Twistenko folded before Flop (didn't bet)
Seat 2: alexandr699 folded before Flop (didn't bet)
Seat 3: EAroca (button) collected ($2.50)
Seat 4: Evelexy1 (small blind) folded before Flop
Seat 5: EyzRED (big blind) folded before Flop



PokerStars Hand #254317115710:  Hold'em No Limit ($0.50/$1.00 USD) - 2025/01/11 18:38:49 WET [2025/01/11 13:38:49 ET]
Table 'Medea III' 6-max Seat #4 is the button
Seat 1: Twistenko ($101.50 in chips) 
Seat 2: alexandr699 ($143.34 in chips) 
Seat 3: EAroca ($123.55 in chips) 
Seat 4: Evelexy1 ($100 in chips) 
Seat 5: EyzRED ($112.40 in chips) 
Seat 6: pip2155 ($20.31 in chips) 
EyzRED: posts small blind $0.50
pip2155: posts big blind $1
*** HOLE CARDS ***
Twistenko: folds 
alexandr699: folds 
EAroca: folds 
Evelexy1: raises $1 to $2
EyzRED: folds 
pip2155: calls $1
*** FLOP *** [6d Tc 8c]
pip2155: checks 
Evelexy1: bets $2.50
pip2155: folds 
Uncalled bet ($2.50) returned to Evelexy1
Evelexy1 collected $4.28 from pot
Evelexy1: doesn't show hand 
*** SUMMARY ***
Total pot $4.50 | Rake $0.22 
Board [6d Tc 8c]
Seat 1: Twistenko folded before Flop (didn't bet)
Seat 2: alexandr699 folded before Flop (didn't bet)
Seat 3: EAroca folded before Flop (didn't bet)
Seat 4: Evelexy1 (button) collected ($4.28)
Seat 5: EyzRED (small blind) folded before Flop
Seat 6: pip2155 (big blind) folded on the Flop



PokerStars Hand #254317122738:  Hold'em No Limit ($0.50/$1.00 USD) - 2025/01/11 18:39:10 WET [2025/01/11 13:39:10 ET]
Table 'Medea III' 6-max Seat #5 is the button
Seat 1: Twistenko ($101.50 in chips) 
Seat 2: alexandr699 ($143.34 in chips) 
Seat 3: EAroca ($123.55 in chips) 
Seat 4: Evelexy1 ($102.28 in chips) 
Seat 5: EyzRED ($111.90 in chips) 
Seat 6: pip2155 ($18.31 in chips) 
pip2155: posts small blind $0.50
Twistenko: posts big blind $1
*** HOLE CARDS ***
alexandr699: folds 
alexandr699 leaves the table
EAroca: folds 
Evelexy1: raises $1.50 to $2.50
EyzRED: folds 
pip2155: folds 
AlexPinsk1 joins the table at seat #2 
Twistenko: folds 
Uncalled bet ($1.50) returned to Evelexy1
Evelexy1 collected $2.50 from pot
Evelexy1: doesn't show hand 
*** SUMMARY ***
Total pot $2.50 | Rake $0 
Seat 1: Twistenko (big blind) folded before Flop
Seat 2: alexandr699 folded before Flop (didn't bet)
Seat 3: EAroca folded before Flop (didn't bet)
Seat 4: Evelexy1 collected ($2.50)
Seat 5: EyzRED (button) folded before Flop (didn't bet)
Seat 6: pip2155 (small blind) folded before Flop



PokerStars Hand #254317130373:  Hold'em No Limit ($0.50/$1.00 USD) - 2025/01/11 18:39:33 WET [2025/01/11 13:39:33 ET]
Table 'Medea III' 6-max Seat #6 is the button
Seat 1: Twistenko ($100.50 in chips) 
Seat 2: AlexPinsk1 ($152.55 in chips) 
Seat 3: EAroca ($123.55 in chips) 
Seat 4: Evelexy1 ($103.78 in chips) 
Seat 5: EyzRED ($111.90 in chips) 
Seat 6: pip2155 ($17.81 in chips) 
Twistenko: posts small blind $0.50
AlexPinsk1: posts big blind $1
*** HOLE CARDS ***
EAroca: folds 
Evelexy1: raises $1 to $2
EyzRED: folds 
pip2155: calls $2
Twistenko: folds 
AlexPinsk1: folds 
*** FLOP *** [3h 7c 4d]
Evelexy1: checks 
pip2155: bets $5.22
Evelexy1: calls $5.22
*** TURN *** [3h 7c 4d] [2h]
Evelexy1: checks 
pip2155: checks 
*** RIVER *** [3h 7c 4d 2h] [Th]
Evelexy1: checks 
pip2155: checks 
*** SHOW DOWN ***
Evelexy1: shows [Kc Ad] (high card Ace)
pip2155: mucks hand 
Evelexy1 collected $15.14 from pot
*** SUMMARY ***
Total pot $15.94 | Rake $0.80 
Board [3h 7c 4d 2h Th]
Seat 1: Twistenko (small blind) folded before Flop
Seat 2: AlexPinsk1 (big blind) folded before Flop
Seat 3: EAroca folded before Flop (didn't bet)
Seat 4: Evelexy1 showed [Kc Ad] and won ($15.14) with high card Ace
Seat 5: EyzRED folded before Flop (didn't bet)
Seat 6: pip2155 (button) mucked



PokerStars Hand #254317140701:  Hold'em No Limit ($0.50/$1.00 USD) - 2025/01/11 18:40:04 WET [2025/01/11 13:40:04 ET]
Table 'Medea III' 6-max Seat #1 is the button
Seat 1: Twistenko ($100 in chips) 
Seat 2: AlexPinsk1 ($151.55 in chips) 
Seat 3: EAroca ($123.55 in chips) 
Seat 4: Evelexy1 ($111.70 in chips) 
Seat 5: EyzRED ($111.90 in chips) 
Seat 6: pip2155 ($10.59 in chips) 
AlexPinsk1: posts small blind $0.50
EAroca: posts big blind $1
*** HOLE CARDS ***
Evelexy1: folds 
EyzRED: folds 
pip2155: raises $9.59 to $10.59 and is all-in
Twistenko: folds 
AlexPinsk1: folds 
EAroca: calls $9.59
*** FLOP *** [Qh 2d 3h]
*** TURN *** [Qh 2d 3h] [8s]
*** RIVER *** [Qh 2d 3h 8s] [4s]
*** SHOW DOWN ***
EAroca: shows [Qs 9s] (a pair of Queens)
pip2155: shows [Td Qd] (a pair of Queens - Ten kicker)
pip2155 collected $20.60 from pot
*** SUMMARY ***
Total pot $21.68 | Rake $1.08 
Board [Qh 2d 3h 8s 4s]
Seat 1: Twistenko (button) folded before Flop (didn't bet)
Seat 2: AlexPinsk1 (small blind) folded before Flop
Seat 3: EAroca (big blind) showed [Qs 9s] and lost with a pair of Queens
Seat 4: Evelexy1 folded before Flop (didn't bet)
Seat 5: EyzRED folded before Flop (didn't bet)
Seat 6: pip2155 showed [Td Qd] and won ($20.60) with a pair of Queens



PokerStars Hand #254317152198:  Hold'em No Limit ($0.50/$1.00 USD) - 2025/01/11 18:40:37 WET [2025/01/11 13:40:37 ET]
Table 'Medea III' 6-max Seat #2 is the button
Seat 1: Twistenko ($100 in chips) 
Seat 2: AlexPinsk1 ($151.05 in chips) 
Seat 3: EAroca ($112.96 in chips) 
Seat 4: Evelexy1 ($111.70 in chips) 
Seat 5: EyzRED ($111.90 in chips) 
Seat 6: pip2155 ($20.60 in chips) 
EAroca: posts small blind $0.50
Evelexy1: posts big blind $1
*** HOLE CARDS ***
EyzRED: folds 
pip2155: calls $1
Twistenko: folds 
AlexPinsk1: raises $3 to $4
Twistenko is disconnected 
EAroca: raises $9.50 to $13.50
Evelexy1: folds 
pip2155: folds 
AlexPinsk1: folds 
Uncalled bet ($9.50) returned to EAroca
EAroca collected $10 from pot
EAroca: doesn't show hand 
*** SUMMARY ***
Total pot $10 | Rake $0 
Seat 1: Twistenko folded before Flop (didn't bet)
Seat 2: AlexPinsk1 (button) folded before Flop
Seat 3: EAroca (small blind) collected ($10)
Seat 4: Evelexy1 (big blind) folded before Flop
Seat 5: EyzRED folded before Flop (didn't bet)
Seat 6: pip2155 folded before Flop



PokerStars Hand #254317164901:  Hold'em No Limit ($0.50/$1.00 USD) - 2025/01/11 18:41:15 WET [2025/01/11 13:41:15 ET]
Table 'Medea III' 6-max Seat #3 is the button
Seat 1: Twistenko ($100 in chips) 
Seat 2: AlexPinsk1 ($147.05 in chips) 
Seat 3: EAroca ($118.96 in chips) 
Seat 4: Evelexy1 ($110.70 in chips) 
Seat 5: EyzRED ($111.90 in chips) 
Seat 6: pip2155 ($19.60 in chips) 
Evelexy1: posts small blind $0.50
EyzRED: posts big blind $1
*** HOLE CARDS ***
pip2155: folds 
Twistenko has timed out while disconnected
Twistenko: folds 
AlexPinsk1: folds 
EAroca: folds 
Evelexy1: raises $1.50 to $2.50
EyzRED: calls $1.50
*** FLOP *** [Td 9c Qh]
Evelexy1: bets $1.19
EyzRED: folds 
Uncalled bet ($1.19) returned to Evelexy1
Evelexy1 collected $4.75 from pot
Evelexy1: doesn't show hand 
*** SUMMARY ***
Total pot $5 | Rake $0.25 
Board [Td 9c Qh]
Seat 1: Twistenko folded before Flop (didn't bet)
Seat 2: AlexPinsk1 folded before Flop (didn't bet)
Seat 3: EAroca (button) folded before Flop (didn't bet)
Seat 4: Evelexy1 (small blind) collected ($4.75)
Seat 5: EyzRED (big blind) folded on the Flop
Seat 6: pip2155 folded before Flop (didn't bet)



PokerStars Hand #254317179269:  Hold'em No Limit ($0.50/$1.00 USD) - 2025/01/11 18:41:57 WET [2025/01/11 13:41:57 ET]
Table 'Medea III' 6-max Seat #4 is the button
Seat 1: Twistenko ($100 in chips) is sitting out
Seat 2: AlexPinsk1 ($147.05 in chips) 
Seat 3: EAroca ($118.96 in chips) 
Seat 4: Evelexy1 ($112.95 in chips) 
Seat 5: EyzRED ($109.40 in chips) 
Seat 6: pip2155 ($19.60 in chips) 
EyzRED: posts small blind $0.50
pip2155: posts big blind $1
*** HOLE CARDS ***
AlexPinsk1: raises $1.50 to $2.50
EAroca: calls $2.50
Evelexy1: folds 
EyzRED: folds 
pip2155: calls $1.50
*** FLOP *** [Tc 9h 3d]
pip2155: bets $17.10 and is all-in
AlexPinsk1: calls $17.10
EAroca: folds 
*** TURN *** [Tc 9h 3d] [2d]
*** RIVER *** [Tc 9h 3d 2d] [Js]
*** SHOW DOWN ***
pip2155: shows [Ts Qh] (a pair of Tens)
AlexPinsk1: shows [Ah As] (a pair of Aces)
AlexPinsk1 collected $40.09 from pot
*** SUMMARY ***
Total pot $42.20 | Rake $2.11 
Board [Tc 9h 3d 2d Js]
Seat 1: Twistenko
Seat 2: AlexPinsk1 showed [Ah As] and won ($40.09) with a pair of Aces
Seat 3: EAroca folded on the Flop
Seat 4: Evelexy1 (button) folded before Flop (didn't bet)
Seat 5: EyzRED (small blind) folded before Flop
Seat 6: pip2155 (big blind) showed [Ts Qh] and lost with a pair of Tens



PokerStars Hand #254317196910:  Hold'em No Limit ($0.50/$1.00 USD) - 2025/01/11 18:42:49 WET [2025/01/11 13:42:49 ET]
Table 'Medea III' 6-max Seat #5 is the button
Seat 6: pip2155 ($0 in chips) is sitting out
Seat 1: Twistenko ($100 in chips) 
Seat 2: AlexPinsk1 ($167.54 in chips) 
Seat 3: EAroca ($116.46 in chips) 
Seat 4: Evelexy1 ($112.95 in chips) 
Seat 5: EyzRED ($108.90 in chips) 
Twistenko: posts small blind $0.50
AlexPinsk1: posts big blind $1
*** HOLE CARDS ***
EAroca: folds 
pip2155 is disconnected 
Evelexy1: folds 
EyzRED: raises $1.50 to $2.50
Twistenko: folds 
AlexPinsk1: folds 
Uncalled bet ($1.50) returned to EyzRED
EyzRED collected $2.50 from pot
EyzRED: doesn't show hand 
*** SUMMARY ***
Total pot $2.50 | Rake $0 
Seat 6: pip2155
Seat 1: Twistenko (small blind) folded before Flop
Seat 2: AlexPinsk1 (big blind) folded before Flop
Seat 3: EAroca folded before Flop (didn't bet)
Seat 4: Evelexy1 folded before Flop (didn't bet)
Seat 5: EyzRED (button) collected ($2.50)



PokerStars Hand #254317201509:  Hold'em No Limit ($0.50/$1.00 USD) - 2025/01/11 18:43:02 WET [2025/01/11 13:43:02 ET]
Table 'Medea III' 6-max Seat #1 is the button
Seat 6: pip2155 ($0 in chips) is sitting out
Seat 1: Twistenko ($100 in chips) 
Seat 2: AlexPinsk1 ($166.54 in chips) 
Seat 3: EAroca ($116.46 in chips) 
Seat 4: Evelexy1 ($112.95 in chips) 
Seat 5: EyzRED ($110.40 in chips) 
AlexPinsk1: posts small blind $0.50
EAroca: posts big blind $1
*** HOLE CARDS ***
Evelexy1: folds 
EyzRED: folds 
Twistenko: folds 
AlexPinsk1: folds 
Uncalled bet ($0.50) returned to EAroca
EAroca collected $1 from pot
EAroca: doesn't show hand 
*** SUMMARY ***
Total pot $1 | Rake $0 
Seat 6: pip2155
Seat 1: Twistenko (button) folded before Flop (didn't bet)
Seat 2: AlexPinsk1 (small blind) folded before Flop
Seat 3: EAroca (big blind) collected ($1)
Seat 4: Evelexy1 folded before Flop (didn't bet)
Seat 5: EyzRED folded before Flop (didn't bet)



PokerStars Hand #254317204873:  Hold'em No Limit ($0.50/$1.00 USD) - 2025/01/11 18:43:12 WET [2025/01/11 13:43:12 ET]
Table 'Medea III' 6-max Seat #2 is the button
Seat 6: pip2155 ($0 in chips) is sitting out
Seat 1: Twistenko ($100 in chips) 
Seat 2: AlexPinsk1 ($166.04 in chips) 
Seat 3: EAroca ($116.96 in chips) 
Seat 4: Evelexy1 ($112.95 in chips) 
Seat 5: EyzRED ($110.40 in chips) 
EAroca: posts small blind $0.50
Evelexy1: posts big blind $1
*** HOLE CARDS ***
EyzRED: folds 
Twistenko: folds 
AlexPinsk1: folds 
EAroca: folds 
Uncalled bet ($0.50) returned to Evelexy1
Evelexy1 collected $1 from pot
Evelexy1: doesn't show hand 
*** SUMMARY ***
Total pot $1 | Rake $0 
Seat 6: pip2155
Seat 1: Twistenko folded before Flop (didn't bet)
Seat 2: AlexPinsk1 (button) folded before Flop (didn't bet)
Seat 3: EAroca (small blind) folded before Flop
Seat 4: Evelexy1 (big blind) collected ($1)
Seat 5: EyzRED folded before Flop (didn't bet)



PokerStars Hand #254317210251:  Hold'em No Limit ($0.50/$1.00 USD) - 2025/01/11 18:43:28 WET [2025/01/11 13:43:28 ET]
Table 'Medea III' 6-max Seat #3 is the button
Seat 6: pip2155 ($0 in chips) is sitting out
Seat 1: Twistenko ($100 in chips) 
Seat 2: AlexPinsk1 ($166.04 in chips) 
Seat 3: EAroca ($116.46 in chips) 
Seat 4: Evelexy1 ($113.45 in chips) 
Seat 5: EyzRED ($110.40 in chips) 
Evelexy1: posts small blind $0.50
EyzRED: posts big blind $1
*** HOLE CARDS ***
Twistenko: folds 
AlexPinsk1: folds 
EAroca: folds 
Evelexy1: raises $1.50 to $2.50
EyzRED: calls $1.50
*** FLOP *** [Jc Ac Th]
Evelexy1: bets $1.58
EyzRED: folds 
Uncalled bet ($1.58) returned to Evelexy1
Evelexy1 collected $4.75 from pot
Evelexy1: doesn't show hand 
*** SUMMARY ***
Total pot $5 | Rake $0.25 
Board [Jc Ac Th]
Seat 6: pip2155
Seat 1: Twistenko folded before Flop (didn't bet)
Seat 2: AlexPinsk1 folded before Flop (didn't bet)
Seat 3: EAroca (button) folded before Flop (didn't bet)
Seat 4: Evelexy1 (small blind) collected ($4.75)
Seat 5: EyzRED (big blind) folded on the Flop



PokerStars Hand #254317222150:  Hold'em No Limit ($0.50/$1.00 USD) - 2025/01/11 18:44:03 WET [2025/01/11 13:44:03 ET]
Table 'Medea III' 6-max Seat #4 is the button
Seat 6: pip2155 ($0 in chips) is sitting out
Seat 1: Twistenko ($100 in chips) 
Seat 2: AlexPinsk1 ($166.04 in chips) 
Seat 3: EAroca ($116.46 in chips) 
Seat 4: Evelexy1 ($115.70 in chips) 
Seat 5: EyzRED ($107.90 in chips) 
EyzRED: posts small blind $0.50
Twistenko: posts big blind $1
*** HOLE CARDS ***
AlexPinsk1: folds 
EAroca: folds 
Evelexy1: folds 
EyzRED: raises $2 to $3
Twistenko: raises $6 to $9
EyzRED: raises $13 to $22
Twistenko: folds 
Uncalled bet ($13) returned to EyzRED
EyzRED collected $18 from pot
EyzRED: doesn't show hand 
*** SUMMARY ***
Total pot $18 | Rake $0 
Seat 6: pip2155
Seat 1: Twistenko (big blind) folded before Flop
Seat 2: AlexPinsk1 folded before Flop (didn't bet)
Seat 3: EAroca folded before Flop (didn't bet)
Seat 4: Evelexy1 (button) folded before Flop (didn't bet)
Seat 5: EyzRED (small blind) collected ($18)



PokerStars Hand #254317232421:  Hold'em No Limit ($0.50/$1.00 USD) - 2025/01/11 18:44:34 WET [2025/01/11 13:44:34 ET]
Table 'Medea III' 6-max Seat #5 is the button
Seat 2: AlexPinsk1 ($166.04 in chips) is sitting out
Seat 6: pip2155 ($0 in chips) is sitting out
Seat 1: Twistenko ($100 in chips) 
Seat 3: EAroca ($116.46 in chips) 
Seat 4: Evelexy1 ($115.70 in chips) 
Seat 5: EyzRED ($116.90 in chips) 
Twistenko: posts small blind $0.50
AlexPinsk1: is sitting out 
EAroca: posts big blind $1
*** HOLE CARDS ***
Evelexy1: raises $1.50 to $2.50
EyzRED: folds 
Twistenko: folds 
EAroca: folds 
Uncalled bet ($1.50) returned to Evelexy1
Evelexy1 collected $2.50 from pot
Evelexy1: doesn't show hand 
*** SUMMARY ***
Total pot $2.50 | Rake $0 
Seat 2: AlexPinsk1
Seat 6: pip2155
Seat 1: Twistenko (small blind) folded before Flop
Seat 3: EAroca (big blind) folded before Flop
Seat 4: Evelexy1 collected ($2.50)
Seat 5: EyzRED (button) folded before Flop (didn't bet)



PokerStars Hand #254317236716:  Hold'em No Limit ($0.50/$1.00 USD) - 2025/01/11 18:44:47 WET [2025/01/11 13:44:47 ET]
Table 'Medea III' 6-max Seat #1 is the button
Seat 2: AlexPinsk1 ($166.04 in chips) is sitting out
Seat 6: pip2155 ($0 in chips) is sitting out
Seat 1: Twistenko ($100 in chips) 
Seat 3: EAroca ($115.46 in chips) 
Seat 4: Evelexy1 ($117.20 in chips) 
Seat 5: EyzRED ($116.90 in chips) 
EAroca: posts small blind $0.50
Evelexy1: posts big blind $1
*** HOLE CARDS ***
EyzRED: raises $1.20 to $2.20
Twistenko: folds 
EAroca: folds 
Evelexy1: folds 
Uncalled bet ($1.20) returned to EyzRED
EyzRED collected $2.50 from pot
EyzRED: doesn't show hand 
*** SUMMARY ***
Total pot $2.50 | Rake $0 
Seat 2: AlexPinsk1
Seat 6: pip2155
Seat 1: Twistenko (button) folded before Flop (didn't bet)
Seat 3: EAroca (small blind) folded before Flop
Seat 4: Evelexy1 (big blind) folded before Flop
Seat 5: EyzRED collected ($2.50)



PokerStars Hand #254317240404:  Hold'em No Limit ($0.50/$1.00 USD) - 2025/01/11 18:44:58 WET [2025/01/11 13:44:58 ET]
Table 'Medea III' 6-max Seat #3 is the button
Seat 2: AlexPinsk1 ($166.04 in chips) is sitting out
Seat 6: pip2155 ($0 in chips) is sitting out
Seat 1: Twistenko ($100 in chips) 
Seat 3: EAroca ($114.96 in chips) 
Seat 4: Evelexy1 ($116.20 in chips) 
Seat 5: EyzRED ($118.40 in chips) 
Evelexy1: posts small blind $0.50
EyzRED: posts big blind $1
*** HOLE CARDS ***
Twistenko: folds 
EAroca: raises $1.50 to $2.50
Evelexy1: folds 
EyzRED: folds 
Uncalled bet ($1.50) returned to EAroca
EAroca collected $2.50 from pot
EAroca: doesn't show hand 
*** SUMMARY ***
Total pot $2.50 | Rake $0 
Seat 2: AlexPinsk1
Seat 6: pip2155
Seat 1: Twistenko folded before Flop (didn't bet)
Seat 3: EAroca (button) collected ($2.50)
Seat 4: Evelexy1 (small blind) folded before Flop
Seat 5: EyzRED (big blind) folded before Flop



PokerStars Hand #254317247555:  Hold'em No Limit ($0.50/$1.00 USD) - 2025/01/11 18:45:19 WET [2025/01/11 13:45:19 ET]
Table 'Medea III' 6-max Seat #4 is the button
Seat 1: Twistenko ($100 in chips) is sitting out
Seat 2: AlexPinsk1 ($166.04 in chips) is sitting out
Seat 6: pip2155 ($0 in chips) is sitting out
Seat 3: EAroca ($116.46 in chips) 
Seat 4: Evelexy1 ($115.70 in chips) 
Seat 5: EyzRED ($117.40 in chips) 
EyzRED: posts small blind $0.50
Twistenko: is sitting out 
EAroca: posts big blind $1
*** HOLE CARDS ***
Evelexy1: folds 
Twistenko leaves the table
EyzRED: raises $2 to $3
EAroca: raises $6 to $9
EyzRED: calls $6
*** FLOP *** [4s 2c 3s]
EyzRED: checks 
EAroca: bets $8.55
Pippa83 joins the table at seat #1 
EyzRED: folds 
Uncalled bet ($8.55) returned to EAroca
EAroca collected $17.10 from pot
EAroca: doesn't show hand 
*** SUMMARY ***
Total pot $18 | Rake $0.90 
Board [4s 2c 3s]
Seat 1: Twistenko
Seat 2: AlexPinsk1
Seat 6: pip2155
Seat 3: EAroca (big blind) collected ($17.10)
Seat 4: Evelexy1 (button) folded before Flop (didn't bet)
Seat 5: EyzRED (small blind) folded on the Flop



PokerStars Hand #254317265258:  Hold'em No Limit ($0.50/$1.00 USD) - 2025/01/11 18:46:11 WET [2025/01/11 13:46:11 ET]
Table 'Medea III' 6-max Seat #5 is the button
Seat 1: Pippa83 ($100 in chips) is sitting out
Seat 2: AlexPinsk1 ($166.04 in chips) is sitting out
Seat 6: pip2155 ($0 in chips) is sitting out
Seat 3: EAroca ($124.56 in chips) 
Seat 4: Evelexy1 ($115.70 in chips) 
Seat 5: EyzRED ($108.40 in chips) 
EAroca: posts small blind $0.50
Evelexy1: posts big blind $1
*** HOLE CARDS ***
EyzRED: raises $1.50 to $2.50
EAroca: raises $8.50 to $11
Evelexy1: folds 
EyzRED: folds 
Uncalled bet ($8.50) returned to EAroca
EAroca collected $6 from pot
EAroca: doesn't show hand 
AlexPinsk1 leaves the table
*** SUMMARY ***
Total pot $6 | Rake $0 
Seat 1: Pippa83
Seat 2: AlexPinsk1
Seat 6: pip2155
Seat 3: EAroca (small blind) collected ($6)
Seat 4: Evelexy1 (big blind) folded before Flop
Seat 5: EyzRED (button) folded before Flop



PokerStars Hand #254317270818:  Hold'em No Limit ($0.50/$1.00 USD) - 2025/01/11 18:46:27 WET [2025/01/11 13:46:27 ET]
Table 'Medea III' 6-max Seat #3 is the button
Seat 5: EyzRED ($105.90 in chips) is sitting out
Seat 6: pip2155 ($0 in chips) is sitting out
Seat 1: Pippa83 ($100 in chips) 
Seat 3: EAroca ($128.06 in chips) 
Seat 4: Evelexy1 ($114.70 in chips) 
Evelexy1: posts small blind $0.50
EyzRED: is sitting out 
Pippa83: posts big blind $1
*** HOLE CARDS ***
EyzRED leaves the table
EAroca: raises $1.50 to $2.50
Evelexy1: folds 
Pippa83: folds 
Uncalled bet ($1.50) returned to EAroca
EAroca collected $2.50 from pot
pip2155 leaves the table
EAroca: doesn't show hand 
*** SUMMARY ***
Total pot $2.50 | Rake $0 
Seat 5: EyzRED
Seat 6: pip2155
Seat 1: Pippa83 (big blind) folded before Flop
Seat 3: EAroca (button) collected ($2.50)
Seat 4: Evelexy1 (small blind) folded before Flop



PokerStars Hand #254317274667:  Hold'em No Limit ($0.50/$1.00 USD) - 2025/01/11 18:46:39 WET [2025/01/11 13:46:39 ET]
Table 'Medea III' 6-max Seat #4 is the button
Seat 1: Pippa83 ($100 in chips) 
Seat 3: EAroca ($129.56 in chips) 
Seat 4: Evelexy1 ($114.20 in chips) 
Pippa83: posts small blind $0.50
EAroca: posts big blind $1
*** HOLE CARDS ***
Evelexy1: raises $1.50 to $2.50
Pippa83: raises $9 to $11.50
EAroca: folds 
Evelexy1: folds 
Uncalled bet ($9) returned to Pippa83
Pippa83 collected $6 from pot
Pippa83: doesn't show hand 
*** SUMMARY ***
Total pot $6 | Rake $0 
Seat 1: Pippa83 (small blind) collected ($6)
Seat 3: EAroca (big blind) folded before Flop
Seat 4: Evelexy1 (button) folded before Flop



PokerStars Hand #254317280772:  Hold'em No Limit ($0.50/$1.00 USD) - 2025/01/11 18:46:57 WET [2025/01/11 13:46:57 ET]
Table 'Medea III' 6-max Seat #1 is the button
Seat 1: Pippa83 ($103.50 in chips) 
Seat 3: EAroca ($128.56 in chips) 
Seat 4: Evelexy1 ($111.70 in chips) 
EAroca: posts small blind $0.50
Evelexy1: posts big blind $1
*** HOLE CARDS ***
Pippa83: folds 
EAroca: raises $2 to $3
Evelexy1: calls $2
*** FLOP *** [3s 7d Ts]
EAroca: checks 
Evelexy1: bets $2.85
EAroca: folds 
Uncalled bet ($2.85) returned to Evelexy1
Evelexy1 collected $5.70 from pot
Evelexy1: doesn't show hand 
*** SUMMARY ***
Total pot $6 | Rake $0.30 
Board [3s 7d Ts]
Seat 1: Pippa83 (button) folded before Flop (didn't bet)
Seat 3: EAroca (small blind) folded on the Flop
Seat 4: Evelexy1 (big blind) collected ($5.70)



PokerStars Hand #254317294447:  Hold'em No Limit ($0.50/$1.00 USD) - 2025/01/11 18:47:38 WET [2025/01/11 13:47:38 ET]
Table 'Medea III' 6-max Seat #3 is the button
Seat 1: Pippa83 ($103.50 in chips) 
Seat 3: EAroca ($125.56 in chips) 
EAroca: posts small blind $0.50
Pippa83: posts big blind $1
*** HOLE CARDS ***
EAroca: raises $1.30 to $2.30
Pippa83: folds 
Uncalled bet ($1.30) returned to EAroca
EAroca collected $2 from pot
EAroca: doesn't show hand 
*** SUMMARY ***
Total pot $2 | Rake $0 
Seat 1: Pippa83 (big blind) folded before Flop
Seat 3: EAroca (button) (small blind) collected ($2)



PokerStars Hand #254321319045:  Hold'em No Limit ($0.50/$1.00 USD) - 2025/01/11 22:17:13 WET [2025/01/11 17:17:13 ET]
Table 'Medea III' 6-max Seat #4 is the button
Seat 5: kekoccc ($100 in chips) is sitting out
Seat 1: 1VolkodavVDV ($10 in chips) 
Seat 2: radibay ($87.78 in chips) 
Seat 3: SorinS28 ($100 in chips) 
Seat 4: An1an1 ($102.50 in chips) 
Seat 6: steepfell ($100 in chips) 
steepfell: posts small blind $0.50
1VolkodavVDV: posts big blind $1
*** HOLE CARDS ***
radibay: calls $1
SorinS28: folds 
An1an1: folds 
steepfell: folds 
1VolkodavVDV: checks 
*** FLOP *** [5h 4h 5d]
1VolkodavVDV: checks 
radibay: checks 
*** TURN *** [5h 4h 5d] [Qs]
1VolkodavVDV: checks 
radibay: checks 
*** RIVER *** [5h 4h 5d Qs] [Ts]
1VolkodavVDV: checks 
radibay: checks 
*** SHOW DOWN ***
1VolkodavVDV: shows [Kd 9h] (a pair of Fives)
radibay: mucks hand 
1VolkodavVDV collected $2.38 from pot
*** SUMMARY ***
Total pot $2.50 | Rake $0.12 
Board [5h 4h 5d Qs Ts]
Seat 5: kekoccc
Seat 1: 1VolkodavVDV (big blind) showed [Kd 9h] and won ($2.38) with a pair of Fives
Seat 2: radibay mucked
Seat 3: SorinS28 folded before Flop (didn't bet)
Seat 4: An1an1 (button) folded before Flop (didn't bet)
Seat 6: steepfell (small blind) folded before Flop



PokerStars Hand #254321334635:  Hold'em No Limit ($0.50/$1.00 USD) - 2025/01/11 22:18:02 WET [2025/01/11 17:18:02 ET]
Table 'Medea III' 6-max Seat #6 is the button
Seat 5: kekoccc ($100 in chips) is sitting out
Seat 1: 1VolkodavVDV ($11.38 in chips) 
Seat 2: radibay ($86.78 in chips) 
Seat 3: SorinS28 ($100 in chips) 
Seat 4: An1an1 ($102.50 in chips) 
Seat 6: steepfell ($100 in chips) 
1VolkodavVDV: posts small blind $0.50
radibay: posts big blind $1
kekoccc: sits out 
*** HOLE CARDS ***
SorinS28: raises $1.02 to $2.02
An1an1: folds 
steepfell: folds 
1VolkodavVDV: folds 
radibay: calls $1.02
*** FLOP *** [5s 6s 7s]
radibay: checks 
SorinS28: checks 
*** TURN *** [5s 6s 7s] [6c]
radibay: checks 
SorinS28: bets $2.16
radibay: folds 
Uncalled bet ($2.16) returned to SorinS28
SorinS28 collected $4.31 from pot
SorinS28: doesn't show hand 
*** SUMMARY ***
Total pot $4.54 | Rake $0.23 
Board [5s 6s 7s 6c]
Seat 5: kekoccc
Seat 1: 1VolkodavVDV (small blind) folded before Flop
Seat 2: radibay (big blind) folded on the Turn
Seat 3: SorinS28 collected ($4.31)
Seat 4: An1an1 folded before Flop (didn't bet)
Seat 6: steepfell (button) folded before Flop (didn't bet)



PokerStars Hand #254321349859:  Hold'em No Limit ($0.50/$1.00 USD) - 2025/01/11 22:18:48 WET [2025/01/11 17:18:48 ET]
Table 'Medea III' 6-max Seat #1 is the button
Seat 5: kekoccc ($100 in chips) is sitting out
Seat 1: 1VolkodavVDV ($10.88 in chips) 
Seat 2: radibay ($84.76 in chips) 
Seat 3: SorinS28 ($102.29 in chips) 
Seat 4: An1an1 ($102.50 in chips) 
Seat 6: steepfell ($100 in chips) 
radibay: posts small blind $0.50
SorinS28: posts big blind $1
kekoccc: sits out 
*** HOLE CARDS ***
An1an1: folds 
steepfell: folds 
1VolkodavVDV: folds 
radibay: folds 
Uncalled bet ($0.50) returned to SorinS28
SorinS28 collected $1 from pot
SorinS28: doesn't show hand 
*** SUMMARY ***
Total pot $1 | Rake $0 
Seat 5: kekoccc
Seat 1: 1VolkodavVDV (button) folded before Flop (didn't bet)
Seat 2: radibay (small blind) folded before Flop
Seat 3: SorinS28 (big blind) collected ($1)
Seat 4: An1an1 folded before Flop (didn't bet)
Seat 6: steepfell folded before Flop (didn't bet)



PokerStars Hand #254321353118:  Hold'em No Limit ($0.50/$1.00 USD) - 2025/01/11 22:18:58 WET [2025/01/11 17:18:58 ET]
Table 'Medea III' 6-max Seat #2 is the button
Seat 5: kekoccc ($100 in chips) is sitting out
Seat 1: 1VolkodavVDV ($10.88 in chips) 
Seat 2: radibay ($84.26 in chips) 
Seat 3: SorinS28 ($102.79 in chips) 
Seat 4: An1an1 ($102.50 in chips) 
Seat 6: steepfell ($100 in chips) 
SorinS28: posts small blind $0.50
An1an1: posts big blind $1
kekoccc: sits out 
*** HOLE CARDS ***
steepfell: folds 
1VolkodavVDV: folds 
radibay: calls $1
SorinS28: folds 
An1an1: checks 
*** FLOP *** [2c 4d 4h]
An1an1: checks 
radibay: checks 
*** TURN *** [2c 4d 4h] [Ks]
An1an1: bets $1.19
radibay: calls $1.19
*** RIVER *** [2c 4d 4h Ks] [9h]
An1an1: checks 
radibay: bets $4.64
An1an1: folds 
Uncalled bet ($4.64) returned to radibay
radibay collected $4.58 from pot
*** SUMMARY ***
Total pot $4.88 | Rake $0.30 
Board [2c 4d 4h Ks 9h]
Seat 5: kekoccc
Seat 1: 1VolkodavVDV folded before Flop (didn't bet)
Seat 2: radibay (button) collected ($4.58)
Seat 3: SorinS28 (small blind) folded before Flop
Seat 4: An1an1 (big blind) folded on the River
Seat 6: steepfell folded before Flop (didn't bet)



PokerStars Hand #254321367583:  Hold'em No Limit ($0.50/$1.00 USD) - 2025/01/11 22:19:43 WET [2025/01/11 17:19:43 ET]
Table 'Medea III' 6-max Seat #3 is the button
Seat 1: 1VolkodavVDV ($10.88 in chips) 
Seat 2: radibay ($86.65 in chips) 
Seat 3: SorinS28 ($102.29 in chips) 
Seat 4: An1an1 ($100.31 in chips) 
Seat 5: kekoccc ($100 in chips) 
Seat 6: steepfell ($100 in chips) 
An1an1: posts small blind $0.50
kekoccc: posts big blind $1
*** HOLE CARDS ***
steepfell: raises $1.50 to $2.50
1VolkodavVDV: folds 
radibay: calls $2.50
SorinS28: raises $7.50 to $10
An1an1: folds 
kekoccc: folds 
steepfell: folds 
radibay: calls $7.50
*** FLOP *** [6c 6s Kd]
radibay: checks 
SorinS28: bets $5.70
radibay: folds 
Uncalled bet ($5.70) returned to SorinS28
SorinS28 collected $22.80 from pot
SorinS28: doesn't show hand 
*** SUMMARY ***
Total pot $24 | Rake $1.20 
Board [6c 6s Kd]
Seat 1: 1VolkodavVDV folded before Flop (didn't bet)
Seat 2: radibay folded on the Flop
Seat 3: SorinS28 (button) collected ($22.80)
Seat 4: An1an1 (small blind) folded before Flop
Seat 5: kekoccc (big blind) folded before Flop
Seat 6: steepfell folded before Flop



PokerStars Hand #254321380819:  Hold'em No Limit ($0.50/$1.00 USD) - 2025/01/11 22:20:23 WET [2025/01/11 17:20:23 ET]
Table 'Medea III' 6-max Seat #4 is the button
Seat 1: 1VolkodavVDV ($10.88 in chips) 
Seat 2: radibay ($76.65 in chips) 
Seat 3: SorinS28 ($115.09 in chips) 
Seat 4: An1an1 ($100 in chips) 
Seat 5: kekoccc ($100 in chips) 
Seat 6: steepfell ($100 in chips) 
kekoccc: posts small blind $0.50
steepfell: posts big blind $1
*** HOLE CARDS ***
1VolkodavVDV: folds 
radibay: folds 
SorinS28: raises $1.30 to $2.30
An1an1: folds 
kekoccc: folds 
steepfell: folds 
Uncalled bet ($1.30) returned to SorinS28
SorinS28 collected $2.50 from pot
SorinS28: doesn't show hand 
*** SUMMARY ***
Total pot $2.50 | Rake $0 
Seat 1: 1VolkodavVDV folded before Flop (didn't bet)
Seat 2: radibay folded before Flop (didn't bet)
Seat 3: SorinS28 collected ($2.50)
Seat 4: An1an1 (button) folded before Flop (didn't bet)
Seat 5: kekoccc (small blind) folded before Flop
Seat 6: steepfell (big blind) folded before Flop



PokerStars Hand #254321387039:  Hold'em No Limit ($0.50/$1.00 USD) - 2025/01/11 22:20:42 WET [2025/01/11 17:20:42 ET]
Table 'Medea III' 6-max Seat #5 is the button
Seat 1: 1VolkodavVDV ($10.88 in chips) 
Seat 2: radibay ($76.65 in chips) 
Seat 3: SorinS28 ($116.59 in chips) 
Seat 4: An1an1 ($100 in chips) 
Seat 5: kekoccc ($100 in chips) 
Seat 6: steepfell ($100 in chips) 
steepfell: posts small blind $0.50
1VolkodavVDV: posts big blind $1
*** HOLE CARDS ***
radibay: calls $1
SorinS28: folds 
An1an1: raises $3 to $4
kekoccc: raises $8 to $12
steepfell: folds 
1VolkodavVDV: folds 
radibay: folds 
An1an1: calls $8
*** FLOP *** [Kh 7c 9h]
An1an1: checks 
kekoccc: bets $8.32
An1an1: raises $16.73 to $25.05
kekoccc: calls $16.73
*** TURN *** [Kh 7c 9h] [6d]
An1an1: bets $22.23
kekoccc: raises $40.72 to $62.95 and is all-in
An1an1: folds 
Uncalled bet ($40.72) returned to kekoccc
kekoccc collected $118.56 from pot
kekoccc: doesn't show hand 
*** SUMMARY ***
Total pot $121.06 | Rake $2.50 
Board [Kh 7c 9h 6d]
Seat 1: 1VolkodavVDV (big blind) folded before Flop
Seat 2: radibay folded before Flop
Seat 3: SorinS28 folded before Flop (didn't bet)
Seat 4: An1an1 folded on the Turn
Seat 5: kekoccc (button) collected ($118.56)
Seat 6: steepfell (small blind) folded before Flop



PokerStars Hand #254321424431:  Hold'em No Limit ($0.50/$1.00 USD) - 2025/01/11 22:22:39 WET [2025/01/11 17:22:39 ET]
Table 'Medea III' 6-max Seat #6 is the button
Seat 1: 1VolkodavVDV ($9.88 in chips) 
Seat 2: radibay ($75.65 in chips) 
Seat 3: SorinS28 ($116.59 in chips) 
Seat 4: An1an1 ($100 in chips) 
Seat 5: kekoccc ($159.28 in chips) 
Seat 6: steepfell ($100 in chips) 
1VolkodavVDV: posts small blind $0.50
radibay: posts big blind $1
*** HOLE CARDS ***
SorinS28: folds 
An1an1: folds 
kekoccc: folds 
steepfell: raises $1.50 to $2.50
1VolkodavVDV: folds 
radibay: folds 
Uncalled bet ($1.50) returned to steepfell
steepfell collected $2.50 from pot
steepfell: doesn't show hand 
*** SUMMARY ***
Total pot $2.50 | Rake $0 
Seat 1: 1VolkodavVDV (small blind) folded before Flop
Seat 2: radibay (big blind) folded before Flop
Seat 3: SorinS28 folded before Flop (didn't bet)
Seat 4: An1an1 folded before Flop (didn't bet)
Seat 5: kekoccc folded before Flop (didn't bet)
Seat 6: steepfell (button) collected ($2.50)



PokerStars Hand #254321431519:  Hold'em No Limit ($0.50/$1.00 USD) - 2025/01/11 22:23:01 WET [2025/01/11 17:23:01 ET]
Table 'Medea III' 6-max Seat #1 is the button
Seat 1: 1VolkodavVDV ($9.38 in chips) 
Seat 2: radibay ($74.65 in chips) 
Seat 3: SorinS28 ($116.59 in chips) 
Seat 4: An1an1 ($100 in chips) 
Seat 5: kekoccc ($159.28 in chips) 
Seat 6: steepfell ($101.50 in chips) 
radibay: posts small blind $0.50
SorinS28: posts big blind $1
*** HOLE CARDS ***
An1an1: folds 
kekoccc: folds 
steepfell: folds 
1VolkodavVDV: folds 
radibay: folds 
Uncalled bet ($0.50) returned to SorinS28
SorinS28 collected $1 from pot
SorinS28: doesn't show hand 
*** SUMMARY ***
Total pot $1 | Rake $0 
Seat 1: 1VolkodavVDV (button) folded before Flop (didn't bet)
Seat 2: radibay (small blind) folded before Flop
Seat 3: SorinS28 (big blind) collected ($1)
Seat 4: An1an1 folded before Flop (didn't bet)
Seat 5: kekoccc folded before Flop (didn't bet)
Seat 6: steepfell folded before Flop (didn't bet)



PokerStars Hand #254321435803:  Hold'em No Limit ($0.50/$1.00 USD) - 2025/01/11 22:23:14 WET [2025/01/11 17:23:14 ET]
Table 'Medea III' 6-max Seat #2 is the button
Seat 1: 1VolkodavVDV ($9.38 in chips) 
Seat 2: radibay ($74.15 in chips) 
Seat 3: SorinS28 ($117.09 in chips) 
Seat 4: An1an1 ($100 in chips) 
Seat 5: kekoccc ($159.28 in chips) 
Seat 6: steepfell ($101.50 in chips) 
SorinS28: posts small blind $0.50
An1an1: posts big blind $1
*** HOLE CARDS ***
kekoccc: folds 
steepfell: folds 
1VolkodavVDV: folds 
radibay: folds 
SorinS28: folds 
Uncalled bet ($0.50) returned to An1an1
An1an1 collected $1 from pot
An1an1: doesn't show hand 
*** SUMMARY ***
Total pot $1 | Rake $0 
Seat 1: 1VolkodavVDV folded before Flop (didn't bet)
Seat 2: radibay (button) folded before Flop (didn't bet)
Seat 3: SorinS28 (small blind) folded before Flop
Seat 4: An1an1 (big blind) collected ($1)
Seat 5: kekoccc folded before Flop (didn't bet)
Seat 6: steepfell folded before Flop (didn't bet)



PokerStars Hand #254321439709:  Hold'em No Limit ($0.50/$1.00 USD) - 2025/01/11 22:23:27 WET [2025/01/11 17:23:27 ET]
Table 'Medea III' 6-max Seat #3 is the button
Seat 1: 1VolkodavVDV ($9.38 in chips) 
Seat 2: radibay ($74.15 in chips) 
Seat 3: SorinS28 ($116.59 in chips) 
Seat 4: An1an1 ($100.50 in chips) 
Seat 5: kekoccc ($159.28 in chips) 
Seat 6: steepfell ($101.50 in chips) 
An1an1: posts small blind $0.50
kekoccc: posts big blind $1
*** HOLE CARDS ***
steepfell: folds 
1VolkodavVDV: raises $8.38 to $9.38 and is all-in
radibay: folds 
SorinS28: folds 
An1an1: folds 
kekoccc: folds 
Uncalled bet ($8.38) returned to 1VolkodavVDV
1VolkodavVDV collected $2.50 from pot
1VolkodavVDV: doesn't show hand 
*** SUMMARY ***
Total pot $2.50 | Rake $0 
Seat 1: 1VolkodavVDV collected ($2.50)
Seat 2: radibay folded before Flop (didn't bet)
Seat 3: SorinS28 (button) folded before Flop (didn't bet)
Seat 4: An1an1 (small blind) folded before Flop
Seat 5: kekoccc (big blind) folded before Flop
Seat 6: steepfell folded before Flop (didn't bet)



PokerStars Hand #254321446942:  Hold'em No Limit ($0.50/$1.00 USD) - 2025/01/11 22:23:49 WET [2025/01/11 17:23:49 ET]
Table 'Medea III' 6-max Seat #4 is the button
Seat 1: 1VolkodavVDV ($10.88 in chips) 
Seat 2: radibay ($74.15 in chips) 
Seat 3: SorinS28 ($116.59 in chips) 
Seat 4: An1an1 ($100 in chips) 
Seat 5: kekoccc ($158.28 in chips) 
Seat 6: steepfell ($101.50 in chips) 
kekoccc: posts small blind $0.50
steepfell: posts big blind $1
*** HOLE CARDS ***
1VolkodavVDV: folds 
radibay has timed out
radibay: folds 
SorinS28: folds 
An1an1: folds 
kekoccc: raises $2 to $3
steepfell: folds 
Uncalled bet ($2) returned to kekoccc
kekoccc collected $2 from pot
kekoccc: doesn't show hand 
*** SUMMARY ***
Total pot $2 | Rake $0 
Seat 1: 1VolkodavVDV folded before Flop (didn't bet)
Seat 2: radibay folded before Flop (didn't bet)
Seat 3: SorinS28 folded before Flop (didn't bet)
Seat 4: An1an1 (button) folded before Flop (didn't bet)
Seat 5: kekoccc (small blind) collected ($2)
Seat 6: steepfell (big blind) folded before Flop



PokerStars Hand #254321460337:  Hold'em No Limit ($0.50/$1.00 USD) - 2025/01/11 22:24:31 WET [2025/01/11 17:24:31 ET]
Table 'Medea III' 6-max Seat #5 is the button
Seat 2: radibay ($74.15 in chips) is sitting out
Seat 1: 1VolkodavVDV ($10.88 in chips) 
Seat 3: SorinS28 ($116.59 in chips) 
Seat 4: An1an1 ($100 in chips) 
Seat 5: kekoccc ($159.28 in chips) 
Seat 6: steepfell ($100.50 in chips) 
steepfell: posts small blind $0.50
1VolkodavVDV: posts big blind $1
*** HOLE CARDS ***
SorinS28: folds 
An1an1: raises $1 to $2
kekoccc: calls $2
steepfell: folds 
1VolkodavVDV: calls $1
*** FLOP *** [Ks 4h 9d]
1VolkodavVDV: checks 
An1an1: checks 
kekoccc: checks 
*** TURN *** [Ks 4h 9d] [Tc]
SorinS28 leaves the table
1VolkodavVDV: checks 
An1an1: bets $2.04
pr0tecto joins the table at seat #3 
kekoccc: folds 
1VolkodavVDV: folds 
Uncalled bet ($2.04) returned to An1an1
An1an1 collected $6.18 from pot
An1an1: doesn't show hand 
*** SUMMARY ***
Total pot $6.50 | Rake $0.32 
Board [Ks 4h 9d Tc]
Seat 2: radibay
Seat 1: 1VolkodavVDV (big blind) folded on the Turn
Seat 3: SorinS28 folded before Flop (didn't bet)
Seat 4: An1an1 collected ($6.18)
Seat 5: kekoccc (button) folded on the Turn
Seat 6: steepfell (small blind) folded before Flop



PokerStars Hand #254321484808:  Hold'em No Limit ($0.50/$1.00 USD) - 2025/01/11 22:25:48 WET [2025/01/11 17:25:48 ET]
Table 'Medea III' 6-max Seat #6 is the button
Seat 3: pr0tecto ($100 in chips) is sitting out
Seat 1: 1VolkodavVDV ($8.88 in chips) 
Seat 2: radibay ($74.15 in chips) 
Seat 4: An1an1 ($104.18 in chips) 
Seat 5: kekoccc ($157.28 in chips) 
Seat 6: steepfell ($100 in chips) 
1VolkodavVDV: posts small blind $0.50
radibay: posts big blind $1
pr0tecto: sits out 
*** HOLE CARDS ***
An1an1: folds 
kekoccc: folds 
steepfell: folds 
1VolkodavVDV: raises $7.88 to $8.88 and is all-in
radibay: folds 
Uncalled bet ($7.88) returned to 1VolkodavVDV
1VolkodavVDV collected $2 from pot
1VolkodavVDV: doesn't show hand 
*** SUMMARY ***
Total pot $2 | Rake $0 
Seat 3: pr0tecto
Seat 1: 1VolkodavVDV (small blind) collected ($2)
Seat 2: radibay (big blind) folded before Flop
Seat 4: An1an1 folded before Flop (didn't bet)
Seat 5: kekoccc folded before Flop (didn't bet)
Seat 6: steepfell (button) folded before Flop (didn't bet)



PokerStars Hand #254321488352:  Hold'em No Limit ($0.50/$1.00 USD) - 2025/01/11 22:25:59 WET [2025/01/11 17:25:59 ET]
Table 'Medea III' 6-max Seat #1 is the button
Seat 1: 1VolkodavVDV ($9.88 in chips) 
Seat 2: radibay ($73.15 in chips) 
Seat 3: pr0tecto ($100 in chips) 
Seat 4: An1an1 ($104.18 in chips) 
Seat 5: kekoccc ($157.28 in chips) 
Seat 6: steepfell ($100 in chips) 
radibay: posts small blind $0.50
pr0tecto: posts big blind $1
*** HOLE CARDS ***
An1an1: folds 
kekoccc: folds 
steepfell: folds 
1VolkodavVDV: folds 
radibay: folds 
Uncalled bet ($0.50) returned to pr0tecto
pr0tecto collected $1 from pot
pr0tecto: doesn't show hand 
*** SUMMARY ***
Total pot $1 | Rake $0 
Seat 1: 1VolkodavVDV (button) folded before Flop (didn't bet)
Seat 2: radibay (small blind) folded before Flop
Seat 3: pr0tecto (big blind) collected ($1)
Seat 4: An1an1 folded before Flop (didn't bet)
Seat 5: kekoccc folded before Flop (didn't bet)
Seat 6: steepfell folded before Flop (didn't bet)



PokerStars Hand #254321497436:  Hold'em No Limit ($0.50/$1.00 USD) - 2025/01/11 22:26:27 WET [2025/01/11 17:26:27 ET]
Table 'Medea III' 6-max Seat #2 is the button
Seat 1: 1VolkodavVDV ($9.88 in chips) 
Seat 2: radibay ($72.65 in chips) 
Seat 3: pr0tecto ($100.50 in chips) 
Seat 4: An1an1 ($104.18 in chips) 
Seat 5: kekoccc ($157.28 in chips) 
Seat 6: steepfell ($100 in chips) 
pr0tecto: posts small blind $0.50
An1an1: posts big blind $1
*** HOLE CARDS ***
kekoccc: folds 
steepfell: folds 
1VolkodavVDV: raises $8.88 to $9.88 and is all-in
radibay: calls $9.88
pr0tecto: folds 
An1an1: folds 
*** FLOP *** [8s 8c 3s]
*** TURN *** [8s 8c 3s] [Qh]
*** RIVER *** [8s 8c 3s Qh] [5s]
*** SHOW DOWN ***
1VolkodavVDV: shows [Kc 7d] (a pair of Eights)
radibay: shows [Qs Jd] (two pair, Queens and Eights)
radibay collected $19.94 from pot
1VolkodavVDV cashed out the hand for $10.99 | Cash Out Fee $0.22
*** SUMMARY ***
Total pot $21.26 | Rake $1.32 
Board [8s 8c 3s Qh 5s]
Seat 1: 1VolkodavVDV showed [Kc 7d] and lost with a pair of Eights (cashed out).
Seat 2: radibay (button) showed [Qs Jd] and won ($19.94) with two pair, Queens and Eights
Seat 3: pr0tecto (small blind) folded before Flop
Seat 4: An1an1 (big blind) folded before Flop
Seat 5: kekoccc folded before Flop (didn't bet)
Seat 6: steepfell folded before Flop (didn't bet)



PokerStars Hand #254321510100:  Hold'em No Limit ($0.50/$1.00 USD) - 2025/01/11 22:27:07 WET [2025/01/11 17:27:07 ET]
Table 'Medea III' 6-max Seat #3 is the button
Seat 1: 1VolkodavVDV ($10.99 in chips) 
Seat 2: radibay ($82.71 in chips) 
Seat 3: pr0tecto ($100 in chips) 
Seat 4: An1an1 ($103.18 in chips) 
Seat 5: kekoccc ($157.28 in chips) 
Seat 6: steepfell ($100 in chips) 
An1an1: posts small blind $0.50
kekoccc: posts big blind $1
*** HOLE CARDS ***
steepfell: raises $1.50 to $2.50
1VolkodavVDV: folds 
radibay: calls $2.50
pr0tecto: folds 
An1an1: folds 
kekoccc: folds 
*** FLOP *** [5d Qc 4s]
steepfell: bets $4.08
radibay: folds 
Uncalled bet ($4.08) returned to steepfell
steepfell collected $6.18 from pot
steepfell: doesn't show hand 
*** SUMMARY ***
Total pot $6.50 | Rake $0.32 
Board [5d Qc 4s]
Seat 1: 1VolkodavVDV folded before Flop (didn't bet)
Seat 2: radibay folded on the Flop
Seat 3: pr0tecto (button) folded before Flop (didn't bet)
Seat 4: An1an1 (small blind) folded before Flop
Seat 5: kekoccc (big blind) folded before Flop
Seat 6: steepfell collected ($6.18)



PokerStars Hand #254321519819:  Hold'em No Limit ($0.50/$1.00 USD) - 2025/01/11 22:27:38 WET [2025/01/11 17:27:38 ET]
Table 'Medea III' 6-max Seat #4 is the button
Seat 1: 1VolkodavVDV ($10.99 in chips) 
Seat 2: radibay ($80.21 in chips) 
Seat 3: pr0tecto ($100 in chips) 
Seat 4: An1an1 ($102.68 in chips) 
Seat 5: kekoccc ($156.28 in chips) 
Seat 6: steepfell ($103.68 in chips) 
kekoccc: posts small blind $0.50
steepfell: posts big blind $1
*** HOLE CARDS ***
1VolkodavVDV: raises $9.99 to $10.99 and is all-in
radibay: folds 
pr0tecto: folds 
An1an1: folds 
kekoccc: folds 
steepfell: folds 
Uncalled bet ($9.99) returned to 1VolkodavVDV
1VolkodavVDV collected $2.50 from pot
1VolkodavVDV: doesn't show hand 
*** SUMMARY ***
Total pot $2.50 | Rake $0 
Seat 1: 1VolkodavVDV collected ($2.50)
Seat 2: radibay folded before Flop (didn't bet)
Seat 3: pr0tecto folded before Flop (didn't bet)
Seat 4: An1an1 (button) folded before Flop (didn't bet)
Seat 5: kekoccc (small blind) folded before Flop
Seat 6: steepfell (big blind) folded before Flop



PokerStars Hand #254321525247:  Hold'em No Limit ($0.50/$1.00 USD) - 2025/01/11 22:27:55 WET [2025/01/11 17:27:55 ET]
Table 'Medea III' 6-max Seat #5 is the button
Seat 1: 1VolkodavVDV ($12.49 in chips) 
Seat 2: radibay ($80.21 in chips) 
Seat 3: pr0tecto ($100 in chips) 
Seat 4: An1an1 ($102.68 in chips) 
Seat 5: kekoccc ($155.78 in chips) 
Seat 6: steepfell ($102.68 in chips) 
steepfell: posts small blind $0.50
1VolkodavVDV: posts big blind $1
*** HOLE CARDS ***
radibay has timed out
radibay: folds 
pr0tecto: folds 
An1an1: folds 
kekoccc: raises $1.50 to $2.50
steepfell: folds 
1VolkodavVDV: folds 
Uncalled bet ($1.50) returned to kekoccc
kekoccc collected $2.50 from pot
kekoccc: doesn't show hand 
*** SUMMARY ***
Total pot $2.50 | Rake $0 
Seat 1: 1VolkodavVDV (big blind) folded before Flop
Seat 2: radibay folded before Flop (didn't bet)
Seat 3: pr0tecto folded before Flop (didn't bet)
Seat 4: An1an1 folded before Flop (didn't bet)
Seat 5: kekoccc (button) collected ($2.50)
Seat 6: steepfell (small blind) folded before Flop



PokerStars Hand #254321534072:  Hold'em No Limit ($0.50/$1.00 USD) - 2025/01/11 22:28:23 WET [2025/01/11 17:28:23 ET]
Table 'Medea III' 6-max Seat #6 is the button
Seat 1: 1VolkodavVDV ($11.49 in chips) 
Seat 2: radibay ($80.21 in chips) 
Seat 3: pr0tecto ($100 in chips) 
Seat 4: An1an1 ($102.68 in chips) 
Seat 5: kekoccc ($157.28 in chips) 
Seat 6: steepfell ($102.18 in chips) 
1VolkodavVDV: posts small blind $0.50
radibay: posts big blind $1
*** HOLE CARDS ***
pr0tecto: raises $1.10 to $2.10
An1an1: folds 
kekoccc: folds 
steepfell: folds 
1VolkodavVDV: folds 
radibay: calls $1.10
*** FLOP *** [Tc 9s Jh]
radibay: checks 
pr0tecto: checks 
*** TURN *** [Tc 9s Jh] [7s]
radibay: bets $2.23
pr0tecto: folds 
Uncalled bet ($2.23) returned to radibay
radibay collected $4.40 from pot
*** SUMMARY ***
Total pot $4.70 | Rake $0.30 
Board [Tc 9s Jh 7s]
Seat 1: 1VolkodavVDV (small blind) folded before Flop
Seat 2: radibay (big blind) collected ($4.40)
Seat 3: pr0tecto folded on the Turn
Seat 4: An1an1 folded before Flop (didn't bet)
Seat 5: kekoccc folded before Flop (didn't bet)
Seat 6: steepfell (button) folded before Flop (didn't bet)



PokerStars Hand #254321543668:  Hold'em No Limit ($0.50/$1.00 USD) - 2025/01/11 22:28:53 WET [2025/01/11 17:28:53 ET]
Table 'Medea III' 6-max Seat #1 is the button
Seat 1: 1VolkodavVDV ($10.99 in chips) 
Seat 2: radibay ($82.51 in chips) 
Seat 3: pr0tecto ($100 in chips) 
Seat 4: An1an1 ($102.68 in chips) 
Seat 5: kekoccc ($157.28 in chips) 
Seat 6: steepfell ($102.18 in chips) 
radibay: posts small blind $0.50
pr0tecto: posts big blind $1
*** HOLE CARDS ***
An1an1: folds 
kekoccc: folds 
steepfell: folds 
1VolkodavVDV: folds 
radibay: calls $0.50
pr0tecto: checks 
*** FLOP *** [7d 7c Jh]
radibay: checks 
pr0tecto: checks 
*** TURN *** [7d 7c Jh] [5d]
radibay: checks 
pr0tecto: checks 
*** RIVER *** [7d 7c Jh 5d] [Th]
radibay: bets $7
pr0tecto: folds 
Uncalled bet ($7) returned to radibay
radibay collected $1.88 from pot
*** SUMMARY ***
Total pot $2 | Rake $0.12 
Board [7d 7c Jh 5d Th]
Seat 1: 1VolkodavVDV (button) folded before Flop (didn't bet)
Seat 2: radibay (small blind) collected ($1.88)
Seat 3: pr0tecto (big blind) folded on the River
Seat 4: An1an1 folded before Flop (didn't bet)
Seat 5: kekoccc folded before Flop (didn't bet)
Seat 6: steepfell folded before Flop (didn't bet)



PokerStars Hand #254321555352:  Hold'em No Limit ($0.50/$1.00 USD) - 2025/01/11 22:29:30 WET [2025/01/11 17:29:30 ET]
Table 'Medea III' 6-max Seat #2 is the button
Seat 4: An1an1 ($102.68 in chips) is sitting out
Seat 1: 1VolkodavVDV ($10.99 in chips) 
Seat 2: radibay ($83.39 in chips) 
Seat 3: pr0tecto ($99 in chips) 
Seat 5: kekoccc ($157.28 in chips) 
Seat 6: steepfell ($102.18 in chips) 
pr0tecto: posts small blind $0.50
An1an1: is sitting out 
kekoccc: posts big blind $1
*** HOLE CARDS ***
steepfell: folds 
1VolkodavVDV: folds 
radibay: folds 
pr0tecto: folds 
Uncalled bet ($0.50) returned to kekoccc
kekoccc collected $1 from pot
kekoccc: doesn't show hand 
*** SUMMARY ***
Total pot $1 | Rake $0 
Seat 4: An1an1
Seat 1: 1VolkodavVDV folded before Flop (didn't bet)
Seat 2: radibay (button) folded before Flop (didn't bet)
Seat 3: pr0tecto (small blind) folded before Flop
Seat 5: kekoccc (big blind) collected ($1)
Seat 6: steepfell folded before Flop (didn't bet)



PokerStars Hand #254321559798:  Hold'em No Limit ($0.50/$1.00 USD) - 2025/01/11 22:29:44 WET [2025/01/11 17:29:44 ET]
Table 'Medea III' 6-max Seat #3 is the button
Seat 4: An1an1 ($102.68 in chips) is sitting out
Seat 1: 1VolkodavVDV ($10.99 in chips) 
Seat 2: radibay ($83.39 in chips) 
Seat 3: pr0tecto ($100 in chips) 
Seat 5: kekoccc ($157.78 in chips) 
Seat 6: steepfell ($102.18 in chips) 
kekoccc: posts small blind $0.50
steepfell: posts big blind $1
*** HOLE CARDS ***
1VolkodavVDV: folds 
radibay has timed out
radibay: folds 
pr0tecto: folds 
kekoccc: raises $2 to $3
steepfell: folds 
Uncalled bet ($2) returned to kekoccc
kekoccc collected $2 from pot
kekoccc: doesn't show hand 
*** SUMMARY ***
Total pot $2 | Rake $0 
Seat 4: An1an1
Seat 1: 1VolkodavVDV folded before Flop (didn't bet)
Seat 2: radibay folded before Flop (didn't bet)
Seat 3: pr0tecto (button) folded before Flop (didn't bet)
Seat 5: kekoccc (small blind) collected ($2)
Seat 6: steepfell (big blind) folded before Flop



PokerStars Hand #254321569115:  Hold'em No Limit ($0.50/$1.00 USD) - 2025/01/11 22:30:13 WET [2025/01/11 17:30:13 ET]
Table 'Medea III' 6-max Seat #5 is the button
Seat 4: An1an1 ($102.68 in chips) is sitting out
Seat 1: 1VolkodavVDV ($10.99 in chips) 
Seat 2: radibay ($83.39 in chips) 
Seat 3: pr0tecto ($100 in chips) 
Seat 5: kekoccc ($158.78 in chips) 
Seat 6: steepfell ($101.18 in chips) 
steepfell: posts small blind $0.50
1VolkodavVDV: posts big blind $1
*** HOLE CARDS ***
radibay: folds 
pr0tecto: folds 
kekoccc: folds 
steepfell: raises $2 to $3
1VolkodavVDV: folds 
Uncalled bet ($2) returned to steepfell
steepfell collected $2 from pot
steepfell: doesn't show hand 
*** SUMMARY ***
Total pot $2 | Rake $0 
Seat 4: An1an1
Seat 1: 1VolkodavVDV (big blind) folded before Flop
Seat 2: radibay folded before Flop (didn't bet)
Seat 3: pr0tecto folded before Flop (didn't bet)
Seat 5: kekoccc (button) folded before Flop (didn't bet)
Seat 6: steepfell (small blind) collected ($2)



PokerStars Hand #254321575916:  Hold'em No Limit ($0.50/$1.00 USD) - 2025/01/11 22:30:35 WET [2025/01/11 17:30:35 ET]
Table 'Medea III' 6-max Seat #6 is the button
Seat 4: An1an1 ($102.68 in chips) is sitting out
Seat 1: 1VolkodavVDV ($9.99 in chips) 
Seat 2: radibay ($83.39 in chips) 
Seat 3: pr0tecto ($100 in chips) 
Seat 5: kekoccc ($158.78 in chips) 
Seat 6: steepfell ($102.18 in chips) 
1VolkodavVDV: posts small blind $0.50
radibay: posts big blind $1
An1an1: sits out 
*** HOLE CARDS ***
pr0tecto: folds 
kekoccc: raises $1.50 to $2.50
steepfell: folds 
1VolkodavVDV: folds 
radibay: calls $1.50
*** FLOP *** [3c 5d Ts]
radibay: checks 
kekoccc: bets $1.72
radibay: folds 
Uncalled bet ($1.72) returned to kekoccc
kekoccc collected $5.22 from pot
kekoccc: doesn't show hand 
*** SUMMARY ***
Total pot $5.50 | Rake $0.28 
Board [3c 5d Ts]
Seat 4: An1an1
Seat 1: 1VolkodavVDV (small blind) folded before Flop
Seat 2: radibay (big blind) folded on the Flop
Seat 3: pr0tecto folded before Flop (didn't bet)
Seat 5: kekoccc collected ($5.22)
Seat 6: steepfell (button) folded before Flop (didn't bet)



PokerStars Hand #254321591026:  Hold'em No Limit ($0.50/$1.00 USD) - 2025/01/11 22:31:23 WET [2025/01/11 17:31:23 ET]
Table 'Medea III' 6-max Seat #1 is the button
Seat 4: An1an1 ($102.68 in chips) is sitting out
Seat 1: 1VolkodavVDV ($9.49 in chips) 
Seat 2: radibay ($80.89 in chips) 
Seat 3: pr0tecto ($100 in chips) 
Seat 5: kekoccc ($161.50 in chips) 
Seat 6: steepfell ($102.18 in chips) 
radibay: posts small blind $0.50
pr0tecto: posts big blind $1
An1an1: sits out 
*** HOLE CARDS ***
kekoccc: folds 
steepfell: folds 
1VolkodavVDV: folds 
radibay: folds 
Uncalled bet ($0.50) returned to pr0tecto
pr0tecto collected $1 from pot
pr0tecto: doesn't show hand 
*** SUMMARY ***
Total pot $1 | Rake $0 
Seat 4: An1an1
Seat 1: 1VolkodavVDV (button) folded before Flop (didn't bet)
Seat 2: radibay (small blind) folded before Flop
Seat 3: pr0tecto (big blind) collected ($1)
Seat 5: kekoccc folded before Flop (didn't bet)
Seat 6: steepfell folded before Flop (didn't bet)



PokerStars Hand #254321597650:  Hold'em No Limit ($0.50/$1.00 USD) - 2025/01/11 22:31:43 WET [2025/01/11 17:31:43 ET]
Table 'Medea III' 6-max Seat #2 is the button
Seat 1: 1VolkodavVDV ($9.49 in chips) 
Seat 2: radibay ($80.39 in chips) 
Seat 3: pr0tecto ($100.50 in chips) 
Seat 4: An1an1 ($102.68 in chips) 
Seat 5: kekoccc ($161.50 in chips) 
Seat 6: steepfell ($102.18 in chips) 
pr0tecto: posts small blind $0.50
An1an1: posts big blind $1
*** HOLE CARDS ***
kekoccc: raises $1.50 to $2.50
steepfell: folds 
1VolkodavVDV: folds 
radibay: folds 
pr0tecto: raises $8.50 to $11
An1an1: folds 
kekoccc: folds 
Uncalled bet ($8.50) returned to pr0tecto
pr0tecto collected $6 from pot
pr0tecto: doesn't show hand 
*** SUMMARY ***
Total pot $6 | Rake $0 
Seat 1: 1VolkodavVDV folded before Flop (didn't bet)
Seat 2: radibay (button) folded before Flop (didn't bet)
Seat 3: pr0tecto (small blind) collected ($6)
Seat 4: An1an1 (big blind) folded before Flop
Seat 5: kekoccc folded before Flop
Seat 6: steepfell folded before Flop (didn't bet)



PokerStars Hand #254321604856:  Hold'em No Limit ($0.50/$1.00 USD) - 2025/01/11 22:32:06 WET [2025/01/11 17:32:06 ET]
Table 'Medea III' 6-max Seat #3 is the button
Seat 1: 1VolkodavVDV ($9.49 in chips) 
Seat 2: radibay ($80.39 in chips) 
Seat 3: pr0tecto ($104 in chips) 
Seat 4: An1an1 ($101.68 in chips) 
Seat 5: kekoccc ($159 in chips) 
Seat 6: steepfell ($102.18 in chips) 
An1an1: posts small blind $0.50
kekoccc: posts big blind $1
*** HOLE CARDS ***
steepfell: folds 
1VolkodavVDV: folds 
radibay: folds 
pr0tecto: folds 
An1an1: folds 
Uncalled bet ($0.50) returned to kekoccc
kekoccc collected $1 from pot
kekoccc: doesn't show hand 
*** SUMMARY ***
Total pot $1 | Rake $0 
Seat 1: 1VolkodavVDV folded before Flop (didn't bet)
Seat 2: radibay folded before Flop (didn't bet)
Seat 3: pr0tecto (button) folded before Flop (didn't bet)
Seat 4: An1an1 (small blind) folded before Flop
Seat 5: kekoccc (big blind) collected ($1)
Seat 6: steepfell folded before Flop (didn't bet)



PokerStars Hand #254321610179:  Hold'em No Limit ($0.50/$1.00 USD) - 2025/01/11 22:32:22 WET [2025/01/11 17:32:22 ET]
Table 'Medea III' 6-max Seat #4 is the button
Seat 6: steepfell ($102.18 in chips) is sitting out
Seat 1: 1VolkodavVDV ($9.49 in chips) 
Seat 2: radibay ($80.39 in chips) 
Seat 3: pr0tecto ($104 in chips) 
Seat 4: An1an1 ($101.18 in chips) 
Seat 5: kekoccc ($159.50 in chips) 
kekoccc: posts small blind $0.50
steepfell: is sitting out 
steepfell leaves the table
1VolkodavVDV: posts big blind $1
*** HOLE CARDS ***
radibay: calls $1
pr0tecto: folds 
An1an1: folds 
kars0n joins the table at seat #6 
kekoccc: calls $0.50
1VolkodavVDV: checks 
*** FLOP *** [8c 6c Kd]
kekoccc: checks 
1VolkodavVDV: checks 
radibay: checks 
*** TURN *** [8c 6c Kd] [8s]
kekoccc: bets $2.50
1VolkodavVDV: folds 
radibay: folds 
Uncalled bet ($2.50) returned to kekoccc
kekoccc collected $2.85 from pot
kekoccc: doesn't show hand 
*** SUMMARY ***
Total pot $3 | Rake $0.15 
Board [8c 6c Kd 8s]
Seat 6: steepfell
Seat 1: 1VolkodavVDV (big blind) folded on the Turn
Seat 2: radibay folded on the Turn
Seat 3: pr0tecto folded before Flop (didn't bet)
Seat 4: An1an1 (button) folded before Flop (didn't bet)
Seat 5: kekoccc (small blind) collected ($2.85)



PokerStars Hand #254321625518:  Hold'em No Limit ($0.50/$1.00 USD) - 2025/01/11 22:33:11 WET [2025/01/11 17:33:11 ET]
Table 'Medea III' 6-max Seat #5 is the button
Seat 6: kars0n ($100 in chips) is sitting out
Seat 1: 1VolkodavVDV ($8.49 in chips) 
Seat 2: radibay ($79.39 in chips) 
Seat 3: pr0tecto ($104 in chips) 
Seat 4: An1an1 ($101.18 in chips) 
Seat 5: kekoccc ($161.35 in chips) 
1VolkodavVDV: posts small blind $0.50
radibay: posts big blind $1
*** HOLE CARDS ***
pr0tecto: folds 
An1an1: folds 
kekoccc: folds 
1VolkodavVDV: raises $7.49 to $8.49 and is all-in
radibay: folds 
Uncalled bet ($7.49) returned to 1VolkodavVDV
1VolkodavVDV collected $2 from pot
1VolkodavVDV: doesn't show hand 
*** SUMMARY ***
Total pot $2 | Rake $0 
Seat 6: kars0n
Seat 1: 1VolkodavVDV (small blind) collected ($2)
Seat 2: radibay (big blind) folded before Flop
Seat 3: pr0tecto folded before Flop (didn't bet)
Seat 4: An1an1 folded before Flop (didn't bet)
Seat 5: kekoccc (button) folded before Flop (didn't bet)



PokerStars Hand #254321629525:  Hold'em No Limit ($0.50/$1.00 USD) - 2025/01/11 22:33:23 WET [2025/01/11 17:33:23 ET]
Table 'Medea III' 6-max Seat #1 is the button
Seat 6: kars0n ($100 in chips) is sitting out
Seat 1: 1VolkodavVDV ($9.49 in chips) 
Seat 2: radibay ($78.39 in chips) 
Seat 3: pr0tecto ($104 in chips) 
Seat 4: An1an1 ($101.18 in chips) 
Seat 5: kekoccc ($161.35 in chips) 
radibay: posts small blind $0.50
pr0tecto: posts big blind $1
kars0n: sits out 
*** HOLE CARDS ***
An1an1: folds 
kekoccc: folds 
1VolkodavVDV: raises $8.49 to $9.49 and is all-in
radibay: folds 
pr0tecto: calls $8.49
*** FLOP *** [4h 9s Jd]
*** TURN *** [4h 9s Jd] [7c]
*** RIVER *** [4h 9s Jd 7c] [3c]
*** SHOW DOWN ***
pr0tecto: shows [Jh 8h] (a pair of Jacks)
1VolkodavVDV: shows [Ac 6s] (high card Ace)
pr0tecto collected $18.51 from pot
1VolkodavVDV cashed out the hand for $9.69 | Cash Out Fee $0.20
*** SUMMARY ***
Total pot $19.48 | Rake $0.97 
Board [4h 9s Jd 7c 3c]
Seat 6: kars0n
Seat 1: 1VolkodavVDV (button) showed [Ac 6s] and lost with high card Ace (cashed out).
Seat 2: radibay (small blind) folded before Flop
Seat 3: pr0tecto (big blind) showed [Jh 8h] and won ($18.51) with a pair of Jacks
Seat 4: An1an1 folded before Flop (didn't bet)
Seat 5: kekoccc folded before Flop (didn't bet)



PokerStars Hand #254321638372:  Hold'em No Limit ($0.50/$1.00 USD) - 2025/01/11 22:33:52 WET [2025/01/11 17:33:52 ET]
Table 'Medea III' 6-max Seat #2 is the button
Seat 6: kars0n ($100 in chips) is sitting out
Seat 1: 1VolkodavVDV ($9.69 in chips) 
Seat 2: radibay ($77.89 in chips) 
Seat 3: pr0tecto ($113.02 in chips) 
Seat 4: An1an1 ($101.18 in chips) 
Seat 5: kekoccc ($161.35 in chips) 
pr0tecto: posts small blind $0.50
An1an1: posts big blind $1
kars0n: sits out 
*** HOLE CARDS ***
kekoccc: folds 
1VolkodavVDV: raises $8.69 to $9.69 and is all-in
radibay: folds 
pr0tecto: folds 
An1an1: folds 
Uncalled bet ($8.69) returned to 1VolkodavVDV
1VolkodavVDV collected $2.50 from pot
1VolkodavVDV: doesn't show hand 
*** SUMMARY ***
Total pot $2.50 | Rake $0 
Seat 6: kars0n
Seat 1: 1VolkodavVDV collected ($2.50)
Seat 2: radibay (button) folded before Flop (didn't bet)
Seat 3: pr0tecto (small blind) folded before Flop
Seat 4: An1an1 (big blind) folded before Flop
Seat 5: kekoccc folded before Flop (didn't bet)



PokerStars Hand #254321643840:  Hold'em No Limit ($0.50/$1.00 USD) - 2025/01/11 22:34:09 WET [2025/01/11 17:34:09 ET]
Table 'Medea III' 6-max Seat #3 is the button
Seat 6: kars0n ($100 in chips) is sitting out
Seat 1: 1VolkodavVDV ($11.19 in chips) 
Seat 2: radibay ($77.89 in chips) 
Seat 3: pr0tecto ($112.52 in chips) 
Seat 4: An1an1 ($100.18 in chips) 
Seat 5: kekoccc ($161.35 in chips) 
An1an1: posts small blind $0.50
kekoccc: posts big blind $1
kars0n: sits out 
*** HOLE CARDS ***
1VolkodavVDV: folds 
radibay: folds 
pr0tecto: folds 
radibay leaves the table
An1an1: folds 
Uncalled bet ($0.50) returned to kekoccc
kekoccc collected $1 from pot
kekoccc: doesn't show hand 
*** SUMMARY ***
Total pot $1 | Rake $0 
Seat 6: kars0n
Seat 1: 1VolkodavVDV folded before Flop (didn't bet)
Seat 2: radibay folded before Flop (didn't bet)
Seat 3: pr0tecto (button) folded before Flop (didn't bet)
Seat 4: An1an1 (small blind) folded before Flop
Seat 5: kekoccc (big blind) collected ($1)



PokerStars Hand #254321648383:  Hold'em No Limit ($0.50/$1.00 USD) - 2025/01/11 22:34:23 WET [2025/01/11 17:34:23 ET]
Table 'Medea III' 6-max Seat #4 is the button
Seat 1: 1VolkodavVDV ($11.19 in chips) 
Seat 3: pr0tecto ($112.52 in chips) 
Seat 4: An1an1 ($100 in chips) 
Seat 5: kekoccc ($161.85 in chips) 
Seat 6: kars0n ($100 in chips) 
kekoccc: posts small blind $0.50
kars0n: posts big blind $1
*** HOLE CARDS ***
1VolkodavVDV: folds 
pr0tecto: folds 
An1an1: raises $1.50 to $2.50
kekoccc: folds 
kars0n: calls $1.50
*** FLOP *** [6d 5d 6s]
kars0n: checks 
An1an1: checks 
*** TURN *** [6d 5d 6s] [3c]
kars0n: checks 
An1an1: bets $3.48
kars0n: folds 
Uncalled bet ($3.48) returned to An1an1
An1an1 collected $5.22 from pot
An1an1: doesn't show hand 
*** SUMMARY ***
Total pot $5.50 | Rake $0.28 
Board [6d 5d 6s 3c]
Seat 1: 1VolkodavVDV folded before Flop (didn't bet)
Seat 3: pr0tecto folded before Flop (didn't bet)
Seat 4: An1an1 (button) collected ($5.22)
Seat 5: kekoccc (small blind) folded before Flop
Seat 6: kars0n (big blind) folded on the Turn



PokerStars Hand #254321658649:  Hold'em No Limit ($0.50/$1.00 USD) - 2025/01/11 22:34:55 WET [2025/01/11 17:34:55 ET]
Table 'Medea III' 6-max Seat #5 is the button
Seat 1: 1VolkodavVDV ($11.19 in chips) 
Seat 3: pr0tecto ($112.52 in chips) 
Seat 4: An1an1 ($102.72 in chips) 
Seat 5: kekoccc ($161.35 in chips) 
Seat 6: kars0n ($100 in chips) 
kars0n: posts small blind $0.50
1VolkodavVDV: posts big blind $1
*** HOLE CARDS ***
pr0tecto: folds 
An1an1: raises $1 to $2
kekoccc: folds 
jeilsons joins the table at seat #2 
kars0n: folds 
1VolkodavVDV: folds 
Uncalled bet ($1) returned to An1an1
An1an1 collected $2.50 from pot
An1an1: doesn't show hand 
*** SUMMARY ***
Total pot $2.50 | Rake $0 
Seat 1: 1VolkodavVDV (big blind) folded before Flop
Seat 3: pr0tecto folded before Flop (didn't bet)
Seat 4: An1an1 collected ($2.50)
Seat 5: kekoccc (button) folded before Flop (didn't bet)
Seat 6: kars0n (small blind) folded before Flop



PokerStars Hand #254321664033:  Hold'em No Limit ($0.50/$1.00 USD) - 2025/01/11 22:35:13 WET [2025/01/11 17:35:13 ET]
Table 'Medea III' 6-max Seat #6 is the button
Seat 1: 1VolkodavVDV ($10.19 in chips) 
Seat 2: jeilsons ($100 in chips) 
Seat 3: pr0tecto ($112.52 in chips) 
Seat 4: An1an1 ($104.22 in chips) 
Seat 5: kekoccc ($161.35 in chips) 
Seat 6: kars0n ($100 in chips) 
1VolkodavVDV: posts small blind $0.50
jeilsons: posts big blind $1
*** HOLE CARDS ***
pr0tecto: folds 
An1an1: folds 
kekoccc: folds 
kars0n: folds 
kars0n leaves the table
1VolkodavVDV: folds 
Uncalled bet ($0.50) returned to jeilsons
jeilsons collected $1 from pot
jeilsons: doesn't show hand 
*** SUMMARY ***
Total pot $1 | Rake $0 
Seat 1: 1VolkodavVDV (small blind) folded before Flop
Seat 2: jeilsons (big blind) collected ($1)
Seat 3: pr0tecto folded before Flop (didn't bet)
Seat 4: An1an1 folded before Flop (didn't bet)
Seat 5: kekoccc folded before Flop (didn't bet)
Seat 6: kars0n (button) folded before Flop (didn't bet)



PokerStars Hand #254321668469:  Hold'em No Limit ($0.50/$1.00 USD) - 2025/01/11 22:35:26 WET [2025/01/11 17:35:26 ET]
Table 'Medea III' 6-max Seat #1 is the button
Seat 1: 1VolkodavVDV ($9.69 in chips) 
Seat 2: jeilsons ($100.50 in chips) 
Seat 3: pr0tecto ($112.52 in chips) 
Seat 4: An1an1 ($104.22 in chips) 
Seat 5: kekoccc ($161.35 in chips) 
jeilsons: posts small blind $0.50
pr0tecto: posts big blind $1
*** HOLE CARDS ***
An1an1: folds 
kekoccc: raises $1.50 to $2.50
An1an1 leaves the table
1VolkodavVDV: folds 
jeilsons: folds 
pr0tecto: calls $1.50
*** FLOP *** [Qs Th 4s]
pr0tecto: checks 
kekoccc: bets $6
pr0tecto: folds 
Uncalled bet ($6) returned to kekoccc
kekoccc collected $5.22 from pot
kekoccc: doesn't show hand 
*** SUMMARY ***
Total pot $5.50 | Rake $0.28 
Board [Qs Th 4s]
Seat 1: 1VolkodavVDV (button) folded before Flop (didn't bet)
Seat 2: jeilsons (small blind) folded before Flop
Seat 3: pr0tecto (big blind) folded on the Flop
Seat 4: An1an1 folded before Flop (didn't bet)
Seat 5: kekoccc collected ($5.22)



PokerStars Hand #254321684772:  Hold'em No Limit ($0.50/$1.00 USD) - 2025/01/11 22:36:18 WET [2025/01/11 17:36:18 ET]
Table 'Medea III' 6-max Seat #2 is the button
Seat 5: kekoccc ($164.07 in chips) is sitting out
Seat 1: 1VolkodavVDV ($9.69 in chips) 
Seat 2: jeilsons ($100 in chips) 
Seat 3: pr0tecto ($110.02 in chips) 
pr0tecto: posts small blind $0.50
kekoccc: is sitting out 
1VolkodavVDV: posts big blind $1
*** HOLE CARDS ***
kekoccc leaves the table
jeilsons: raises $1.50 to $2.50
pr0tecto: folds 
stevoooo34 joins the table at seat #4 
stevoooo34 is disconnected 
1VolkodavVDV: folds 
Uncalled bet ($1.50) returned to jeilsons
jeilsons collected $2.50 from pot
jeilsons: doesn't show hand 
*** SUMMARY ***
Total pot $2.50 | Rake $0 
Seat 5: kekoccc
Seat 1: 1VolkodavVDV (big blind) folded before Flop
Seat 2: jeilsons (button) collected ($2.50)
Seat 3: pr0tecto (small blind) folded before Flop



PokerStars Hand #254321693521:  Hold'em No Limit ($0.50/$1.00 USD) - 2025/01/11 22:36:46 WET [2025/01/11 17:36:46 ET]
Table 'Medea III' 6-max Seat #3 is the button
Seat 4: stevoooo34 ($10 in chips) is sitting out
Seat 1: 1VolkodavVDV ($8.69 in chips) 
Seat 2: jeilsons ($101.50 in chips) 
Seat 3: pr0tecto ($109.52 in chips) 
1VolkodavVDV: posts small blind $0.50
jeilsons: posts big blind $1
*** HOLE CARDS ***
pr0tecto: folds 
1VolkodavVDV: folds 
Uncalled bet ($0.50) returned to jeilsons
jeilsons collected $1 from pot
jeilsons: doesn't show hand 
*** SUMMARY ***
Total pot $1 | Rake $0 
Seat 4: stevoooo34
Seat 1: 1VolkodavVDV (small blind) folded before Flop
Seat 2: jeilsons (big blind) collected ($1)
Seat 3: pr0tecto (button) folded before Flop (didn't bet)



PokerStars Hand #254321695708:  Hold'em No Limit ($0.50/$1.00 USD) - 2025/01/11 22:36:53 WET [2025/01/11 17:36:53 ET]
Table 'Medea III' 6-max Seat #1 is the button
Seat 3: pr0tecto ($109.52 in chips) is sitting out
Seat 1: 1VolkodavVDV ($8.19 in chips) 
Seat 2: jeilsons ($102 in chips) 
Seat 4: stevoooo34 ($10 in chips) 
jeilsons: posts small blind $0.50
pr0tecto: is sitting out 
stevoooo34: posts big blind $1
*** HOLE CARDS ***
1VolkodavVDV: folds 
pr0tecto leaves the table
jeilsons: raises $2 to $3
stevoooo34: folds 
Uncalled bet ($2) returned to jeilsons
jeilsons collected $2 from pot
jeilsons: doesn't show hand 
*** SUMMARY ***
Total pot $2 | Rake $0 
Seat 3: pr0tecto
Seat 1: 1VolkodavVDV (button) folded before Flop (didn't bet)
Seat 2: jeilsons (small blind) collected ($2)
Seat 4: stevoooo34 (big blind) folded before Flop



PokerStars Hand #254321701347:  Hold'em No Limit ($0.50/$1.00 USD) - 2025/01/11 22:37:11 WET [2025/01/11 17:37:11 ET]
Table 'Medea III' 6-max Seat #2 is the button
Seat 1: 1VolkodavVDV ($8.19 in chips) 
Seat 2: jeilsons ($103 in chips) 
Seat 4: stevoooo34 ($9 in chips) 
stevoooo34: posts small blind $0.50
1VolkodavVDV: posts big blind $1
*** HOLE CARDS ***
jeilsons: folds 
stevoooo34: calls $0.50
1VolkodavVDV: checks 
*** FLOP *** [Kh 6d 8s]
stevoooo34: checks 
1VolkodavVDV: checks 
*** TURN *** [Kh 6d 8s] [2c]
stevoooo34: bets $1
1VolkodavVDV: calls $1
*** RIVER *** [Kh 6d 8s 2c] [4h]
stevoooo34: checks 
1VolkodavVDV: checks 
*** SHOW DOWN ***
stevoooo34: shows [Jh 2h] (a pair of Deuces)
1VolkodavVDV: mucks hand 
stevoooo34 collected $3.80 from pot
*** SUMMARY ***
Total pot $4 | Rake $0.20 
Board [Kh 6d 8s 2c 4h]
Seat 1: 1VolkodavVDV (big blind) mucked
Seat 2: jeilsons (button) folded before Flop (didn't bet)
Seat 4: stevoooo34 (small blind) showed [Jh 2h] and won ($3.80) with a pair of Deuces



PokerStars Hand #254321710708:  Hold'em No Limit ($0.50/$1.00 USD) - 2025/01/11 22:37:41 WET [2025/01/11 17:37:41 ET]
Table 'Medea III' 6-max Seat #4 is the button
Seat 1: 1VolkodavVDV ($6.19 in chips) 
Seat 2: jeilsons ($103 in chips) 
Seat 4: stevoooo34 ($10.80 in chips) 
1VolkodavVDV: posts small blind $0.50
jeilsons: posts big blind $1
*** HOLE CARDS ***
stevoooo34: folds 
stevoooo34 leaves the table
1VolkodavVDV: folds 
Uncalled bet ($0.50) returned to jeilsons
jeilsons collected $1 from pot
jeilsons: doesn't show hand 
*** SUMMARY ***
Total pot $1 | Rake $0 
Seat 1: 1VolkodavVDV (small blind) folded before Flop
Seat 2: jeilsons (big blind) collected ($1)
Seat 4: stevoooo34 (button) folded before Flop (didn't bet)



