PokerStars Hand #254319650224:  Hold'em No Limit ($0.50/$1.00 USD) - 2025/01/11 20:49:42 WET [2025/01/11 15:49:42 ET]
Table 'Roberta II' 6-max Seat #2 is the button
Seat 1: xxxxalirezaxxxx ($40.65 in chips) 
Seat 2: Gfoer ($103.70 in chips) 
Seat 3: aoish30 ($100.50 in chips) 
Seat 4: CerealKiller78 ($100 in chips) 
Seat 5: yzuk ($100 in chips) 
Seat 6: sskripka ($100 in chips) 
aoish30: posts small blind $0.50
CerealKiller78: posts big blind $1
*** HOLE CARDS ***
yzuk: folds 
sskripka: raises $1.50 to $2.50
xxxxalirezaxxxx: folds 
Gfoer: folds 
aoish30: folds 
CerealKiller78: calls $1.50
*** FLOP *** [9h Qc 4h]
CerealKiller78: checks 
sskripka: bets $2.87
CerealKiller78: calls $2.87
*** TURN *** [9h Qc 4h] [5h]
CerealKiller78: checks 
sskripka: checks 
*** RIVER *** [9h Qc 4h 5h] [8h]
CerealKiller78: bets $7.48
sskripka: calls $7.48
*** SHOW DOWN ***
CerealKiller78: shows [Js Kc] (high card King)
sskripka: shows [7d 7h] (a flush, Nine high)
sskripka collected $24.89 from pot
*** SUMMARY ***
Total pot $26.20 | Rake $1.31 
Board [9h Qc 4h 5h 8h]
Seat 1: xxxxalirezaxxxx folded before Flop (didn't bet)
Seat 2: Gfoer (button) folded before Flop (didn't bet)
Seat 3: aoish30 (small blind) folded before Flop
Seat 4: CerealKiller78 (big blind) showed [Js Kc] and lost with high card King
Seat 5: yzuk folded before Flop (didn't bet)
Seat 6: sskripka showed [7d 7h] and won ($24.89) with a flush, Nine high



PokerStars Hand #254319665949:  Hold'em No Limit ($0.50/$1.00 USD) - 2025/01/11 20:50:30 WET [2025/01/11 15:50:30 ET]
Table 'Roberta II' 6-max Seat #3 is the button
Seat 1: xxxxalirezaxxxx ($40.65 in chips) 
Seat 2: Gfoer ($103.70 in chips) 
Seat 3: aoish30 ($100 in chips) 
Seat 4: CerealKiller78 ($100 in chips) 
Seat 5: yzuk ($100 in chips) 
Seat 6: sskripka ($112.04 in chips) 
CerealKiller78: posts small blind $0.50
yzuk: posts big blind $1
*** HOLE CARDS ***
sskripka: raises $1 to $2
xxxxalirezaxxxx: folds 
Gfoer: raises $6.50 to $8.50
aoish30: folds 
CerealKiller78: folds 
yzuk: folds 
sskripka: calls $6.50
*** FLOP *** [4s 8c Kd]
sskripka: checks 
Gfoer: bets $5.72
sskripka: calls $5.72
*** TURN *** [4s 8c Kd] [5c]
sskripka: checks 
Gfoer: checks 
*** RIVER *** [4s 8c Kd 5c] [5d]
sskripka: bets $9.39
Gfoer: raises $24.75 to $34.14
sskripka: folds 
Uncalled bet ($24.75) returned to Gfoer
Gfoer collected $46.28 from pot
Gfoer: doesn't show hand 
*** SUMMARY ***
Total pot $48.72 | Rake $2.44 
Board [4s 8c Kd 5c 5d]
Seat 1: xxxxalirezaxxxx folded before Flop (didn't bet)
Seat 2: Gfoer collected ($46.28)
Seat 3: aoish30 (button) folded before Flop (didn't bet)
Seat 4: CerealKiller78 (small blind) folded before Flop
Seat 5: yzuk (big blind) folded before Flop
Seat 6: sskripka folded on the River



PokerStars Hand #254319701907:  Hold'em No Limit ($0.50/$1.00 USD) - 2025/01/11 20:52:19 WET [2025/01/11 15:52:19 ET]
Table 'Roberta II' 6-max Seat #4 is the button
Seat 1: xxxxalirezaxxxx ($40.65 in chips) 
Seat 2: Gfoer ($126.37 in chips) 
Seat 3: aoish30 ($100 in chips) 
Seat 4: CerealKiller78 ($100 in chips) 
Seat 5: yzuk ($100 in chips) 
Seat 6: sskripka ($100 in chips) 
yzuk: posts small blind $0.50
sskripka: posts big blind $1
*** HOLE CARDS ***
xxxxalirezaxxxx: calls $1
Gfoer: folds 
aoish30: folds 
CerealKiller78: folds 
yzuk: folds 
sskripka: checks 
*** FLOP *** [9d 7s Ad]
sskripka: bets $1.79
xxxxalirezaxxxx: calls $1.79
*** TURN *** [9d 7s Ad] [Qc]
sskripka: checks 
xxxxalirezaxxxx: checks 
*** RIVER *** [9d 7s Ad Qc] [9c]
sskripka: bets $1.91
xxxxalirezaxxxx: folds 
Uncalled bet ($1.91) returned to sskripka
sskripka collected $5.78 from pot
sskripka: doesn't show hand 
*** SUMMARY ***
Total pot $6.08 | Rake $0.30 
Board [9d 7s Ad Qc 9c]
Seat 1: xxxxalirezaxxxx folded on the River
Seat 2: Gfoer folded before Flop (didn't bet)
Seat 3: aoish30 folded before Flop (didn't bet)
Seat 4: CerealKiller78 (button) folded before Flop (didn't bet)
Seat 5: yzuk (small blind) folded before Flop
Seat 6: sskripka (big blind) collected ($5.78)



PokerStars Hand #254319714330:  Hold'em No Limit ($0.50/$1.00 USD) - 2025/01/11 20:52:56 WET [2025/01/11 15:52:56 ET]
Table 'Roberta II' 6-max Seat #5 is the button
Seat 1: xxxxalirezaxxxx ($37.86 in chips) 
Seat 2: Gfoer ($126.37 in chips) 
Seat 3: aoish30 ($100 in chips) 
Seat 4: CerealKiller78 ($100 in chips) 
Seat 5: yzuk ($100 in chips) 
Seat 6: sskripka ($102.99 in chips) 
sskripka: posts small blind $0.50
xxxxalirezaxxxx: posts big blind $1
*** HOLE CARDS ***
Gfoer: folds 
aoish30: folds 
CerealKiller78: folds 
yzuk: raises $1.50 to $2.50
sskripka: folds 
xxxxalirezaxxxx: folds 
Uncalled bet ($1.50) returned to yzuk
yzuk collected $2.50 from pot
yzuk: doesn't show hand 
*** SUMMARY ***
Total pot $2.50 | Rake $0 
Seat 1: xxxxalirezaxxxx (big blind) folded before Flop
Seat 2: Gfoer folded before Flop (didn't bet)
Seat 3: aoish30 folded before Flop (didn't bet)
Seat 4: CerealKiller78 folded before Flop (didn't bet)
Seat 5: yzuk (button) collected ($2.50)
Seat 6: sskripka (small blind) folded before Flop



PokerStars Hand #254319719533:  Hold'em No Limit ($0.50/$1.00 USD) - 2025/01/11 20:53:11 WET [2025/01/11 15:53:11 ET]
Table 'Roberta II' 6-max Seat #6 is the button
Seat 1: xxxxalirezaxxxx ($36.86 in chips) 
Seat 2: Gfoer ($126.37 in chips) 
Seat 3: aoish30 ($100 in chips) 
Seat 4: CerealKiller78 ($100 in chips) 
Seat 5: yzuk ($101.50 in chips) 
Seat 6: sskripka ($102.49 in chips) 
xxxxalirezaxxxx: posts small blind $0.50
Gfoer: posts big blind $1
*** HOLE CARDS ***
aoish30: folds 
CerealKiller78: folds 
yzuk: folds 
sskripka: folds 
xxxxalirezaxxxx: raises $35.86 to $36.86 and is all-in
Gfoer: folds 
Uncalled bet ($35.86) returned to xxxxalirezaxxxx
xxxxalirezaxxxx collected $2 from pot
*** SUMMARY ***
Total pot $2 | Rake $0 
Seat 1: xxxxalirezaxxxx (small blind) collected ($2)
Seat 2: Gfoer (big blind) folded before Flop
Seat 3: aoish30 folded before Flop (didn't bet)
Seat 4: CerealKiller78 folded before Flop (didn't bet)
Seat 5: yzuk folded before Flop (didn't bet)
Seat 6: sskripka (button) folded before Flop (didn't bet)



PokerStars Hand #254319724091:  Hold'em No Limit ($0.50/$1.00 USD) - 2025/01/11 20:53:25 WET [2025/01/11 15:53:25 ET]
Table 'Roberta II' 6-max Seat #1 is the button
Seat 1: xxxxalirezaxxxx ($37.86 in chips) 
Seat 2: Gfoer ($125.37 in chips) 
Seat 3: aoish30 ($100 in chips) 
Seat 4: CerealKiller78 ($100 in chips) 
Seat 5: yzuk ($101.50 in chips) 
Seat 6: sskripka ($102.49 in chips) 
Gfoer: posts small blind $0.50
aoish30: posts big blind $1
*** HOLE CARDS ***
CerealKiller78: folds 
yzuk: raises $1.50 to $2.50
sskripka: folds 
xxxxalirezaxxxx: raises $35.36 to $37.86 and is all-in
Gfoer: folds 
aoish30: folds 
yzuk: folds 
Uncalled bet ($35.36) returned to xxxxalirezaxxxx
xxxxalirezaxxxx collected $6.50 from pot
*** SUMMARY ***
Total pot $6.50 | Rake $0 
Seat 1: xxxxalirezaxxxx (button) collected ($6.50)
Seat 2: Gfoer (small blind) folded before Flop
Seat 3: aoish30 (big blind) folded before Flop
Seat 4: CerealKiller78 folded before Flop (didn't bet)
Seat 5: yzuk folded before Flop
Seat 6: sskripka folded before Flop (didn't bet)



PokerStars Hand #254319730789:  Hold'em No Limit ($0.50/$1.00 USD) - 2025/01/11 20:53:46 WET [2025/01/11 15:53:46 ET]
Table 'Roberta II' 6-max Seat #2 is the button
Seat 4: CerealKiller78 ($100 in chips) is sitting out
Seat 1: xxxxalirezaxxxx ($41.86 in chips) 
Seat 2: Gfoer ($124.87 in chips) 
Seat 3: aoish30 ($100 in chips) 
Seat 5: yzuk ($100 in chips) 
Seat 6: sskripka ($102.49 in chips) 
aoish30: posts small blind $0.50
CerealKiller78: is sitting out 
yzuk: posts big blind $1
*** HOLE CARDS ***
sskripka: folds 
xxxxalirezaxxxx: folds 
Gfoer: raises $1 to $2
aoish30: folds 
yzuk: raises $10 to $12
Gfoer: folds 
Uncalled bet ($10) returned to yzuk
yzuk collected $4.50 from pot
yzuk: doesn't show hand 
*** SUMMARY ***
Total pot $4.50 | Rake $0 
Seat 4: CerealKiller78
Seat 1: xxxxalirezaxxxx folded before Flop (didn't bet)
Seat 2: Gfoer (button) folded before Flop
Seat 3: aoish30 (small blind) folded before Flop
Seat 5: yzuk (big blind) collected ($4.50)
Seat 6: sskripka folded before Flop (didn't bet)



PokerStars Hand #254319738620:  Hold'em No Limit ($0.50/$1.00 USD) - 2025/01/11 20:54:09 WET [2025/01/11 15:54:09 ET]
Table 'Roberta II' 6-max Seat #3 is the button
Seat 4: CerealKiller78 ($100 in chips) is sitting out
Seat 1: xxxxalirezaxxxx ($41.86 in chips) 
Seat 2: Gfoer ($122.87 in chips) 
Seat 3: aoish30 ($100 in chips) 
Seat 5: yzuk ($102.50 in chips) 
Seat 6: sskripka ($102.49 in chips) 
yzuk: posts small blind $0.50
sskripka: posts big blind $1
*** HOLE CARDS ***
xxxxalirezaxxxx: calls $1
Gfoer: raises $3.50 to $4.50
aoish30: calls $4.50
yzuk: folds 
sskripka: folds 
xxxxalirezaxxxx: calls $3.50
*** FLOP *** [3h Kc 2h]
xxxxalirezaxxxx: checks 
CerealKiller78 leaves the table
Gfoer: checks 
aoish30: checks 
*** TURN *** [3h Kc 2h] [3d]
xxxxalirezaxxxx: checks 
Gfoer: bets $4.42
AlexPinsk1 joins the table at seat #4 
aoish30: calls $4.42
xxxxalirezaxxxx: raises $8.42 to $12.84
Gfoer: folds 
aoish30: raises $29.16 to $42
xxxxalirezaxxxx: calls $24.52 and is all-in
Uncalled bet ($4.64) returned to aoish30
*** RIVER *** [3h Kc 2h 3d] [Js]
*** SHOW DOWN ***
xxxxalirezaxxxx: shows [Ah 3c] (three of a kind, Threes)
aoish30: shows [As 3s] (three of a kind, Threes)
xxxxalirezaxxxx collected $45.82 from pot
aoish30 collected $45.82 from pot
*** SUMMARY ***
Total pot $94.14 | Rake $2.50 
Board [3h Kc 2h 3d Js]
Seat 4: CerealKiller78
Seat 1: xxxxalirezaxxxx showed [Ah 3c] and won ($45.82) with three of a kind, Threes
Seat 2: Gfoer folded on the Turn
Seat 3: aoish30 (button) showed [As 3s] and won ($45.82) with three of a kind, Threes
Seat 5: yzuk (small blind) folded before Flop
Seat 6: sskripka (big blind) folded before Flop



PokerStars Hand #254319760775:  Hold'em No Limit ($0.50/$1.00 USD) - 2025/01/11 20:55:24 WET [2025/01/11 15:55:24 ET]
Table 'Roberta II' 6-max Seat #5 is the button
Seat 4: AlexPinsk1 ($100 in chips) is sitting out
Seat 1: xxxxalirezaxxxx ($45.82 in chips) 
Seat 2: Gfoer ($113.95 in chips) 
Seat 3: aoish30 ($103.96 in chips) 
Seat 5: yzuk ($102 in chips) 
Seat 6: sskripka ($101.49 in chips) 
sskripka: posts small blind $0.50
xxxxalirezaxxxx: posts big blind $1
AlexPinsk1: sits out 
*** HOLE CARDS ***
Gfoer: folds 
aoish30: folds 
yzuk: raises $1.50 to $2.50
sskripka: folds 
xxxxalirezaxxxx: calls $1.50
*** FLOP *** [7d Qs Js]
xxxxalirezaxxxx: checks 
yzuk: checks 
*** TURN *** [7d Qs Js] [9h]
xxxxalirezaxxxx: checks 
yzuk: bets $2.66
xxxxalirezaxxxx: calls $2.66
*** RIVER *** [7d Qs Js 9h] [6h]
xxxxalirezaxxxx: checks 
yzuk: bets $7.92
xxxxalirezaxxxx: folds 
Uncalled bet ($7.92) returned to yzuk
yzuk collected $10.28 from pot
yzuk: doesn't show hand 
*** SUMMARY ***
Total pot $10.82 | Rake $0.54 
Board [7d Qs Js 9h 6h]
Seat 4: AlexPinsk1
Seat 1: xxxxalirezaxxxx (big blind) folded on the River
Seat 2: Gfoer folded before Flop (didn't bet)
Seat 3: aoish30 folded before Flop (didn't bet)
Seat 5: yzuk (button) collected ($10.28)
Seat 6: sskripka (small blind) folded before Flop



PokerStars Hand #254319767604:  Hold'em No Limit ($0.50/$1.00 USD) - 2025/01/11 20:55:55 WET [2025/01/11 15:55:55 ET]
Table 'Roberta II' 6-max Seat #6 is the button
Seat 4: AlexPinsk1 ($100 in chips) is sitting out
Seat 1: xxxxalirezaxxxx ($40.66 in chips) 
Seat 2: Gfoer ($113.95 in chips) 
Seat 3: aoish30 ($103.96 in chips) 
Seat 5: yzuk ($107.12 in chips) 
Seat 6: sskripka ($100.99 in chips) 
xxxxalirezaxxxx: posts small blind $0.50
Gfoer: posts big blind $1
AlexPinsk1: sits out 
*** HOLE CARDS ***
aoish30: folds 
yzuk: folds 
sskripka: folds 
xxxxalirezaxxxx: calls $0.50
Gfoer: checks 
*** FLOP *** [9h 2h 2c]
xxxxalirezaxxxx: checks 
Gfoer: bets $1.43
xxxxalirezaxxxx: folds 
Uncalled bet ($1.43) returned to Gfoer
Gfoer collected $1.90 from pot
Gfoer: doesn't show hand 
*** SUMMARY ***
Total pot $2 | Rake $0.10 
Board [9h 2h 2c]
Seat 4: AlexPinsk1
Seat 1: xxxxalirezaxxxx (small blind) folded on the Flop
Seat 2: Gfoer (big blind) collected ($1.90)
Seat 3: aoish30 folded before Flop (didn't bet)
Seat 5: yzuk folded before Flop (didn't bet)
Seat 6: sskripka (button) folded before Flop (didn't bet)



PokerStars Hand #254319776985:  Hold'em No Limit ($0.50/$1.00 USD) - 2025/01/11 20:56:38 WET [2025/01/11 15:56:38 ET]
Table 'Roberta II' 6-max Seat #1 is the button
Seat 4: AlexPinsk1 ($100 in chips) is sitting out
Seat 1: xxxxalirezaxxxx ($39.66 in chips) 
Seat 2: Gfoer ($114.85 in chips) 
Seat 3: aoish30 ($103.96 in chips) 
Seat 5: yzuk ($107.12 in chips) 
Seat 6: sskripka ($100.99 in chips) 
Gfoer: posts small blind $0.50
aoish30: posts big blind $1
AlexPinsk1: sits out 
*** HOLE CARDS ***
yzuk: folds 
sskripka: raises $1.50 to $2.50
xxxxalirezaxxxx: calls $2.50
Gfoer: folds 
aoish30: folds 
*** FLOP *** [Js 5s Jc]
sskripka: checks 
xxxxalirezaxxxx: checks 
*** TURN *** [Js 5s Jc] [Ks]
sskripka: checks 
xxxxalirezaxxxx: checks 
*** RIVER *** [Js 5s Jc Ks] [Jd]
sskripka: bets $4.64
xxxxalirezaxxxx: folds 
Uncalled bet ($4.64) returned to sskripka
sskripka collected $6.18 from pot
sskripka: doesn't show hand 
*** SUMMARY ***
Total pot $6.50 | Rake $0.32 
Board [Js 5s Jc Ks Jd]
Seat 4: AlexPinsk1
Seat 1: xxxxalirezaxxxx (button) folded on the River
Seat 2: Gfoer (small blind) folded before Flop
Seat 3: aoish30 (big blind) folded before Flop
Seat 5: yzuk folded before Flop (didn't bet)
Seat 6: sskripka collected ($6.18)



PokerStars Hand #254319788414:  Hold'em No Limit ($0.50/$1.00 USD) - 2025/01/11 20:57:29 WET [2025/01/11 15:57:29 ET]
Table 'Roberta II' 6-max Seat #2 is the button
Seat 1: xxxxalirezaxxxx ($37.16 in chips) 
Seat 2: Gfoer ($114.35 in chips) 
Seat 3: aoish30 ($102.96 in chips) 
Seat 4: AlexPinsk1 ($100 in chips) 
Seat 5: yzuk ($107.12 in chips) 
Seat 6: sskripka ($104.67 in chips) 
aoish30: posts small blind $0.50
AlexPinsk1: posts big blind $1
*** HOLE CARDS ***
yzuk: folds 
sskripka: folds 
xxxxalirezaxxxx: folds 
Gfoer: folds 
aoish30: folds 
Uncalled bet ($0.50) returned to AlexPinsk1
AlexPinsk1 collected $1 from pot
AlexPinsk1: doesn't show hand 
*** SUMMARY ***
Total pot $1 | Rake $0 
Seat 1: xxxxalirezaxxxx folded before Flop (didn't bet)
Seat 2: Gfoer (button) folded before Flop (didn't bet)
Seat 3: aoish30 (small blind) folded before Flop
Seat 4: AlexPinsk1 (big blind) collected ($1)
Seat 5: yzuk folded before Flop (didn't bet)
Seat 6: sskripka folded before Flop (didn't bet)



PokerStars Hand #254319791819:  Hold'em No Limit ($0.50/$1.00 USD) - 2025/01/11 20:57:44 WET [2025/01/11 15:57:44 ET]
Table 'Roberta II' 6-max Seat #3 is the button
Seat 1: xxxxalirezaxxxx ($37.16 in chips) 
Seat 2: Gfoer ($114.35 in chips) 
Seat 3: aoish30 ($102.46 in chips) 
Seat 4: AlexPinsk1 ($100.50 in chips) 
Seat 5: yzuk ($107.12 in chips) 
Seat 6: sskripka ($104.67 in chips) 
AlexPinsk1: posts small blind $0.50
yzuk: posts big blind $1
*** HOLE CARDS ***
sskripka: folds 
xxxxalirezaxxxx: folds 
Gfoer: folds 
aoish30: folds 
AlexPinsk1: raises $2 to $3
yzuk: raises $6 to $9
AlexPinsk1: calls $6
*** FLOP *** [4s Tc 3s]
AlexPinsk1: checks 
yzuk: checks 
*** TURN *** [4s Tc 3s] [Qc]
AlexPinsk1: bets $12.83
yzuk: raises $14.67 to $27.50
AlexPinsk1: calls $14.67
*** RIVER *** [4s Tc 3s Qc] [6s]
AlexPinsk1: bets $64 and is all-in
yzuk: calls $64
*** SHOW DOWN ***
AlexPinsk1: shows [Kc 9c] (high card King)
yzuk: shows [As 3d] (a pair of Threes)
yzuk collected $198.50 from pot
*** SUMMARY ***
Total pot $201 | Rake $2.50 
Board [4s Tc 3s Qc 6s]
Seat 1: xxxxalirezaxxxx folded before Flop (didn't bet)
Seat 2: Gfoer folded before Flop (didn't bet)
Seat 3: aoish30 (button) folded before Flop (didn't bet)
Seat 4: AlexPinsk1 (small blind) showed [Kc 9c] and lost with high card King
Seat 5: yzuk (big blind) showed [As 3d] and won ($198.50) with a pair of Threes
Seat 6: sskripka folded before Flop (didn't bet)



PokerStars Hand #254319822918:  Hold'em No Limit ($0.50/$1.00 USD) - 2025/01/11 21:00:03 WET [2025/01/11 16:00:03 ET]
Table 'Roberta II' 6-max Seat #4 is the button
Seat 1: xxxxalirezaxxxx ($37.16 in chips) 
Seat 2: Gfoer ($114.35 in chips) 
Seat 3: aoish30 ($102.46 in chips) 
Seat 4: AlexPinsk1 ($100 in chips) 
Seat 5: yzuk ($205.12 in chips) 
Seat 6: sskripka ($104.67 in chips) 
yzuk: posts small blind $0.50
sskripka: posts big blind $1
*** HOLE CARDS ***
xxxxalirezaxxxx: folds 
Gfoer: folds 
aoish30: raises $1.50 to $2.50
AlexPinsk1: folds 
yzuk: folds 
sskripka: folds 
Uncalled bet ($1.50) returned to aoish30
aoish30 collected $2.50 from pot
aoish30: doesn't show hand 
*** SUMMARY ***
Total pot $2.50 | Rake $0 
Seat 1: xxxxalirezaxxxx folded before Flop (didn't bet)
Seat 2: Gfoer folded before Flop (didn't bet)
Seat 3: aoish30 collected ($2.50)
Seat 4: AlexPinsk1 (button) folded before Flop (didn't bet)
Seat 5: yzuk (small blind) folded before Flop
Seat 6: sskripka (big blind) folded before Flop



PokerStars Hand #254319828974:  Hold'em No Limit ($0.50/$1.00 USD) - 2025/01/11 21:00:29 WET [2025/01/11 16:00:29 ET]
Table 'Roberta II' 6-max Seat #5 is the button
Seat 1: xxxxalirezaxxxx ($37.16 in chips) 
Seat 2: Gfoer ($114.35 in chips) 
Seat 3: aoish30 ($103.96 in chips) 
Seat 4: AlexPinsk1 ($100 in chips) 
Seat 5: yzuk ($204.62 in chips) 
Seat 6: sskripka ($103.67 in chips) 
sskripka: posts small blind $0.50
xxxxalirezaxxxx: posts big blind $1
*** HOLE CARDS ***
Gfoer: folds 
aoish30: raises $1.10 to $2.10
AlexPinsk1: raises $4.90 to $7
yzuk: folds 
sskripka: folds 
xxxxalirezaxxxx: raises $30.16 to $37.16 and is all-in
aoish30: folds 
AlexPinsk1: calls $30.16
*** FLOP *** [6h 5c 6d]
*** TURN *** [6h 5c 6d] [4h]
*** RIVER *** [6h 5c 6d 4h] [8c]
*** SHOW DOWN ***
xxxxalirezaxxxx: shows [Tc Th] (two pair, Tens and Sixes)
AlexPinsk1: shows [Jh Js] (two pair, Jacks and Sixes)
AlexPinsk1 collected $74.42 from pot
*** SUMMARY ***
Total pot $76.92 | Rake $2.50 
Board [6h 5c 6d 4h 8c]
Seat 1: xxxxalirezaxxxx (big blind) showed [Tc Th] and lost with two pair, Tens and Sixes
Seat 2: Gfoer folded before Flop (didn't bet)
Seat 3: aoish30 folded before Flop
Seat 4: AlexPinsk1 showed [Jh Js] and won ($74.42) with two pair, Jacks and Sixes
Seat 5: yzuk (button) folded before Flop (didn't bet)
Seat 6: sskripka (small blind) folded before Flop



PokerStars Hand #254319841324:  Hold'em No Limit ($0.50/$1.00 USD) - 2025/01/11 21:01:16 WET [2025/01/11 16:01:16 ET]
Table 'Roberta II' 6-max Seat #6 is the button
Seat 1: xxxxalirezaxxxx ($0 in chips) is sitting out
Seat 2: Gfoer ($114.35 in chips) 
Seat 3: aoish30 ($101.86 in chips) 
Seat 4: AlexPinsk1 ($137.26 in chips) 
Seat 5: yzuk ($204.62 in chips) 
Seat 6: sskripka ($103.17 in chips) 
Gfoer: posts small blind $0.50
aoish30: posts big blind $1
*** HOLE CARDS ***
AlexPinsk1: folds 
yzuk: folds 
sskripka: raises $1.50 to $2.50
Gfoer: folds 
aoish30: folds 
Uncalled bet ($1.50) returned to sskripka
sskripka collected $2.50 from pot
sskripka: doesn't show hand 
*** SUMMARY ***
Total pot $2.50 | Rake $0 
Seat 1: xxxxalirezaxxxx
Seat 2: Gfoer (small blind) folded before Flop
Seat 3: aoish30 (big blind) folded before Flop
Seat 4: AlexPinsk1 folded before Flop (didn't bet)
Seat 5: yzuk folded before Flop (didn't bet)
Seat 6: sskripka (button) collected ($2.50)



PokerStars Hand #254319846702:  Hold'em No Limit ($0.50/$1.00 USD) - 2025/01/11 21:01:34 WET [2025/01/11 16:01:34 ET]
Table 'Roberta II' 6-max Seat #2 is the button
Seat 1: xxxxalirezaxxxx ($0 in chips) is sitting out
Seat 2: Gfoer ($113.85 in chips) 
Seat 3: aoish30 ($100.86 in chips) 
Seat 4: AlexPinsk1 ($137.26 in chips) 
Seat 5: yzuk ($204.62 in chips) 
Seat 6: sskripka ($104.67 in chips) 
aoish30: posts small blind $0.50
AlexPinsk1: posts big blind $1
*** HOLE CARDS ***
yzuk: raises $1.50 to $2.50
sskripka: folds 
Gfoer: folds 
Gfoer leaves the table
aoish30: folds 
AlexPinsk1: folds 
Uncalled bet ($1.50) returned to yzuk
yzuk collected $2.50 from pot
yzuk: doesn't show hand 
*** SUMMARY ***
Total pot $2.50 | Rake $0 
Seat 1: xxxxalirezaxxxx
Seat 2: Gfoer (button) folded before Flop (didn't bet)
Seat 3: aoish30 (small blind) folded before Flop
Seat 4: AlexPinsk1 (big blind) folded before Flop
Seat 5: yzuk collected ($2.50)
Seat 6: sskripka folded before Flop (didn't bet)



PokerStars Hand #254319853353:  Hold'em No Limit ($0.50/$1.00 USD) - 2025/01/11 21:01:54 WET [2025/01/11 16:01:54 ET]
Table 'Roberta II' 6-max Seat #4 is the button
Seat 1: xxxxalirezaxxxx ($0 in chips) is sitting out
Seat 5: yzuk ($206.12 in chips) is sitting out
Seat 6: sskripka ($104.67 in chips) is sitting out
Seat 3: aoish30 ($100.36 in chips) 
Seat 4: AlexPinsk1 ($136.26 in chips) 
AlexPinsk1: posts small blind $0.50
sskripka: is sitting out 
aoish30: posts big blind $1
*** HOLE CARDS ***
sskripka leaves the table
michasia joins the table at seat #6 
AlexPinsk1: folds 
Uncalled bet ($0.50) returned to aoish30
aoish30 collected $1 from pot
aoish30: doesn't show hand 
*** SUMMARY ***
Total pot $1 | Rake $0 
Seat 1: xxxxalirezaxxxx
Seat 5: yzuk
Seat 6: sskripka
Seat 3: aoish30 (big blind) collected ($1)
Seat 4: AlexPinsk1 (button) (small blind) folded before Flop



PokerStars Hand #254319857439:  Hold'em No Limit ($0.50/$1.00 USD) - 2025/01/11 21:02:08 WET [2025/01/11 16:02:08 ET]
Table 'Roberta II' 6-max Seat #3 is the button
Seat 1: xxxxalirezaxxxx ($0 in chips) is sitting out
Seat 5: yzuk ($206.12 in chips) is sitting out
Seat 3: aoish30 ($100.86 in chips) 
Seat 4: AlexPinsk1 ($135.76 in chips) 
Seat 6: michasia ($100 in chips) 
AlexPinsk1: posts small blind $0.50
michasia: posts big blind $1
*** HOLE CARDS ***
aoish30: raises $1.50 to $2.50
AlexPinsk1: folds 
yzuk leaves the table
michasia: raises $9.50 to $12
aoish30: raises $14.40 to $26.40
michasia: calls $14.40
*** FLOP *** [Jc Jh 2c]
michasia: checks 
aoish30: bets $13.08
Trojanovich joins the table at seat #5 
michasia: calls $13.08
*** TURN *** [Jc Jh 2c] [8c]
michasia: checks 
ReneD1976 joins the table at seat #2 
aoish30: checks 
*** RIVER *** [Jc Jh 2c 8c] [Ah]
ReneD1976 is disconnected 
michasia: checks 
aoish30: bets $61.38 and is all-in
michasia: folds 
Uncalled bet ($61.38) returned to aoish30
aoish30 collected $78.46 from pot
aoish30: doesn't show hand 
*** SUMMARY ***
Total pot $79.46 | Rake $1 
Board [Jc Jh 2c 8c Ah]
Seat 1: xxxxalirezaxxxx
Seat 5: yzuk
Seat 3: aoish30 (button) collected ($78.46)
Seat 4: AlexPinsk1 (small blind) folded before Flop
Seat 6: michasia (big blind) folded on the River



PokerStars Hand #254319875823:  Hold'em No Limit ($0.50/$1.00 USD) - 2025/01/11 21:03:04 WET [2025/01/11 16:03:04 ET]
Table 'Roberta II' 6-max Seat #4 is the button
Seat 1: xxxxalirezaxxxx ($0 in chips) is sitting out
Seat 5: Trojanovich ($100 in chips) is sitting out
Seat 2: ReneD1976 ($40 in chips) 
Seat 3: aoish30 ($139.84 in chips) 
Seat 4: AlexPinsk1 ($135.26 in chips) 
Seat 6: michasia ($100 in chips) 
michasia: posts small blind $0.50
ReneD1976: posts big blind $1
*** HOLE CARDS ***
aoish30: folds 
AlexPinsk1: raises $1.50 to $2.50
michasia: folds 
ReneD1976: calls $1.50
*** FLOP *** [6h Qc Qs]
ReneD1976: checks 
AlexPinsk1: bets $1.72
ReneD1976: raises $2.72 to $4.44
xxxxalirezaxxxx leaves the table
AlexPinsk1: calls $2.72
*** TURN *** [6h Qc Qs] [5c]
ReneD1976: bets $8
Unipoker11 joins the table at seat #1 
AlexPinsk1: calls $8
*** RIVER *** [6h Qc Qs 5c] [4d]
ReneD1976: checks 
AlexPinsk1: bets $27
ReneD1976: calls $25.06 and is all-in
Uncalled bet ($1.94) returned to AlexPinsk1
*** SHOW DOWN ***
AlexPinsk1: shows [Qd Td] (three of a kind, Queens)
ReneD1976: shows [Js Ac] (a pair of Queens)
AlexPinsk1 collected $79.50 from pot
*** SUMMARY ***
Total pot $80.50 | Rake $1 
Board [6h Qc Qs 5c 4d]
Seat 1: xxxxalirezaxxxx
Seat 5: Trojanovich
Seat 2: ReneD1976 (big blind) showed [Js Ac] and lost with a pair of Queens
Seat 3: aoish30 folded before Flop (didn't bet)
Seat 4: AlexPinsk1 (button) showed [Qd Td] and won ($79.50) with three of a kind, Queens
Seat 6: michasia (small blind) folded before Flop



PokerStars Hand #254319910923:  Hold'em No Limit ($0.50/$1.00 USD) - 2025/01/11 21:04:49 WET [2025/01/11 16:04:49 ET]
Table 'Roberta II' 6-max Seat #6 is the button
Seat 1: Unipoker11 ($100 in chips) is sitting out
Seat 2: ReneD1976 ($0 in chips) is sitting out
Seat 5: Trojanovich ($100 in chips) is sitting out
Seat 3: aoish30 ($139.84 in chips) 
Seat 4: AlexPinsk1 ($174.76 in chips) 
Seat 6: michasia ($100 in chips) 
aoish30: posts small blind $0.50
AlexPinsk1: posts big blind $1
Trojanovich: sits out 
*** HOLE CARDS ***
michasia: folds 
aoish30: raises $2 to $3
AlexPinsk1: raises $7.50 to $10.50
aoish30: folds 
Uncalled bet ($7.50) returned to AlexPinsk1
AlexPinsk1 collected $6 from pot
AlexPinsk1: doesn't show hand 
*** SUMMARY ***
Total pot $6 | Rake $0 
Seat 1: Unipoker11
Seat 2: ReneD1976
Seat 5: Trojanovich
Seat 3: aoish30 (small blind) folded before Flop
Seat 4: AlexPinsk1 (big blind) collected ($6)
Seat 6: michasia (button) folded before Flop (didn't bet)



PokerStars Hand #254319915899:  Hold'em No Limit ($0.50/$1.00 USD) - 2025/01/11 21:05:03 WET [2025/01/11 16:05:03 ET]
Table 'Roberta II' 6-max Seat #3 is the button
Seat 1: Unipoker11 ($100 in chips) is sitting out
Seat 2: ReneD1976 ($0 in chips) is sitting out
Seat 3: aoish30 ($136.84 in chips) 
Seat 4: AlexPinsk1 ($177.76 in chips) 
Seat 5: Trojanovich ($100 in chips) 
Seat 6: michasia ($100 in chips) 
AlexPinsk1: posts small blind $0.50
Trojanovich: posts big blind $1
Unipoker11: sits out 
*** HOLE CARDS ***
michasia: folds 
aoish30: folds 
AlexPinsk1: raises $2 to $3
Trojanovich: calls $2
*** FLOP *** [4h Ac Td]
AlexPinsk1: checks 
Trojanovich: checks 
*** TURN *** [4h Ac Td] [5s]
AlexPinsk1: bets $1.88
Trojanovich: folds 
Uncalled bet ($1.88) returned to AlexPinsk1
AlexPinsk1 collected $5.70 from pot
AlexPinsk1: doesn't show hand 
*** SUMMARY ***
Total pot $6 | Rake $0.30 
Board [4h Ac Td 5s]
Seat 1: Unipoker11
Seat 2: ReneD1976
Seat 3: aoish30 (button) folded before Flop (didn't bet)
Seat 4: AlexPinsk1 (small blind) collected ($5.70)
Seat 5: Trojanovich (big blind) folded on the Turn
Seat 6: michasia folded before Flop (didn't bet)



PokerStars Hand #254319926835:  Hold'em No Limit ($0.50/$1.00 USD) - 2025/01/11 21:05:35 WET [2025/01/11 16:05:35 ET]
Table 'Roberta II' 6-max Seat #4 is the button
Seat 1: Unipoker11 ($100 in chips) is sitting out
Seat 2: ReneD1976 ($0 in chips) is sitting out
Seat 3: aoish30 ($136.84 in chips) 
Seat 4: AlexPinsk1 ($180.46 in chips) 
Seat 5: Trojanovich ($100 in chips) 
Seat 6: michasia ($100 in chips) 
Trojanovich: posts small blind $0.50
michasia: posts big blind $1
Unipoker11: sits out 
*** HOLE CARDS ***
aoish30: folds 
AlexPinsk1: folds 
Trojanovich: raises $2 to $3
michasia: calls $2
*** FLOP *** [Qs 3s Ad]
Trojanovich: bets $1.44
michasia: calls $1.44
*** TURN *** [Qs 3s Ad] [6d]
Trojanovich: bets $12.66
michasia: folds 
Uncalled bet ($12.66) returned to Trojanovich
Trojanovich collected $8.44 from pot
Trojanovich: doesn't show hand 
*** SUMMARY ***
Total pot $8.88 | Rake $0.44 
Board [Qs 3s Ad 6d]
Seat 1: Unipoker11
Seat 2: ReneD1976
Seat 3: aoish30 folded before Flop (didn't bet)
Seat 4: AlexPinsk1 (button) folded before Flop (didn't bet)
Seat 5: Trojanovich (small blind) collected ($8.44)
Seat 6: michasia (big blind) folded on the Turn



PokerStars Hand #254319938843:  Hold'em No Limit ($0.50/$1.00 USD) - 2025/01/11 21:06:11 WET [2025/01/11 16:06:11 ET]
Table 'Roberta II' 6-max Seat #5 is the button
Seat 2: ReneD1976 ($0 in chips) is sitting out
Seat 1: Unipoker11 ($100 in chips) 
Seat 3: aoish30 ($136.84 in chips) 
Seat 4: AlexPinsk1 ($180.46 in chips) 
Seat 5: Trojanovich ($104 in chips) 
Seat 6: michasia ($100 in chips) 
michasia: posts small blind $0.50
Unipoker11: posts big blind $1
*** HOLE CARDS ***
aoish30: folds 
AlexPinsk1: folds 
Trojanovich: folds 
michasia: raises $2 to $3
Unipoker11: calls $2
*** FLOP *** [7c Jd 2c]
michasia: checks 
Unipoker11: bets $1.88
michasia: folds 
Uncalled bet ($1.88) returned to Unipoker11
Unipoker11 collected $5.70 from pot
Unipoker11: doesn't show hand 
*** SUMMARY ***
Total pot $6 | Rake $0.30 
Board [7c Jd 2c]
Seat 2: ReneD1976
Seat 1: Unipoker11 (big blind) collected ($5.70)
Seat 3: aoish30 folded before Flop (didn't bet)
Seat 4: AlexPinsk1 folded before Flop (didn't bet)
Seat 5: Trojanovich (button) folded before Flop (didn't bet)
Seat 6: michasia (small blind) folded on the Flop



PokerStars Hand #254319955368:  Hold'em No Limit ($0.50/$1.00 USD) - 2025/01/11 21:06:59 WET [2025/01/11 16:06:59 ET]
Table 'Roberta II' 6-max Seat #6 is the button
Seat 2: ReneD1976 ($0 in chips) is sitting out
Seat 3: aoish30 ($136.84 in chips) is sitting out
Seat 1: Unipoker11 ($102.70 in chips) 
Seat 4: AlexPinsk1 ($180.46 in chips) 
Seat 5: Trojanovich ($104 in chips) 
Seat 6: michasia ($100 in chips) 
Unipoker11: posts small blind $0.50
aoish30: is sitting out 
AlexPinsk1: posts big blind $1
*** HOLE CARDS ***
Trojanovich: folds 
ReneD1976 leaves the table
michasia: folds 
aoish30 leaves the table
Unipoker11: raises $2 to $3
AlexPinsk1: calls $2
*** FLOP *** [Jd 8d 3c]
Unipoker11: checks 
AlexPinsk1: checks 
*** TURN *** [Jd 8d 3c] [Ah]
Unipoker11: checks 
AlexPinsk1: checks 
*** RIVER *** [Jd 8d 3c Ah] [7d]
Unipoker11: checks 
AlexPinsk1: bets $11
Unipoker11: calls $11
*** SHOW DOWN ***
AlexPinsk1: shows [Td Ks] (high card Ace)
Unipoker11: shows [9h 8s] (a pair of Eights)
Unipoker11 collected $27 from pot
*** SUMMARY ***
Total pot $28 | Rake $1 
Board [Jd 8d 3c Ah 7d]
Seat 2: ReneD1976
Seat 3: aoish30
Seat 1: Unipoker11 (small blind) showed [9h 8s] and won ($27) with a pair of Eights
Seat 4: AlexPinsk1 (big blind) showed [Td Ks] and lost with high card Ace
Seat 5: Trojanovich folded before Flop (didn't bet)
Seat 6: michasia (button) folded before Flop (didn't bet)



PokerStars Hand #254319989365:  Hold'em No Limit ($0.50/$1.00 USD) - 2025/01/11 21:08:39 WET [2025/01/11 16:08:39 ET]
Table 'Roberta II' 6-max Seat #1 is the button
Seat 1: Unipoker11 ($115.70 in chips) 
Seat 4: AlexPinsk1 ($166.46 in chips) 
Seat 5: Trojanovich ($104 in chips) 
Seat 6: michasia ($100 in chips) 
AlexPinsk1: posts small blind $0.50
Trojanovich: posts big blind $1
*** HOLE CARDS ***
michasia: raises $1.80 to $2.80
Unipoker11: folds 
AlexPinsk1: folds 
Trojanovich: calls $1.80
*** FLOP *** [4h 4d 3c]
Trojanovich: checks 
michasia: bets $1.91
Trojanovich: calls $1.91
*** TURN *** [4h 4d 3c] [As]
Trojanovich: checks 
michasia: checks 
*** RIVER *** [4h 4d 3c As] [8s]
Trojanovich: checks 
michasia: checks 
*** SHOW DOWN ***
Trojanovich: shows [Kc 9c] (a pair of Fours)
michasia: shows [3d 2d] (two pair, Fours and Threes)
michasia collected $9.42 from pot
*** SUMMARY ***
Total pot $9.92 | Rake $0.50 
Board [4h 4d 3c As 8s]
Seat 1: Unipoker11 (button) folded before Flop (didn't bet)
Seat 4: AlexPinsk1 (small blind) folded before Flop
Seat 5: Trojanovich (big blind) showed [Kc 9c] and lost with a pair of Fours
Seat 6: michasia showed [3d 2d] and won ($9.42) with two pair, Fours and Threes



PokerStars Hand #254320006544:  Hold'em No Limit ($0.50/$1.00 USD) - 2025/01/11 21:09:30 WET [2025/01/11 16:09:30 ET]
Table 'Roberta II' 6-max Seat #4 is the button
Seat 6: michasia ($104.71 in chips) is sitting out
Seat 1: Unipoker11 ($115.70 in chips) 
Seat 4: AlexPinsk1 ($165.96 in chips) 
Seat 5: Trojanovich ($100 in chips) 
Trojanovich: posts small blind $0.50
michasia: is sitting out 
Unipoker11: posts big blind $1
*** HOLE CARDS ***
michasia leaves the table
AlexPinsk1: folds 
Trojanovich: raises $2 to $3
Unipoker11: folds 
Uncalled bet ($2) returned to Trojanovich
Trojanovich collected $2 from pot
Trojanovich: doesn't show hand 
*** SUMMARY ***
Total pot $2 | Rake $0 
Seat 6: michasia
Seat 1: Unipoker11 (big blind) folded before Flop
Seat 4: AlexPinsk1 (button) folded before Flop (didn't bet)
Seat 5: Trojanovich (small blind) collected ($2)



