PokerStars Hand #254307421519:  Hold'em No Limit ($0.50/$1.00 USD) - 2025/01/11 3:50:38 WET [2025/01/10 22:50:38 ET]
Table 'Mundleria II' 6-max Seat #3 is the button
Seat 1: sutata ($195.50 in chips) 
Seat 2: mironchikvld ($100 in chips) 
Seat 3: 7bekon7 ($105.27 in chips) 
Seat 4: tpsteve69 ($57.05 in chips) 
Seat 5: rostickkin ($116.58 in chips) 
Seat 6: ru_ruu_ru ($153.35 in chips) 
tpsteve69: posts small blind $0.50
rostickkin: posts big blind $1
*** HOLE CARDS ***
ru_ruu_ru: folds 
sutata: folds 
mironchikvld: folds 
7bekon7: raises $1.50 to $2.50
tpsteve69: folds 
rostickkin: folds 
Uncalled bet ($1.50) returned to 7bekon7
7bekon7 collected $2.50 from pot
7bekon7: doesn't show hand 
*** SUMMARY ***
Total pot $2.50 | Rake $0 
Seat 1: sutata folded before Flop (didn't bet)
Seat 2: mironchikvld folded before Flop (didn't bet)
Seat 3: 7bekon7 (button) collected ($2.50)
Seat 4: tpsteve69 (small blind) folded before Flop
Seat 5: rostickkin (big blind) folded before Flop
Seat 6: ru_ruu_ru folded before Flop (didn't bet)



PokerStars Hand #254307423845:  Hold'em No Limit ($0.50/$1.00 USD) - 2025/01/11 3:50:55 WET [2025/01/10 22:50:55 ET]
Table 'Mundleria II' 6-max Seat #4 is the button
Seat 1: sutata ($195.50 in chips) 
Seat 2: mironchikvld ($100 in chips) 
Seat 3: 7bekon7 ($106.77 in chips) 
Seat 4: tpsteve69 ($56.55 in chips) 
Seat 5: rostickkin ($115.58 in chips) 
Seat 6: ru_ruu_ru ($153.35 in chips) 
rostickkin: posts small blind $0.50
ru_ruu_ru: posts big blind $1
*** HOLE CARDS ***
sutata: folds 
mironchikvld: folds 
7bekon7: raises $1.25 to $2.25
tpsteve69: calls $2.25
rostickkin: folds 
ru_ruu_ru: folds 
*** FLOP *** [3h 9h 2s]
7bekon7: bets $2.85
tpsteve69: raises $2.85 to $5.70
7bekon7: calls $2.85
*** TURN *** [3h 9h 2s] [Qh]
7bekon7: checks 
tpsteve69: bets $8.27
7bekon7: calls $8.27
*** RIVER *** [3h 9h 2s Qh] [Kc]
7bekon7: checks 
tpsteve69: checks 
*** SHOW DOWN ***
7bekon7: shows [Qs Ks] (two pair, Kings and Queens)
tpsteve69: mucks hand 
7bekon7 collected $32.24 from pot
*** SUMMARY ***
Total pot $33.94 | Rake $1.70 
Board [3h 9h 2s Qh Kc]
Seat 1: sutata folded before Flop (didn't bet)
Seat 2: mironchikvld folded before Flop (didn't bet)
Seat 3: 7bekon7 showed [Qs Ks] and won ($32.24) with two pair, Kings and Queens
Seat 4: tpsteve69 (button) mucked
Seat 5: rostickkin (small blind) folded before Flop
Seat 6: ru_ruu_ru (big blind) folded before Flop



PokerStars Hand #254307430820:  Hold'em No Limit ($0.50/$1.00 USD) - 2025/01/11 3:51:47 WET [2025/01/10 22:51:47 ET]
Table 'Mundleria II' 6-max Seat #5 is the button
Seat 1: sutata ($195.50 in chips) 
Seat 2: mironchikvld ($100 in chips) 
Seat 3: 7bekon7 ($122.79 in chips) 
Seat 4: tpsteve69 ($40.33 in chips) 
Seat 5: rostickkin ($115.08 in chips) 
Seat 6: ru_ruu_ru ($152.35 in chips) 
ru_ruu_ru: posts small blind $0.50
sutata: posts big blind $1
*** HOLE CARDS ***
mironchikvld: folds 
7bekon7: folds 
tpsteve69: calls $1
rostickkin: folds 
ru_ruu_ru: raises $3 to $4
sutata: folds 
tpsteve69: calls $3
*** FLOP *** [Jd 2c 4d]
ru_ruu_ru: bets $2.82
tpsteve69: folds 
Uncalled bet ($2.82) returned to ru_ruu_ru
ru_ruu_ru collected $8.55 from pot
ru_ruu_ru: doesn't show hand 
*** SUMMARY ***
Total pot $9 | Rake $0.45 
Board [Jd 2c 4d]
Seat 1: sutata (big blind) folded before Flop
Seat 2: mironchikvld folded before Flop (didn't bet)
Seat 3: 7bekon7 folded before Flop (didn't bet)
Seat 4: tpsteve69 folded on the Flop
Seat 5: rostickkin (button) folded before Flop (didn't bet)
Seat 6: ru_ruu_ru (small blind) collected ($8.55)



PokerStars Hand #254307434555:  Hold'em No Limit ($0.50/$1.00 USD) - 2025/01/11 3:52:14 WET [2025/01/10 22:52:14 ET]
Table 'Mundleria II' 6-max Seat #6 is the button
Seat 1: sutata ($194.50 in chips) 
Seat 2: mironchikvld ($100 in chips) 
Seat 3: 7bekon7 ($122.79 in chips) 
Seat 4: tpsteve69 ($36.33 in chips) 
Seat 5: rostickkin ($115.08 in chips) 
Seat 6: ru_ruu_ru ($156.90 in chips) 
sutata: posts small blind $0.50
mironchikvld: posts big blind $1
*** HOLE CARDS ***
7bekon7: folds 
tpsteve69: raises $1 to $2
rostickkin: raises $4 to $6
ru_ruu_ru: folds 
sutata: folds 
mironchikvld: folds 
tpsteve69: calls $4
*** FLOP *** [Qc 4d 9c]
tpsteve69: checks 
rostickkin: bets $4.36
tpsteve69: calls $4.36
*** TURN *** [Qc 4d 9c] [3d]
tpsteve69: checks 
rostickkin: checks 
*** RIVER *** [Qc 4d 9c 3d] [8s]
tpsteve69: bets $10.56
rostickkin: folds 
Uncalled bet ($10.56) returned to tpsteve69
tpsteve69 collected $21.11 from pot
*** SUMMARY ***
Total pot $22.22 | Rake $1.11 
Board [Qc 4d 9c 3d 8s]
Seat 1: sutata (small blind) folded before Flop
Seat 2: mironchikvld (big blind) folded before Flop
Seat 3: 7bekon7 folded before Flop (didn't bet)
Seat 4: tpsteve69 collected ($21.11)
Seat 5: rostickkin folded on the River
Seat 6: ru_ruu_ru (button) folded before Flop (didn't bet)



PokerStars Hand #254307440020:  Hold'em No Limit ($0.50/$1.00 USD) - 2025/01/11 3:52:54 WET [2025/01/10 22:52:54 ET]
Table 'Mundleria II' 6-max Seat #1 is the button
Seat 1: sutata ($194 in chips) 
Seat 2: mironchikvld ($100 in chips) 
Seat 3: 7bekon7 ($122.79 in chips) 
Seat 4: tpsteve69 ($47.08 in chips) 
Seat 5: rostickkin ($104.72 in chips) 
Seat 6: ru_ruu_ru ($156.90 in chips) 
mironchikvld: posts small blind $0.50
7bekon7: posts big blind $1
*** HOLE CARDS ***
tpsteve69: raises $2 to $3
rostickkin: raises $6 to $9
ru_ruu_ru: folds 
sutata: folds 
mironchikvld: folds 
7bekon7: folds 
tpsteve69: calls $6
*** FLOP *** [Tc Th 2d]
tpsteve69: checks 
rostickkin: bets $9.45
tpsteve69: folds 
Uncalled bet ($9.45) returned to rostickkin
rostickkin collected $18.52 from pot
rostickkin: doesn't show hand 
*** SUMMARY ***
Total pot $19.50 | Rake $0.98 
Board [Tc Th 2d]
Seat 1: sutata (button) folded before Flop (didn't bet)
Seat 2: mironchikvld (small blind) folded before Flop
Seat 3: 7bekon7 (big blind) folded before Flop
Seat 4: tpsteve69 folded on the Flop
Seat 5: rostickkin collected ($18.52)
Seat 6: ru_ruu_ru folded before Flop (didn't bet)



PokerStars Hand #254307444002:  Hold'em No Limit ($0.50/$1.00 USD) - 2025/01/11 3:53:23 WET [2025/01/10 22:53:23 ET]
Table 'Mundleria II' 6-max Seat #2 is the button
Seat 1: sutata ($194 in chips) 
Seat 2: mironchikvld ($100 in chips) 
Seat 3: 7bekon7 ($121.79 in chips) 
Seat 4: tpsteve69 ($38.08 in chips) 
Seat 5: rostickkin ($114.24 in chips) 
Seat 6: ru_ruu_ru ($156.90 in chips) 
7bekon7: posts small blind $0.50
tpsteve69: posts big blind $1
*** HOLE CARDS ***
rostickkin: folds 
ru_ruu_ru: raises $1.20 to $2.20
sutata: folds 
mironchikvld: folds 
7bekon7: folds 
tpsteve69: calls $1.20
*** FLOP *** [4s Tc 9c]
tpsteve69: bets $2.33
ru_ruu_ru: calls $2.33
*** TURN *** [4s Tc 9c] [4h]
tpsteve69: bets $4.54
ru_ruu_ru: calls $4.54
*** RIVER *** [4s Tc 9c 4h] [Ac]
tpsteve69: bets $8.86
ru_ruu_ru: calls $8.86
*** SHOW DOWN ***
tpsteve69: shows [5s Td] (two pair, Tens and Fours)
ru_ruu_ru: mucks hand 
tpsteve69 collected $34.54 from pot
*** SUMMARY ***
Total pot $36.36 | Rake $1.82 
Board [4s Tc 9c 4h Ac]
Seat 1: sutata folded before Flop (didn't bet)
Seat 2: mironchikvld (button) folded before Flop (didn't bet)
Seat 3: 7bekon7 (small blind) folded before Flop
Seat 4: tpsteve69 (big blind) showed [5s Td] and won ($34.54) with two pair, Tens and Fours
Seat 5: rostickkin folded before Flop (didn't bet)
Seat 6: ru_ruu_ru mucked



PokerStars Hand #254307452751:  Hold'em No Limit ($0.50/$1.00 USD) - 2025/01/11 3:54:27 WET [2025/01/10 22:54:27 ET]
Table 'Mundleria II' 6-max Seat #3 is the button
Seat 1: sutata ($194 in chips) 
Seat 2: mironchikvld ($100 in chips) 
Seat 3: 7bekon7 ($121.29 in chips) 
Seat 4: tpsteve69 ($54.69 in chips) 
Seat 5: rostickkin ($114.24 in chips) 
Seat 6: ru_ruu_ru ($138.97 in chips) 
tpsteve69: posts small blind $0.50
rostickkin: posts big blind $1
*** HOLE CARDS ***
ru_ruu_ru: folds 
sutata: folds 
mironchikvld: folds 
7bekon7: folds 
tpsteve69: raises $2 to $3
rostickkin: folds 
Uncalled bet ($2) returned to tpsteve69
tpsteve69 collected $2 from pot
*** SUMMARY ***
Total pot $2 | Rake $0 
Seat 1: sutata folded before Flop (didn't bet)
Seat 2: mironchikvld folded before Flop (didn't bet)
Seat 3: 7bekon7 (button) folded before Flop (didn't bet)
Seat 4: tpsteve69 (small blind) collected ($2)
Seat 5: rostickkin (big blind) folded before Flop
Seat 6: ru_ruu_ru folded before Flop (didn't bet)



PokerStars Hand #254307455737:  Hold'em No Limit ($0.50/$1.00 USD) - 2025/01/11 3:54:50 WET [2025/01/10 22:54:50 ET]
Table 'Mundleria II' 6-max Seat #4 is the button
Seat 1: sutata ($194 in chips) 
Seat 2: mironchikvld ($100 in chips) 
Seat 3: 7bekon7 ($121.29 in chips) 
Seat 4: tpsteve69 ($55.69 in chips) 
Seat 5: rostickkin ($113.24 in chips) 
Seat 6: ru_ruu_ru ($138.97 in chips) 
rostickkin: posts small blind $0.50
ru_ruu_ru: posts big blind $1
*** HOLE CARDS ***
sutata: folds 
mironchikvld: folds 
7bekon7: raises $1.25 to $2.25
tpsteve69: calls $2.25
rostickkin: folds 
ru_ruu_ru: folds 
*** FLOP *** [Qh 5h 4s]
7bekon7: bets $2.85
tpsteve69: calls $2.85
*** TURN *** [Qh 5h 4s] [Js]
7bekon7: bets $5.56
tpsteve69: folds 
Uncalled bet ($5.56) returned to 7bekon7
7bekon7 collected $11.12 from pot
7bekon7: doesn't show hand 
*** SUMMARY ***
Total pot $11.70 | Rake $0.58 
Board [Qh 5h 4s Js]
Seat 1: sutata folded before Flop (didn't bet)
Seat 2: mironchikvld folded before Flop (didn't bet)
Seat 3: 7bekon7 collected ($11.12)
Seat 4: tpsteve69 (button) folded on the Turn
Seat 5: rostickkin (small blind) folded before Flop
Seat 6: ru_ruu_ru (big blind) folded before Flop



PokerStars Hand #254307461111:  Hold'em No Limit ($0.50/$1.00 USD) - 2025/01/11 3:55:35 WET [2025/01/10 22:55:35 ET]
Table 'Mundleria II' 6-max Seat #5 is the button
Seat 1: sutata ($194 in chips) 
Seat 2: mironchikvld ($100 in chips) 
Seat 3: 7bekon7 ($127.31 in chips) 
Seat 4: tpsteve69 ($50.59 in chips) 
Seat 5: rostickkin ($112.74 in chips) 
Seat 6: ru_ruu_ru ($137.97 in chips) 
ru_ruu_ru: posts small blind $0.50
sutata: posts big blind $1
*** HOLE CARDS ***
mironchikvld: folds 
7bekon7: folds 
tpsteve69: folds 
rostickkin: folds 
ru_ruu_ru: folds 
Uncalled bet ($0.50) returned to sutata
sutata collected $1 from pot
sutata: doesn't show hand 
*** SUMMARY ***
Total pot $1 | Rake $0 
Seat 1: sutata (big blind) collected ($1)
Seat 2: mironchikvld folded before Flop (didn't bet)
Seat 3: 7bekon7 folded before Flop (didn't bet)
Seat 4: tpsteve69 folded before Flop (didn't bet)
Seat 5: rostickkin (button) folded before Flop (didn't bet)
Seat 6: ru_ruu_ru (small blind) folded before Flop



PokerStars Hand #254307462938:  Hold'em No Limit ($0.50/$1.00 USD) - 2025/01/11 3:55:51 WET [2025/01/10 22:55:51 ET]
Table 'Mundleria II' 6-max Seat #6 is the button
Seat 1: sutata ($194.50 in chips) 
Seat 2: mironchikvld ($100 in chips) 
Seat 3: 7bekon7 ($127.31 in chips) 
Seat 4: tpsteve69 ($50.59 in chips) 
Seat 5: rostickkin ($112.74 in chips) 
Seat 6: ru_ruu_ru ($137.47 in chips) 
sutata: posts small blind $0.50
mironchikvld: posts big blind $1
*** HOLE CARDS ***
7bekon7: folds 
tpsteve69: calls $1
rostickkin: folds 
ru_ruu_ru: folds 
sutata: folds 
mironchikvld: checks 
*** FLOP *** [4c 2c 5h]
mironchikvld: checks 
tpsteve69: bets $1.19
mironchikvld: calls $1.19
*** TURN *** [4c 2c 5h] [Qh]
mironchikvld: checks 
tpsteve69: bets $2.32
mironchikvld: calls $2.32
*** RIVER *** [4c 2c 5h Qh] [9d]
mironchikvld: checks 
tpsteve69: checks 
*** SHOW DOWN ***
mironchikvld: shows [4s Ac] (a pair of Fours)
tpsteve69: shows [5s Ks] (a pair of Fives)
tpsteve69 collected $9.04 from pot
*** SUMMARY ***
Total pot $9.52 | Rake $0.48 
Board [4c 2c 5h Qh 9d]
Seat 1: sutata (small blind) folded before Flop
Seat 2: mironchikvld (big blind) showed [4s Ac] and lost with a pair of Fours
Seat 3: 7bekon7 folded before Flop (didn't bet)
Seat 4: tpsteve69 showed [5s Ks] and won ($9.04) with a pair of Fives
Seat 5: rostickkin folded before Flop (didn't bet)
Seat 6: ru_ruu_ru (button) folded before Flop (didn't bet)



PokerStars Hand #254307468285:  Hold'em No Limit ($0.50/$1.00 USD) - 2025/01/11 3:56:39 WET [2025/01/10 22:56:39 ET]
Table 'Mundleria II' 6-max Seat #1 is the button
Seat 1: sutata ($194 in chips) 
Seat 2: mironchikvld ($100 in chips) 
Seat 3: 7bekon7 ($127.31 in chips) 
Seat 4: tpsteve69 ($55.12 in chips) 
Seat 5: rostickkin ($112.74 in chips) 
Seat 6: ru_ruu_ru ($137.47 in chips) 
mironchikvld: posts small blind $0.50
7bekon7: posts big blind $1
*** HOLE CARDS ***
tpsteve69: folds 
rostickkin: folds 
ru_ruu_ru: raises $1.50 to $2.50
sutata: raises $5.80 to $8.30
mironchikvld: folds 
7bekon7: folds 
ru_ruu_ru: folds 
Uncalled bet ($5.80) returned to sutata
sutata collected $6.50 from pot
sutata: doesn't show hand 
*** SUMMARY ***
Total pot $6.50 | Rake $0 
Seat 1: sutata (button) collected ($6.50)
Seat 2: mironchikvld (small blind) folded before Flop
Seat 3: 7bekon7 (big blind) folded before Flop
Seat 4: tpsteve69 folded before Flop (didn't bet)
Seat 5: rostickkin folded before Flop (didn't bet)
Seat 6: ru_ruu_ru folded before Flop



PokerStars Hand #254307472250:  Hold'em No Limit ($0.50/$1.00 USD) - 2025/01/11 3:57:14 WET [2025/01/10 22:57:14 ET]
Table 'Mundleria II' 6-max Seat #2 is the button
Seat 1: sutata ($198 in chips) 
Seat 2: mironchikvld ($100 in chips) 
Seat 3: 7bekon7 ($126.31 in chips) 
Seat 4: tpsteve69 ($55.12 in chips) 
Seat 5: rostickkin ($112.74 in chips) 
Seat 6: ru_ruu_ru ($134.97 in chips) 
7bekon7: posts small blind $0.50
tpsteve69: posts big blind $1
*** HOLE CARDS ***
rostickkin: folds 
ru_ruu_ru: folds 
sutata: folds 
mironchikvld: folds 
7bekon7: raises $2 to $3
tpsteve69: calls $2
*** FLOP *** [6s 5c 4h]
7bekon7: bets $2.85
tpsteve69: calls $2.85
*** TURN *** [6s 5c 4h] [2d]
7bekon7: bets $5.56
tpsteve69: calls $5.56
*** RIVER *** [6s 5c 4h 2d] [9c]
7bekon7: checks 
tpsteve69: bets $10.84
7bekon7: folds 
Uncalled bet ($10.84) returned to tpsteve69
tpsteve69 collected $21.68 from pot
tpsteve69: doesn't show hand 
*** SUMMARY ***
Total pot $22.82 | Rake $1.14 
Board [6s 5c 4h 2d 9c]
Seat 1: sutata folded before Flop (didn't bet)
Seat 2: mironchikvld (button) folded before Flop (didn't bet)
Seat 3: 7bekon7 (small blind) folded on the River
Seat 4: tpsteve69 (big blind) collected ($21.68)
Seat 5: rostickkin folded before Flop (didn't bet)
Seat 6: ru_ruu_ru folded before Flop (didn't bet)



PokerStars Hand #254307477722:  Hold'em No Limit ($0.50/$1.00 USD) - 2025/01/11 3:58:03 WET [2025/01/10 22:58:03 ET]
Table 'Mundleria II' 6-max Seat #3 is the button
Seat 1: sutata ($198 in chips) 
Seat 2: mironchikvld ($100 in chips) 
Seat 3: 7bekon7 ($114.90 in chips) 
Seat 4: tpsteve69 ($65.39 in chips) 
Seat 5: rostickkin ($112.74 in chips) 
Seat 6: ru_ruu_ru ($134.97 in chips) 
tpsteve69: posts small blind $0.50
rostickkin: posts big blind $1
*** HOLE CARDS ***
ru_ruu_ru: folds 
sutata: folds 
mironchikvld: folds 
7bekon7: raises $1.50 to $2.50
tpsteve69: calls $2
rostickkin: raises $10 to $12.50
7bekon7: folds 
tpsteve69: folds 
Uncalled bet ($10) returned to rostickkin
rostickkin collected $7.50 from pot
rostickkin: doesn't show hand 
*** SUMMARY ***
Total pot $7.50 | Rake $0 
Seat 1: sutata folded before Flop (didn't bet)
Seat 2: mironchikvld folded before Flop (didn't bet)
Seat 3: 7bekon7 (button) folded before Flop
Seat 4: tpsteve69 (small blind) folded before Flop
Seat 5: rostickkin (big blind) collected ($7.50)
Seat 6: ru_ruu_ru folded before Flop (didn't bet)



PokerStars Hand #254307499361:  Hold'em No Limit ($0.50/$1.00 USD) - 2025/01/11 4:01:07 WET [2025/01/10 23:01:07 ET]
Table 'Mundleria II' 6-max Seat #2 is the button
Seat 1: sutata ($196.50 in chips) 
Seat 2: mironchikvld ($100 in chips) 
Seat 3: 7bekon7 ($112.36 in chips) 
Seat 4: tpsteve69 ($52.24 in chips) 
Seat 5: rostickkin ($117.24 in chips) 
Seat 6: ru_ruu_ru ($148.19 in chips) 
7bekon7: posts small blind $0.50
tpsteve69: posts big blind $1
*** HOLE CARDS ***
rostickkin: folds 
ru_ruu_ru: folds 
sutata: raises $1.50 to $2.50
mironchikvld: folds 
7bekon7: folds 
tpsteve69: calls $1.50
*** FLOP *** [6d Jc Ah]
tpsteve69: checks 
sutata: checks 
*** TURN *** [6d Jc Ah] [7c]
tpsteve69: checks 
sutata: bets $1.74
tpsteve69: calls $1.74
*** RIVER *** [6d Jc Ah 7c] [6c]
tpsteve69: bets $8.53
sutata: folds 
Uncalled bet ($8.53) returned to tpsteve69
tpsteve69 collected $8.53 from pot
*** SUMMARY ***
Total pot $8.98 | Rake $0.45 
Board [6d Jc Ah 7c 6c]
Seat 1: sutata folded on the River
Seat 2: mironchikvld (button) folded before Flop (didn't bet)
Seat 3: 7bekon7 (small blind) folded before Flop
Seat 4: tpsteve69 (big blind) collected ($8.53)
Seat 5: rostickkin folded before Flop (didn't bet)
Seat 6: ru_ruu_ru folded before Flop (didn't bet)



PokerStars Hand #254307506027:  Hold'em No Limit ($0.50/$1.00 USD) - 2025/01/11 4:01:58 WET [2025/01/10 23:01:58 ET]
Table 'Mundleria II' 6-max Seat #3 is the button
Seat 1: sutata ($192.26 in chips) 
Seat 2: mironchikvld ($100 in chips) 
Seat 3: 7bekon7 ($111.86 in chips) 
Seat 4: tpsteve69 ($56.53 in chips) 
Seat 5: rostickkin ($117.24 in chips) 
Seat 6: ru_ruu_ru ($148.19 in chips) 
tpsteve69: posts small blind $0.50
rostickkin: posts big blind $1
*** HOLE CARDS ***
ru_ruu_ru: folds 
sutata: folds 
mironchikvld: folds 
7bekon7: raises $1.50 to $2.50
tpsteve69: calls $2
rostickkin: folds 
*** FLOP *** [Ah 9s Qc]
tpsteve69: checks 
7bekon7: checks 
*** TURN *** [Ah 9s Qc] [9d]
tpsteve69: bets $2.85
7bekon7: calls $2.85
*** RIVER *** [Ah 9s Qc 9d] [Ac]
tpsteve69: checks 
7bekon7: checks 
*** SHOW DOWN ***
tpsteve69: shows [5h 5c] (two pair, Aces and Nines)
7bekon7: shows [Qd Jd] (two pair, Aces and Queens)
7bekon7 collected $11.12 from pot
*** SUMMARY ***
Total pot $11.70 | Rake $0.58 
Board [Ah 9s Qc 9d Ac]
Seat 1: sutata folded before Flop (didn't bet)
Seat 2: mironchikvld folded before Flop (didn't bet)
Seat 3: 7bekon7 (button) showed [Qd Jd] and won ($11.12) with two pair, Aces and Queens
Seat 4: tpsteve69 (small blind) showed [5h 5c] and lost with two pair, Aces and Nines
Seat 5: rostickkin (big blind) folded before Flop
Seat 6: ru_ruu_ru folded before Flop (didn't bet)



PokerStars Hand #254307511848:  Hold'em No Limit ($0.50/$1.00 USD) - 2025/01/11 4:02:43 WET [2025/01/10 23:02:43 ET]
Table 'Mundleria II' 6-max Seat #4 is the button
Seat 1: sutata ($192.26 in chips) 
Seat 2: mironchikvld ($100 in chips) 
Seat 3: 7bekon7 ($117.63 in chips) 
Seat 4: tpsteve69 ($51.18 in chips) 
Seat 5: rostickkin ($116.24 in chips) 
Seat 6: ru_ruu_ru ($148.19 in chips) 
rostickkin: posts small blind $0.50
ru_ruu_ru: posts big blind $1
*** HOLE CARDS ***
sutata: folds 
mironchikvld: folds 
7bekon7: folds 
tpsteve69: calls $1
rostickkin: folds 
ru_ruu_ru: checks 
*** FLOP *** [Qh Tc 5s]
ru_ruu_ru: checks 
tpsteve69: checks 
*** TURN *** [Qh Tc 5s] [Ks]
ru_ruu_ru: checks 
tpsteve69: bets $2.38
ru_ruu_ru: folds 
Uncalled bet ($2.38) returned to tpsteve69
tpsteve69 collected $2.38 from pot
*** SUMMARY ***
Total pot $2.50 | Rake $0.12 
Board [Qh Tc 5s Ks]
Seat 1: sutata folded before Flop (didn't bet)
Seat 2: mironchikvld folded before Flop (didn't bet)
Seat 3: 7bekon7 folded before Flop (didn't bet)
Seat 4: tpsteve69 (button) collected ($2.38)
Seat 5: rostickkin (small blind) folded before Flop
Seat 6: ru_ruu_ru (big blind) folded on the Turn



PokerStars Hand #254307519605:  Hold'em No Limit ($0.50/$1.00 USD) - 2025/01/11 4:03:42 WET [2025/01/10 23:03:42 ET]
Table 'Mundleria II' 6-max Seat #5 is the button
Seat 1: sutata ($192.26 in chips) 
Seat 2: mironchikvld ($100 in chips) 
Seat 3: 7bekon7 ($117.63 in chips) 
Seat 4: tpsteve69 ($52.56 in chips) 
Seat 5: rostickkin ($115.74 in chips) 
Seat 6: ru_ruu_ru ($147.19 in chips) 
ru_ruu_ru: posts small blind $0.50
sutata: posts big blind $1
*** HOLE CARDS ***
mironchikvld: folds 
7bekon7: folds 
tpsteve69: calls $1
mironchikvld leaves the table
rostickkin: folds 
ru_ruu_ru: raises $2 to $3
sutata: calls $2
tpsteve69: calls $2
*** FLOP *** [Jd Tc 8h]
ru_ruu_ru: checks 
sutata: checks 
tpsteve69: checks 
*** TURN *** [Jd Tc 8h] [7s]
ru_ruu_ru: checks 
sutata: bets $2.85
tpsteve69: folds 
ru_ruu_ru: folds 
Uncalled bet ($2.85) returned to sutata
sutata collected $8.55 from pot
sutata: doesn't show hand 
*** SUMMARY ***
Total pot $9 | Rake $0.45 
Board [Jd Tc 8h 7s]
Seat 1: sutata (big blind) collected ($8.55)
Seat 2: mironchikvld folded before Flop (didn't bet)
Seat 3: 7bekon7 folded before Flop (didn't bet)
Seat 4: tpsteve69 folded on the Turn
Seat 5: rostickkin (button) folded before Flop (didn't bet)
Seat 6: ru_ruu_ru (small blind) folded on the Turn



PokerStars Hand #254307524095:  Hold'em No Limit ($0.50/$1.00 USD) - 2025/01/11 4:04:16 WET [2025/01/10 23:04:16 ET]
Table 'Mundleria II' 6-max Seat #6 is the button
Seat 1: sutata ($197.81 in chips) 
Seat 3: 7bekon7 ($117.63 in chips) 
Seat 4: tpsteve69 ($49.56 in chips) 
Seat 5: rostickkin ($115.74 in chips) 
Seat 6: ru_ruu_ru ($144.19 in chips) 
sutata: posts small blind $0.50
7bekon7: posts big blind $1
*** HOLE CARDS ***
tpsteve69: folds 
rostickkin: folds 
ru_ruu_ru: folds 
sutata: folds 
Uncalled bet ($0.50) returned to 7bekon7
7bekon7 collected $1 from pot
7bekon7: doesn't show hand 
*** SUMMARY ***
Total pot $1 | Rake $0 
Seat 1: sutata (small blind) folded before Flop
Seat 3: 7bekon7 (big blind) collected ($1)
Seat 4: tpsteve69 folded before Flop (didn't bet)
Seat 5: rostickkin folded before Flop (didn't bet)
Seat 6: ru_ruu_ru (button) folded before Flop (didn't bet)



PokerStars Hand #254307526041:  Hold'em No Limit ($0.50/$1.00 USD) - 2025/01/11 4:04:31 WET [2025/01/10 23:04:31 ET]
Table 'Mundleria II' 6-max Seat #1 is the button
Seat 1: sutata ($197.31 in chips) 
Seat 3: 7bekon7 ($118.13 in chips) 
Seat 4: tpsteve69 ($49.56 in chips) 
Seat 5: rostickkin ($115.74 in chips) 
Seat 6: ru_ruu_ru ($144.19 in chips) 
7bekon7: posts small blind $0.50
tpsteve69: posts big blind $1
*** HOLE CARDS ***
rostickkin: raises $1.20 to $2.20
ru_ruu_ru: folds 
B1GBankroll joins the table at seat #2 
sutata: folds 
7bekon7: folds 
tpsteve69: calls $1.20
*** FLOP *** [5s Jc 4d]
tpsteve69: checks 
rostickkin: checks 
*** TURN *** [5s Jc 4d] [Ts]
tpsteve69: bets $2.33
rostickkin: calls $2.33
*** RIVER *** [5s Jc 4d Ts] [3d]
tpsteve69: bets $4.54
rostickkin: calls $4.54
*** SHOW DOWN ***
tpsteve69: shows [4s 5d] (two pair, Fives and Fours)
rostickkin: mucks hand 
tpsteve69 collected $17.71 from pot
*** SUMMARY ***
Total pot $18.64 | Rake $0.93 
Board [5s Jc 4d Ts 3d]
Seat 1: sutata (button) folded before Flop (didn't bet)
Seat 3: 7bekon7 (small blind) folded before Flop
Seat 4: tpsteve69 (big blind) showed [4s 5d] and won ($17.71) with two pair, Fives and Fours
Seat 5: rostickkin mucked
Seat 6: ru_ruu_ru folded before Flop (didn't bet)



PokerStars Hand #254307531786:  Hold'em No Limit ($0.50/$1.00 USD) - 2025/01/11 4:05:14 WET [2025/01/10 23:05:14 ET]
Table 'Mundleria II' 6-max Seat #3 is the button
Seat 2: B1GBankroll ($100 in chips) is sitting out
Seat 1: sutata ($197.31 in chips) 
Seat 3: 7bekon7 ($117.63 in chips) 
Seat 4: tpsteve69 ($58.20 in chips) 
Seat 5: rostickkin ($106.67 in chips) 
Seat 6: ru_ruu_ru ($144.19 in chips) 
tpsteve69: posts small blind $0.50
rostickkin: posts big blind $1
B1GBankroll: sits out 
*** HOLE CARDS ***
ru_ruu_ru: folds 
sutata: raises $1.50 to $2.50
7bekon7: folds 
tpsteve69: raises $5.50 to $8
rostickkin: folds 
sutata: folds 
Uncalled bet ($5.50) returned to tpsteve69
tpsteve69 collected $6 from pot
*** SUMMARY ***
Total pot $6 | Rake $0 
Seat 2: B1GBankroll
Seat 1: sutata folded before Flop
Seat 3: 7bekon7 (button) folded before Flop (didn't bet)
Seat 4: tpsteve69 (small blind) collected ($6)
Seat 5: rostickkin (big blind) folded before Flop
Seat 6: ru_ruu_ru folded before Flop (didn't bet)



PokerStars Hand #254307535157:  Hold'em No Limit ($0.50/$1.00 USD) - 2025/01/11 4:05:40 WET [2025/01/10 23:05:40 ET]
Table 'Mundleria II' 6-max Seat #4 is the button
Seat 2: B1GBankroll ($100 in chips) is sitting out
Seat 1: sutata ($194.81 in chips) 
Seat 3: 7bekon7 ($117.63 in chips) 
Seat 4: tpsteve69 ($61.70 in chips) 
Seat 5: rostickkin ($105.67 in chips) 
Seat 6: ru_ruu_ru ($144.19 in chips) 
rostickkin: posts small blind $0.50
ru_ruu_ru: posts big blind $1
B1GBankroll: sits out 
*** HOLE CARDS ***
sutata: folds 
7bekon7: folds 
tpsteve69: raises $2 to $3
rostickkin: folds 
ru_ruu_ru: folds 
Uncalled bet ($2) returned to tpsteve69
tpsteve69 collected $2.50 from pot
*** SUMMARY ***
Total pot $2.50 | Rake $0 
Seat 2: B1GBankroll
Seat 1: sutata folded before Flop (didn't bet)
Seat 3: 7bekon7 folded before Flop (didn't bet)
Seat 4: tpsteve69 (button) collected ($2.50)
Seat 5: rostickkin (small blind) folded before Flop
Seat 6: ru_ruu_ru (big blind) folded before Flop



PokerStars Hand #254307537199:  Hold'em No Limit ($0.50/$1.00 USD) - 2025/01/11 4:05:55 WET [2025/01/10 23:05:55 ET]
Table 'Mundleria II' 6-max Seat #5 is the button
Seat 2: B1GBankroll ($100 in chips) is sitting out
Seat 1: sutata ($194.81 in chips) 
Seat 3: 7bekon7 ($117.63 in chips) 
Seat 4: tpsteve69 ($63.20 in chips) 
Seat 5: rostickkin ($105.17 in chips) 
Seat 6: ru_ruu_ru ($143.19 in chips) 
ru_ruu_ru: posts small blind $0.50
sutata: posts big blind $1
B1GBankroll: sits out 
*** HOLE CARDS ***
7bekon7: folds 
tpsteve69: calls $1
rostickkin: raises $2.50 to $3.50
ru_ruu_ru: folds 
sutata: folds 
tpsteve69: calls $2.50
*** FLOP *** [Qh 9c Js]
tpsteve69: checks 
rostickkin: checks 
*** TURN *** [Qh 9c Js] [Qs]
tpsteve69: checks 
rostickkin: bets $2.75
tpsteve69: folds 
Uncalled bet ($2.75) returned to rostickkin
rostickkin collected $8.08 from pot
rostickkin: doesn't show hand 
*** SUMMARY ***
Total pot $8.50 | Rake $0.42 
Board [Qh 9c Js Qs]
Seat 2: B1GBankroll
Seat 1: sutata (big blind) folded before Flop
Seat 3: 7bekon7 folded before Flop (didn't bet)
Seat 4: tpsteve69 folded on the Turn
Seat 5: rostickkin (button) collected ($8.08)
Seat 6: ru_ruu_ru (small blind) folded before Flop



PokerStars Hand #254307540992:  Hold'em No Limit ($0.50/$1.00 USD) - 2025/01/11 4:06:24 WET [2025/01/10 23:06:24 ET]
Table 'Mundleria II' 6-max Seat #6 is the button
Seat 1: sutata ($193.81 in chips) 
Seat 2: B1GBankroll ($100 in chips) 
Seat 3: 7bekon7 ($117.63 in chips) 
Seat 4: tpsteve69 ($59.70 in chips) 
Seat 5: rostickkin ($109.75 in chips) 
Seat 6: ru_ruu_ru ($142.69 in chips) 
sutata: posts small blind $0.50
B1GBankroll: posts big blind $1
*** HOLE CARDS ***
7bekon7: folds 
tpsteve69: folds 
rostickkin: folds 
ru_ruu_ru: folds 
sutata: folds 
Uncalled bet ($0.50) returned to B1GBankroll
B1GBankroll collected $1 from pot
B1GBankroll: doesn't show hand 
*** SUMMARY ***
Total pot $1 | Rake $0 
Seat 1: sutata (small blind) folded before Flop
Seat 2: B1GBankroll (big blind) collected ($1)
Seat 3: 7bekon7 folded before Flop (didn't bet)
Seat 4: tpsteve69 folded before Flop (didn't bet)
Seat 5: rostickkin folded before Flop (didn't bet)
Seat 6: ru_ruu_ru (button) folded before Flop (didn't bet)



PokerStars Hand #254307543915:  Hold'em No Limit ($0.50/$1.00 USD) - 2025/01/11 4:06:47 WET [2025/01/10 23:06:47 ET]
Table 'Mundleria II' 6-max Seat #1 is the button
Seat 1: sutata ($193.31 in chips) 
Seat 2: B1GBankroll ($100.50 in chips) 
Seat 3: 7bekon7 ($117.63 in chips) 
Seat 4: tpsteve69 ($59.70 in chips) 
Seat 5: rostickkin ($109.75 in chips) 
Seat 6: ru_ruu_ru ($142.69 in chips) 
B1GBankroll: posts small blind $0.50
7bekon7: posts big blind $1
*** HOLE CARDS ***
tpsteve69: calls $1
rostickkin: folds 
ru_ruu_ru: raises $3 to $4
sutata: folds 
B1GBankroll: folds 
7bekon7: folds 
tpsteve69: calls $3
*** FLOP *** [9d Qd 5s]
tpsteve69: checks 
ru_ruu_ru: bets $4.51
tpsteve69: calls $4.51
*** TURN *** [9d Qd 5s] [7d]
tpsteve69: checks 
ru_ruu_ru: checks 
*** RIVER *** [9d Qd 5s 7d] [7h]
tpsteve69: checks 
ru_ruu_ru: bets $13.19
tpsteve69: folds 
Uncalled bet ($13.19) returned to ru_ruu_ru
ru_ruu_ru collected $17.59 from pot
ru_ruu_ru: doesn't show hand 
*** SUMMARY ***
Total pot $18.52 | Rake $0.93 
Board [9d Qd 5s 7d 7h]
Seat 1: sutata (button) folded before Flop (didn't bet)
Seat 2: B1GBankroll (small blind) folded before Flop
Seat 3: 7bekon7 (big blind) folded before Flop
Seat 4: tpsteve69 folded on the River
Seat 5: rostickkin folded before Flop (didn't bet)
Seat 6: ru_ruu_ru collected ($17.59)



PokerStars Hand #254307550771:  Hold'em No Limit ($0.50/$1.00 USD) - 2025/01/11 4:07:39 WET [2025/01/10 23:07:39 ET]
Table 'Mundleria II' 6-max Seat #2 is the button
Seat 1: sutata ($193.31 in chips) 
Seat 2: B1GBankroll ($100 in chips) 
Seat 3: 7bekon7 ($116.63 in chips) 
Seat 4: tpsteve69 ($51.19 in chips) 
Seat 5: rostickkin ($109.75 in chips) 
Seat 6: ru_ruu_ru ($151.77 in chips) 
7bekon7: posts small blind $0.50
tpsteve69: posts big blind $1
*** HOLE CARDS ***
rostickkin: folds 
ru_ruu_ru: folds 
sutata: folds 
B1GBankroll: raises $1.50 to $2.50
7bekon7: folds 
tpsteve69: calls $1.50
*** FLOP *** [7c 6h Th]
tpsteve69: checks 
B1GBankroll: checks 
*** TURN *** [7c 6h Th] [Qh]
tpsteve69: checks 
B1GBankroll: checks 
*** RIVER *** [7c 6h Th Qh] [2c]
tpsteve69: checks 
B1GBankroll: checks 
*** SHOW DOWN ***
tpsteve69: shows [3d 9h] (high card Queen)
B1GBankroll: shows [5d 5s] (a pair of Fives)
B1GBankroll collected $5.22 from pot
*** SUMMARY ***
Total pot $5.50 | Rake $0.28 
Board [7c 6h Th Qh 2c]
Seat 1: sutata folded before Flop (didn't bet)
Seat 2: B1GBankroll (button) showed [5d 5s] and won ($5.22) with a pair of Fives
Seat 3: 7bekon7 (small blind) folded before Flop
Seat 4: tpsteve69 (big blind) showed [3d 9h] and lost with high card Queen
Seat 5: rostickkin folded before Flop (didn't bet)
Seat 6: ru_ruu_ru folded before Flop (didn't bet)



PokerStars Hand #254307555641:  Hold'em No Limit ($0.50/$1.00 USD) - 2025/01/11 4:08:16 WET [2025/01/10 23:08:16 ET]
Table 'Mundleria II' 6-max Seat #3 is the button
Seat 1: sutata ($193.31 in chips) 
Seat 3: 7bekon7 ($116.13 in chips) 
Seat 4: tpsteve69 ($48.69 in chips) 
Seat 5: rostickkin ($109.75 in chips) 
Seat 6: ru_ruu_ru ($151.77 in chips) 
tpsteve69: posts small blind $0.50
rostickkin: posts big blind $1
*** HOLE CARDS ***
ru_ruu_ru: folds 
sutata: raises $1.50 to $2.50
7bekon7: folds 
tpsteve69: calls $2
rostickkin: folds 
*** FLOP *** [6s Kd Js]
tpsteve69: checks 
sutata: checks 
*** TURN *** [6s Kd Js] [Qd]
tpsteve69: checks 
sutata: bets $2.85
tpsteve69: calls $2.85
*** RIVER *** [6s Kd Js Qd] [6d]
tpsteve69: checks 
sutata: bets $8.45
tpsteve69: folds 
Uncalled bet ($8.45) returned to sutata
sutata collected $11.12 from pot
sutata: doesn't show hand 
*** SUMMARY ***
Total pot $11.70 | Rake $0.58 
Board [6s Kd Js Qd 6d]
Seat 1: sutata collected ($11.12)
Seat 3: 7bekon7 (button) folded before Flop (didn't bet)
Seat 4: tpsteve69 (small blind) folded on the River
Seat 5: rostickkin (big blind) folded before Flop
Seat 6: ru_ruu_ru folded before Flop (didn't bet)



PokerStars Hand #254307560051:  Hold'em No Limit ($0.50/$1.00 USD) - 2025/01/11 4:08:51 WET [2025/01/10 23:08:51 ET]
Table 'Mundleria II' 6-max Seat #4 is the button
Seat 1: sutata ($199.08 in chips) 
Seat 3: 7bekon7 ($116.13 in chips) 
Seat 4: tpsteve69 ($43.34 in chips) 
Seat 5: rostickkin ($108.75 in chips) 
Seat 6: ru_ruu_ru ($151.77 in chips) 
rostickkin: posts small blind $0.50
ru_ruu_ru: posts big blind $1
*** HOLE CARDS ***
sutata: raises $1.50 to $2.50
7bekon7: folds 
tpsteve69: calls $2.50
rostickkin: folds 
ru_ruu_ru: folds 
*** FLOP *** [8c 5h 8d]
sutata: checks 
tpsteve69: bets $3.09
sutata: calls $3.09
*** TURN *** [8c 5h 8d] [3d]
sutata: checks 
Rileynic112 joins the table at seat #2 
Rileynic112 is disconnected 
tpsteve69: bets $6.03
sutata: calls $6.03
*** RIVER *** [8c 5h 8d 3d] [6s]
sutata: checks 
tpsteve69: checks 
*** SHOW DOWN ***
sutata: shows [Td Ah] (a pair of Eights)
tpsteve69: shows [9d 6d] (two pair, Eights and Sixes)
tpsteve69 collected $23.50 from pot
*** SUMMARY ***
Total pot $24.74 | Rake $1.24 
Board [8c 5h 8d 3d 6s]
Seat 1: sutata showed [Td Ah] and lost with a pair of Eights
Seat 3: 7bekon7 folded before Flop (didn't bet)
Seat 4: tpsteve69 (button) showed [9d 6d] and won ($23.50) with two pair, Eights and Sixes
Seat 5: rostickkin (small blind) folded before Flop
Seat 6: ru_ruu_ru (big blind) folded before Flop



PokerStars Hand #254307563987:  Hold'em No Limit ($0.50/$1.00 USD) - 2025/01/11 4:09:21 WET [2025/01/10 23:09:21 ET]
Table 'Mundleria II' 6-max Seat #5 is the button
Seat 1: sutata ($187.46 in chips) is sitting out
Seat 2: Rileynic112 ($80 in chips) 
Seat 3: 7bekon7 ($116.13 in chips) 
Seat 4: tpsteve69 ($55.22 in chips) 
Seat 5: rostickkin ($108.25 in chips) 
Seat 6: ru_ruu_ru ($150.77 in chips) 
ru_ruu_ru: posts small blind $0.50
sutata: is sitting out 
Rileynic112: posts big blind $1
*** HOLE CARDS ***
sutata leaves the table
7bekon7: folds 
tpsteve69: raises $1 to $2
rostickkin: folds 
ru_ruu_ru: calls $1.50
Rileynic112: folds 
*** FLOP *** [8h Tc Th]
ru_ruu_ru: checks 
tpsteve69: checks 
*** TURN *** [8h Tc Th] [2c]
Rileynic112 leaves the table
ru_ruu_ru: checks 
tpsteve69: checks 
*** RIVER *** [8h Tc Th 2c] [7c]
ru_ruu_ru: bets $3.14
tpsteve69: folds 
Uncalled bet ($3.14) returned to ru_ruu_ru
ru_ruu_ru collected $4.75 from pot
ru_ruu_ru: doesn't show hand 
*** SUMMARY ***
Total pot $5 | Rake $0.25 
Board [8h Tc Th 2c 7c]
Seat 1: sutata
Seat 2: Rileynic112 (big blind) folded before Flop
Seat 3: 7bekon7 folded before Flop (didn't bet)
Seat 4: tpsteve69 folded on the River
Seat 5: rostickkin (button) folded before Flop (didn't bet)
Seat 6: ru_ruu_ru (small blind) collected ($4.75)



PokerStars Hand #254307569226:  Hold'em No Limit ($0.50/$1.00 USD) - 2025/01/11 4:10:02 WET [2025/01/10 23:10:02 ET]
Table 'Mundleria II' 6-max Seat #6 is the button
Seat 3: 7bekon7 ($116.13 in chips) 
Seat 4: tpsteve69 ($53.22 in chips) 
Seat 5: rostickkin ($108.25 in chips) 
Seat 6: ru_ruu_ru ($153.52 in chips) 
7bekon7: posts small blind $0.50
tpsteve69: posts big blind $1
*** HOLE CARDS ***
rostickkin: folds 
ru_ruu_ru has timed out
ru_ruu_ru: folds 
7bekon7: raises $2 to $3
tpsteve69: calls $2
*** FLOP *** [2s Th Ad]
7bekon7: bets $1.43
tpsteve69: folds 
Uncalled bet ($1.43) returned to 7bekon7
7bekon7 collected $5.70 from pot
7bekon7: doesn't show hand 
*** SUMMARY ***
Total pot $6 | Rake $0.30 
Board [2s Th Ad]
Seat 3: 7bekon7 (small blind) collected ($5.70)
Seat 4: tpsteve69 (big blind) folded on the Flop
Seat 5: rostickkin folded before Flop (didn't bet)
Seat 6: ru_ruu_ru (button) folded before Flop (didn't bet)



PokerStars Hand #254307572959:  Hold'em No Limit ($0.50/$1.00 USD) - 2025/01/11 4:10:31 WET [2025/01/10 23:10:31 ET]
Table 'Mundleria II' 6-max Seat #3 is the button
Seat 3: 7bekon7 ($118.83 in chips) 
Seat 4: tpsteve69 ($50.22 in chips) 
Seat 5: rostickkin ($108.25 in chips) 
Seat 6: ru_ruu_ru ($153.52 in chips) 
tpsteve69: posts small blind $0.50
rostickkin: posts big blind $1
*** HOLE CARDS ***
ru_ruu_ru: folds 
7bekon7: folds 
tpsteve69: folds 
Uncalled bet ($0.50) returned to rostickkin
rostickkin collected $1 from pot
rostickkin: doesn't show hand 
*** SUMMARY ***
Total pot $1 | Rake $0 
Seat 3: 7bekon7 (button) folded before Flop (didn't bet)
Seat 4: tpsteve69 (small blind) folded before Flop
Seat 5: rostickkin (big blind) collected ($1)
Seat 6: ru_ruu_ru folded before Flop (didn't bet)



PokerStars Hand #254307573935:  Hold'em No Limit ($0.50/$1.00 USD) - 2025/01/11 4:10:39 WET [2025/01/10 23:10:39 ET]
Table 'Mundleria II' 6-max Seat #4 is the button
Seat 3: 7bekon7 ($118.83 in chips) 
Seat 4: tpsteve69 ($49.72 in chips) 
Seat 5: rostickkin ($108.75 in chips) 
Seat 6: ru_ruu_ru ($153.52 in chips) 
rostickkin: posts small blind $0.50
ru_ruu_ru: posts big blind $1
*** HOLE CARDS ***
7bekon7: folds 
tpsteve69: raises $2 to $3
rostickkin: folds 
ru_ruu_ru: calls $2
*** FLOP *** [6h Td 4d]
ru_ruu_ru: checks 
tpsteve69: bets $3.09
ddyyjj joins the table at seat #2 
ru_ruu_ru: folds 
Uncalled bet ($3.09) returned to tpsteve69
tpsteve69 collected $6.18 from pot
tpsteve69: doesn't show hand 
*** SUMMARY ***
Total pot $6.50 | Rake $0.32 
Board [6h Td 4d]
Seat 3: 7bekon7 folded before Flop (didn't bet)
Seat 4: tpsteve69 (button) collected ($6.18)
Seat 5: rostickkin (small blind) folded before Flop
Seat 6: ru_ruu_ru (big blind) folded on the Flop



PokerStars Hand #254307579961:  Hold'em No Limit ($0.50/$1.00 USD) - 2025/01/11 4:11:27 WET [2025/01/10 23:11:27 ET]
Table 'Mundleria II' 6-max Seat #5 is the button
Seat 2: ddyyjj ($100 in chips) 
Seat 3: 7bekon7 ($118.83 in chips) 
Seat 4: tpsteve69 ($52.90 in chips) 
Seat 5: rostickkin ($108.25 in chips) 
Seat 6: ru_ruu_ru ($150.52 in chips) 
ru_ruu_ru: posts small blind $0.50
ddyyjj: posts big blind $1
*** HOLE CARDS ***
7bekon7: folds 
tpsteve69: calls $1
rostickkin: folds 
ru_ruu_ru: folds 
ddyyjj: raises $2.50 to $3.50
tpsteve69: calls $2.50
*** FLOP *** [4s Qd Ts]
ddyyjj: bets $4.63
tpsteve69: folds 
Uncalled bet ($4.63) returned to ddyyjj
reeqar joins the table at seat #1 
ddyyjj collected $7.12 from pot
ddyyjj: doesn't show hand 
*** SUMMARY ***
Total pot $7.50 | Rake $0.38 
Board [4s Qd Ts]
Seat 2: ddyyjj (big blind) collected ($7.12)
Seat 3: 7bekon7 folded before Flop (didn't bet)
Seat 4: tpsteve69 folded on the Flop
Seat 5: rostickkin (button) folded before Flop (didn't bet)
Seat 6: ru_ruu_ru (small blind) folded before Flop



PokerStars Hand #254307582590:  Hold'em No Limit ($0.50/$1.00 USD) - 2025/01/11 4:11:48 WET [2025/01/10 23:11:48 ET]
Table 'Mundleria II' 6-max Seat #6 is the button
Seat 1: reeqar ($100 in chips) is sitting out
Seat 2: ddyyjj ($103.62 in chips) 
Seat 3: 7bekon7 ($118.83 in chips) 
Seat 4: tpsteve69 ($49.40 in chips) 
Seat 5: rostickkin ($108.25 in chips) 
Seat 6: ru_ruu_ru ($150.02 in chips) 
ddyyjj: posts small blind $0.50
7bekon7: posts big blind $1
*** HOLE CARDS ***
tpsteve69: folds 
rostickkin: folds 
ru_ruu_ru: raises $1.50 to $2.50
ddyyjj: folds 
7bekon7: folds 
Uncalled bet ($1.50) returned to ru_ruu_ru
ru_ruu_ru collected $2.50 from pot
ru_ruu_ru: doesn't show hand 
*** SUMMARY ***
Total pot $2.50 | Rake $0 
Seat 1: reeqar
Seat 2: ddyyjj (small blind) folded before Flop
Seat 3: 7bekon7 (big blind) folded before Flop
Seat 4: tpsteve69 folded before Flop (didn't bet)
Seat 5: rostickkin folded before Flop (didn't bet)
Seat 6: ru_ruu_ru (button) collected ($2.50)



PokerStars Hand #254307584525:  Hold'em No Limit ($0.50/$1.00 USD) - 2025/01/11 4:12:03 WET [2025/01/10 23:12:03 ET]
Table 'Mundleria II' 6-max Seat #2 is the button
Seat 1: reeqar ($100 in chips) is sitting out
Seat 2: ddyyjj ($103.12 in chips) 
Seat 3: 7bekon7 ($117.83 in chips) 
Seat 4: tpsteve69 ($49.40 in chips) 
Seat 5: rostickkin ($108.25 in chips) 
Seat 6: ru_ruu_ru ($151.52 in chips) 
7bekon7: posts small blind $0.50
tpsteve69: posts big blind $1
reeqar: sits out 
*** HOLE CARDS ***
rostickkin: folds 
ru_ruu_ru: folds 
ddyyjj: raises $1.50 to $2.50
7bekon7: raises $6 to $8.50
tpsteve69: calls $7.50
ddyyjj: calls $6
*** FLOP *** [Qs 9c Kh]
7bekon7: bets $12.11
tpsteve69: raises $28.79 to $40.90 and is all-in
ddyyjj: folds 
7bekon7: calls $28.79
*** TURN *** [Qs 9c Kh] [5h]
*** RIVER *** [Qs 9c Kh 5h] [Qc]
*** SHOW DOWN ***
7bekon7: shows [Kd Ks] (a full house, Kings full of Queens)
tpsteve69: shows [Td Jc] (a straight, Nine to King)
7bekon7 collected $104.80 from pot
*** SUMMARY ***
Total pot $107.30 | Rake $2.50 
Board [Qs 9c Kh 5h Qc]
Seat 1: reeqar
Seat 2: ddyyjj (button) folded on the Flop
Seat 3: 7bekon7 (small blind) showed [Kd Ks] and won ($104.80) with a full house, Kings full of Queens
Seat 4: tpsteve69 (big blind) showed [Td Jc] and lost with a straight, Nine to King
Seat 5: rostickkin folded before Flop (didn't bet)
Seat 6: ru_ruu_ru folded before Flop (didn't bet)



PokerStars Hand #254307590635:  Hold'em No Limit ($0.50/$1.00 USD) - 2025/01/11 4:12:50 WET [2025/01/10 23:12:50 ET]
Table 'Mundleria II' 6-max Seat #3 is the button
Seat 1: reeqar ($100 in chips) is sitting out
Seat 4: tpsteve69 ($0 in chips) is sitting out
Seat 2: ddyyjj ($94.62 in chips) 
Seat 3: 7bekon7 ($173.23 in chips) 
Seat 5: rostickkin ($108.25 in chips) 
Seat 6: ru_ruu_ru ($151.52 in chips) 
rostickkin: posts small blind $0.50
ru_ruu_ru: posts big blind $1
reeqar: sits out 
*** HOLE CARDS ***
ddyyjj: folds 
7bekon7: folds 
rostickkin: folds 
Uncalled bet ($0.50) returned to ru_ruu_ru
ru_ruu_ru collected $1 from pot
ru_ruu_ru: doesn't show hand 
*** SUMMARY ***
Total pot $1 | Rake $0 
Seat 1: reeqar
Seat 4: tpsteve69
Seat 2: ddyyjj folded before Flop (didn't bet)
Seat 3: 7bekon7 (button) folded before Flop (didn't bet)
Seat 5: rostickkin (small blind) folded before Flop
Seat 6: ru_ruu_ru (big blind) collected ($1)



PokerStars Hand #254307592952:  Hold'em No Limit ($0.50/$1.00 USD) - 2025/01/11 4:13:09 WET [2025/01/10 23:13:09 ET]
Table 'Mundleria II' 6-max Seat #5 is the button
Seat 4: tpsteve69 ($0 in chips) is sitting out
Seat 1: reeqar ($100 in chips) 
Seat 2: ddyyjj ($94.62 in chips) 
Seat 3: 7bekon7 ($173.23 in chips) 
Seat 5: rostickkin ($107.75 in chips) 
Seat 6: ru_ruu_ru ($152.02 in chips) 
ru_ruu_ru: posts small blind $0.50
reeqar: posts big blind $1
*** HOLE CARDS ***
tpsteve69 is disconnected 
ddyyjj: folds 
7bekon7: folds 
rostickkin: raises $1.50 to $2.50
ru_ruu_ru: folds 
reeqar: folds 
Uncalled bet ($1.50) returned to rostickkin
rostickkin collected $2.50 from pot
rostickkin: doesn't show hand 
*** SUMMARY ***
Total pot $2.50 | Rake $0 
Seat 4: tpsteve69
Seat 1: reeqar (big blind) folded before Flop
Seat 2: ddyyjj folded before Flop (didn't bet)
Seat 3: 7bekon7 folded before Flop (didn't bet)
Seat 5: rostickkin (button) collected ($2.50)
Seat 6: ru_ruu_ru (small blind) folded before Flop



PokerStars Hand #254307594661:  Hold'em No Limit ($0.50/$1.00 USD) - 2025/01/11 4:13:22 WET [2025/01/10 23:13:22 ET]
Table 'Mundleria II' 6-max Seat #6 is the button
Seat 4: tpsteve69 ($0 in chips) is sitting out
Seat 1: reeqar ($100 in chips) 
Seat 2: ddyyjj ($94.62 in chips) 
Seat 3: 7bekon7 ($173.23 in chips) 
Seat 5: rostickkin ($109.25 in chips) 
Seat 6: ru_ruu_ru ($151.52 in chips) 
reeqar: posts small blind $0.50
ddyyjj: posts big blind $1
*** HOLE CARDS ***
7bekon7: raises $1.25 to $2.25
rostickkin: folds 
ru_ruu_ru: folds 
tpsteve69 leaves the table
reeqar: folds 
rostickkin leaves the table
ddyyjj: folds 
Uncalled bet ($1.25) returned to 7bekon7
7bekon7 collected $2.50 from pot
7bekon7: doesn't show hand 
*** SUMMARY ***
Total pot $2.50 | Rake $0 
Seat 4: tpsteve69
Seat 1: reeqar (small blind) folded before Flop
Seat 2: ddyyjj (big blind) folded before Flop
Seat 3: 7bekon7 collected ($2.50)
Seat 5: rostickkin folded before Flop (didn't bet)
Seat 6: ru_ruu_ru (button) folded before Flop (didn't bet)



PokerStars Hand #254307596848:  Hold'em No Limit ($0.50/$1.00 USD) - 2025/01/11 4:13:40 WET [2025/01/10 23:13:40 ET]
Table 'Mundleria II' 6-max Seat #1 is the button
Seat 1: reeqar ($100 in chips) 
Seat 2: ddyyjj ($93.62 in chips) 
Seat 3: 7bekon7 ($174.73 in chips) 
Seat 6: ru_ruu_ru ($151.52 in chips) 
ddyyjj: posts small blind $0.50
7bekon7: posts big blind $1
*** HOLE CARDS ***
ru_ruu_ru: raises $1.50 to $2.50
reeqar: folds 
ddyyjj: folds 
7bekon7: folds 
Uncalled bet ($1.50) returned to ru_ruu_ru
ru_ruu_ru collected $2.50 from pot
ru_ruu_ru: doesn't show hand 
*** SUMMARY ***
Total pot $2.50 | Rake $0 
Seat 1: reeqar (button) folded before Flop (didn't bet)
Seat 2: ddyyjj (small blind) folded before Flop
Seat 3: 7bekon7 (big blind) folded before Flop
Seat 6: ru_ruu_ru collected ($2.50)



PokerStars Hand #254307598144:  Hold'em No Limit ($0.50/$1.00 USD) - 2025/01/11 4:13:50 WET [2025/01/10 23:13:50 ET]
Table 'Mundleria II' 6-max Seat #3 is the button
Seat 1: reeqar ($100 in chips) is sitting out
Seat 6: ru_ruu_ru ($153.02 in chips) is sitting out
Seat 2: ddyyjj ($93.12 in chips) 
Seat 3: 7bekon7 ($173.73 in chips) 
7bekon7: posts small blind $0.50
ru_ruu_ru: is sitting out 
reeqar: is sitting out 
ddyyjj: posts big blind $1
*** HOLE CARDS ***
ru_ruu_ru leaves the table
7bekon7: raises $2 to $3
ddyyjj: calls $2
*** FLOP *** [Js 7h 3d]
reeqar leaves the table
ddyyjj: checks 
7bekon7: bets $1.43
ddyyjj: calls $1.43
*** TURN *** [Js 7h 3d] [4h]
ddyyjj: bets $3.79
7bekon7: folds 
Uncalled bet ($3.79) returned to ddyyjj
ddyyjj collected $8.42 from pot
ddyyjj: doesn't show hand 
*** SUMMARY ***
Total pot $8.86 | Rake $0.44 
Board [Js 7h 3d 4h]
Seat 1: reeqar
Seat 6: ru_ruu_ru
Seat 2: ddyyjj (big blind) collected ($8.42)
Seat 3: 7bekon7 (button) (small blind) folded on the Turn



PokerStars Hand #254307605961:  Hold'em No Limit ($0.50/$1.00 USD) - 2025/01/11 4:14:52 WET [2025/01/10 23:14:52 ET]
Table 'Mundleria II' 6-max Seat #2 is the button
Seat 2: ddyyjj ($97.11 in chips) 
Seat 3: 7bekon7 ($169.30 in chips) 
ddyyjj: posts small blind $0.50
7bekon7: posts big blind $1
*** HOLE CARDS ***
ddyyjj: folds 
Uncalled bet ($0.50) returned to 7bekon7
7bekon7 collected $1 from pot
7bekon7: doesn't show hand 
*** SUMMARY ***
Total pot $1 | Rake $0 
Seat 2: ddyyjj (button) (small blind) folded before Flop
Seat 3: 7bekon7 (big blind) collected ($1)



PokerStars Hand #254307607040:  Hold'em No Limit ($0.50/$1.00 USD) - 2025/01/11 4:15:00 WET [2025/01/10 23:15:00 ET]
Table 'Mundleria II' 6-max Seat #3 is the button
Seat 2: ddyyjj ($96.61 in chips) 
Seat 3: 7bekon7 ($169.80 in chips) 
7bekon7: posts small blind $0.50
ddyyjj: posts big blind $1
*** HOLE CARDS ***
7bekon7: raises $2 to $3
ddyyjj: folds 
Uncalled bet ($2) returned to 7bekon7
7bekon7 collected $2 from pot
7bekon7: doesn't show hand 
*** SUMMARY ***
Total pot $2 | Rake $0 
Seat 2: ddyyjj (big blind) folded before Flop
Seat 3: 7bekon7 (button) (small blind) collected ($2)



PokerStars Hand #254307609818:  Hold'em No Limit ($0.50/$1.00 USD) - 2025/01/11 4:15:23 WET [2025/01/10 23:15:23 ET]
Table 'Mundleria II' 6-max Seat #2 is the button
Seat 2: ddyyjj ($95.61 in chips) 
Seat 3: 7bekon7 ($170.80 in chips) 
ddyyjj: posts small blind $0.50
7bekon7: posts big blind $1
*** HOLE CARDS ***
ddyyjj: raises $2 to $3
7bekon7: folds 
Uncalled bet ($2) returned to ddyyjj
ddyyjj collected $2 from pot
ddyyjj: doesn't show hand 
*** SUMMARY ***
Total pot $2 | Rake $0 
Seat 2: ddyyjj (button) (small blind) collected ($2)
Seat 3: 7bekon7 (big blind) folded before Flop



PokerStars Hand #254307612350:  Hold'em No Limit ($0.50/$1.00 USD) - 2025/01/11 4:15:43 WET [2025/01/10 23:15:43 ET]
Table 'Mundleria II' 6-max Seat #3 is the button
Seat 2: ddyyjj ($96.61 in chips) 
Seat 3: 7bekon7 ($169.80 in chips) 
7bekon7: posts small blind $0.50
ddyyjj: posts big blind $1
*** HOLE CARDS ***
7bekon7: raises $2 to $3
ddyyjj: folds 
Uncalled bet ($2) returned to 7bekon7
7bekon7 collected $2 from pot
7bekon7: doesn't show hand 
*** SUMMARY ***
Total pot $2 | Rake $0 
Seat 2: ddyyjj (big blind) folded before Flop
Seat 3: 7bekon7 (button) (small blind) collected ($2)



PokerStars Hand #254307613546:  Hold'em No Limit ($0.50/$1.00 USD) - 2025/01/11 4:15:52 WET [2025/01/10 23:15:52 ET]
Table 'Mundleria II' 6-max Seat #2 is the button
Seat 2: ddyyjj ($95.61 in chips) 
Seat 3: 7bekon7 ($170.80 in chips) 
ddyyjj: posts small blind $0.50
7bekon7: posts big blind $1
*** HOLE CARDS ***
ddyyjj: raises $2 to $3
7bekon7: folds 
Uncalled bet ($2) returned to ddyyjj
ddyyjj collected $2 from pot
ddyyjj: doesn't show hand 
*** SUMMARY ***
Total pot $2 | Rake $0 
Seat 2: ddyyjj (button) (small blind) collected ($2)
Seat 3: 7bekon7 (big blind) folded before Flop



PokerStars Hand #254307615662:  Hold'em No Limit ($0.50/$1.00 USD) - 2025/01/11 4:16:09 WET [2025/01/10 23:16:09 ET]
Table 'Mundleria II' 6-max Seat #3 is the button
Seat 2: ddyyjj ($96.61 in chips) 
Seat 3: 7bekon7 ($169.80 in chips) 
7bekon7: posts small blind $0.50
ddyyjj: posts big blind $1
*** HOLE CARDS ***
7bekon7: folds 
Uncalled bet ($0.50) returned to ddyyjj
ddyyjj collected $1 from pot
ddyyjj: doesn't show hand 
*** SUMMARY ***
Total pot $1 | Rake $0 
Seat 2: ddyyjj (big blind) collected ($1)
Seat 3: 7bekon7 (button) (small blind) folded before Flop



PokerStars Hand #254307616418:  Hold'em No Limit ($0.50/$1.00 USD) - 2025/01/11 4:16:15 WET [2025/01/10 23:16:15 ET]
Table 'Mundleria II' 6-max Seat #2 is the button
Seat 2: ddyyjj ($97.11 in chips) 
Seat 3: 7bekon7 ($169.30 in chips) 
ddyyjj: posts small blind $0.50
7bekon7: posts big blind $1
*** HOLE CARDS ***
ddyyjj: raises $1.50 to $2.50
7bekon7: calls $1.50
*** FLOP *** [Jd 8c 6h]
7bekon7: checks 
ddyyjj: checks 
*** TURN *** [Jd 8c 6h] [Qs]
7bekon7: bets $2.38
ddyyjj: calls $2.38
*** RIVER *** [Jd 8c 6h Qs] [Td]
7bekon7: bets $9.27
ddyyjj: folds 
Uncalled bet ($9.27) returned to 7bekon7
7bekon7 collected $9.27 from pot
7bekon7: doesn't show hand 
ddyyjj leaves the table
*** SUMMARY ***
Total pot $9.76 | Rake $0.49 
Board [Jd 8c 6h Qs Td]
Seat 2: ddyyjj (button) (small blind) folded on the River
Seat 3: 7bekon7 (big blind) collected ($9.27)



