PokerStars Hand #254315052085:  Hold'em No Limit ($0.50/$1.00 USD) - 2025/01/11 16:39:14 WET [2025/01/11 11:39:14 ET]
Table 'Beltrovata II' 6-max Seat #6 is the button
Seat 5: art028rrr ($26.50 in chips) 
Seat 6: Pippa83 ($101 in chips) 
Pippa83: posts small blind $0.50
art028rrr: posts big blind $1
*** HOLE CARDS ***
Pippa83: raises $1.50 to $2.50
art028rrr: folds 
Uncalled bet ($1.50) returned to Pippa83
Pippa83 collected $2 from pot
Pippa83: doesn't show hand 
CaHek-Ty3 joins the table at seat #1 
*** SUMMARY ***
Total pot $2 | Rake $0 
Seat 5: art028rrr (big blind) folded before Flop
Seat 6: Pippa83 (button) (small blind) collected ($2)



PokerStars Hand #254315054358:  Hold'em No Limit ($0.50/$1.00 USD) - 2025/01/11 16:39:23 WET [2025/01/11 11:39:23 ET]
Table 'Beltrovata II' 6-max Seat #5 is the button
Seat 1: CaHek-Ty3 ($100 in chips) 
Seat 5: art028rrr ($25.50 in chips) 
Seat 6: Pippa83 ($102 in chips) 
Pippa83: posts small blind $0.50
CaHek-Ty3: posts big blind $1
*** HOLE CARDS ***
art028rrr: folds 
Pippa83: folds 
Uncalled bet ($0.50) returned to CaHek-Ty3
CaHek-Ty3 collected $1 from pot
*** SUMMARY ***
Total pot $1 | Rake $0 
Seat 1: CaHek-Ty3 (big blind) collected ($1)
Seat 5: art028rrr (button) folded before Flop (didn't bet)
Seat 6: Pippa83 (small blind) folded before Flop



PokerStars Hand #254315056313:  Hold'em No Limit ($0.50/$1.00 USD) - 2025/01/11 16:39:30 WET [2025/01/11 11:39:30 ET]
Table 'Beltrovata II' 6-max Seat #6 is the button
Seat 1: CaHek-Ty3 ($100.50 in chips) 
Seat 5: art028rrr ($25.50 in chips) 
Seat 6: Pippa83 ($101.50 in chips) 
CaHek-Ty3: posts small blind $0.50
art028rrr: posts big blind $1
*** HOLE CARDS ***
Pippa83: folds 
CaHek-Ty3: raises $2 to $3
art028rrr: folds 
Uncalled bet ($2) returned to CaHek-Ty3
CaHek-Ty3 collected $2 from pot
*** SUMMARY ***
Total pot $2 | Rake $0 
Seat 1: CaHek-Ty3 (small blind) collected ($2)
Seat 5: art028rrr (big blind) folded before Flop
Seat 6: Pippa83 (button) folded before Flop (didn't bet)



PokerStars Hand #254315059120:  Hold'em No Limit ($0.50/$1.00 USD) - 2025/01/11 16:39:40 WET [2025/01/11 11:39:40 ET]
Table 'Beltrovata II' 6-max Seat #1 is the button
Seat 1: CaHek-Ty3 ($101.50 in chips) 
Seat 5: art028rrr ($24.50 in chips) 
Seat 6: Pippa83 ($101.50 in chips) 
art028rrr: posts small blind $0.50
Pippa83: posts big blind $1
*** HOLE CARDS ***
CaHek-Ty3: raises $1.50 to $2.50
art028rrr: calls $2
Pippa83: folds 
*** FLOP *** [9s 3d Th]
art028rrr: checks 
CaHek-Ty3: checks 
*** TURN *** [9s 3d Th] [2h]
art028rrr: bets $1
CaHek-Ty3: calls $1
*** RIVER *** [9s 3d Th 2h] [5c]
An1an1 joins the table at seat #2 
art028rrr: checks 
CaHek-Ty3: bets $10.54
art028rrr: folds 
Uncalled bet ($10.54) returned to CaHek-Ty3
CaHek-Ty3 collected $7.60 from pot
*** SUMMARY ***
Total pot $8 | Rake $0.40 
Board [9s 3d Th 2h 5c]
Seat 1: CaHek-Ty3 (button) collected ($7.60)
Seat 5: art028rrr (small blind) folded on the River
Seat 6: Pippa83 (big blind) folded before Flop



PokerStars Hand #254315072069:  Hold'em No Limit ($0.50/$1.00 USD) - 2025/01/11 16:40:27 WET [2025/01/11 11:40:27 ET]
Table 'Beltrovata II' 6-max Seat #5 is the button
Seat 2: An1an1 ($100 in chips) is sitting out
Seat 1: CaHek-Ty3 ($105.60 in chips) 
Seat 5: art028rrr ($21 in chips) 
Seat 6: Pippa83 ($100.50 in chips) 
Pippa83: posts small blind $0.50
CaHek-Ty3: posts big blind $1
An1an1: sits out 
*** HOLE CARDS ***
art028rrr: folds 
Pippa83: folds 
Uncalled bet ($0.50) returned to CaHek-Ty3
CaHek-Ty3 collected $1 from pot
*** SUMMARY ***
Total pot $1 | Rake $0 
Seat 2: An1an1
Seat 1: CaHek-Ty3 (big blind) collected ($1)
Seat 5: art028rrr (button) folded before Flop (didn't bet)
Seat 6: Pippa83 (small blind) folded before Flop



PokerStars Hand #254315074309:  Hold'em No Limit ($0.50/$1.00 USD) - 2025/01/11 16:40:35 WET [2025/01/11 11:40:35 ET]
Table 'Beltrovata II' 6-max Seat #6 is the button
Seat 1: CaHek-Ty3 ($106.10 in chips) 
Seat 2: An1an1 ($100 in chips) 
Seat 5: art028rrr ($21 in chips) 
Seat 6: Pippa83 ($100 in chips) 
CaHek-Ty3: posts small blind $0.50
An1an1: posts big blind $1
*** HOLE CARDS ***
art028rrr: calls $1
Pippa83: folds 
CaHek-Ty3: folds 
An1an1: checks 
*** FLOP *** [Jh 9d 7h]
An1an1: checks 
art028rrr: checks 
*** TURN *** [Jh 9d 7h] [Ad]
An1an1: bets $1.19
art028rrr: folds 
Uncalled bet ($1.19) returned to An1an1
An1an1 collected $2.38 from pot
An1an1: doesn't show hand 
*** SUMMARY ***
Total pot $2.50 | Rake $0.12 
Board [Jh 9d 7h Ad]
Seat 1: CaHek-Ty3 (small blind) folded before Flop
Seat 2: An1an1 (big blind) collected ($2.38)
Seat 5: art028rrr folded on the Turn
Seat 6: Pippa83 (button) folded before Flop (didn't bet)



PokerStars Hand #254315083376:  Hold'em No Limit ($0.50/$1.00 USD) - 2025/01/11 16:41:09 WET [2025/01/11 11:41:09 ET]
Table 'Beltrovata II' 6-max Seat #1 is the button
Seat 2: An1an1 ($101.38 in chips) is sitting out
Seat 1: CaHek-Ty3 ($105.60 in chips) 
Seat 5: art028rrr ($20 in chips) 
Seat 6: Pippa83 ($100 in chips) 
art028rrr: posts small blind $0.50
Pippa83: posts big blind $1
*** HOLE CARDS ***
An1an1 leaves the table
CaHek-Ty3: folds 
art028rrr: folds 
Uncalled bet ($0.50) returned to Pippa83
Pippa83 collected $1 from pot
Pippa83: doesn't show hand 
*** SUMMARY ***
Total pot $1 | Rake $0 
Seat 2: An1an1
Seat 1: CaHek-Ty3 (button) folded before Flop (didn't bet)
Seat 5: art028rrr (small blind) folded before Flop
Seat 6: Pippa83 (big blind) collected ($1)



PokerStars Hand #254315085474:  Hold'em No Limit ($0.50/$1.00 USD) - 2025/01/11 16:41:16 WET [2025/01/11 11:41:16 ET]
Table 'Beltrovata II' 6-max Seat #5 is the button
Seat 1: CaHek-Ty3 ($105.60 in chips) 
Seat 5: art028rrr ($19.50 in chips) 
Seat 6: Pippa83 ($100.50 in chips) 
Pippa83: posts small blind $0.50
CaHek-Ty3: posts big blind $1
*** HOLE CARDS ***
art028rrr: folds 
Pippa83: folds 
Uncalled bet ($0.50) returned to CaHek-Ty3
CaHek-Ty3 collected $1 from pot
*** SUMMARY ***
Total pot $1 | Rake $0 
Seat 1: CaHek-Ty3 (big blind) collected ($1)
Seat 5: art028rrr (button) folded before Flop (didn't bet)
Seat 6: Pippa83 (small blind) folded before Flop



PokerStars Hand #254315088272:  Hold'em No Limit ($0.50/$1.00 USD) - 2025/01/11 16:41:27 WET [2025/01/11 11:41:27 ET]
Table 'Beltrovata II' 6-max Seat #6 is the button
Seat 1: CaHek-Ty3 ($106.10 in chips) 
Seat 5: art028rrr ($19.50 in chips) 
Seat 6: Pippa83 ($100 in chips) 
CaHek-Ty3: posts small blind $0.50
art028rrr: posts big blind $1
*** HOLE CARDS ***
Pippa83: folds 
CaHek-Ty3: raises $2 to $3
art028rrr: folds 
Uncalled bet ($2) returned to CaHek-Ty3
CaHek-Ty3 collected $2 from pot
*** SUMMARY ***
Total pot $2 | Rake $0 
Seat 1: CaHek-Ty3 (small blind) collected ($2)
Seat 5: art028rrr (big blind) folded before Flop
Seat 6: Pippa83 (button) folded before Flop (didn't bet)



PokerStars Hand #254315092212:  Hold'em No Limit ($0.50/$1.00 USD) - 2025/01/11 16:41:41 WET [2025/01/11 11:41:41 ET]
Table 'Beltrovata II' 6-max Seat #1 is the button
Seat 1: CaHek-Ty3 ($107.10 in chips) 
Seat 5: art028rrr ($18.50 in chips) 
Seat 6: Pippa83 ($100 in chips) 
art028rrr: posts small blind $0.50
Pippa83: posts big blind $1
*** HOLE CARDS ***
CaHek-Ty3: raises $1.50 to $2.50
art028rrr: folds 
Pippa83: raises $9.50 to $12
CaHek-Ty3: folds 
Uncalled bet ($9.50) returned to Pippa83
Pippa83 collected $5.50 from pot
Pippa83: doesn't show hand 
*** SUMMARY ***
Total pot $5.50 | Rake $0 
Seat 1: CaHek-Ty3 (button) folded before Flop
Seat 5: art028rrr (small blind) folded before Flop
Seat 6: Pippa83 (big blind) collected ($5.50)



PokerStars Hand #254315099970:  Hold'em No Limit ($0.50/$1.00 USD) - 2025/01/11 16:42:09 WET [2025/01/11 11:42:09 ET]
Table 'Beltrovata II' 6-max Seat #5 is the button
Seat 1: CaHek-Ty3 ($104.60 in chips) 
Seat 5: art028rrr ($18 in chips) 
Seat 6: Pippa83 ($103 in chips) 
Pippa83: posts small blind $0.50
CaHek-Ty3: posts big blind $1
*** HOLE CARDS ***
art028rrr: folds 
Pippa83: raises $2 to $3
CaHek-Ty3: calls $2
*** FLOP *** [3h 3s 4s]
art028rrr leaves the table
Pippa83: checks 
CaHek-Ty3: checks 
*** TURN *** [3h 3s 4s] [2h]
Pippa83: checks 
CaHek-Ty3: bets $4.28
Pippa83: folds 
Uncalled bet ($4.28) returned to CaHek-Ty3
CaHek-Ty3 collected $5.70 from pot
*** SUMMARY ***
Total pot $6 | Rake $0.30 
Board [3h 3s 4s 2h]
Seat 1: CaHek-Ty3 (big blind) collected ($5.70)
Seat 5: art028rrr (button) folded before Flop (didn't bet)
Seat 6: Pippa83 (small blind) folded on the Turn



PokerStars Hand #254315114575:  Hold'em No Limit ($0.50/$1.00 USD) - 2025/01/11 16:43:02 WET [2025/01/11 11:43:02 ET]
Table 'Beltrovata II' 6-max Seat #6 is the button
Seat 2: Edi131313 ($100 in chips) 
Seat 3: PhoenixAssassin ($100 in chips) 
Seat 6: Pippa83 ($100 in chips) 
Edi131313: posts small blind $0.50
PhoenixAssassin: posts big blind $1
*** HOLE CARDS ***
Pippa83: folds 
Edi131313: raises $1 to $2
PhoenixAssassin: raises $6 to $8
Edi131313: folds 
Uncalled bet ($6) returned to PhoenixAssassin
PhoenixAssassin collected $4 from pot
PhoenixAssassin: doesn't show hand 
*** SUMMARY ***
Total pot $4 | Rake $0 
Seat 2: Edi131313 (small blind) folded before Flop
Seat 3: PhoenixAssassin (big blind) collected ($4)
Seat 6: Pippa83 (button) folded before Flop (didn't bet)



PokerStars Hand #254315118898:  Hold'em No Limit ($0.50/$1.00 USD) - 2025/01/11 16:43:18 WET [2025/01/11 11:43:18 ET]
Table 'Beltrovata II' 6-max Seat #2 is the button
Seat 2: Edi131313 ($98 in chips) 
Seat 3: PhoenixAssassin ($102 in chips) 
Seat 6: Pippa83 ($100 in chips) 
PhoenixAssassin: posts small blind $0.50
Pippa83: posts big blind $1
*** HOLE CARDS ***
Edi131313: folds 
PhoenixAssassin: raises $2 to $3
Dante21b joins the table at seat #4 
vadjkeee joins the table at seat #5 
Pippa83: folds 
Uncalled bet ($2) returned to PhoenixAssassin
PhoenixAssassin collected $2 from pot
PhoenixAssassin: doesn't show hand 
*** SUMMARY ***
Total pot $2 | Rake $0 
Seat 2: Edi131313 (button) folded before Flop (didn't bet)
Seat 3: PhoenixAssassin (small blind) collected ($2)
Seat 6: Pippa83 (big blind) folded before Flop



PokerStars Hand #254315125244:  Hold'em No Limit ($0.50/$1.00 USD) - 2025/01/11 16:43:41 WET [2025/01/11 11:43:41 ET]
Table 'Beltrovata II' 6-max Seat #3 is the button
Seat 4: Dante21b ($100 in chips) is sitting out
Seat 5: vadjkeee ($100 in chips) is sitting out
Seat 2: Edi131313 ($98 in chips) 
Seat 3: PhoenixAssassin ($103 in chips) 
Seat 6: Pippa83 ($100 in chips) 
Pippa83: posts small blind $0.50
Edi131313: posts big blind $1
*** HOLE CARDS ***
PhoenixAssassin: folds 
Pippa83: folds 
Uncalled bet ($0.50) returned to Edi131313
Edi131313 collected $1 from pot
Edi131313: doesn't show hand 
*** SUMMARY ***
Total pot $1 | Rake $0 
Seat 4: Dante21b
Seat 5: vadjkeee
Seat 2: Edi131313 (big blind) collected ($1)
Seat 3: PhoenixAssassin (button) folded before Flop (didn't bet)
Seat 6: Pippa83 (small blind) folded before Flop



PokerStars Hand #254315127114:  Hold'em No Limit ($0.50/$1.00 USD) - 2025/01/11 16:43:48 WET [2025/01/11 11:43:48 ET]
Table 'Beltrovata II' 6-max Seat #6 is the button
Seat 4: Dante21b ($100 in chips) is sitting out
Seat 5: vadjkeee ($100 in chips) is sitting out
Seat 2: Edi131313 ($98.50 in chips) 
Seat 3: PhoenixAssassin ($103 in chips) 
Seat 6: Pippa83 ($100 in chips) 
Edi131313: posts small blind $0.50
PhoenixAssassin: posts big blind $1
Dante21b: sits out 
vadjkeee: sits out 
*** HOLE CARDS ***
Pippa83: folds 
Edi131313: folds 
Uncalled bet ($0.50) returned to PhoenixAssassin
PhoenixAssassin collected $1 from pot
PhoenixAssassin: doesn't show hand 
*** SUMMARY ***
Total pot $1 | Rake $0 
Seat 4: Dante21b
Seat 5: vadjkeee
Seat 2: Edi131313 (small blind) folded before Flop
Seat 3: PhoenixAssassin (big blind) collected ($1)
Seat 6: Pippa83 (button) folded before Flop (didn't bet)



PokerStars Hand #254315129164:  Hold'em No Limit ($0.50/$1.00 USD) - 2025/01/11 16:43:55 WET [2025/01/11 11:43:55 ET]
Table 'Beltrovata II' 6-max Seat #2 is the button
Seat 5: vadjkeee ($100 in chips) is sitting out
Seat 2: Edi131313 ($98 in chips) 
Seat 3: PhoenixAssassin ($103.50 in chips) 
Seat 4: Dante21b ($100 in chips) 
Seat 6: Pippa83 ($100 in chips) 
PhoenixAssassin: posts small blind $0.50
Dante21b: posts big blind $1
vadjkeee: sits out 
*** HOLE CARDS ***
Pippa83: folds 
Edi131313: raises $1 to $2
PhoenixAssassin: folds 
Dante21b: calls $1
*** FLOP *** [8h 3h Ad]
Dante21b: checks 
Edi131313: checks 
*** TURN *** [8h 3h Ad] [5c]
Dante21b: checks 
Edi131313: bets $2.14
Dante21b: calls $2.14
*** RIVER *** [8h 3h Ad 5c] [Td]
Dante21b: checks 
Edi131313: checks 
*** SHOW DOWN ***
Dante21b: shows [7h 5h] (a pair of Fives)
Edi131313: shows [4h Ah] (a pair of Aces)
Edi131313 collected $8.34 from pot
*** SUMMARY ***
Total pot $8.78 | Rake $0.44 
Board [8h 3h Ad 5c Td]
Seat 5: vadjkeee
Seat 2: Edi131313 (button) showed [4h Ah] and won ($8.34) with a pair of Aces
Seat 3: PhoenixAssassin (small blind) folded before Flop
Seat 4: Dante21b (big blind) showed [7h 5h] and lost with a pair of Fives
Seat 6: Pippa83 folded before Flop (didn't bet)



PokerStars Hand #254315139612:  Hold'em No Limit ($0.50/$1.00 USD) - 2025/01/11 16:44:34 WET [2025/01/11 11:44:34 ET]
Table 'Beltrovata II' 6-max Seat #3 is the button
Seat 2: Edi131313 ($102.20 in chips) 
Seat 3: PhoenixAssassin ($103 in chips) 
Seat 4: Dante21b ($95.86 in chips) 
Seat 5: vadjkeee ($100 in chips) 
Seat 6: Pippa83 ($100 in chips) 
Dante21b: posts small blind $0.50
vadjkeee: posts big blind $1
*** HOLE CARDS ***
Pippa83: raises $1.20 to $2.20
Edi131313: calls $2.20
PhoenixAssassin: folds 
Dante21b: folds 
vadjkeee: folds 
*** FLOP *** [Ah 2h 8s]
Pippa83: bets $4.20
Edi131313: calls $4.20
*** TURN *** [Ah 2h 8s] [Jd]
Pippa83: bets $10.19
Edi131313: folds 
Uncalled bet ($10.19) returned to Pippa83
Pippa83 collected $13.58 from pot
Pippa83: doesn't show hand 
*** SUMMARY ***
Total pot $14.30 | Rake $0.72 
Board [Ah 2h 8s Jd]
Seat 2: Edi131313 folded on the Turn
Seat 3: PhoenixAssassin (button) folded before Flop (didn't bet)
Seat 4: Dante21b (small blind) folded before Flop
Seat 5: vadjkeee (big blind) folded before Flop
Seat 6: Pippa83 collected ($13.58)



PokerStars Hand #254315146459:  Hold'em No Limit ($0.50/$1.00 USD) - 2025/01/11 16:44:59 WET [2025/01/11 11:44:59 ET]
Table 'Beltrovata II' 6-max Seat #4 is the button
Seat 2: Edi131313 ($95.80 in chips) 
Seat 3: PhoenixAssassin ($103 in chips) 
Seat 4: Dante21b ($95.36 in chips) 
Seat 5: vadjkeee ($100 in chips) 
Seat 6: Pippa83 ($107.18 in chips) 
vadjkeee: posts small blind $0.50
Pippa83: posts big blind $1
*** HOLE CARDS ***
Edi131313: raises $1 to $2
PhoenixAssassin: folds 
Dante21b: raises $6.50 to $8.50
vadjkeee: folds 
Pippa83: folds 
Edi131313: folds 
Uncalled bet ($6.50) returned to Dante21b
Dante21b collected $5.50 from pot
Dante21b: doesn't show hand 
*** SUMMARY ***
Total pot $5.50 | Rake $0 
Seat 2: Edi131313 folded before Flop
Seat 3: PhoenixAssassin folded before Flop (didn't bet)
Seat 4: Dante21b (button) collected ($5.50)
Seat 5: vadjkeee (small blind) folded before Flop
Seat 6: Pippa83 (big blind) folded before Flop



PokerStars Hand #254315153184:  Hold'em No Limit ($0.50/$1.00 USD) - 2025/01/11 16:45:23 WET [2025/01/11 11:45:23 ET]
Table 'Beltrovata II' 6-max Seat #5 is the button
Seat 2: Edi131313 ($93.80 in chips) 
Seat 3: PhoenixAssassin ($103 in chips) 
Seat 4: Dante21b ($98.86 in chips) 
Seat 5: vadjkeee ($100 in chips) 
Seat 6: Pippa83 ($106.18 in chips) 
Pippa83: posts small blind $0.50
Edi131313: posts big blind $1
*** HOLE CARDS ***
PhoenixAssassin: folds 
Dante21b: folds 
vadjkeee: folds 
Pippa83: raises $2 to $3
Edi131313: calls $2
*** FLOP *** [Kc 2h 3c]
Pippa83: bets $1.14
Edi131313: raises $3.99 to $5.13
Pippa83: folds 
Uncalled bet ($3.99) returned to Edi131313
Edi131313 collected $7.87 from pot
Edi131313: doesn't show hand 
*** SUMMARY ***
Total pot $8.28 | Rake $0.41 
Board [Kc 2h 3c]
Seat 2: Edi131313 (big blind) collected ($7.87)
Seat 3: PhoenixAssassin folded before Flop (didn't bet)
Seat 4: Dante21b folded before Flop (didn't bet)
Seat 5: vadjkeee (button) folded before Flop (didn't bet)
Seat 6: Pippa83 (small blind) folded on the Flop



PokerStars Hand #254315159583:  Hold'em No Limit ($0.50/$1.00 USD) - 2025/01/11 16:45:47 WET [2025/01/11 11:45:47 ET]
Table 'Beltrovata II' 6-max Seat #6 is the button
Seat 2: Edi131313 ($97.53 in chips) 
Seat 3: PhoenixAssassin ($103 in chips) 
Seat 4: Dante21b ($98.86 in chips) 
Seat 5: vadjkeee ($100 in chips) 
Seat 6: Pippa83 ($102.04 in chips) 
Edi131313: posts small blind $0.50
PhoenixAssassin: posts big blind $1
*** HOLE CARDS ***
Dante21b: folds 
vadjkeee: folds 
Pippa83: raises $1.50 to $2.50
Edi131313: folds 
PhoenixAssassin: raises $9.50 to $12
Pippa83: folds 
Uncalled bet ($9.50) returned to PhoenixAssassin
PhoenixAssassin collected $5.50 from pot
PhoenixAssassin: doesn't show hand 
*** SUMMARY ***
Total pot $5.50 | Rake $0 
Seat 2: Edi131313 (small blind) folded before Flop
Seat 3: PhoenixAssassin (big blind) collected ($5.50)
Seat 4: Dante21b folded before Flop (didn't bet)
Seat 5: vadjkeee folded before Flop (didn't bet)
Seat 6: Pippa83 (button) folded before Flop



PokerStars Hand #254315165708:  Hold'em No Limit ($0.50/$1.00 USD) - 2025/01/11 16:46:09 WET [2025/01/11 11:46:09 ET]
Table 'Beltrovata II' 6-max Seat #2 is the button
Seat 2: Edi131313 ($97.03 in chips) 
Seat 3: PhoenixAssassin ($106 in chips) 
Seat 4: Dante21b ($98.86 in chips) 
Seat 5: vadjkeee ($100 in chips) 
Seat 6: Pippa83 ($100 in chips) 
PhoenixAssassin: posts small blind $0.50
Dante21b: posts big blind $1
*** HOLE CARDS ***
vadjkeee: raises $1.50 to $2.50
Pippa83: folds 
Edi131313: folds 
PhoenixAssassin: folds 
Dante21b: calls $1.50
*** FLOP *** [Kc 4d Kh]
Dante21b: checks 
vadjkeee: bets $1.30
Dante21b: calls $1.30
*** TURN *** [Kc 4d Kh] [3h]
Dante21b: checks 
vadjkeee: bets $12
Dante21b: folds 
Uncalled bet ($12) returned to vadjkeee
vadjkeee collected $7.70 from pot
vadjkeee: doesn't show hand 
*** SUMMARY ***
Total pot $8.10 | Rake $0.40 
Board [Kc 4d Kh 3h]
Seat 2: Edi131313 (button) folded before Flop (didn't bet)
Seat 3: PhoenixAssassin (small blind) folded before Flop
Seat 4: Dante21b (big blind) folded on the Turn
Seat 5: vadjkeee collected ($7.70)
Seat 6: Pippa83 folded before Flop (didn't bet)



PokerStars Hand #254315181336:  Hold'em No Limit ($0.50/$1.00 USD) - 2025/01/11 16:47:06 WET [2025/01/11 11:47:06 ET]
Table 'Beltrovata II' 6-max Seat #3 is the button
Seat 2: Edi131313 ($97.03 in chips) 
Seat 3: PhoenixAssassin ($105.50 in chips) 
Seat 4: Dante21b ($95.06 in chips) 
Seat 5: vadjkeee ($103.90 in chips) 
Seat 6: Pippa83 ($100 in chips) 
Dante21b: posts small blind $0.50
vadjkeee: posts big blind $1
*** HOLE CARDS ***
Pippa83: raises $1.20 to $2.20
Edi131313: calls $2.20
PhoenixAssassin: folds 
Dante21b: folds 
vadjkeee: folds 
*** FLOP *** [9c Td 3c]
Pippa83: checks 
Edi131313: bets $2.80
Pippa83: raises $9.20 to $12
Edi131313: calls $9.20
*** TURN *** [9c Td 3c] [4h]
Pippa83: bets $25
Edi131313: calls $25
*** RIVER *** [9c Td 3c 4h] [2d]
Pippa83: bets $60.80 and is all-in
Edi131313: calls $57.83 and is all-in
Uncalled bet ($2.97) returned to Pippa83
*** SHOW DOWN ***
Pippa83: shows [9d 9h] (three of a kind, Nines)
Edi131313: shows [6c Tc] (a pair of Tens)
Pippa83 collected $193.06 from pot
BoyLoc0 joins the table at seat #1 
*** SUMMARY ***
Total pot $195.56 | Rake $2.50 
Board [9c Td 3c 4h 2d]
Seat 2: Edi131313 showed [6c Tc] and lost with a pair of Tens
Seat 3: PhoenixAssassin (button) folded before Flop (didn't bet)
Seat 4: Dante21b (small blind) folded before Flop
Seat 5: vadjkeee (big blind) folded before Flop
Seat 6: Pippa83 showed [9d 9h] and won ($193.06) with three of a kind, Nines



PokerStars Hand #254315196263:  Hold'em No Limit ($0.50/$1.00 USD) - 2025/01/11 16:48:00 WET [2025/01/11 11:48:00 ET]
Table 'Beltrovata II' 6-max Seat #4 is the button
Seat 1: BoyLoc0 ($100 in chips) is sitting out
Seat 2: Edi131313 ($0 in chips) is sitting out
Seat 3: PhoenixAssassin ($105.50 in chips) 
Seat 4: Dante21b ($100 in chips) 
Seat 5: vadjkeee ($102.90 in chips) 
Seat 6: Pippa83 ($196.03 in chips) 
vadjkeee: posts small blind $0.50
Pippa83: posts big blind $1
BoyLoc0: sits out 
*** HOLE CARDS ***
PhoenixAssassin: folds 
Dante21b: raises $1.50 to $2.50
vadjkeee: folds 
Pippa83: folds 
Uncalled bet ($1.50) returned to Dante21b
Dante21b collected $2.50 from pot
Dante21b: doesn't show hand 
*** SUMMARY ***
Total pot $2.50 | Rake $0 
Seat 1: BoyLoc0
Seat 2: Edi131313
Seat 3: PhoenixAssassin folded before Flop (didn't bet)
Seat 4: Dante21b (button) collected ($2.50)
Seat 5: vadjkeee (small blind) folded before Flop
Seat 6: Pippa83 (big blind) folded before Flop



PokerStars Hand #254315200676:  Hold'em No Limit ($0.50/$1.00 USD) - 2025/01/11 16:48:17 WET [2025/01/11 11:48:17 ET]
Table 'Beltrovata II' 6-max Seat #5 is the button
Seat 1: BoyLoc0 ($100 in chips) 
Seat 2: Edi131313 ($40 in chips) 
Seat 3: PhoenixAssassin ($105.50 in chips) 
Seat 4: Dante21b ($101.50 in chips) 
Seat 5: vadjkeee ($102.40 in chips) 
Seat 6: Pippa83 ($195.03 in chips) 
Pippa83: posts small blind $0.50
BoyLoc0: posts big blind $1
*** HOLE CARDS ***
Edi131313: folds 
PhoenixAssassin: folds 
Dante21b: raises $1.50 to $2.50
vadjkeee: folds 
Pippa83: folds 
BoyLoc0: folds 
Uncalled bet ($1.50) returned to Dante21b
Dante21b collected $2.50 from pot
Dante21b: doesn't show hand 
*** SUMMARY ***
Total pot $2.50 | Rake $0 
Seat 1: BoyLoc0 (big blind) folded before Flop
Seat 2: Edi131313 folded before Flop (didn't bet)
Seat 3: PhoenixAssassin folded before Flop (didn't bet)
Seat 4: Dante21b collected ($2.50)
Seat 5: vadjkeee (button) folded before Flop (didn't bet)
Seat 6: Pippa83 (small blind) folded before Flop



PokerStars Hand #254315204943:  Hold'em No Limit ($0.50/$1.00 USD) - 2025/01/11 16:48:32 WET [2025/01/11 11:48:32 ET]
Table 'Beltrovata II' 6-max Seat #6 is the button
Seat 1: BoyLoc0 ($100 in chips) 
Seat 2: Edi131313 ($40 in chips) 
Seat 3: PhoenixAssassin ($105.50 in chips) 
Seat 4: Dante21b ($103 in chips) 
Seat 5: vadjkeee ($102.40 in chips) 
Seat 6: Pippa83 ($194.53 in chips) 
BoyLoc0: posts small blind $0.50
Edi131313: posts big blind $1
*** HOLE CARDS ***
PhoenixAssassin: raises $1.20 to $2.20
Dante21b: folds 
vadjkeee: folds 
Pippa83: folds 
BoyLoc0: folds 
Edi131313: calls $1.20
*** FLOP *** [5h Kh 6d]
Edi131313: checks 
PhoenixAssassin: bets $1.54
Edi131313: folds 
Uncalled bet ($1.54) returned to PhoenixAssassin
PhoenixAssassin collected $4.66 from pot
PhoenixAssassin: doesn't show hand 
*** SUMMARY ***
Total pot $4.90 | Rake $0.24 
Board [5h Kh 6d]
Seat 1: BoyLoc0 (small blind) folded before Flop
Seat 2: Edi131313 (big blind) folded on the Flop
Seat 3: PhoenixAssassin collected ($4.66)
Seat 4: Dante21b folded before Flop (didn't bet)
Seat 5: vadjkeee folded before Flop (didn't bet)
Seat 6: Pippa83 (button) folded before Flop (didn't bet)



PokerStars Hand #254315211238:  Hold'em No Limit ($0.50/$1.00 USD) - 2025/01/11 16:48:55 WET [2025/01/11 11:48:55 ET]
Table 'Beltrovata II' 6-max Seat #1 is the button
Seat 3: PhoenixAssassin ($107.96 in chips) is sitting out
Seat 1: BoyLoc0 ($100 in chips) 
Seat 2: Edi131313 ($37.80 in chips) 
Seat 4: Dante21b ($103 in chips) 
Seat 5: vadjkeee ($102.40 in chips) 
Seat 6: Pippa83 ($194.53 in chips) 
Edi131313: posts small blind $0.50
PhoenixAssassin: is sitting out 
Dante21b: posts big blind $1
*** HOLE CARDS ***
vadjkeee: folds 
Pippa83: folds 
PhoenixAssassin leaves the table
BoyLoc0: folds 
Edi131313: raises $1 to $2
Dante21b: raises $6 to $8
Edi131313: calls $6
*** FLOP *** [2c 8s Js]
Edi131313: checks 
Dante21b: checks 
*** TURN *** [2c 8s Js] [9s]
tintin641 joins the table at seat #3 
Edi131313: bets $7.60
Dante21b: folds 
Uncalled bet ($7.60) returned to Edi131313
Edi131313 collected $15.20 from pot
Edi131313: doesn't show hand 
*** SUMMARY ***
Total pot $16 | Rake $0.80 
Board [2c 8s Js 9s]
Seat 3: PhoenixAssassin
Seat 1: BoyLoc0 (button) folded before Flop (didn't bet)
Seat 2: Edi131313 (small blind) collected ($15.20)
Seat 4: Dante21b (big blind) folded on the Turn
Seat 5: vadjkeee folded before Flop (didn't bet)
Seat 6: Pippa83 folded before Flop (didn't bet)



PokerStars Hand #254315224858:  Hold'em No Limit ($0.50/$1.00 USD) - 2025/01/11 16:49:45 WET [2025/01/11 11:49:45 ET]
Table 'Beltrovata II' 6-max Seat #2 is the button
Seat 3: tintin641 ($100 in chips) is sitting out
Seat 1: BoyLoc0 ($100 in chips) 
Seat 2: Edi131313 ($45 in chips) 
Seat 4: Dante21b ($95 in chips) 
Seat 5: vadjkeee ($102.40 in chips) 
Seat 6: Pippa83 ($194.53 in chips) 
Dante21b: posts small blind $0.50
vadjkeee: posts big blind $1
*** HOLE CARDS ***
Pippa83: raises $1.20 to $2.20
BoyLoc0: folds 
Edi131313: calls $2.20
Dante21b: folds 
vadjkeee: folds 
*** FLOP *** [Jd Qs Ac]
Pippa83: checks 
Edi131313: bets $2.80
Pippa83: calls $2.80
*** TURN *** [Jd Qs Ac] [9s]
Pippa83: checks 
Edi131313: bets $10.92
Pippa83: calls $10.92
*** RIVER *** [Jd Qs Ac 9s] [Js]
Pippa83: checks 
Edi131313: bets $13
Pippa83: folds 
Uncalled bet ($13) returned to Edi131313
Edi131313 collected $31.67 from pot
Edi131313: doesn't show hand 
*** SUMMARY ***
Total pot $33.34 | Rake $1.67 
Board [Jd Qs Ac 9s Js]
Seat 3: tintin641
Seat 1: BoyLoc0 folded before Flop (didn't bet)
Seat 2: Edi131313 (button) collected ($31.67)
Seat 4: Dante21b (small blind) folded before Flop
Seat 5: vadjkeee (big blind) folded before Flop
Seat 6: Pippa83 folded on the River



PokerStars Hand #254315237751:  Hold'em No Limit ($0.50/$1.00 USD) - 2025/01/11 16:50:32 WET [2025/01/11 11:50:32 ET]
Table 'Beltrovata II' 6-max Seat #4 is the button
Seat 3: tintin641 ($100 in chips) is sitting out
Seat 1: BoyLoc0 ($100 in chips) 
Seat 2: Edi131313 ($60.75 in chips) 
Seat 4: Dante21b ($100 in chips) 
Seat 5: vadjkeee ($101.40 in chips) 
Seat 6: Pippa83 ($178.61 in chips) 
vadjkeee: posts small blind $0.50
Pippa83: posts big blind $1
tintin641: sits out 
*** HOLE CARDS ***
BoyLoc0: folds 
Edi131313: folds 
Dante21b: raises $1.50 to $2.50
vadjkeee: folds 
Pippa83: folds 
Uncalled bet ($1.50) returned to Dante21b
Dante21b collected $2.50 from pot
Dante21b: doesn't show hand 
*** SUMMARY ***
Total pot $2.50 | Rake $0 
Seat 3: tintin641
Seat 1: BoyLoc0 folded before Flop (didn't bet)
Seat 2: Edi131313 folded before Flop (didn't bet)
Seat 4: Dante21b (button) collected ($2.50)
Seat 5: vadjkeee (small blind) folded before Flop
Seat 6: Pippa83 (big blind) folded before Flop



PokerStars Hand #254315243407:  Hold'em No Limit ($0.50/$1.00 USD) - 2025/01/11 16:50:53 WET [2025/01/11 11:50:53 ET]
Table 'Beltrovata II' 6-max Seat #5 is the button
Seat 3: tintin641 ($100 in chips) is sitting out
Seat 1: BoyLoc0 ($100 in chips) 
Seat 2: Edi131313 ($60.75 in chips) 
Seat 4: Dante21b ($101.50 in chips) 
Seat 5: vadjkeee ($100.90 in chips) 
Seat 6: Pippa83 ($177.61 in chips) 
Pippa83: posts small blind $0.50
BoyLoc0: posts big blind $1
tintin641: sits out 
*** HOLE CARDS ***
Edi131313: raises $1 to $2
Dante21b has timed out
Dante21b: folds 
vadjkeee: folds 
Pippa83: folds 
BoyLoc0: folds 
Uncalled bet ($1) returned to Edi131313
Edi131313 collected $2.50 from pot
Edi131313: doesn't show hand 
*** SUMMARY ***
Total pot $2.50 | Rake $0 
Seat 3: tintin641
Seat 1: BoyLoc0 (big blind) folded before Flop
Seat 2: Edi131313 collected ($2.50)
Seat 4: Dante21b folded before Flop (didn't bet)
Seat 5: vadjkeee (button) folded before Flop (didn't bet)
Seat 6: Pippa83 (small blind) folded before Flop



PokerStars Hand #254315251080:  Hold'em No Limit ($0.50/$1.00 USD) - 2025/01/11 16:51:21 WET [2025/01/11 11:51:21 ET]
Table 'Beltrovata II' 6-max Seat #6 is the button
Seat 3: tintin641 ($100 in chips) is sitting out
Seat 4: Dante21b ($101.50 in chips) is sitting out
Seat 1: BoyLoc0 ($100 in chips) 
Seat 2: Edi131313 ($62.25 in chips) 
Seat 5: vadjkeee ($100.90 in chips) 
Seat 6: Pippa83 ($177.11 in chips) 
BoyLoc0: posts small blind $0.50
Edi131313: posts big blind $1
tintin641: sits out 
*** HOLE CARDS ***
vadjkeee: raises $2 to $3
Pippa83: folds 
BoyLoc0: folds 
Edi131313: folds 
Uncalled bet ($2) returned to vadjkeee
vadjkeee collected $2.50 from pot
vadjkeee: doesn't show hand 
*** SUMMARY ***
Total pot $2.50 | Rake $0 
Seat 3: tintin641
Seat 4: Dante21b
Seat 1: BoyLoc0 (small blind) folded before Flop
Seat 2: Edi131313 (big blind) folded before Flop
Seat 5: vadjkeee collected ($2.50)
Seat 6: Pippa83 (button) folded before Flop (didn't bet)



PokerStars Hand #254315255015:  Hold'em No Limit ($0.50/$1.00 USD) - 2025/01/11 16:51:35 WET [2025/01/11 11:51:35 ET]
Table 'Beltrovata II' 6-max Seat #1 is the button
Seat 4: Dante21b ($101.50 in chips) is sitting out
Seat 1: BoyLoc0 ($100 in chips) 
Seat 2: Edi131313 ($61.25 in chips) 
Seat 3: tintin641 ($100 in chips) 
Seat 6: Pippa83 ($177.11 in chips) 
Edi131313: posts small blind $0.50
vadjkeee leaves the table
tintin641: posts big blind $1
*** HOLE CARDS ***
Pippa83: folds 
BoyLoc0: raises $1.50 to $2.50
Edi131313: folds 
tintin641: folds 
Uncalled bet ($1.50) returned to BoyLoc0
BoyLoc0 collected $2.50 from pot
BoyLoc0: doesn't show hand 
*** SUMMARY ***
Total pot $2.50 | Rake $0 
Seat 4: Dante21b
Seat 1: BoyLoc0 (button) collected ($2.50)
Seat 2: Edi131313 (small blind) folded before Flop
Seat 3: tintin641 (big blind) folded before Flop
Seat 6: Pippa83 folded before Flop (didn't bet)



PokerStars Hand #254315258984:  Hold'em No Limit ($0.50/$1.00 USD) - 2025/01/11 16:51:50 WET [2025/01/11 11:51:50 ET]
Table 'Beltrovata II' 6-max Seat #2 is the button
Seat 4: Dante21b ($101.50 in chips) is sitting out
Seat 1: BoyLoc0 ($101.50 in chips) 
Seat 2: Edi131313 ($60.75 in chips) 
Seat 3: tintin641 ($100 in chips) 
Seat 6: Pippa83 ($177.11 in chips) 
tintin641: posts small blind $0.50
Pippa83: posts big blind $1
*** HOLE CARDS ***
BGS013 joins the table at seat #5 
BoyLoc0: folds 
Edi131313: raises $1 to $2
tintin641: raises $7 to $9
Pippa83: folds 
Edi131313: calls $7
*** FLOP *** [Ks Ad 9d]
tintin641: bets $5.96
Edi131313: calls $5.96
*** TURN *** [Ks Ad 9d] [6d]
tintin641: checks 
Edi131313: checks 
*** RIVER *** [Ks Ad 9d 6d] [Kc]
tintin641: checks 
Edi131313: checks 
*** SHOW DOWN ***
tintin641: shows [2h Ah] (two pair, Aces and Kings)
Edi131313: mucks hand 
tintin641 collected $29.92 from pot
*** SUMMARY ***
Total pot $30.92 | Rake $1 
Board [Ks Ad 9d 6d Kc]
Seat 4: Dante21b
Seat 1: BoyLoc0 folded before Flop (didn't bet)
Seat 2: Edi131313 (button) mucked
Seat 3: tintin641 (small blind) showed [2h Ah] and won ($29.92) with two pair, Aces and Kings
Seat 6: Pippa83 (big blind) folded before Flop



PokerStars Hand #254315276993:  Hold'em No Limit ($0.50/$1.00 USD) - 2025/01/11 16:52:55 WET [2025/01/11 11:52:55 ET]
Table 'Beltrovata II' 6-max Seat #3 is the button
Seat 4: Dante21b ($101.50 in chips) is sitting out
Seat 5: BGS013 ($100 in chips) is sitting out
Seat 1: BoyLoc0 ($101.50 in chips) 
Seat 2: Edi131313 ($45.79 in chips) 
Seat 3: tintin641 ($114.96 in chips) 
Seat 6: Pippa83 ($176.11 in chips) 
Pippa83: posts small blind $0.50
BoyLoc0: posts big blind $1
*** HOLE CARDS ***
Edi131313: folds 
tintin641: folds 
Pippa83: folds 
Uncalled bet ($0.50) returned to BoyLoc0
BoyLoc0 collected $1 from pot
BoyLoc0: doesn't show hand 
*** SUMMARY ***
Total pot $1 | Rake $0 
Seat 4: Dante21b
Seat 5: BGS013
Seat 1: BoyLoc0 (big blind) collected ($1)
Seat 2: Edi131313 folded before Flop (didn't bet)
Seat 3: tintin641 (button) folded before Flop (didn't bet)
Seat 6: Pippa83 (small blind) folded before Flop



PokerStars Hand #254315279439:  Hold'em No Limit ($0.50/$1.00 USD) - 2025/01/11 16:53:04 WET [2025/01/11 11:53:04 ET]
Table 'Beltrovata II' 6-max Seat #6 is the button
Seat 4: Dante21b ($101.50 in chips) is sitting out
Seat 5: BGS013 ($100 in chips) is sitting out
Seat 1: BoyLoc0 ($102 in chips) 
Seat 2: Edi131313 ($45.79 in chips) 
Seat 3: tintin641 ($114.96 in chips) 
Seat 6: Pippa83 ($175.61 in chips) 
BoyLoc0: posts small blind $0.50
Edi131313: posts big blind $1
BGS013: sits out 
*** HOLE CARDS ***
tintin641: folds 
Pippa83: folds 
BoyLoc0: raises $2 to $3
Edi131313: calls $2
*** FLOP *** [Ah 5h 8c]
BoyLoc0: bets $1.88
Edi131313: folds 
Uncalled bet ($1.88) returned to BoyLoc0
BoyLoc0 collected $5.70 from pot
BoyLoc0: doesn't show hand 
*** SUMMARY ***
Total pot $6 | Rake $0.30 
Board [Ah 5h 8c]
Seat 4: Dante21b
Seat 5: BGS013
Seat 1: BoyLoc0 (small blind) collected ($5.70)
Seat 2: Edi131313 (big blind) folded on the Flop
Seat 3: tintin641 folded before Flop (didn't bet)
Seat 6: Pippa83 (button) folded before Flop (didn't bet)



PokerStars Hand #254315283973:  Hold'em No Limit ($0.50/$1.00 USD) - 2025/01/11 16:53:21 WET [2025/01/11 11:53:21 ET]
Table 'Beltrovata II' 6-max Seat #1 is the button
Seat 4: Dante21b ($101.50 in chips) is sitting out
Seat 5: BGS013 ($100 in chips) is sitting out
Seat 1: BoyLoc0 ($104.70 in chips) 
Seat 2: Edi131313 ($42.79 in chips) 
Seat 3: tintin641 ($114.96 in chips) 
Seat 6: Pippa83 ($175.61 in chips) 
Edi131313: posts small blind $0.50
tintin641: posts big blind $1
BGS013: sits out 
*** HOLE CARDS ***
Pippa83: folds 
BoyLoc0: raises $1.50 to $2.50
Edi131313: folds 
tintin641: folds 
Uncalled bet ($1.50) returned to BoyLoc0
BoyLoc0 collected $2.50 from pot
BoyLoc0: doesn't show hand 
*** SUMMARY ***
Total pot $2.50 | Rake $0 
Seat 4: Dante21b
Seat 5: BGS013
Seat 1: BoyLoc0 (button) collected ($2.50)
Seat 2: Edi131313 (small blind) folded before Flop
Seat 3: tintin641 (big blind) folded before Flop
Seat 6: Pippa83 folded before Flop (didn't bet)



PokerStars Hand #254315286827:  Hold'em No Limit ($0.50/$1.00 USD) - 2025/01/11 16:53:31 WET [2025/01/11 11:53:31 ET]
Table 'Beltrovata II' 6-max Seat #2 is the button
Seat 4: Dante21b ($101.50 in chips) is sitting out
Seat 1: BoyLoc0 ($106.20 in chips) 
Seat 2: Edi131313 ($42.29 in chips) 
Seat 3: tintin641 ($113.96 in chips) 
Seat 5: BGS013 ($100 in chips) 
Seat 6: Pippa83 ($175.61 in chips) 
tintin641: posts small blind $0.50
BGS013: posts big blind $1
*** HOLE CARDS ***
Pippa83: folds 
BoyLoc0: folds 
Edi131313: folds 
tintin641: raises $2 to $3
BGS013: raises $6.50 to $9.50
tintin641: folds 
Uncalled bet ($6.50) returned to BGS013
BGS013 collected $6 from pot
BGS013: doesn't show hand 
*** SUMMARY ***
Total pot $6 | Rake $0 
Seat 4: Dante21b
Seat 1: BoyLoc0 folded before Flop (didn't bet)
Seat 2: Edi131313 (button) folded before Flop (didn't bet)
Seat 3: tintin641 (small blind) folded before Flop
Seat 5: BGS013 (big blind) collected ($6)
Seat 6: Pippa83 folded before Flop (didn't bet)



PokerStars Hand #254315292072:  Hold'em No Limit ($0.50/$1.00 USD) - 2025/01/11 16:53:51 WET [2025/01/11 11:53:51 ET]
Table 'Beltrovata II' 6-max Seat #3 is the button
Seat 4: Dante21b ($101.50 in chips) is sitting out
Seat 1: BoyLoc0 ($106.20 in chips) 
Seat 2: Edi131313 ($42.29 in chips) 
Seat 3: tintin641 ($110.96 in chips) 
Seat 5: BGS013 ($103 in chips) 
Seat 6: Pippa83 ($175.61 in chips) 
BGS013: posts small blind $0.50
Pippa83: posts big blind $1
*** HOLE CARDS ***
BoyLoc0: folds 
Edi131313: raises $1 to $2
tintin641: folds 
BGS013: raises $6 to $8
Pippa83: folds 
Edi131313: calls $6
*** FLOP *** [Ts 6c 4s]
BGS013: bets $4.20
Edi131313: calls $4.20
*** TURN *** [Ts 6c 4s] [5h]
BGS013: checks 
Edi131313: bets $12.07
BGS013: raises $61.30 to $73.37
Edi131313: calls $18.02 and is all-in
Uncalled bet ($43.28) returned to BGS013
*** RIVER *** [Ts 6c 4s 5h] [8c]
*** SHOW DOWN ***
BGS013: shows [Tc Ac] (a pair of Tens)
Edi131313: shows [8d 7h] (a straight, Four to Eight)
Edi131313 collected $83.08 from pot
*** SUMMARY ***
Total pot $85.58 | Rake $2.50 
Board [Ts 6c 4s 5h 8c]
Seat 4: Dante21b
Seat 1: BoyLoc0 folded before Flop (didn't bet)
Seat 2: Edi131313 showed [8d 7h] and won ($83.08) with a straight, Four to Eight
Seat 3: tintin641 (button) folded before Flop (didn't bet)
Seat 5: BGS013 (small blind) showed [Tc Ac] and lost with a pair of Tens
Seat 6: Pippa83 (big blind) folded before Flop



PokerStars Hand #254315301849:  Hold'em No Limit ($0.50/$1.00 USD) - 2025/01/11 16:54:27 WET [2025/01/11 11:54:27 ET]
Table 'Beltrovata II' 6-max Seat #5 is the button
Seat 4: Dante21b ($101.50 in chips) is sitting out
Seat 1: BoyLoc0 ($106.20 in chips) 
Seat 2: Edi131313 ($83.08 in chips) 
Seat 3: tintin641 ($110.96 in chips) 
Seat 5: BGS013 ($100 in chips) 
Seat 6: Pippa83 ($174.61 in chips) 
Pippa83: posts small blind $0.50
BoyLoc0: posts big blind $1
Dante21b: sits out 
*** HOLE CARDS ***
Edi131313: folds 
tintin641: raises $1.50 to $2.50
BGS013: folds 
Pippa83: folds 
BoyLoc0: folds 
Uncalled bet ($1.50) returned to tintin641
tintin641 collected $2.50 from pot
tintin641: doesn't show hand 
*** SUMMARY ***
Total pot $2.50 | Rake $0 
Seat 4: Dante21b
Seat 1: BoyLoc0 (big blind) folded before Flop
Seat 2: Edi131313 folded before Flop (didn't bet)
Seat 3: tintin641 collected ($2.50)
Seat 5: BGS013 (button) folded before Flop (didn't bet)
Seat 6: Pippa83 (small blind) folded before Flop



PokerStars Hand #254315305922:  Hold'em No Limit ($0.50/$1.00 USD) - 2025/01/11 16:54:42 WET [2025/01/11 11:54:42 ET]
Table 'Beltrovata II' 6-max Seat #6 is the button
Seat 4: Dante21b ($101.50 in chips) is sitting out
Seat 1: BoyLoc0 ($105.20 in chips) 
Seat 2: Edi131313 ($83.08 in chips) 
Seat 3: tintin641 ($112.46 in chips) 
Seat 5: BGS013 ($100 in chips) 
Seat 6: Pippa83 ($174.11 in chips) 
BoyLoc0: posts small blind $0.50
Edi131313: posts big blind $1
Dante21b: sits out 
*** HOLE CARDS ***
tintin641: folds 
BGS013: folds 
Pippa83: raises $1.50 to $2.50
BoyLoc0: folds 
Edi131313: calls $1.50
*** FLOP *** [7s Tc Kc]
Edi131313: checks 
Pippa83: checks 
*** TURN *** [7s Tc Kc] [Ac]
Edi131313: checks 
Pippa83: checks 
*** RIVER *** [7s Tc Kc Ac] [2s]
Edi131313: bets $5.22
Pippa83: folds 
Uncalled bet ($5.22) returned to Edi131313
Edi131313 collected $5.22 from pot
Edi131313: doesn't show hand 
*** SUMMARY ***
Total pot $5.50 | Rake $0.28 
Board [7s Tc Kc Ac 2s]
Seat 4: Dante21b
Seat 1: BoyLoc0 (small blind) folded before Flop
Seat 2: Edi131313 (big blind) collected ($5.22)
Seat 3: tintin641 folded before Flop (didn't bet)
Seat 5: BGS013 folded before Flop (didn't bet)
Seat 6: Pippa83 (button) folded on the River



PokerStars Hand #254315313446:  Hold'em No Limit ($0.50/$1.00 USD) - 2025/01/11 16:55:11 WET [2025/01/11 11:55:11 ET]
Table 'Beltrovata II' 6-max Seat #1 is the button
Seat 4: Dante21b ($101.50 in chips) is sitting out
Seat 1: BoyLoc0 ($104.70 in chips) 
Seat 2: Edi131313 ($85.80 in chips) 
Seat 3: tintin641 ($112.46 in chips) 
Seat 5: BGS013 ($100 in chips) 
Seat 6: Pippa83 ($171.61 in chips) 
Edi131313: posts small blind $0.50
tintin641: posts big blind $1
Dante21b: sits out 
*** HOLE CARDS ***
BGS013: folds 
Pippa83: folds 
BoyLoc0: raises $1.50 to $2.50
Edi131313: folds 
tintin641: folds 
Uncalled bet ($1.50) returned to BoyLoc0
BoyLoc0 collected $2.50 from pot
BoyLoc0: doesn't show hand 
*** SUMMARY ***
Total pot $2.50 | Rake $0 
Seat 4: Dante21b
Seat 1: BoyLoc0 (button) collected ($2.50)
Seat 2: Edi131313 (small blind) folded before Flop
Seat 3: tintin641 (big blind) folded before Flop
Seat 5: BGS013 folded before Flop (didn't bet)
Seat 6: Pippa83 folded before Flop (didn't bet)



PokerStars Hand #254315317206:  Hold'em No Limit ($0.50/$1.00 USD) - 2025/01/11 16:55:30 WET [2025/01/11 11:55:30 ET]
Table 'Beltrovata II' 6-max Seat #2 is the button
Seat 6: Pippa83 ($171.61 in chips) is sitting out
Seat 1: BoyLoc0 ($106.20 in chips) 
Seat 2: Edi131313 ($85.30 in chips) 
Seat 3: tintin641 ($111.46 in chips) 
Seat 4: Dante21b ($101.50 in chips) 
Seat 5: BGS013 ($100 in chips) 
tintin641: posts small blind $0.50
Dante21b: posts big blind $1
*** HOLE CARDS ***
BGS013: folds 
BoyLoc0: folds 
Edi131313: folds 
tintin641: folds 
Uncalled bet ($0.50) returned to Dante21b
Dante21b collected $1 from pot
Dante21b: doesn't show hand 
*** SUMMARY ***
Total pot $1 | Rake $0 
Seat 6: Pippa83
Seat 1: BoyLoc0 folded before Flop (didn't bet)
Seat 2: Edi131313 (button) folded before Flop (didn't bet)
Seat 3: tintin641 (small blind) folded before Flop
Seat 4: Dante21b (big blind) collected ($1)
Seat 5: BGS013 folded before Flop (didn't bet)



PokerStars Hand #254315319413:  Hold'em No Limit ($0.50/$1.00 USD) - 2025/01/11 16:55:42 WET [2025/01/11 11:55:42 ET]
Table 'Beltrovata II' 6-max Seat #3 is the button
Seat 6: Pippa83 ($171.61 in chips) is sitting out
Seat 1: BoyLoc0 ($106.20 in chips) 
Seat 2: Edi131313 ($85.30 in chips) 
Seat 3: tintin641 ($110.96 in chips) 
Seat 4: Dante21b ($102 in chips) 
Seat 5: BGS013 ($100 in chips) 
Dante21b: posts small blind $0.50
BGS013: posts big blind $1
*** HOLE CARDS ***
BoyLoc0: folds 
Edi131313: folds 
tintin641: folds 
Dante21b: folds 
Uncalled bet ($0.50) returned to BGS013
BGS013 collected $1 from pot
BGS013: doesn't show hand 
*** SUMMARY ***
Total pot $1 | Rake $0 
Seat 6: Pippa83
Seat 1: BoyLoc0 folded before Flop (didn't bet)
Seat 2: Edi131313 folded before Flop (didn't bet)
Seat 3: tintin641 (button) folded before Flop (didn't bet)
Seat 4: Dante21b (small blind) folded before Flop
Seat 5: BGS013 (big blind) collected ($1)



PokerStars Hand #254315322909:  Hold'em No Limit ($0.50/$1.00 USD) - 2025/01/11 16:55:59 WET [2025/01/11 11:55:59 ET]
Table 'Beltrovata II' 6-max Seat #4 is the button
Seat 6: Pippa83 ($171.61 in chips) is sitting out
Seat 1: BoyLoc0 ($106.20 in chips) 
Seat 2: Edi131313 ($85.30 in chips) 
Seat 3: tintin641 ($110.96 in chips) 
Seat 4: Dante21b ($101.50 in chips) 
Seat 5: BGS013 ($100.50 in chips) 
BGS013: posts small blind $0.50
BoyLoc0: posts big blind $1
*** HOLE CARDS ***
Edi131313: raises $1 to $2
tintin641: raises $5 to $7
Dante21b: folds 
BGS013: folds 
BoyLoc0: folds 
Edi131313: folds 
Uncalled bet ($5) returned to tintin641
tintin641 collected $5.50 from pot
tintin641: doesn't show hand 
*** SUMMARY ***
Total pot $5.50 | Rake $0 
Seat 6: Pippa83
Seat 1: BoyLoc0 (big blind) folded before Flop
Seat 2: Edi131313 folded before Flop
Seat 3: tintin641 collected ($5.50)
Seat 4: Dante21b (button) folded before Flop (didn't bet)
Seat 5: BGS013 (small blind) folded before Flop



PokerStars Hand #254315325987:  Hold'em No Limit ($0.50/$1.00 USD) - 2025/01/11 16:56:15 WET [2025/01/11 11:56:15 ET]
Table 'Beltrovata II' 6-max Seat #5 is the button
Seat 6: Pippa83 ($171.61 in chips) is sitting out
Seat 1: BoyLoc0 ($105.20 in chips) 
Seat 2: Edi131313 ($83.30 in chips) 
Seat 3: tintin641 ($114.46 in chips) 
Seat 4: Dante21b ($101.50 in chips) 
Seat 5: BGS013 ($100 in chips) 
BoyLoc0: posts small blind $0.50
Edi131313: posts big blind $1
*** HOLE CARDS ***
tintin641: raises $1.50 to $2.50
Dante21b: folds 
BGS013: folds 
BoyLoc0: folds 
Edi131313: raises $5.50 to $8
tintin641: calls $5.50
*** FLOP *** [5d 9c 8s]
Edi131313: bets $7.84
tintin641: folds 
Uncalled bet ($7.84) returned to Edi131313
Edi131313 collected $15.68 from pot
Edi131313: doesn't show hand 
*** SUMMARY ***
Total pot $16.50 | Rake $0.82 
Board [5d 9c 8s]
Seat 6: Pippa83
Seat 1: BoyLoc0 (small blind) folded before Flop
Seat 2: Edi131313 (big blind) collected ($15.68)
Seat 3: tintin641 folded on the Flop
Seat 4: Dante21b folded before Flop (didn't bet)
Seat 5: BGS013 (button) folded before Flop (didn't bet)



PokerStars Hand #254315333207:  Hold'em No Limit ($0.50/$1.00 USD) - 2025/01/11 16:56:52 WET [2025/01/11 11:56:52 ET]
Table 'Beltrovata II' 6-max Seat #1 is the button
Seat 6: Pippa83 ($171.61 in chips) is sitting out
Seat 1: BoyLoc0 ($104.70 in chips) 
Seat 2: Edi131313 ($90.98 in chips) 
Seat 3: tintin641 ($106.46 in chips) 
Seat 4: Dante21b ($101.50 in chips) 
Seat 5: BGS013 ($100 in chips) 
Edi131313: posts small blind $0.50
tintin641: posts big blind $1
*** HOLE CARDS ***
Dante21b: raises $1.50 to $2.50
BGS013: folds 
BoyLoc0: folds 
Edi131313: calls $2
tintin641: folds 
*** FLOP *** [Jh Ts 4d]
Edi131313: checks 
Dante21b: checks 
*** TURN *** [Jh Ts 4d] [7c]
Edi131313: checks 
Dante21b: bets $3.76
Edi131313: folds 
Uncalled bet ($3.76) returned to Dante21b
Dante21b collected $5.70 from pot
Dante21b: doesn't show hand 
*** SUMMARY ***
Total pot $6 | Rake $0.30 
Board [Jh Ts 4d 7c]
Seat 6: Pippa83
Seat 1: BoyLoc0 (button) folded before Flop (didn't bet)
Seat 2: Edi131313 (small blind) folded on the Turn
Seat 3: tintin641 (big blind) folded before Flop
Seat 4: Dante21b collected ($5.70)
Seat 5: BGS013 folded before Flop (didn't bet)



PokerStars Hand #254315341762:  Hold'em No Limit ($0.50/$1.00 USD) - 2025/01/11 16:57:36 WET [2025/01/11 11:57:36 ET]
Table 'Beltrovata II' 6-max Seat #2 is the button
Seat 6: Pippa83 ($171.61 in chips) is sitting out
Seat 1: BoyLoc0 ($104.70 in chips) 
Seat 2: Edi131313 ($88.48 in chips) 
Seat 3: tintin641 ($105.46 in chips) 
Seat 4: Dante21b ($104.70 in chips) 
Seat 5: BGS013 ($100 in chips) 
tintin641: posts small blind $0.50
Dante21b: posts big blind $1
*** HOLE CARDS ***
BGS013: folds 
BoyLoc0: folds 
Edi131313: raises $1 to $2
tintin641: raises $8 to $10
Dante21b: folds 
Edi131313: folds 
Uncalled bet ($8) returned to tintin641
tintin641 collected $5 from pot
tintin641: doesn't show hand 
*** SUMMARY ***
Total pot $5 | Rake $0 
Seat 6: Pippa83
Seat 1: BoyLoc0 folded before Flop (didn't bet)
Seat 2: Edi131313 (button) folded before Flop
Seat 3: tintin641 (small blind) collected ($5)
Seat 4: Dante21b (big blind) folded before Flop
Seat 5: BGS013 folded before Flop (didn't bet)



PokerStars Hand #254315346248:  Hold'em No Limit ($0.50/$1.00 USD) - 2025/01/11 16:57:59 WET [2025/01/11 11:57:59 ET]
Table 'Beltrovata II' 6-max Seat #3 is the button
Seat 6: Pippa83 ($171.61 in chips) is sitting out
Seat 1: BoyLoc0 ($104.70 in chips) 
Seat 2: Edi131313 ($86.48 in chips) 
Seat 3: tintin641 ($108.46 in chips) 
Seat 4: Dante21b ($103.70 in chips) 
Seat 5: BGS013 ($100 in chips) 
Dante21b: posts small blind $0.50
BGS013: posts big blind $1
*** HOLE CARDS ***
BoyLoc0: raises $1.50 to $2.50
Edi131313: calls $2.50
tintin641: folds 
Dante21b: folds 
BGS013: folds 
*** FLOP *** [9c Kd Jd]
BoyLoc0: bets $2.04
Edi131313: calls $2.04
*** TURN *** [9c Kd Jd] [8s]
BoyLoc0: bets $3.32
Edi131313: calls $3.32
*** RIVER *** [9c Kd Jd 8s] [4h]
BoyLoc0: checks 
Edi131313: checks 
*** SHOW DOWN ***
BoyLoc0: shows [Qc Qs] (a pair of Queens)
Edi131313: mucks hand 
BoyLoc0 collected $16.36 from pot
*** SUMMARY ***
Total pot $17.22 | Rake $0.86 
Board [9c Kd Jd 8s 4h]
Seat 6: Pippa83
Seat 1: BoyLoc0 showed [Qc Qs] and won ($16.36) with a pair of Queens
Seat 2: Edi131313 mucked
Seat 3: tintin641 (button) folded before Flop (didn't bet)
Seat 4: Dante21b (small blind) folded before Flop
Seat 5: BGS013 (big blind) folded before Flop



PokerStars Hand #254315352004:  Hold'em No Limit ($0.50/$1.00 USD) - 2025/01/11 16:58:29 WET [2025/01/11 11:58:29 ET]
Table 'Beltrovata II' 6-max Seat #4 is the button
Seat 6: Pippa83 ($171.61 in chips) is sitting out
Seat 1: BoyLoc0 ($113.20 in chips) 
Seat 2: Edi131313 ($78.62 in chips) 
Seat 3: tintin641 ($108.46 in chips) 
Seat 4: Dante21b ($103.20 in chips) 
Seat 5: BGS013 ($100 in chips) 
BGS013: posts small blind $0.50
BoyLoc0: posts big blind $1
*** HOLE CARDS ***
Edi131313: raises $1 to $2
tintin641: folds 
Dante21b: raises $6.50 to $8.50
BGS013: folds 
BoyLoc0: folds 
Edi131313: raises $18.50 to $27
Dante21b: raises $76.20 to $103.20 and is all-in
Edi131313: calls $51.62 and is all-in
Uncalled bet ($24.58) returned to Dante21b
*** FLOP *** [9h 5h 3h]
*** TURN *** [9h 5h 3h] [Kh]
*** RIVER *** [9h 5h 3h Kh] [Th]
*** SHOW DOWN ***
Edi131313: shows [Qs As] (a flush, King high)
Dante21b: shows [Ad Ah] (a flush, Ace high)
Dante21b collected $156.24 from pot
*** SUMMARY ***
Total pot $158.74 | Rake $2.50 
Board [9h 5h 3h Kh Th]
Seat 6: Pippa83
Seat 1: BoyLoc0 (big blind) folded before Flop
Seat 2: Edi131313 showed [Qs As] and lost with a flush, King high
Seat 3: tintin641 folded before Flop (didn't bet)
Seat 4: Dante21b (button) showed [Ad Ah] and won ($156.24) with a flush, Ace high
Seat 5: BGS013 (small blind) folded before Flop



PokerStars Hand #254315360435:  Hold'em No Limit ($0.50/$1.00 USD) - 2025/01/11 16:59:12 WET [2025/01/11 11:59:12 ET]
Table 'Beltrovata II' 6-max Seat #5 is the button
Seat 2: Edi131313 ($0 in chips) is sitting out
Seat 6: Pippa83 ($171.61 in chips) is sitting out
Seat 1: BoyLoc0 ($112.20 in chips) 
Seat 3: tintin641 ($108.46 in chips) 
Seat 4: Dante21b ($180.82 in chips) 
Seat 5: BGS013 ($100 in chips) 
BoyLoc0: posts small blind $0.50
tintin641: posts big blind $1
*** HOLE CARDS ***
Dante21b: folds 
BGS013: folds 
BoyLoc0: folds 
Uncalled bet ($0.50) returned to tintin641
tintin641 collected $1 from pot
tintin641: doesn't show hand 
*** SUMMARY ***
Total pot $1 | Rake $0 
Seat 2: Edi131313
Seat 6: Pippa83
Seat 1: BoyLoc0 (small blind) folded before Flop
Seat 3: tintin641 (big blind) collected ($1)
Seat 4: Dante21b folded before Flop (didn't bet)
Seat 5: BGS013 (button) folded before Flop (didn't bet)



PokerStars Hand #254315362461:  Hold'em No Limit ($0.50/$1.00 USD) - 2025/01/11 16:59:22 WET [2025/01/11 11:59:22 ET]
Table 'Beltrovata II' 6-max Seat #1 is the button
Seat 2: Edi131313 ($0 in chips) is sitting out
Seat 6: Pippa83 ($171.61 in chips) is sitting out
Seat 1: BoyLoc0 ($111.70 in chips) 
Seat 3: tintin641 ($108.96 in chips) 
Seat 4: Dante21b ($180.82 in chips) 
Seat 5: BGS013 ($100 in chips) 
tintin641: posts small blind $0.50
Dante21b: posts big blind $1
Pippa83: sits out 
*** HOLE CARDS ***
BGS013: folds 
BoyLoc0: raises $1.50 to $2.50
Edi131313 leaves the table
tintin641: folds 
Dante21b: calls $1.50
*** FLOP *** [9c 7d Jd]
Pippa83 leaves the table
Dante21b: checks 
BoyLoc0: bets $1.72
Dante21b: folds 
Uncalled bet ($1.72) returned to BoyLoc0
BoyLoc0 collected $5.22 from pot
BoyLoc0: doesn't show hand 
*** SUMMARY ***
Total pot $5.50 | Rake $0.28 
Board [9c 7d Jd]
Seat 2: Edi131313
Seat 6: Pippa83
Seat 1: BoyLoc0 (button) collected ($5.22)
Seat 3: tintin641 (small blind) folded before Flop
Seat 4: Dante21b (big blind) folded on the Flop
Seat 5: BGS013 folded before Flop (didn't bet)



PokerStars Hand #254315369770:  Hold'em No Limit ($0.50/$1.00 USD) - 2025/01/11 16:59:59 WET [2025/01/11 11:59:59 ET]
Table 'Beltrovata II' 6-max Seat #3 is the button
Seat 1: BoyLoc0 ($114.42 in chips) 
Seat 3: tintin641 ($108.46 in chips) 
Seat 4: Dante21b ($178.32 in chips) 
Seat 5: BGS013 ($100 in chips) 
Dante21b: posts small blind $0.50
BGS013: posts big blind $1
*** HOLE CARDS ***
BoyLoc0: folds 
tintin641: folds 
Dante21b: folds 
Uncalled bet ($0.50) returned to BGS013
BGS013 collected $1 from pot
*** SUMMARY ***
Total pot $1 | Rake $0 
Seat 1: BoyLoc0 folded before Flop (didn't bet)
Seat 3: tintin641 (button) folded before Flop (didn't bet)
Seat 4: Dante21b (small blind) folded before Flop
Seat 5: BGS013 (big blind) collected ($1)



PokerStars Hand #254315372268:  Hold'em No Limit ($0.50/$1.00 USD) - 2025/01/11 17:00:11 WET [2025/01/11 12:00:11 ET]
Table 'Beltrovata II' 6-max Seat #5 is the button
Seat 1: BoyLoc0 ($114.42 in chips) is sitting out
Seat 3: tintin641 ($108.46 in chips) is sitting out
Seat 4: Dante21b ($177.82 in chips) 
Seat 5: BGS013 ($100.50 in chips) 
BGS013: posts small blind $0.50
BoyLoc0: is sitting out 
tintin641: is sitting out 
Dante21b: posts big blind $1
*** HOLE CARDS ***
BoyLoc0 leaves the table
tintin641 leaves the table
BGS013: folds 
Uncalled bet ($0.50) returned to Dante21b
Dante21b collected $1 from pot
Dante21b: doesn't show hand 
*** SUMMARY ***
Total pot $1 | Rake $0 
Seat 1: BoyLoc0
Seat 3: tintin641
Seat 4: Dante21b (big blind) collected ($1)
Seat 5: BGS013 (button) (small blind) folded before Flop



