PokerStars Hand #254311424924:  Hold'em No Limit ($0.50/$1.00 USD) - 2025/01/11 11:42:45 WET [2025/01/11 6:42:45 ET]
Table 'Lonnrot II' 6-max Seat #4 is the button
Seat 3: cristibani79 ($5.50 in chips) 
Seat 4: steelNike ($10 in chips) 
Seat 6: 7bekon7 ($104.08 in chips) 
7bekon7: posts small blind $0.50
cristibani79: posts big blind $1
*** HOLE CARDS ***
steelNike: raises $9 to $10 and is all-in
7bekon7: folds 
cristibani79: calls $4.50 and is all-in
Uncalled bet ($4.50) returned to steelNike
*** FLOP *** [3h Qc Ac]
*** TURN *** [3h Qc Ac] [9h]
*** RIVER *** [3h Qc Ac 9h] [Qs]
Twistenko joins the table at seat #5 
*** SHOW DOWN ***
cristibani79: shows [Ks As] (two pair, Aces and Queens)
steelNike: shows [Jd Kc] (a pair of Queens)
cristibani79 collected $10.92 from pot
*** SUMMARY ***
Total pot $11.50 | Rake $0.58 
Board [3h Qc Ac 9h Qs]
Seat 3: cristibani79 (big blind) showed [Ks As] and won ($10.92) with two pair, Aces and Queens
Seat 4: steelNike (button) showed [Jd Kc] and lost with a pair of Queens
Seat 6: 7bekon7 (small blind) folded before Flop



PokerStars Hand #254311428339:  Hold'em No Limit ($0.50/$1.00 USD) - 2025/01/11 11:43:07 WET [2025/01/11 6:43:07 ET]
Table 'Lonnrot II' 6-max Seat #6 is the button
Seat 5: Twistenko ($100 in chips) is sitting out
Seat 3: cristibani79 ($10.92 in chips) 
Seat 4: steelNike ($4.50 in chips) 
Seat 6: 7bekon7 ($103.58 in chips) 
cristibani79: posts small blind $0.50
steelNike: posts big blind $1
Twistenko: sits out 
*** HOLE CARDS ***
7bekon7: raises $1.50 to $2.50
cristibani79: raises $1.50 to $4
steelNike: folds 
7bekon7: calls $1.50
*** FLOP *** [Qs Kc Kh]
cristibani79: bets $1
7bekon7: calls $1
*** TURN *** [Qs Kc Kh] [8d]
cristibani79: bets $5.92 and is all-in
7bekon7: calls $5.92
*** RIVER *** [Qs Kc Kh 8d] [8s]
*** SHOW DOWN ***
cristibani79: shows [8h Qc] (a full house, Eights full of Kings)
7bekon7: shows [Ks Th] (a full house, Kings full of Eights)
7bekon7 collected $21.84 from pot
*** SUMMARY ***
Total pot $22.84 | Rake $1 
Board [Qs Kc Kh 8d 8s]
Seat 5: Twistenko
Seat 3: cristibani79 (small blind) showed [8h Qc] and lost with a full house, Eights full of Kings
Seat 4: steelNike (big blind) folded before Flop
Seat 6: 7bekon7 (button) showed [Ks Th] and won ($21.84) with a full house, Kings full of Eights



PokerStars Hand #254311432313:  Hold'em No Limit ($0.50/$1.00 USD) - 2025/01/11 11:43:34 WET [2025/01/11 6:43:34 ET]
Table 'Lonnrot II' 6-max Seat #4 is the button
Seat 3: cristibani79 ($0 in chips) is sitting out
Seat 5: Twistenko ($100 in chips) is sitting out
Seat 4: steelNike ($10.50 in chips) 
Seat 6: 7bekon7 ($114.50 in chips) 
steelNike: posts small blind $0.50
7bekon7: posts big blind $1
*** HOLE CARDS ***
steelNike: folds 
Uncalled bet ($0.50) returned to 7bekon7
7bekon7 collected $1 from pot
7bekon7: doesn't show hand 
*** SUMMARY ***
Total pot $1 | Rake $0 
Seat 3: cristibani79
Seat 5: Twistenko
Seat 4: steelNike (button) (small blind) folded before Flop
Seat 6: 7bekon7 (big blind) collected ($1)



PokerStars Hand #254311433150:  Hold'em No Limit ($0.50/$1.00 USD) - 2025/01/11 11:43:40 WET [2025/01/11 6:43:40 ET]
Table 'Lonnrot II' 6-max Seat #6 is the button
Seat 3: cristibani79 ($0 in chips) is sitting out
Seat 4: steelNike ($10 in chips) 
Seat 5: Twistenko ($100 in chips) 
Seat 6: 7bekon7 ($115 in chips) 
steelNike: posts small blind $0.50
Twistenko: posts big blind $1
*** HOLE CARDS ***
7bekon7: raises $1.25 to $2.25
cristibani79 leaves the table
steelNike: folds 
Twistenko: folds 
Uncalled bet ($1.25) returned to 7bekon7
7bekon7 collected $2.50 from pot
7bekon7: doesn't show hand 
*** SUMMARY ***
Total pot $2.50 | Rake $0 
Seat 3: cristibani79
Seat 4: steelNike (small blind) folded before Flop
Seat 5: Twistenko (big blind) folded before Flop
Seat 6: 7bekon7 (button) collected ($2.50)



PokerStars Hand #254311434321:  Hold'em No Limit ($0.50/$1.00 USD) - 2025/01/11 11:43:48 WET [2025/01/11 6:43:48 ET]
Table 'Lonnrot II' 6-max Seat #4 is the button
Seat 4: steelNike ($9.50 in chips) 
Seat 5: Twistenko ($100 in chips) 
Seat 6: 7bekon7 ($116.50 in chips) 
Twistenko: posts small blind $0.50
7bekon7: posts big blind $1
*** HOLE CARDS ***
steelNike: raises $8.50 to $9.50 and is all-in
Twistenko: folds 
7bekon7: folds 
Uncalled bet ($8.50) returned to steelNike
Twistenko leaves the table
steelNike collected $2.50 from pot
*** SUMMARY ***
Total pot $2.50 | Rake $0 
Seat 4: steelNike (button) collected ($2.50)
Seat 5: Twistenko (small blind) folded before Flop
Seat 6: 7bekon7 (big blind) folded before Flop



