PokerStars Hand #254324026745:  Hold'em No Limit ($0.50/$1.00 USD) - 2025/01/11 1:07:20 WET [2025/01/11 20:07:20 ET]
Table 'Stearns II' 6-max Seat #3 is the button
Seat 1: LuckyShikari ($100 in chips) 
Seat 3: kvcsszblcs ($100 in chips) 
Seat 4: XneferX ($100 in chips) 
XneferX: posts small blind $0.50
LuckyShikari: posts big blind $1
*** HOLE CARDS ***
kvcsszblcs: raises $1.25 to $2.25
Ae46 joins the table at seat #6 
Ae46 is disconnected 
pr0tecto joins the table at seat #2 
XneferX: folds 
LuckyShikari: raises $1.75 to $4
kvcsszblcs: calls $1.75
*** FLOP *** [Ac Ah 9h]
LuckyShikari: bets $2.50
kvcsszblcs: folds 
Uncalled bet ($2.50) returned to LuckyShikari
LuckyShikari collected $8.08 from pot
LuckyShikari: doesn't show hand 
*** SUMMARY ***
Total pot $8.50 | Rake $0.42 
Board [Ac Ah 9h]
Seat 1: LuckyShikari (big blind) collected ($8.08)
Seat 3: kvcsszblcs (button) folded on the Flop
Seat 4: XneferX (small blind) folded before Flop



PokerStars Hand #254324033769:  Hold'em No Limit ($0.50/$1.00 USD) - 2025/01/11 1:07:54 WET [2025/01/11 20:07:54 ET]
Table 'Stearns II' 6-max Seat #4 is the button
Seat 6: Ae46 ($30.30 in chips) is sitting out
Seat 1: LuckyShikari ($104.08 in chips) 
Seat 2: pr0tecto ($100 in chips) 
Seat 3: kvcsszblcs ($100 in chips) 
Seat 4: XneferX ($100 in chips) 
LuckyShikari: posts small blind $0.50
pr0tecto: posts big blind $1
*** HOLE CARDS ***
kvcsszblcs: raises $1 to $2
XneferX: folds 
Laura11014 joins the table at seat #5 
Laura11014 is disconnected 
LuckyShikari: raises $11 to $13
pr0tecto: folds 
kvcsszblcs: calls $11
*** FLOP *** [6s Jh 2c]
LuckyShikari: bets $2.50
kvcsszblcs: calls $2.50
*** TURN *** [6s Jh 2c] [Th]
LuckyShikari: bets $2.50
kvcsszblcs: calls $2.50
*** RIVER *** [6s Jh 2c Th] [Qc]
LuckyShikari: bets $2.50
kvcsszblcs: calls $2.50
*** SHOW DOWN ***
LuckyShikari: shows [7h 7s] (a pair of Sevens)
kvcsszblcs: mucks hand 
LuckyShikari collected $41 from pot
*** SUMMARY ***
Total pot $42 | Rake $1 
Board [6s Jh 2c Th Qc]
Seat 6: Ae46
Seat 1: LuckyShikari (small blind) showed [7h 7s] and won ($41) with a pair of Sevens
Seat 2: pr0tecto (big blind) folded before Flop
Seat 3: kvcsszblcs mucked
Seat 4: XneferX (button) folded before Flop (didn't bet)



PokerStars Hand #254324044091:  Hold'em No Limit ($0.50/$1.00 USD) - 2025/01/11 1:08:44 WET [2025/01/11 20:08:44 ET]
Table 'Stearns II' 6-max Seat #1 is the button
Seat 5: Laura11014 ($51.26 in chips) is sitting out
Seat 1: LuckyShikari ($124.58 in chips) 
Seat 2: pr0tecto ($99 in chips) 
Seat 3: kvcsszblcs ($100 in chips) 
Seat 4: XneferX ($100 in chips) 
Seat 6: Ae46 ($30.30 in chips) 
pr0tecto: posts small blind $0.50
kvcsszblcs: posts big blind $1
Laura11014: sits out 
Ae46: posts big blind $1
*** HOLE CARDS ***
XneferX: raises $1.20 to $2.20
Ae46: calls $1.20
LuckyShikari: folds 
pr0tecto: folds 
kvcsszblcs: folds 
*** FLOP *** [Qh Ah Kd]
XneferX: bets $2.86
Ae46: raises $2.86 to $5.72
XneferX: calls $2.86
*** TURN *** [Qh Ah Kd] [7c]
XneferX: checks 
Ae46 is disconnected 
Ae46 is connected 
Ae46: bets $6.24
XneferX: raises $6.24 to $12.48
Ae46: raises $9.90 to $22.38 and is all-in
XneferX: calls $9.90
*** RIVER *** [Qh Ah Kd 7c] [Qs]
*** SHOW DOWN ***
XneferX: shows [As Kh] (two pair, Aces and Kings)
Ae46: shows [Ts Js] (a straight, Ten to Ace)
Ae46 collected $59.60 from pot
*** SUMMARY ***
Total pot $62.10 | Rake $2.50 
Board [Qh Ah Kd 7c Qs]
Seat 5: Laura11014
Seat 1: LuckyShikari (button) folded before Flop (didn't bet)
Seat 2: pr0tecto (small blind) folded before Flop
Seat 3: kvcsszblcs (big blind) folded before Flop
Seat 4: XneferX showed [As Kh] and lost with two pair, Aces and Kings
Seat 6: Ae46 showed [Ts Js] and won ($59.60) with a straight, Ten to Ace



PokerStars Hand #254324065336:  Hold'em No Limit ($0.50/$1.00 USD) - 2025/01/11 1:10:27 WET [2025/01/11 20:10:27 ET]
Table 'Stearns II' 6-max Seat #2 is the button
Seat 1: LuckyShikari ($124.58 in chips) 
Seat 2: pr0tecto ($100 in chips) 
Seat 3: kvcsszblcs ($100 in chips) 
Seat 4: XneferX ($100 in chips) 
Seat 5: Laura11014 ($51.26 in chips) 
Seat 6: Ae46 ($59.60 in chips) 
kvcsszblcs: posts small blind $0.50
XneferX: posts big blind $1
Laura11014: posts big blind $1
*** HOLE CARDS ***
Laura11014: checks 
Ae46: calls $1
LuckyShikari: folds 
pr0tecto: folds 
kvcsszblcs: folds 
XneferX: checks 
*** FLOP *** [As Qc 9d]
XneferX: checks 
Laura11014: checks 
Ae46: bets $1.66
XneferX: folds 
Laura11014: calls $1.66
*** TURN *** [As Qc 9d] [9h]
Laura11014: bets $3.24
Ae46: folds 
Uncalled bet ($3.24) returned to Laura11014
Laura11014 collected $6.40 from pot
*** SUMMARY ***
Total pot $6.82 | Rake $0.42 
Board [As Qc 9d 9h]
Seat 1: LuckyShikari folded before Flop (didn't bet)
Seat 2: pr0tecto (button) folded before Flop (didn't bet)
Seat 3: kvcsszblcs (small blind) folded before Flop
Seat 4: XneferX (big blind) folded on the Flop
Seat 5: Laura11014 collected ($6.40)
Seat 6: Ae46 folded on the Turn



PokerStars Hand #254324084900:  Hold'em No Limit ($0.50/$1.00 USD) - 2025/01/11 1:12:02 WET [2025/01/11 20:12:02 ET]
Table 'Stearns II' 6-max Seat #3 is the button
Seat 4: XneferX ($100 in chips) is sitting out
Seat 1: LuckyShikari ($124.58 in chips) 
Seat 2: pr0tecto ($100 in chips) 
Seat 3: kvcsszblcs ($100 in chips) 
Seat 5: Laura11014 ($55 in chips) 
Seat 6: Ae46 ($56.94 in chips) 
Laura11014: posts small blind $0.50
Ae46: posts big blind $1
*** HOLE CARDS ***
LuckyShikari: raises $1.50 to $2.50
pr0tecto: folds 
kvcsszblcs: folds 
Laura11014: folds 
Ae46: calls $1.50
*** FLOP *** [6c 5h 5s]
Ae46: bets $5.22
LuckyShikari: folds 
Uncalled bet ($5.22) returned to Ae46
Ae46 collected $5.22 from pot
*** SUMMARY ***
Total pot $5.50 | Rake $0.28 
Board [6c 5h 5s]
Seat 4: XneferX
Seat 1: LuckyShikari folded on the Flop
Seat 2: pr0tecto folded before Flop (didn't bet)
Seat 3: kvcsszblcs (button) folded before Flop (didn't bet)
Seat 5: Laura11014 (small blind) folded before Flop
Seat 6: Ae46 (big blind) collected ($5.22)



PokerStars Hand #254324090112:  Hold'em No Limit ($0.50/$1.00 USD) - 2025/01/11 1:12:28 WET [2025/01/11 20:12:28 ET]
Table 'Stearns II' 6-max Seat #5 is the button
Seat 4: XneferX ($100 in chips) is sitting out
Seat 1: LuckyShikari ($122.08 in chips) 
Seat 2: pr0tecto ($100 in chips) 
Seat 3: kvcsszblcs ($100 in chips) 
Seat 5: Laura11014 ($54.50 in chips) 
Seat 6: Ae46 ($59.66 in chips) 
Ae46: posts small blind $0.50
LuckyShikari: posts big blind $1
*** HOLE CARDS ***
pr0tecto: folds 
kvcsszblcs: folds 
Laura11014: calls $1
Ae46: folds 
LuckyShikari: checks 
*** FLOP *** [4d Kc 4s]
LuckyShikari: checks 
Laura11014: checks 
*** TURN *** [4d Kc 4s] [8h]
LuckyShikari: checks 
Laura11014: checks 
*** RIVER *** [4d Kc 4s 8h] [2h]
LuckyShikari: checks 
Laura11014: checks 
*** SHOW DOWN ***
LuckyShikari: shows [7d 9h] (a pair of Fours)
Laura11014: shows [2c 5c] (two pair, Fours and Deuces)
Laura11014 collected $2.35 from pot
*** SUMMARY ***
Total pot $2.50 | Rake $0.15 
Board [4d Kc 4s 8h 2h]
Seat 4: XneferX
Seat 1: LuckyShikari (big blind) showed [7d 9h] and lost with a pair of Fours
Seat 2: pr0tecto folded before Flop (didn't bet)
Seat 3: kvcsszblcs folded before Flop (didn't bet)
Seat 5: Laura11014 (button) showed [2c 5c] and won ($2.35) with two pair, Fours and Deuces
Seat 6: Ae46 (small blind) folded before Flop



PokerStars Hand #254324095637:  Hold'em No Limit ($0.50/$1.00 USD) - 2025/01/11 1:12:55 WET [2025/01/11 20:12:55 ET]
Table 'Stearns II' 6-max Seat #6 is the button
Seat 4: XneferX ($100 in chips) is sitting out
Seat 1: LuckyShikari ($121.08 in chips) 
Seat 2: pr0tecto ($100 in chips) 
Seat 3: kvcsszblcs ($100 in chips) 
Seat 5: Laura11014 ($55.85 in chips) 
Seat 6: Ae46 ($59.16 in chips) 
LuckyShikari: posts small blind $0.50
pr0tecto: posts big blind $1
XneferX: sits out 
*** HOLE CARDS ***
kvcsszblcs: raises $1 to $2
Laura11014: folds 
Ae46: calls $2
LuckyShikari: folds 
pr0tecto: folds 
*** FLOP *** [6d 6s Qh]
kvcsszblcs: checks 
Ae46: checks 
*** TURN *** [6d 6s Qh] [4s]
kvcsszblcs: checks 
Ae46: checks 
*** RIVER *** [6d 6s Qh 4s] [Ks]
kvcsszblcs: bets $5.74
Ae46: folds 
Uncalled bet ($5.74) returned to kvcsszblcs
kvcsszblcs collected $5.22 from pot
kvcsszblcs: doesn't show hand 
*** SUMMARY ***
Total pot $5.50 | Rake $0.28 
Board [6d 6s Qh 4s Ks]
Seat 4: XneferX
Seat 1: LuckyShikari (small blind) folded before Flop
Seat 2: pr0tecto (big blind) folded before Flop
Seat 3: kvcsszblcs collected ($5.22)
Seat 5: Laura11014 folded before Flop (didn't bet)
Seat 6: Ae46 (button) folded on the River



PokerStars Hand #254324104903:  Hold'em No Limit ($0.50/$1.00 USD) - 2025/01/11 1:13:41 WET [2025/01/11 20:13:41 ET]
Table 'Stearns II' 6-max Seat #1 is the button
Seat 4: XneferX ($100 in chips) is sitting out
Seat 1: LuckyShikari ($120.58 in chips) 
Seat 2: pr0tecto ($99 in chips) 
Seat 3: kvcsszblcs ($103.22 in chips) 
Seat 5: Laura11014 ($55.85 in chips) 
Seat 6: Ae46 ($57.16 in chips) 
pr0tecto: posts small blind $0.50
kvcsszblcs: posts big blind $1
XneferX: sits out 
*** HOLE CARDS ***
Laura11014: calls $1
Ae46: folds 
LuckyShikari: folds 
pr0tecto: folds 
kvcsszblcs: checks 
*** FLOP *** [8d 3h Td]
kvcsszblcs: checks 
Laura11014: bets $1
kvcsszblcs: calls $1
*** TURN *** [8d 3h Td] [Js]
kvcsszblcs: checks 
Laura11014: checks 
*** RIVER *** [8d 3h Td Js] [Ac]
kvcsszblcs: checks 
Laura11014: checks 
*** SHOW DOWN ***
kvcsszblcs: shows [4s 3s] (a pair of Threes)
Laura11014: mucks hand 
kvcsszblcs collected $4.28 from pot
*** SUMMARY ***
Total pot $4.50 | Rake $0.22 
Board [8d 3h Td Js Ac]
Seat 4: XneferX
Seat 1: LuckyShikari (button) folded before Flop (didn't bet)
Seat 2: pr0tecto (small blind) folded before Flop
Seat 3: kvcsszblcs (big blind) showed [4s 3s] and won ($4.28) with a pair of Threes
Seat 5: Laura11014 mucked
Seat 6: Ae46 folded before Flop (didn't bet)



PokerStars Hand #254324120341:  Hold'em No Limit ($0.50/$1.00 USD) - 2025/01/11 1:14:57 WET [2025/01/11 20:14:57 ET]
Table 'Stearns II' 6-max Seat #2 is the button
Seat 1: LuckyShikari ($120.58 in chips) 
Seat 2: pr0tecto ($100 in chips) 
Seat 3: kvcsszblcs ($105.50 in chips) 
Seat 4: XneferX ($100 in chips) 
Seat 5: Laura11014 ($53.85 in chips) 
Seat 6: Ae46 ($57.16 in chips) 
kvcsszblcs: posts small blind $0.50
XneferX: posts big blind $1
*** HOLE CARDS ***
Laura11014: folds 
Ae46: raises $1 to $2
LuckyShikari: folds 
pr0tecto: folds 
kvcsszblcs: folds 
XneferX: folds 
Uncalled bet ($1) returned to Ae46
Ae46 collected $2.50 from pot
*** SUMMARY ***
Total pot $2.50 | Rake $0 
Seat 1: LuckyShikari folded before Flop (didn't bet)
Seat 2: pr0tecto (button) folded before Flop (didn't bet)
Seat 3: kvcsszblcs (small blind) folded before Flop
Seat 4: XneferX (big blind) folded before Flop
Seat 5: Laura11014 folded before Flop (didn't bet)
Seat 6: Ae46 collected ($2.50)



PokerStars Hand #254324123491:  Hold'em No Limit ($0.50/$1.00 USD) - 2025/01/11 1:15:12 WET [2025/01/11 20:15:12 ET]
Table 'Stearns II' 6-max Seat #3 is the button
Seat 1: LuckyShikari ($120.58 in chips) 
Seat 2: pr0tecto ($100 in chips) 
Seat 3: kvcsszblcs ($105 in chips) 
Seat 4: XneferX ($100 in chips) 
Seat 5: Laura11014 ($53.85 in chips) 
Seat 6: Ae46 ($58.66 in chips) 
XneferX: posts small blind $0.50
Laura11014: posts big blind $1
*** HOLE CARDS ***
Ae46: calls $1
LuckyShikari: folds 
pr0tecto: raises $3.50 to $4.50
kvcsszblcs: folds 
XneferX: folds 
Laura11014: calls $3.50
Ae46: calls $3.50
*** FLOP *** [3c 7h 6d]
Laura11014: checks 
Ae46: checks 
pr0tecto: checks 
*** TURN *** [3c 7h 6d] [4h]
Laura11014: bets $3
Ae46: calls $3
pr0tecto: calls $3
*** RIVER *** [3c 7h 6d 4h] [5c]
Laura11014: checks 
Ae46: checks 
pr0tecto: bets $21.85
Laura11014: folds 
Ae46: folds 
Uncalled bet ($21.85) returned to pr0tecto
pr0tecto collected $21.85 from pot
pr0tecto: doesn't show hand 
*** SUMMARY ***
Total pot $23 | Rake $1.15 
Board [3c 7h 6d 4h 5c]
Seat 1: LuckyShikari folded before Flop (didn't bet)
Seat 2: pr0tecto collected ($21.85)
Seat 3: kvcsszblcs (button) folded before Flop (didn't bet)
Seat 4: XneferX (small blind) folded before Flop
Seat 5: Laura11014 (big blind) folded on the River
Seat 6: Ae46 folded on the River



PokerStars Hand #254324147680:  Hold'em No Limit ($0.50/$1.00 USD) - 2025/01/11 1:17:11 WET [2025/01/11 20:17:11 ET]
Table 'Stearns II' 6-max Seat #4 is the button
Seat 1: LuckyShikari ($120.58 in chips) 
Seat 2: pr0tecto ($114.35 in chips) 
Seat 3: kvcsszblcs ($105 in chips) 
Seat 4: XneferX ($100 in chips) 
Seat 5: Laura11014 ($46.35 in chips) 
Seat 6: Ae46 ($51.16 in chips) 
Laura11014: posts small blind $0.50
Ae46: posts big blind $1
*** HOLE CARDS ***
LuckyShikari: raises $1.50 to $2.50
pr0tecto: folds 
kvcsszblcs: folds 
XneferX: folds 
Laura11014: calls $2
Ae46: folds 
*** FLOP *** [2s Ks Ah]
Laura11014: checks 
LuckyShikari: bets $2.50
Laura11014: folds 
Uncalled bet ($2.50) returned to LuckyShikari
LuckyShikari collected $5.70 from pot
LuckyShikari: doesn't show hand 
*** SUMMARY ***
Total pot $6 | Rake $0.30 
Board [2s Ks Ah]
Seat 1: LuckyShikari collected ($5.70)
Seat 2: pr0tecto folded before Flop (didn't bet)
Seat 3: kvcsszblcs folded before Flop (didn't bet)
Seat 4: XneferX (button) folded before Flop (didn't bet)
Seat 5: Laura11014 (small blind) folded on the Flop
Seat 6: Ae46 (big blind) folded before Flop



PokerStars Hand #254324154628:  Hold'em No Limit ($0.50/$1.00 USD) - 2025/01/11 1:17:46 WET [2025/01/11 20:17:46 ET]
Table 'Stearns II' 6-max Seat #5 is the button
Seat 1: LuckyShikari ($123.78 in chips) 
Seat 2: pr0tecto ($114.35 in chips) 
Seat 3: kvcsszblcs ($105 in chips) 
Seat 4: XneferX ($100 in chips) 
Seat 5: Laura11014 ($43.85 in chips) 
Seat 6: Ae46 ($50.16 in chips) 
Ae46: posts small blind $0.50
LuckyShikari: posts big blind $1
*** HOLE CARDS ***
pr0tecto: raises $1.10 to $2.10
kvcsszblcs: folds 
XneferX: folds 
Laura11014: calls $2.10
Ae46: calls $1.60
LuckyShikari: folds 
*** FLOP *** [9d 8d 3s]
Ae46: checks 
pr0tecto: bets $2.29
Laura11014: folds 
Ae46: folds 
Uncalled bet ($2.29) returned to pr0tecto
pr0tecto collected $6.94 from pot
pr0tecto: doesn't show hand 
*** SUMMARY ***
Total pot $7.30 | Rake $0.36 
Board [9d 8d 3s]
Seat 1: LuckyShikari (big blind) folded before Flop
Seat 2: pr0tecto collected ($6.94)
Seat 3: kvcsszblcs folded before Flop (didn't bet)
Seat 4: XneferX folded before Flop (didn't bet)
Seat 5: Laura11014 (button) folded on the Flop
Seat 6: Ae46 (small blind) folded on the Flop



PokerStars Hand #254324165910:  Hold'em No Limit ($0.50/$1.00 USD) - 2025/01/11 1:18:42 WET [2025/01/11 20:18:42 ET]
Table 'Stearns II' 6-max Seat #6 is the button
Seat 1: LuckyShikari ($122.78 in chips) 
Seat 2: pr0tecto ($119.19 in chips) 
Seat 3: kvcsszblcs ($105 in chips) 
Seat 4: XneferX ($100 in chips) 
Seat 5: Laura11014 ($41.75 in chips) 
Seat 6: Ae46 ($48.06 in chips) 
LuckyShikari: posts small blind $0.50
pr0tecto: posts big blind $1
*** HOLE CARDS ***
kvcsszblcs: folds 
XneferX: folds 
Laura11014: calls $1
Ae46: calls $1
LuckyShikari: folds 
pr0tecto: raises $5 to $6
Laura11014: raises $35.75 to $41.75 and is all-in
Ae46: folds 
pr0tecto: calls $35.75
*** FLOP *** [2c 6d Ac]
*** TURN *** [2c 6d Ac] [Tc]
*** RIVER *** [2c 6d Ac Tc] [3c]
*** SHOW DOWN ***
pr0tecto: shows [Qs As] (a pair of Aces)
Laura11014: shows [Kh Td] (a pair of Tens)
pr0tecto collected $82.50 from pot
*** SUMMARY ***
Total pot $85 | Rake $2.50 
Board [2c 6d Ac Tc 3c]
Seat 1: LuckyShikari (small blind) folded before Flop
Seat 2: pr0tecto (big blind) showed [Qs As] and won ($82.50) with a pair of Aces
Seat 3: kvcsszblcs folded before Flop (didn't bet)
Seat 4: XneferX folded before Flop (didn't bet)
Seat 5: Laura11014 showed [Kh Td] and lost with a pair of Tens
Seat 6: Ae46 (button) folded before Flop



PokerStars Hand #254324178500:  Hold'em No Limit ($0.50/$1.00 USD) - 2025/01/11 1:19:45 WET [2025/01/11 20:19:45 ET]
Table 'Stearns II' 6-max Seat #1 is the button
Seat 5: Laura11014 ($0 in chips) is sitting out
Seat 1: LuckyShikari ($122.28 in chips) 
Seat 2: pr0tecto ($159.94 in chips) 
Seat 3: kvcsszblcs ($105 in chips) 
Seat 4: XneferX ($100 in chips) 
Seat 6: Ae46 ($47.06 in chips) 
pr0tecto: posts small blind $0.50
kvcsszblcs: posts big blind $1
*** HOLE CARDS ***
XneferX: folds 
Ae46: calls $1
LuckyShikari: folds 
pr0tecto: folds 
kvcsszblcs: checks 
*** FLOP *** [Qh 2d Jd]
kvcsszblcs: checks 
Ae46: checks 
*** TURN *** [Qh 2d Jd] [Jc]
kvcsszblcs: checks 
Ae46: checks 
*** RIVER *** [Qh 2d Jd Jc] [7c]
kvcsszblcs: bets $1.50
Laura11014 is disconnected 
Ae46: calls $1.50
*** SHOW DOWN ***
kvcsszblcs: shows [6h 9h] (a pair of Jacks)
Ae46: shows [Ad 6s] (a pair of Jacks - Ace kicker)
Ae46 collected $5.22 from pot
*** SUMMARY ***
Total pot $5.50 | Rake $0.28 
Board [Qh 2d Jd Jc 7c]
Seat 5: Laura11014
Seat 1: LuckyShikari (button) folded before Flop (didn't bet)
Seat 2: pr0tecto (small blind) folded before Flop
Seat 3: kvcsszblcs (big blind) showed [6h 9h] and lost with a pair of Jacks
Seat 4: XneferX folded before Flop (didn't bet)
Seat 6: Ae46 showed [Ad 6s] and won ($5.22) with a pair of Jacks



PokerStars Hand #254324190200:  Hold'em No Limit ($0.50/$1.00 USD) - 2025/01/11 1:20:42 WET [2025/01/11 20:20:42 ET]
Table 'Stearns II' 6-max Seat #2 is the button
Seat 5: Laura11014 ($0 in chips) is sitting out
Seat 1: LuckyShikari ($122.28 in chips) 
Seat 2: pr0tecto ($159.44 in chips) 
Seat 3: kvcsszblcs ($102.50 in chips) 
Seat 4: XneferX ($100 in chips) 
Seat 6: Ae46 ($49.78 in chips) 
kvcsszblcs: posts small blind $0.50
XneferX: posts big blind $1
*** HOLE CARDS ***
Ae46: folds 
LuckyShikari: folds 
pr0tecto: folds 
kvcsszblcs: folds 
Uncalled bet ($0.50) returned to XneferX
XneferX collected $1 from pot
XneferX: doesn't show hand 
*** SUMMARY ***
Total pot $1 | Rake $0 
Seat 5: Laura11014
Seat 1: LuckyShikari folded before Flop (didn't bet)
Seat 2: pr0tecto (button) folded before Flop (didn't bet)
Seat 3: kvcsszblcs (small blind) folded before Flop
Seat 4: XneferX (big blind) collected ($1)
Seat 6: Ae46 folded before Flop (didn't bet)



PokerStars Hand #254324193077:  Hold'em No Limit ($0.50/$1.00 USD) - 2025/01/11 1:20:56 WET [2025/01/11 20:20:56 ET]
Table 'Stearns II' 6-max Seat #3 is the button
Seat 5: Laura11014 ($0 in chips) is sitting out
Seat 1: LuckyShikari ($122.28 in chips) 
Seat 2: pr0tecto ($159.44 in chips) 
Seat 3: kvcsszblcs ($102 in chips) 
Seat 4: XneferX ($100.50 in chips) 
Seat 6: Ae46 ($49.78 in chips) 
XneferX: posts small blind $0.50
Ae46: posts big blind $1
*** HOLE CARDS ***
LuckyShikari: folds 
pr0tecto: raises $1.20 to $2.20
kvcsszblcs: calls $2.20
XneferX: folds 
Ae46: calls $1.20
*** FLOP *** [3d 9d Ad]
Ae46: checks 
pr0tecto: checks 
kvcsszblcs: checks 
*** TURN *** [3d 9d Ad] [3h]
Ae46: checks 
pr0tecto: checks 
kvcsszblcs: checks 
*** RIVER *** [3d 9d Ad 3h] [Kc]
Ae46: checks 
pr0tecto: checks 
kvcsszblcs: checks 
*** SHOW DOWN ***
Ae46: shows [9h Qc] (two pair, Nines and Threes)
pr0tecto: mucks hand 
kvcsszblcs: shows [Qh Qd] (two pair, Queens and Threes)
kvcsszblcs collected $6.74 from pot
*** SUMMARY ***
Total pot $7.10 | Rake $0.36 
Board [3d 9d Ad 3h Kc]
Seat 5: Laura11014
Seat 1: LuckyShikari folded before Flop (didn't bet)
Seat 2: pr0tecto mucked
Seat 3: kvcsszblcs (button) showed [Qh Qd] and won ($6.74) with two pair, Queens and Threes
Seat 4: XneferX (small blind) folded before Flop
Seat 6: Ae46 (big blind) showed [9h Qc] and lost with two pair, Nines and Threes



PokerStars Hand #254324205998:  Hold'em No Limit ($0.50/$1.00 USD) - 2025/01/11 1:22:00 WET [2025/01/11 20:22:00 ET]
Table 'Stearns II' 6-max Seat #4 is the button
Seat 5: Laura11014 ($0 in chips) is sitting out
Seat 1: LuckyShikari ($122.28 in chips) 
Seat 2: pr0tecto ($157.24 in chips) 
Seat 3: kvcsszblcs ($106.54 in chips) 
Seat 4: XneferX ($100 in chips) 
Seat 6: Ae46 ($47.58 in chips) 
Ae46: posts small blind $0.50
LuckyShikari: posts big blind $1
*** HOLE CARDS ***
pr0tecto: raises $1.10 to $2.10
kvcsszblcs: folds 
XneferX: folds 
Ae46: calls $1.60
LuckyShikari: folds 
*** FLOP *** [9s Jd 4s]
Ae46: checks 
pr0tecto: checks 
*** TURN *** [9s Jd 4s] [Kc]
Ae46: checks 
pr0tecto: checks 
*** RIVER *** [9s Jd 4s Kc] [5d]
Ae46: bets $2.47
pr0tecto: folds 
Uncalled bet ($2.47) returned to Ae46
Ae46 collected $4.94 from pot
*** SUMMARY ***
Total pot $5.20 | Rake $0.26 
Board [9s Jd 4s Kc 5d]
Seat 5: Laura11014
Seat 1: LuckyShikari (big blind) folded before Flop
Seat 2: pr0tecto folded on the River
Seat 3: kvcsszblcs folded before Flop (didn't bet)
Seat 4: XneferX (button) folded before Flop (didn't bet)
Seat 6: Ae46 (small blind) collected ($4.94)



PokerStars Hand #254324214932:  Hold'em No Limit ($0.50/$1.00 USD) - 2025/01/11 1:22:45 WET [2025/01/11 20:22:45 ET]
Table 'Stearns II' 6-max Seat #6 is the button
Seat 5: Laura11014 ($0 in chips) is sitting out
Seat 1: LuckyShikari ($121.28 in chips) 
Seat 2: pr0tecto ($155.14 in chips) 
Seat 3: kvcsszblcs ($106.54 in chips) 
Seat 4: XneferX ($100 in chips) 
Seat 6: Ae46 ($50.42 in chips) 
LuckyShikari: posts small blind $0.50
pr0tecto: posts big blind $1
*** HOLE CARDS ***
kvcsszblcs: raises $1 to $2
XneferX: folds 
Ae46: folds 
LuckyShikari: folds 
pr0tecto: calls $1
*** FLOP *** [4c 8c 2d]
pr0tecto: checks 
kvcsszblcs: bets $2.82
pr0tecto: folds 
Uncalled bet ($2.82) returned to kvcsszblcs
kvcsszblcs collected $4.28 from pot
kvcsszblcs: doesn't show hand 
*** SUMMARY ***
Total pot $4.50 | Rake $0.22 
Board [4c 8c 2d]
Seat 5: Laura11014
Seat 1: LuckyShikari (small blind) folded before Flop
Seat 2: pr0tecto (big blind) folded on the Flop
Seat 3: kvcsszblcs collected ($4.28)
Seat 4: XneferX folded before Flop (didn't bet)
Seat 6: Ae46 (button) folded before Flop (didn't bet)



PokerStars Hand #254324225072:  Hold'em No Limit ($0.50/$1.00 USD) - 2025/01/11 1:23:36 WET [2025/01/11 20:23:36 ET]
Table 'Stearns II' 6-max Seat #1 is the button
Seat 5: Laura11014 ($0 in chips) is sitting out
Seat 1: LuckyShikari ($120.78 in chips) 
Seat 2: pr0tecto ($153.14 in chips) 
Seat 3: kvcsszblcs ($108.82 in chips) 
Seat 4: XneferX ($100 in chips) 
Seat 6: Ae46 ($50.42 in chips) 
pr0tecto: posts small blind $0.50
kvcsszblcs: posts big blind $1
*** HOLE CARDS ***
XneferX: raises $1.20 to $2.20
Ae46: folds 
LuckyShikari: folds 
pr0tecto: folds 
kvcsszblcs: folds 
Uncalled bet ($1.20) returned to XneferX
XneferX collected $2.50 from pot
XneferX: doesn't show hand 
*** SUMMARY ***
Total pot $2.50 | Rake $0 
Seat 5: Laura11014
Seat 1: LuckyShikari (button) folded before Flop (didn't bet)
Seat 2: pr0tecto (small blind) folded before Flop
Seat 3: kvcsszblcs (big blind) folded before Flop
Seat 4: XneferX collected ($2.50)
Seat 6: Ae46 folded before Flop (didn't bet)



PokerStars Hand #254324227434:  Hold'em No Limit ($0.50/$1.00 USD) - 2025/01/11 1:23:48 WET [2025/01/11 20:23:48 ET]
Table 'Stearns II' 6-max Seat #2 is the button
Seat 5: Laura11014 ($0 in chips) is sitting out
Seat 1: LuckyShikari ($120.78 in chips) 
Seat 2: pr0tecto ($152.64 in chips) 
Seat 3: kvcsszblcs ($107.82 in chips) 
Seat 4: XneferX ($101.50 in chips) 
Seat 6: Ae46 ($50.42 in chips) 
kvcsszblcs: posts small blind $0.50
XneferX: posts big blind $1
*** HOLE CARDS ***
Ae46: folds 
LuckyShikari: folds 
pr0tecto: raises $2 to $3
kvcsszblcs: folds 
XneferX: folds 
Uncalled bet ($2) returned to pr0tecto
pr0tecto collected $2.50 from pot
pr0tecto: doesn't show hand 
*** SUMMARY ***
Total pot $2.50 | Rake $0 
Seat 5: Laura11014
Seat 1: LuckyShikari folded before Flop (didn't bet)
Seat 2: pr0tecto (button) collected ($2.50)
Seat 3: kvcsszblcs (small blind) folded before Flop
Seat 4: XneferX (big blind) folded before Flop
Seat 6: Ae46 folded before Flop (didn't bet)



PokerStars Hand #254324231387:  Hold'em No Limit ($0.50/$1.00 USD) - 2025/01/11 1:24:07 WET [2025/01/11 20:24:07 ET]
Table 'Stearns II' 6-max Seat #3 is the button
Seat 5: Laura11014 ($0 in chips) is sitting out
Seat 1: LuckyShikari ($120.78 in chips) 
Seat 2: pr0tecto ($154.14 in chips) 
Seat 3: kvcsszblcs ($107.32 in chips) 
Seat 4: XneferX ($100.50 in chips) 
Seat 6: Ae46 ($50.42 in chips) 
XneferX: posts small blind $0.50
Ae46: posts big blind $1
*** HOLE CARDS ***
LuckyShikari: folds 
pr0tecto: folds 
kvcsszblcs: raises $1.25 to $2.25
XneferX: folds 
Ae46: folds 
Uncalled bet ($1.25) returned to kvcsszblcs
kvcsszblcs collected $2.50 from pot
kvcsszblcs: doesn't show hand 
*** SUMMARY ***
Total pot $2.50 | Rake $0 
Seat 5: Laura11014
Seat 1: LuckyShikari folded before Flop (didn't bet)
Seat 2: pr0tecto folded before Flop (didn't bet)
Seat 3: kvcsszblcs (button) collected ($2.50)
Seat 4: XneferX (small blind) folded before Flop
Seat 6: Ae46 (big blind) folded before Flop



PokerStars Hand #254324234589:  Hold'em No Limit ($0.50/$1.00 USD) - 2025/01/11 1:24:24 WET [2025/01/11 20:24:24 ET]
Table 'Stearns II' 6-max Seat #4 is the button
Seat 5: Laura11014 ($0 in chips) is sitting out
Seat 1: LuckyShikari ($120.78 in chips) 
Seat 2: pr0tecto ($154.14 in chips) 
Seat 3: kvcsszblcs ($108.82 in chips) 
Seat 4: XneferX ($100 in chips) 
Seat 6: Ae46 ($49.42 in chips) 
Ae46: posts small blind $0.50
LuckyShikari: posts big blind $1
*** HOLE CARDS ***
pr0tecto: folds 
kvcsszblcs: raises $1 to $2
XneferX: folds 
Ae46: calls $1.50
LuckyShikari: folds 
*** FLOP *** [Tc 4h Ah]
Ae46: checks 
kvcsszblcs: checks 
*** TURN *** [Tc 4h Ah] [5d]
Ae46: bets $2
kvcsszblcs: raises $6.56 to $8.56
Ae46: calls $6.56
*** RIVER *** [Tc 4h Ah 5d] [Jc]
Ae46: bets $4
kvcsszblcs: folds 
Uncalled bet ($4) returned to Ae46
Ae46 collected $21.01 from pot
*** SUMMARY ***
Total pot $22.12 | Rake $1.11 
Board [Tc 4h Ah 5d Jc]
Seat 5: Laura11014
Seat 1: LuckyShikari (big blind) folded before Flop
Seat 2: pr0tecto folded before Flop (didn't bet)
Seat 3: kvcsszblcs folded on the River
Seat 4: XneferX (button) folded before Flop (didn't bet)
Seat 6: Ae46 (small blind) collected ($21.01)



PokerStars Hand #254324250929:  Hold'em No Limit ($0.50/$1.00 USD) - 2025/01/11 1:25:45 WET [2025/01/11 20:25:45 ET]
Table 'Stearns II' 6-max Seat #6 is the button
Seat 5: Laura11014 ($0 in chips) is sitting out
Seat 1: LuckyShikari ($119.78 in chips) 
Seat 2: pr0tecto ($154.14 in chips) 
Seat 3: kvcsszblcs ($100 in chips) 
Seat 4: XneferX ($100 in chips) 
Seat 6: Ae46 ($59.87 in chips) 
LuckyShikari: posts small blind $0.50
pr0tecto: posts big blind $1
*** HOLE CARDS ***
kvcsszblcs: raises $1 to $2
XneferX: folds 
Ae46: folds 
LuckyShikari: folds 
pr0tecto: calls $1
*** FLOP *** [Td Qh 4c]
pr0tecto: checks 
kvcsszblcs: bets $1.07
pr0tecto: calls $1.07
*** TURN *** [Td Qh 4c] [7c]
pr0tecto: checks 
kvcsszblcs: checks 
*** RIVER *** [Td Qh 4c 7c] [6c]
pr0tecto: checks 
kvcsszblcs: bets $4.16
pr0tecto: folds 
Uncalled bet ($4.16) returned to kvcsszblcs
kvcsszblcs collected $6.31 from pot
kvcsszblcs: doesn't show hand 
*** SUMMARY ***
Total pot $6.64 | Rake $0.33 
Board [Td Qh 4c 7c 6c]
Seat 5: Laura11014
Seat 1: LuckyShikari (small blind) folded before Flop
Seat 2: pr0tecto (big blind) folded on the River
Seat 3: kvcsszblcs collected ($6.31)
Seat 4: XneferX folded before Flop (didn't bet)
Seat 6: Ae46 (button) folded before Flop (didn't bet)



PokerStars Hand #254324268090:  Hold'em No Limit ($0.50/$1.00 USD) - 2025/01/11 1:27:10 WET [2025/01/11 20:27:10 ET]
Table 'Stearns II' 6-max Seat #1 is the button
Seat 3: kvcsszblcs ($103.24 in chips) is sitting out
Seat 5: Laura11014 ($0 in chips) is sitting out
Seat 1: LuckyShikari ($119.28 in chips) 
Seat 2: pr0tecto ($151.07 in chips) 
Seat 4: XneferX ($100 in chips) 
Seat 6: Ae46 ($59.87 in chips) 
pr0tecto: posts small blind $0.50
kvcsszblcs: is sitting out 
XneferX: posts big blind $1
*** HOLE CARDS ***
Ae46: folds 
kvcsszblcs leaves the table
LuckyShikari: raises $1.50 to $2.50
pr0tecto: folds 
XneferX: raises $10.50 to $13
LuckyShikari: raises $106.28 to $119.28 and is all-in
XneferX: calls $87 and is all-in
Uncalled bet ($19.28) returned to LuckyShikari
rostickkin joins the table at seat #3 
*** FLOP *** [9s 8d 9d]
*** TURN *** [9s 8d 9d] [9h]
*** RIVER *** [9s 8d 9d 9h] [Qh]
*** SHOW DOWN ***
XneferX: shows [Ac Ks] (three of a kind, Nines)
LuckyShikari: shows [Ad Kc] (three of a kind, Nines)
XneferX collected $99.75 from pot
LuckyShikari collected $99.75 from pot
*** SUMMARY ***
Total pot $200.50 | Rake $1 
Board [9s 8d 9d 9h Qh]
Seat 3: kvcsszblcs
Seat 5: Laura11014
Seat 1: LuckyShikari (button) showed [Ad Kc] and won ($99.75) with three of a kind, Nines
Seat 2: pr0tecto (small blind) folded before Flop
Seat 4: XneferX (big blind) showed [Ac Ks] and won ($99.75) with three of a kind, Nines
Seat 6: Ae46 folded before Flop (didn't bet)



PokerStars Hand #254324275744:  Hold'em No Limit ($0.50/$1.00 USD) - 2025/01/11 1:27:48 WET [2025/01/11 20:27:48 ET]
Table 'Stearns II' 6-max Seat #2 is the button
Seat 3: rostickkin ($100 in chips) is sitting out
Seat 5: Laura11014 ($0 in chips) is sitting out
Seat 1: LuckyShikari ($119.03 in chips) 
Seat 2: pr0tecto ($150.57 in chips) 
Seat 4: XneferX ($100 in chips) 
Seat 6: Ae46 ($59.87 in chips) 
XneferX: posts small blind $0.50
Ae46: posts big blind $1
*** HOLE CARDS ***
LuckyShikari: folds 
pr0tecto: raises $2 to $3
XneferX: folds 
Ae46: calls $2
*** FLOP *** [3s 5d 6h]
Ae46: bets $3.09
pr0tecto: raises $6.91 to $10
Ae46: folds 
Uncalled bet ($6.91) returned to pr0tecto
pr0tecto collected $12.05 from pot
pr0tecto: doesn't show hand 
*** SUMMARY ***
Total pot $12.68 | Rake $0.63 
Board [3s 5d 6h]
Seat 3: rostickkin
Seat 5: Laura11014
Seat 1: LuckyShikari folded before Flop (didn't bet)
Seat 2: pr0tecto (button) collected ($12.05)
Seat 4: XneferX (small blind) folded before Flop
Seat 6: Ae46 (big blind) folded on the Flop



PokerStars Hand #254324283159:  Hold'em No Limit ($0.50/$1.00 USD) - 2025/01/11 1:28:25 WET [2025/01/11 20:28:25 ET]
Table 'Stearns II' 6-max Seat #4 is the button
Seat 3: rostickkin ($100 in chips) is sitting out
Seat 5: Laura11014 ($0 in chips) is sitting out
Seat 1: LuckyShikari ($119.03 in chips) 
Seat 2: pr0tecto ($156.53 in chips) 
Seat 4: XneferX ($100 in chips) 
Seat 6: Ae46 ($53.78 in chips) 
Ae46: posts small blind $0.50
LuckyShikari: posts big blind $1
rostickkin: sits out 
*** HOLE CARDS ***
pr0tecto: folds 
XneferX: folds 
Ae46: folds 
Uncalled bet ($0.50) returned to LuckyShikari
LuckyShikari collected $1 from pot
LuckyShikari: doesn't show hand 
*** SUMMARY ***
Total pot $1 | Rake $0 
Seat 3: rostickkin
Seat 5: Laura11014
Seat 1: LuckyShikari (big blind) collected ($1)
Seat 2: pr0tecto folded before Flop (didn't bet)
Seat 4: XneferX (button) folded before Flop (didn't bet)
Seat 6: Ae46 (small blind) folded before Flop



PokerStars Hand #254324286973:  Hold'em No Limit ($0.50/$1.00 USD) - 2025/01/11 1:28:43 WET [2025/01/11 20:28:43 ET]
Table 'Stearns II' 6-max Seat #6 is the button
Seat 3: rostickkin ($100 in chips) is sitting out
Seat 5: Laura11014 ($0 in chips) is sitting out
Seat 1: LuckyShikari ($119.53 in chips) 
Seat 2: pr0tecto ($156.53 in chips) 
Seat 4: XneferX ($100 in chips) 
Seat 6: Ae46 ($53.28 in chips) 
LuckyShikari: posts small blind $0.50
pr0tecto: posts big blind $1
rostickkin: sits out 
*** HOLE CARDS ***
XneferX: folds 
Ae46: calls $1
LuckyShikari: folds 
pr0tecto: raises $3.50 to $4.50
Ae46: calls $3.50
*** FLOP *** [3s 7h 5d]
pr0tecto: checks 
Ae46: checks 
*** TURN *** [3s 7h 5d] [9h]
pr0tecto: checks 
Ae46: checks 
*** RIVER *** [3s 7h 5d 9h] [Kd]
pr0tecto: bets $5.95
Ae46: folds 
Uncalled bet ($5.95) returned to pr0tecto
pr0tecto collected $9.02 from pot
pr0tecto: doesn't show hand 
*** SUMMARY ***
Total pot $9.50 | Rake $0.48 
Board [3s 7h 5d 9h Kd]
Seat 3: rostickkin
Seat 5: Laura11014
Seat 1: LuckyShikari (small blind) folded before Flop
Seat 2: pr0tecto (big blind) collected ($9.02)
Seat 4: XneferX folded before Flop (didn't bet)
Seat 6: Ae46 (button) folded on the River



PokerStars Hand #254324297224:  Hold'em No Limit ($0.50/$1.00 USD) - 2025/01/11 1:29:34 WET [2025/01/11 20:29:34 ET]
Table 'Stearns II' 6-max Seat #1 is the button
Seat 5: Laura11014 ($0 in chips) is sitting out
Seat 1: LuckyShikari ($119.03 in chips) 
Seat 2: pr0tecto ($161.05 in chips) 
Seat 3: rostickkin ($100 in chips) 
Seat 4: XneferX ($100 in chips) 
Seat 6: Ae46 ($48.78 in chips) 
pr0tecto: posts small blind $0.50
rostickkin: posts big blind $1
*** HOLE CARDS ***
XneferX: folds 
Ae46: folds 
LuckyShikari: folds 
pr0tecto: raises $1.24 to $2.24
rostickkin: folds 
Uncalled bet ($1.24) returned to pr0tecto
pr0tecto collected $2 from pot
pr0tecto: doesn't show hand 
*** SUMMARY ***
Total pot $2 | Rake $0 
Seat 5: Laura11014
Seat 1: LuckyShikari (button) folded before Flop (didn't bet)
Seat 2: pr0tecto (small blind) collected ($2)
Seat 3: rostickkin (big blind) folded before Flop
Seat 4: XneferX folded before Flop (didn't bet)
Seat 6: Ae46 folded before Flop (didn't bet)



PokerStars Hand #254324304032:  Hold'em No Limit ($0.50/$1.00 USD) - 2025/01/11 1:30:08 WET [2025/01/11 20:30:08 ET]
Table 'Stearns II' 6-max Seat #2 is the button
Seat 5: Laura11014 ($0 in chips) is sitting out
Seat 1: LuckyShikari ($119.03 in chips) 
Seat 2: pr0tecto ($162.05 in chips) 
Seat 3: rostickkin ($100 in chips) 
Seat 4: XneferX ($100 in chips) 
Seat 6: Ae46 ($48.78 in chips) 
rostickkin: posts small blind $0.50
XneferX: posts big blind $1
*** HOLE CARDS ***
Ae46: calls $1
LuckyShikari: folds 
pr0tecto: folds 
rostickkin: raises $4 to $5
XneferX: calls $4
Laura11014 leaves the table
Ae46: folds 
*** FLOP *** [6d 5d Kh]
rostickkin: bets $3.55
XneferX: calls $3.55
*** TURN *** [6d 5d Kh] [Kd]
rostickkin: checks 
vitjok55555 joins the table at seat #5 
XneferX: checks 
*** RIVER *** [6d 5d Kh Kd] [3s]
rostickkin: checks 
XneferX: checks 
*** SHOW DOWN ***
rostickkin: shows [8s As] (a pair of Kings)
XneferX: shows [Tc Ts] (two pair, Kings and Tens)
XneferX collected $17.20 from pot
*** SUMMARY ***
Total pot $18.10 | Rake $0.90 
Board [6d 5d Kh Kd 3s]
Seat 5: Laura11014
Seat 1: LuckyShikari folded before Flop (didn't bet)
Seat 2: pr0tecto (button) folded before Flop (didn't bet)
Seat 3: rostickkin (small blind) showed [8s As] and lost with a pair of Kings
Seat 4: XneferX (big blind) showed [Tc Ts] and won ($17.20) with two pair, Kings and Tens
Seat 6: Ae46 folded before Flop



PokerStars Hand #254324319547:  Hold'em No Limit ($0.50/$1.00 USD) - 2025/01/11 1:31:23 WET [2025/01/11 20:31:23 ET]
Table 'Stearns II' 6-max Seat #3 is the button
Seat 1: LuckyShikari ($119.03 in chips) 
Seat 2: pr0tecto ($162.05 in chips) 
Seat 3: rostickkin ($100 in chips) 
Seat 4: XneferX ($108.65 in chips) 
Seat 5: vitjok55555 ($100 in chips) 
Seat 6: Ae46 ($47.78 in chips) 
XneferX: posts small blind $0.50
vitjok55555: posts big blind $1
*** HOLE CARDS ***
Ae46: calls $1
LuckyShikari: folds 
pr0tecto: folds 
rostickkin: folds 
XneferX: raises $3 to $4
vitjok55555: folds 
Ae46: calls $3
*** FLOP *** [Qh 9s Jh]
XneferX: bets $2.91
Ae46: calls $2.91
*** TURN *** [Qh 9s Jh] [3c]
XneferX: checks 
Ae46: checks 
*** RIVER *** [Qh 9s Jh 3c] [2c]
XneferX: checks 
Ae46: bets $4
XneferX: calls $4
*** SHOW DOWN ***
Ae46: shows [Td 9c] (a pair of Nines)
XneferX: shows [Kc Jc] (a pair of Jacks)
XneferX collected $21.68 from pot
*** SUMMARY ***
Total pot $22.82 | Rake $1.14 
Board [Qh 9s Jh 3c 2c]
Seat 1: LuckyShikari folded before Flop (didn't bet)
Seat 2: pr0tecto folded before Flop (didn't bet)
Seat 3: rostickkin (button) folded before Flop (didn't bet)
Seat 4: XneferX (small blind) showed [Kc Jc] and won ($21.68) with a pair of Jacks
Seat 5: vitjok55555 (big blind) folded before Flop
Seat 6: Ae46 showed [Td 9c] and lost with a pair of Nines



PokerStars Hand #254324335975:  Hold'em No Limit ($0.50/$1.00 USD) - 2025/01/11 1:32:44 WET [2025/01/11 20:32:44 ET]
Table 'Stearns II' 6-max Seat #4 is the button
Seat 1: LuckyShikari ($119.03 in chips) 
Seat 2: pr0tecto ($162.05 in chips) 
Seat 3: rostickkin ($100 in chips) 
Seat 4: XneferX ($119.42 in chips) 
Seat 5: vitjok55555 ($100 in chips) 
Seat 6: Ae46 ($36.87 in chips) 
vitjok55555: posts small blind $0.50
Ae46: posts big blind $1
*** HOLE CARDS ***
LuckyShikari: folds 
pr0tecto: folds 
rostickkin: folds 
XneferX: raises $1.77 to $2.77
vitjok55555: folds 
Ae46: calls $1.77
*** FLOP *** [Jc 4s Qc]
Ae46: checks 
XneferX: bets $1.20
Ae46: folds 
Uncalled bet ($1.20) returned to XneferX
XneferX collected $5.74 from pot
XneferX: doesn't show hand 
*** SUMMARY ***
Total pot $6.04 | Rake $0.30 
Board [Jc 4s Qc]
Seat 1: LuckyShikari folded before Flop (didn't bet)
Seat 2: pr0tecto folded before Flop (didn't bet)
Seat 3: rostickkin folded before Flop (didn't bet)
Seat 4: XneferX (button) collected ($5.74)
Seat 5: vitjok55555 (small blind) folded before Flop
Seat 6: Ae46 (big blind) folded on the Flop



PokerStars Hand #254324342690:  Hold'em No Limit ($0.50/$1.00 USD) - 2025/01/11 1:33:16 WET [2025/01/11 20:33:16 ET]
Table 'Stearns II' 6-max Seat #5 is the button
Seat 1: LuckyShikari ($119.03 in chips) 
Seat 2: pr0tecto ($162.05 in chips) 
Seat 3: rostickkin ($100 in chips) 
Seat 4: XneferX ($122.39 in chips) 
Seat 5: vitjok55555 ($100 in chips) 
Seat 6: Ae46 ($34.10 in chips) 
Ae46: posts small blind $0.50
LuckyShikari: posts big blind $1
*** HOLE CARDS ***
pr0tecto: folds 
rostickkin: folds 
XneferX: folds 
vitjok55555: raises $1.50 to $2.50
Ae46: calls $2
LuckyShikari: folds 
*** FLOP *** [2c Kh 8h]
Ae46: checks 
vitjok55555: bets $1.88
Ae46: folds 
Uncalled bet ($1.88) returned to vitjok55555
vitjok55555 collected $5.70 from pot
vitjok55555: doesn't show hand 
*** SUMMARY ***
Total pot $6 | Rake $0.30 
Board [2c Kh 8h]
Seat 1: LuckyShikari (big blind) folded before Flop
Seat 2: pr0tecto folded before Flop (didn't bet)
Seat 3: rostickkin folded before Flop (didn't bet)
Seat 4: XneferX folded before Flop (didn't bet)
Seat 5: vitjok55555 (button) collected ($5.70)
Seat 6: Ae46 (small blind) folded on the Flop



PokerStars Hand #254324351748:  Hold'em No Limit ($0.50/$1.00 USD) - 2025/01/11 1:34:01 WET [2025/01/11 20:34:01 ET]
Table 'Stearns II' 6-max Seat #6 is the button
Seat 1: LuckyShikari ($118.03 in chips) 
Seat 2: pr0tecto ($162.05 in chips) 
Seat 3: rostickkin ($100 in chips) 
Seat 4: XneferX ($122.39 in chips) 
Seat 5: vitjok55555 ($103.20 in chips) 
Seat 6: Ae46 ($31.60 in chips) 
LuckyShikari: posts small blind $0.50
pr0tecto: posts big blind $1
*** HOLE CARDS ***
rostickkin: raises $1.20 to $2.20
XneferX: calls $2.20
vitjok55555: raises $10.80 to $13
Ae46: folds 
LuckyShikari: folds 
pr0tecto: folds 
rostickkin: folds 
XneferX: folds 
Uncalled bet ($10.80) returned to vitjok55555
vitjok55555 collected $8.10 from pot
vitjok55555: doesn't show hand 
*** SUMMARY ***
Total pot $8.10 | Rake $0 
Seat 1: LuckyShikari (small blind) folded before Flop
Seat 2: pr0tecto (big blind) folded before Flop
Seat 3: rostickkin folded before Flop
Seat 4: XneferX folded before Flop
Seat 5: vitjok55555 collected ($8.10)
Seat 6: Ae46 (button) folded before Flop (didn't bet)



PokerStars Hand #254324358558:  Hold'em No Limit ($0.50/$1.00 USD) - 2025/01/11 1:34:34 WET [2025/01/11 20:34:34 ET]
Table 'Stearns II' 6-max Seat #1 is the button
Seat 1: LuckyShikari ($117.53 in chips) 
Seat 2: pr0tecto ($161.05 in chips) 
Seat 3: rostickkin ($100 in chips) 
Seat 4: XneferX ($120.19 in chips) 
Seat 5: vitjok55555 ($109.10 in chips) 
Seat 6: Ae46 ($31.60 in chips) 
pr0tecto: posts small blind $0.50
rostickkin: posts big blind $1
*** HOLE CARDS ***
XneferX: folds 
vitjok55555: raises $2 to $3
Ae46: calls $3
LuckyShikari: folds 
pr0tecto: folds 
rostickkin: folds 
*** FLOP *** [5h 7s 9c]
vitjok55555: bets $3.70
Ae46: calls $3.70
*** TURN *** [5h 7s 9c] [7c]
vitjok55555: checks 
Ae46: bets $6
vitjok55555: folds 
Uncalled bet ($6) returned to Ae46
Ae46 collected $14.16 from pot
*** SUMMARY ***
Total pot $14.90 | Rake $0.74 
Board [5h 7s 9c 7c]
Seat 1: LuckyShikari (button) folded before Flop (didn't bet)
Seat 2: pr0tecto (small blind) folded before Flop
Seat 3: rostickkin (big blind) folded before Flop
Seat 4: XneferX folded before Flop (didn't bet)
Seat 5: vitjok55555 folded on the Turn
Seat 6: Ae46 collected ($14.16)



PokerStars Hand #254324369867:  Hold'em No Limit ($0.50/$1.00 USD) - 2025/01/11 1:35:28 WET [2025/01/11 20:35:28 ET]
Table 'Stearns II' 6-max Seat #2 is the button
Seat 1: LuckyShikari ($117.53 in chips) 
Seat 2: pr0tecto ($160.55 in chips) 
Seat 3: rostickkin ($100 in chips) 
Seat 4: XneferX ($120.19 in chips) 
Seat 5: vitjok55555 ($102.40 in chips) 
Seat 6: Ae46 ($39.06 in chips) 
rostickkin: posts small blind $0.50
XneferX: posts big blind $1
*** HOLE CARDS ***
vitjok55555: folds 
Ae46: folds 
LuckyShikari: folds 
pr0tecto: folds 
rostickkin: folds 
Uncalled bet ($0.50) returned to XneferX
XneferX collected $1 from pot
XneferX: doesn't show hand 
*** SUMMARY ***
Total pot $1 | Rake $0 
Seat 1: LuckyShikari folded before Flop (didn't bet)
Seat 2: pr0tecto (button) folded before Flop (didn't bet)
Seat 3: rostickkin (small blind) folded before Flop
Seat 4: XneferX (big blind) collected ($1)
Seat 5: vitjok55555 folded before Flop (didn't bet)
Seat 6: Ae46 folded before Flop (didn't bet)



PokerStars Hand #254324372594:  Hold'em No Limit ($0.50/$1.00 USD) - 2025/01/11 1:35:42 WET [2025/01/11 20:35:42 ET]
Table 'Stearns II' 6-max Seat #3 is the button
Seat 1: LuckyShikari ($117.53 in chips) 
Seat 2: pr0tecto ($160.55 in chips) 
Seat 3: rostickkin ($100 in chips) 
Seat 4: XneferX ($120.69 in chips) 
Seat 5: vitjok55555 ($102.40 in chips) 
Seat 6: Ae46 ($39.06 in chips) 
XneferX: posts small blind $0.50
vitjok55555: posts big blind $1
*** HOLE CARDS ***
Ae46: calls $1
LuckyShikari: folds 
pr0tecto: folds 
rostickkin: folds 
XneferX: calls $0.50
vitjok55555: raises $5 to $6
Ae46: folds 
XneferX: folds 
Uncalled bet ($5) returned to vitjok55555
vitjok55555 collected $3 from pot
vitjok55555: doesn't show hand 
*** SUMMARY ***
Total pot $3 | Rake $0 
Seat 1: LuckyShikari folded before Flop (didn't bet)
Seat 2: pr0tecto folded before Flop (didn't bet)
Seat 3: rostickkin (button) folded before Flop (didn't bet)
Seat 4: XneferX (small blind) folded before Flop
Seat 5: vitjok55555 (big blind) collected ($3)
Seat 6: Ae46 folded before Flop



PokerStars Hand #254324381189:  Hold'em No Limit ($0.50/$1.00 USD) - 2025/01/11 1:36:23 WET [2025/01/11 20:36:23 ET]
Table 'Stearns II' 6-max Seat #4 is the button
Seat 1: LuckyShikari ($117.53 in chips) 
Seat 2: pr0tecto ($160.55 in chips) 
Seat 3: rostickkin ($100 in chips) 
Seat 4: XneferX ($119.69 in chips) 
Seat 5: vitjok55555 ($104.40 in chips) 
Seat 6: Ae46 ($38.06 in chips) 
vitjok55555: posts small blind $0.50
Ae46: posts big blind $1
*** HOLE CARDS ***
LuckyShikari: folds 
pr0tecto: folds 
rostickkin: folds 
XneferX: raises $1.77 to $2.77
vitjok55555: folds 
Ae46: folds 
Uncalled bet ($1.77) returned to XneferX
XneferX collected $2.50 from pot
XneferX: doesn't show hand 
*** SUMMARY ***
Total pot $2.50 | Rake $0 
Seat 1: LuckyShikari folded before Flop (didn't bet)
Seat 2: pr0tecto folded before Flop (didn't bet)
Seat 3: rostickkin folded before Flop (didn't bet)
Seat 4: XneferX (button) collected ($2.50)
Seat 5: vitjok55555 (small blind) folded before Flop
Seat 6: Ae46 (big blind) folded before Flop



PokerStars Hand #254324384178:  Hold'em No Limit ($0.50/$1.00 USD) - 2025/01/11 1:36:38 WET [2025/01/11 20:36:38 ET]
Table 'Stearns II' 6-max Seat #5 is the button
Seat 1: LuckyShikari ($117.53 in chips) 
Seat 2: pr0tecto ($160.55 in chips) 
Seat 3: rostickkin ($100 in chips) 
Seat 4: XneferX ($121.19 in chips) 
Seat 5: vitjok55555 ($103.90 in chips) 
Seat 6: Ae46 ($37.06 in chips) 
Ae46: posts small blind $0.50
LuckyShikari: posts big blind $1
*** HOLE CARDS ***
pr0tecto: folds 
rostickkin: folds 
XneferX: folds 
vitjok55555: raises $1.50 to $2.50
Ae46: folds 
LuckyShikari: folds 
Uncalled bet ($1.50) returned to vitjok55555
vitjok55555 collected $2.50 from pot
vitjok55555: doesn't show hand 
*** SUMMARY ***
Total pot $2.50 | Rake $0 
Seat 1: LuckyShikari (big blind) folded before Flop
Seat 2: pr0tecto folded before Flop (didn't bet)
Seat 3: rostickkin folded before Flop (didn't bet)
Seat 4: XneferX folded before Flop (didn't bet)
Seat 5: vitjok55555 (button) collected ($2.50)
Seat 6: Ae46 (small blind) folded before Flop



PokerStars Hand #254324390618:  Hold'em No Limit ($0.50/$1.00 USD) - 2025/01/11 1:37:10 WET [2025/01/11 20:37:10 ET]
Table 'Stearns II' 6-max Seat #6 is the button
Seat 1: LuckyShikari ($116.53 in chips) 
Seat 2: pr0tecto ($160.55 in chips) 
Seat 3: rostickkin ($100 in chips) 
Seat 4: XneferX ($121.19 in chips) 
Seat 5: vitjok55555 ($105.40 in chips) 
Seat 6: Ae46 ($36.56 in chips) 
LuckyShikari: posts small blind $0.50
pr0tecto: posts big blind $1
*** HOLE CARDS ***
rostickkin: raises $1.20 to $2.20
XneferX: folds 
vitjok55555: raises $6.80 to $9
Ae46: folds 
LuckyShikari: folds 
pr0tecto: folds 
rostickkin: folds 
Uncalled bet ($6.80) returned to vitjok55555
vitjok55555 collected $5.90 from pot
vitjok55555: doesn't show hand 
*** SUMMARY ***
Total pot $5.90 | Rake $0 
Seat 1: LuckyShikari (small blind) folded before Flop
Seat 2: pr0tecto (big blind) folded before Flop
Seat 3: rostickkin folded before Flop
Seat 4: XneferX folded before Flop (didn't bet)
Seat 5: vitjok55555 collected ($5.90)
Seat 6: Ae46 (button) folded before Flop (didn't bet)



PokerStars Hand #254324395506:  Hold'em No Limit ($0.50/$1.00 USD) - 2025/01/11 1:37:34 WET [2025/01/11 20:37:34 ET]
Table 'Stearns II' 6-max Seat #1 is the button
Seat 1: LuckyShikari ($116.03 in chips) 
Seat 2: pr0tecto ($159.55 in chips) 
Seat 3: rostickkin ($100 in chips) 
Seat 4: XneferX ($121.19 in chips) 
Seat 5: vitjok55555 ($109.10 in chips) 
Seat 6: Ae46 ($36.56 in chips) 
pr0tecto: posts small blind $0.50
rostickkin: posts big blind $1
*** HOLE CARDS ***
XneferX: folds 
vitjok55555: folds 
Ae46: calls $1
LuckyShikari: folds 
pr0tecto: folds 
rostickkin: checks 
*** FLOP *** [Js 2h Jh]
rostickkin: checks 
Ae46: checks 
*** TURN *** [Js 2h Jh] [9h]
rostickkin: bets $1.81
Ae46: folds 
Uncalled bet ($1.81) returned to rostickkin
rostickkin collected $2.38 from pot
rostickkin: doesn't show hand 
*** SUMMARY ***
Total pot $2.50 | Rake $0.12 
Board [Js 2h Jh 9h]
Seat 1: LuckyShikari (button) folded before Flop (didn't bet)
Seat 2: pr0tecto (small blind) folded before Flop
Seat 3: rostickkin (big blind) collected ($2.38)
Seat 4: XneferX folded before Flop (didn't bet)
Seat 5: vitjok55555 folded before Flop (didn't bet)
Seat 6: Ae46 folded on the Turn



PokerStars Hand #254324404807:  Hold'em No Limit ($0.50/$1.00 USD) - 2025/01/11 1:38:20 WET [2025/01/11 20:38:20 ET]
Table 'Stearns II' 6-max Seat #2 is the button
Seat 1: LuckyShikari ($116.03 in chips) 
Seat 2: pr0tecto ($159.05 in chips) 
Seat 3: rostickkin ($101.38 in chips) 
Seat 4: XneferX ($121.19 in chips) 
Seat 5: vitjok55555 ($109.10 in chips) 
Seat 6: Ae46 ($35.56 in chips) 
rostickkin: posts small blind $0.50
XneferX: posts big blind $1
*** HOLE CARDS ***
vitjok55555: raises $2 to $3
Ae46: folds 
LuckyShikari: folds 
pr0tecto: folds 
rostickkin: folds 
XneferX: folds 
Uncalled bet ($2) returned to vitjok55555
vitjok55555 collected $2.50 from pot
vitjok55555: doesn't show hand 
*** SUMMARY ***
Total pot $2.50 | Rake $0 
Seat 1: LuckyShikari folded before Flop (didn't bet)
Seat 2: pr0tecto (button) folded before Flop (didn't bet)
Seat 3: rostickkin (small blind) folded before Flop
Seat 4: XneferX (big blind) folded before Flop
Seat 5: vitjok55555 collected ($2.50)
Seat 6: Ae46 folded before Flop (didn't bet)



PokerStars Hand #254324407308:  Hold'em No Limit ($0.50/$1.00 USD) - 2025/01/11 1:38:33 WET [2025/01/11 20:38:33 ET]
Table 'Stearns II' 6-max Seat #3 is the button
Seat 1: LuckyShikari ($116.03 in chips) 
Seat 2: pr0tecto ($159.05 in chips) 
Seat 3: rostickkin ($100.88 in chips) 
Seat 4: XneferX ($120.19 in chips) 
Seat 5: vitjok55555 ($110.60 in chips) 
Seat 6: Ae46 ($35.56 in chips) 
XneferX: posts small blind $0.50
vitjok55555: posts big blind $1
*** HOLE CARDS ***
Ae46: raises $1 to $2
LuckyShikari: folds 
pr0tecto: folds 
rostickkin: folds 
XneferX: folds 
vitjok55555: folds 
Uncalled bet ($1) returned to Ae46
Ae46 collected $2.50 from pot
*** SUMMARY ***
Total pot $2.50 | Rake $0 
Seat 1: LuckyShikari folded before Flop (didn't bet)
Seat 2: pr0tecto folded before Flop (didn't bet)
Seat 3: rostickkin (button) folded before Flop (didn't bet)
Seat 4: XneferX (small blind) folded before Flop
Seat 5: vitjok55555 (big blind) folded before Flop
Seat 6: Ae46 collected ($2.50)



PokerStars Hand #254324410036:  Hold'em No Limit ($0.50/$1.00 USD) - 2025/01/11 1:38:46 WET [2025/01/11 20:38:46 ET]
Table 'Stearns II' 6-max Seat #4 is the button
Seat 1: LuckyShikari ($116.03 in chips) 
Seat 2: pr0tecto ($159.05 in chips) 
Seat 3: rostickkin ($100.88 in chips) 
Seat 4: XneferX ($119.69 in chips) 
Seat 5: vitjok55555 ($109.60 in chips) 
Seat 6: Ae46 ($37.06 in chips) 
vitjok55555: posts small blind $0.50
Ae46: posts big blind $1
*** HOLE CARDS ***
LuckyShikari: raises $1.50 to $2.50
pr0tecto: folds 
rostickkin: folds 
XneferX: raises $5 to $7.50
vitjok55555: folds 
Ae46: folds 
LuckyShikari: calls $5
*** FLOP *** [2c 4c 4d]
LuckyShikari: checks 
XneferX: checks 
*** TURN *** [2c 4c 4d] [7d]
LuckyShikari: checks 
XneferX: checks 
*** RIVER *** [2c 4c 4d 7d] [9s]
LuckyShikari: checks 
XneferX: checks 
*** SHOW DOWN ***
LuckyShikari: shows [Qh Kh] (a pair of Fours)
XneferX: shows [As Kd] (a pair of Fours - Ace kicker)
XneferX collected $15.68 from pot
*** SUMMARY ***
Total pot $16.50 | Rake $0.82 
Board [2c 4c 4d 7d 9s]
Seat 1: LuckyShikari showed [Qh Kh] and lost with a pair of Fours
Seat 2: pr0tecto folded before Flop (didn't bet)
Seat 3: rostickkin folded before Flop (didn't bet)
Seat 4: XneferX (button) showed [As Kd] and won ($15.68) with a pair of Fours
Seat 5: vitjok55555 (small blind) folded before Flop
Seat 6: Ae46 (big blind) folded before Flop



PokerStars Hand #254324429902:  Hold'em No Limit ($0.50/$1.00 USD) - 2025/01/11 1:40:27 WET [2025/01/11 20:40:27 ET]
Table 'Stearns II' 6-max Seat #5 is the button
Seat 1: LuckyShikari ($108.53 in chips) 
Seat 2: pr0tecto ($159.05 in chips) 
Seat 3: rostickkin ($100.88 in chips) 
Seat 4: XneferX ($127.87 in chips) 
Seat 5: vitjok55555 ($109.10 in chips) 
Seat 6: Ae46 ($36.06 in chips) 
Ae46: posts small blind $0.50
LuckyShikari: posts big blind $1
*** HOLE CARDS ***
pr0tecto: folds 
rostickkin: folds 
XneferX: folds 
vitjok55555: raises $1.50 to $2.50
Ae46: folds 
LuckyShikari: folds 
Uncalled bet ($1.50) returned to vitjok55555
vitjok55555 collected $2.50 from pot
vitjok55555: doesn't show hand 
*** SUMMARY ***
Total pot $2.50 | Rake $0 
Seat 1: LuckyShikari (big blind) folded before Flop
Seat 2: pr0tecto folded before Flop (didn't bet)
Seat 3: rostickkin folded before Flop (didn't bet)
Seat 4: XneferX folded before Flop (didn't bet)
Seat 5: vitjok55555 (button) collected ($2.50)
Seat 6: Ae46 (small blind) folded before Flop



PokerStars Hand #254324434933:  Hold'em No Limit ($0.50/$1.00 USD) - 2025/01/11 1:40:53 WET [2025/01/11 20:40:53 ET]
Table 'Stearns II' 6-max Seat #6 is the button
Seat 1: LuckyShikari ($107.53 in chips) 
Seat 2: pr0tecto ($159.05 in chips) 
Seat 3: rostickkin ($100.88 in chips) 
Seat 4: XneferX ($127.87 in chips) 
Seat 5: vitjok55555 ($110.60 in chips) 
Seat 6: Ae46 ($35.56 in chips) 
LuckyShikari: posts small blind $0.50
pr0tecto: posts big blind $1
*** HOLE CARDS ***
rostickkin: folds 
XneferX: folds 
vitjok55555: folds 
Ae46: calls $1
LuckyShikari: calls $0.50
pr0tecto: checks 
*** FLOP *** [3c As Qd]
LuckyShikari: checks 
pr0tecto: checks 
Ae46: bets $1.43
LuckyShikari: folds 
pr0tecto: folds 
Uncalled bet ($1.43) returned to Ae46
Ae46 collected $2.85 from pot
*** SUMMARY ***
Total pot $3 | Rake $0.15 
Board [3c As Qd]
Seat 1: LuckyShikari (small blind) folded on the Flop
Seat 2: pr0tecto (big blind) folded on the Flop
Seat 3: rostickkin folded before Flop (didn't bet)
Seat 4: XneferX folded before Flop (didn't bet)
Seat 5: vitjok55555 folded before Flop (didn't bet)
Seat 6: Ae46 (button) collected ($2.85)



PokerStars Hand #254324441989:  Hold'em No Limit ($0.50/$1.00 USD) - 2025/01/11 1:41:29 WET [2025/01/11 20:41:29 ET]
Table 'Stearns II' 6-max Seat #1 is the button
Seat 1: LuckyShikari ($106.53 in chips) 
Seat 2: pr0tecto ($158.05 in chips) 
Seat 3: rostickkin ($100.88 in chips) 
Seat 4: XneferX ($127.87 in chips) 
Seat 5: vitjok55555 ($110.60 in chips) 
Seat 6: Ae46 ($37.41 in chips) 
pr0tecto: posts small blind $0.50
rostickkin: posts big blind $1
*** HOLE CARDS ***
XneferX: raises $1.20 to $2.20
vitjok55555: folds 
Ae46: folds 
LuckyShikari: folds 
pr0tecto: folds 
rostickkin: folds 
Uncalled bet ($1.20) returned to XneferX
XneferX collected $2.50 from pot
XneferX: doesn't show hand 
*** SUMMARY ***
Total pot $2.50 | Rake $0 
Seat 1: LuckyShikari (button) folded before Flop (didn't bet)
Seat 2: pr0tecto (small blind) folded before Flop
Seat 3: rostickkin (big blind) folded before Flop
Seat 4: XneferX collected ($2.50)
Seat 5: vitjok55555 folded before Flop (didn't bet)
Seat 6: Ae46 folded before Flop (didn't bet)



PokerStars Hand #254324447471:  Hold'em No Limit ($0.50/$1.00 USD) - 2025/01/11 1:41:57 WET [2025/01/11 20:41:57 ET]
Table 'Stearns II' 6-max Seat #2 is the button
Seat 1: LuckyShikari ($106.53 in chips) 
Seat 2: pr0tecto ($157.55 in chips) 
Seat 3: rostickkin ($100 in chips) 
Seat 4: XneferX ($129.37 in chips) 
Seat 5: vitjok55555 ($110.60 in chips) 
Seat 6: Ae46 ($37.41 in chips) 
rostickkin: posts small blind $0.50
XneferX: posts big blind $1
*** HOLE CARDS ***
vitjok55555: folds 
Ae46: folds 
LuckyShikari: raises $1.50 to $2.50
pr0tecto: folds 
rostickkin: folds 
XneferX: folds 
Uncalled bet ($1.50) returned to LuckyShikari
LuckyShikari collected $2.50 from pot
LuckyShikari: doesn't show hand 
*** SUMMARY ***
Total pot $2.50 | Rake $0 
Seat 1: LuckyShikari collected ($2.50)
Seat 2: pr0tecto (button) folded before Flop (didn't bet)
Seat 3: rostickkin (small blind) folded before Flop
Seat 4: XneferX (big blind) folded before Flop
Seat 5: vitjok55555 folded before Flop (didn't bet)
Seat 6: Ae46 folded before Flop (didn't bet)



PokerStars Hand #254324451002:  Hold'em No Limit ($0.50/$1.00 USD) - 2025/01/11 1:42:15 WET [2025/01/11 20:42:15 ET]
Table 'Stearns II' 6-max Seat #3 is the button
Seat 1: LuckyShikari ($108.03 in chips) 
Seat 2: pr0tecto ($157.55 in chips) 
Seat 3: rostickkin ($100 in chips) 
Seat 4: XneferX ($128.37 in chips) 
Seat 5: vitjok55555 ($110.60 in chips) 
Seat 6: Ae46 ($37.41 in chips) 
XneferX: posts small blind $0.50
vitjok55555: posts big blind $1
*** HOLE CARDS ***
Ae46: folds 
LuckyShikari: folds 
pr0tecto: folds 
rostickkin: folds 
XneferX: folds 
Uncalled bet ($0.50) returned to vitjok55555
vitjok55555 collected $1 from pot
vitjok55555: doesn't show hand 
*** SUMMARY ***
Total pot $1 | Rake $0 
Seat 1: LuckyShikari folded before Flop (didn't bet)
Seat 2: pr0tecto folded before Flop (didn't bet)
Seat 3: rostickkin (button) folded before Flop (didn't bet)
Seat 4: XneferX (small blind) folded before Flop
Seat 5: vitjok55555 (big blind) collected ($1)
Seat 6: Ae46 folded before Flop (didn't bet)



PokerStars Hand #254324454145:  Hold'em No Limit ($0.50/$1.00 USD) - 2025/01/11 1:42:32 WET [2025/01/11 20:42:32 ET]
Table 'Stearns II' 6-max Seat #4 is the button
Seat 1: LuckyShikari ($108.03 in chips) 
Seat 2: pr0tecto ($157.55 in chips) 
Seat 3: rostickkin ($100 in chips) 
Seat 4: XneferX ($127.87 in chips) 
Seat 5: vitjok55555 ($111.10 in chips) 
Seat 6: Ae46 ($37.41 in chips) 
vitjok55555: posts small blind $0.50
Ae46: posts big blind $1
*** HOLE CARDS ***
LuckyShikari: folds 
pr0tecto: raises $1.10 to $2.10
rostickkin: folds 
XneferX: folds 
vitjok55555: raises $8.90 to $11
Ae46: folds 
pr0tecto: folds 
Uncalled bet ($8.90) returned to vitjok55555
vitjok55555 collected $5.20 from pot
vitjok55555: doesn't show hand 
*** SUMMARY ***
Total pot $5.20 | Rake $0 
Seat 1: LuckyShikari folded before Flop (didn't bet)
Seat 2: pr0tecto folded before Flop
Seat 3: rostickkin folded before Flop (didn't bet)
Seat 4: XneferX (button) folded before Flop (didn't bet)
Seat 5: vitjok55555 (small blind) collected ($5.20)
Seat 6: Ae46 (big blind) folded before Flop



PokerStars Hand #254324459039:  Hold'em No Limit ($0.50/$1.00 USD) - 2025/01/11 1:42:57 WET [2025/01/11 20:42:57 ET]
Table 'Stearns II' 6-max Seat #5 is the button
Seat 1: LuckyShikari ($108.03 in chips) 
Seat 2: pr0tecto ($155.45 in chips) 
Seat 3: rostickkin ($100 in chips) 
Seat 4: XneferX ($127.87 in chips) 
Seat 5: vitjok55555 ($114.20 in chips) 
Seat 6: Ae46 ($36.41 in chips) 
Ae46: posts small blind $0.50
LuckyShikari: posts big blind $1
*** HOLE CARDS ***
pr0tecto: folds 
rostickkin: raises $1.20 to $2.20
XneferX: folds 
vitjok55555: calls $2.20
Ae46: calls $1.70
LuckyShikari: calls $1.20
*** FLOP *** [5c 9c 9s]
Ae46: checks 
LuckyShikari: bets $8.36
rostickkin: folds 
vitjok55555: folds 
Ae46: folds 
Uncalled bet ($8.36) returned to LuckyShikari
LuckyShikari collected $8.36 from pot
LuckyShikari: doesn't show hand 
*** SUMMARY ***
Total pot $8.80 | Rake $0.44 
Board [5c 9c 9s]
Seat 1: LuckyShikari (big blind) collected ($8.36)
Seat 2: pr0tecto folded before Flop (didn't bet)
Seat 3: rostickkin folded on the Flop
Seat 4: XneferX folded before Flop (didn't bet)
Seat 5: vitjok55555 (button) folded on the Flop
Seat 6: Ae46 (small blind) folded on the Flop



PokerStars Hand #254324469801:  Hold'em No Limit ($0.50/$1.00 USD) - 2025/01/11 1:43:53 WET [2025/01/11 20:43:53 ET]
Table 'Stearns II' 6-max Seat #6 is the button
Seat 1: LuckyShikari ($114.19 in chips) 
Seat 2: pr0tecto ($155.45 in chips) 
Seat 3: rostickkin ($100 in chips) 
Seat 4: XneferX ($127.87 in chips) 
Seat 5: vitjok55555 ($112 in chips) 
Seat 6: Ae46 ($34.21 in chips) 
LuckyShikari: posts small blind $0.50
pr0tecto: posts big blind $1
*** HOLE CARDS ***
rostickkin: folds 
XneferX: folds 
vitjok55555: folds 
Ae46: raises $3 to $4
LuckyShikari: calls $3.50
pr0tecto: folds 
*** FLOP *** [7d Ac Ad]
LuckyShikari: checks 
Ae46: bets $5.28
LuckyShikari: folds 
Uncalled bet ($5.28) returned to Ae46
Ae46 collected $8.55 from pot
*** SUMMARY ***
Total pot $9 | Rake $0.45 
Board [7d Ac Ad]
Seat 1: LuckyShikari (small blind) folded on the Flop
Seat 2: pr0tecto (big blind) folded before Flop
Seat 3: rostickkin folded before Flop (didn't bet)
Seat 4: XneferX folded before Flop (didn't bet)
Seat 5: vitjok55555 folded before Flop (didn't bet)
Seat 6: Ae46 (button) collected ($8.55)



PokerStars Hand #254324476405:  Hold'em No Limit ($0.50/$1.00 USD) - 2025/01/11 1:44:26 WET [2025/01/11 20:44:26 ET]
Table 'Stearns II' 6-max Seat #1 is the button
Seat 1: LuckyShikari ($110.19 in chips) 
Seat 2: pr0tecto ($154.45 in chips) 
Seat 3: rostickkin ($100 in chips) 
Seat 4: XneferX ($127.87 in chips) 
Seat 5: vitjok55555 ($112 in chips) 
Seat 6: Ae46 ($38.76 in chips) 
pr0tecto: posts small blind $0.50
rostickkin: posts big blind $1
*** HOLE CARDS ***
XneferX: raises $1.20 to $2.20
vitjok55555: folds 
Ae46: calls $2.20
LuckyShikari: folds 
pr0tecto: calls $1.70
rostickkin: folds 
*** FLOP *** [Ts 5c 2s]
pr0tecto: checks 
XneferX: checks 
Ae46: checks 
*** TURN *** [Ts 5c 2s] [6h]
pr0tecto: bets $2.38
XneferX: calls $2.38
Ae46: calls $2.38
*** RIVER *** [Ts 5c 2s 6h] [Qc]
pr0tecto: checks 
XneferX: checks 
Ae46: checks 
*** SHOW DOWN ***
pr0tecto: shows [8d 8h] (a pair of Eights)
XneferX: mucks hand 
Ae46: mucks hand 
pr0tecto collected $14 from pot
*** SUMMARY ***
Total pot $14.74 | Rake $0.74 
Board [Ts 5c 2s 6h Qc]
Seat 1: LuckyShikari (button) folded before Flop (didn't bet)
Seat 2: pr0tecto (small blind) showed [8d 8h] and won ($14) with a pair of Eights
Seat 3: rostickkin (big blind) folded before Flop
Seat 4: XneferX mucked
Seat 5: vitjok55555 folded before Flop (didn't bet)
Seat 6: Ae46 mucked



PokerStars Hand #254324489760:  Hold'em No Limit ($0.50/$1.00 USD) - 2025/01/11 1:45:35 WET [2025/01/11 20:45:35 ET]
Table 'Stearns II' 6-max Seat #2 is the button
Seat 1: LuckyShikari ($110.19 in chips) 
Seat 2: pr0tecto ($163.87 in chips) 
Seat 3: rostickkin ($100 in chips) 
Seat 4: XneferX ($123.29 in chips) 
Seat 5: vitjok55555 ($112 in chips) 
Seat 6: Ae46 ($34.18 in chips) 
rostickkin: posts small blind $0.50
XneferX: posts big blind $1
*** HOLE CARDS ***
vitjok55555: folds 
Ae46: calls $1
LuckyShikari: raises $3.50 to $4.50
pr0tecto: folds 
rostickkin: folds 
XneferX: folds 
Ae46: calls $3.50
*** FLOP *** [4h 9c 4s]
Ae46: bets $9.98
LuckyShikari: calls $9.98
*** TURN *** [4h 9c 4s] [8d]
Ae46: bets $19.70 and is all-in
LuckyShikari: calls $19.70
*** RIVER *** [4h 9c 4s 8d] [Tc]
*** SHOW DOWN ***
Ae46: shows [3d 3s] (two pair, Fours and Threes)
LuckyShikari: shows [4c 5c] (three of a kind, Fours)
LuckyShikari collected $67.36 from pot
*** SUMMARY ***
Total pot $69.86 | Rake $2.50 
Board [4h 9c 4s 8d Tc]
Seat 1: LuckyShikari showed [4c 5c] and won ($67.36) with three of a kind, Fours
Seat 2: pr0tecto (button) folded before Flop (didn't bet)
Seat 3: rostickkin (small blind) folded before Flop
Seat 4: XneferX (big blind) folded before Flop
Seat 5: vitjok55555 folded before Flop (didn't bet)
Seat 6: Ae46 showed [3d 3s] and lost with two pair, Fours and Threes



PokerStars Hand #254324498435:  Hold'em No Limit ($0.50/$1.00 USD) - 2025/01/11 1:46:20 WET [2025/01/11 20:46:20 ET]
Table 'Stearns II' 6-max Seat #3 is the button
Seat 6: Ae46 ($0 in chips) is sitting out
Seat 1: LuckyShikari ($143.37 in chips) 
Seat 2: pr0tecto ($163.87 in chips) 
Seat 3: rostickkin ($100 in chips) 
Seat 4: XneferX ($122.29 in chips) 
Seat 5: vitjok55555 ($112 in chips) 
XneferX: posts small blind $0.50
vitjok55555: posts big blind $1
*** HOLE CARDS ***
LuckyShikari: folds 
pr0tecto: folds 
rostickkin: folds 
XneferX: raises $1.90 to $2.90
Ae46 leaves the table
vitjok55555: raises $9.10 to $12
ptolejmus joins the table at seat #6 
XneferX: calls $9.10
*** FLOP *** [8s Js 6d]
XneferX: checks 
vitjok55555: bets $7.52
XneferX: calls $7.52
*** TURN *** [8s Js 6d] [2h]
XneferX: checks 
vitjok55555: bets $19.29
XneferX: raises $22.71 to $42
vitjok55555: raises $50.48 to $92.48 and is all-in
XneferX: calls $50.48
LuckyShikari leaves the table
*** RIVER *** [8s Js 6d 2h] [9s]
*** SHOW DOWN ***
XneferX: shows [8d 8c] (three of a kind, Eights)
vitjok55555: shows [Qd Qc] (a pair of Queens)
XneferX cashed out the hand for $207.21 | Cash Out Fee $4.23
*** SUMMARY ***
Total pot $224 | Rake $2.50 
Board [8s Js 6d 2h 9s]
Seat 6: Ae46
Seat 1: LuckyShikari folded before Flop (didn't bet)
Seat 2: pr0tecto folded before Flop (didn't bet)
Seat 3: rostickkin (button) folded before Flop (didn't bet)
Seat 4: XneferX (small blind) showed [8d 8c] and won ($221.50) with three of a kind, Eights (pot not awarded as player cashed out)
Seat 5: vitjok55555 (big blind) showed [Qd Qc] and lost with a pair of Queens



PokerStars Hand #254324521306:  Hold'em No Limit ($0.50/$1.00 USD) - 2025/01/11 1:48:18 WET [2025/01/11 20:48:18 ET]
Table 'Stearns II' 6-max Seat #4 is the button
Seat 2: pr0tecto ($163.87 in chips) 
Seat 3: rostickkin ($100 in chips) 
Seat 4: XneferX ($217.50 in chips) 
Seat 5: vitjok55555 ($100 in chips) 
Seat 6: ptolejmus ($10 in chips) 
vitjok55555: posts small blind $0.50
ptolejmus: posts big blind $1
*** HOLE CARDS ***
pr0tecto: raises $1.10 to $2.10
jeilsons joins the table at seat #1 
rostickkin: folds 
XneferX: folds 
vitjok55555: folds 
rostickkin leaves the table
ptolejmus: folds 
Uncalled bet ($1.10) returned to pr0tecto
vitjok55555 leaves the table
pr0tecto collected $2.50 from pot
pr0tecto: doesn't show hand 
*** SUMMARY ***
Total pot $2.50 | Rake $0 
Seat 2: pr0tecto collected ($2.50)
Seat 3: rostickkin folded before Flop (didn't bet)
Seat 4: XneferX (button) folded before Flop (didn't bet)
Seat 5: vitjok55555 (small blind) folded before Flop
Seat 6: ptolejmus (big blind) folded before Flop



PokerStars Hand #254324524800:  Hold'em No Limit ($0.50/$1.00 USD) - 2025/01/11 1:48:36 WET [2025/01/11 20:48:36 ET]
Table 'Stearns II' 6-max Seat #2 is the button
Seat 1: jeilsons ($100 in chips) is sitting out
Seat 4: XneferX ($217.50 in chips) is sitting out
Seat 2: pr0tecto ($165.37 in chips) 
Seat 6: ptolejmus ($10 in chips) 
pr0tecto: posts small blind $0.50
XneferX: is sitting out 
ptolejmus: posts big blind $1
*** HOLE CARDS ***
pr0tecto: raises $1.24 to $2.24
XneferX leaves the table
ptolejmus: folds 
Uncalled bet ($1.24) returned to pr0tecto
pr0tecto collected $2 from pot
pr0tecto: doesn't show hand 
*** SUMMARY ***
Total pot $2 | Rake $0 
Seat 1: jeilsons
Seat 4: XneferX
Seat 2: pr0tecto (button) (small blind) collected ($2)
Seat 6: ptolejmus (big blind) folded before Flop



PokerStars Hand #254324527027:  Hold'em No Limit ($0.50/$1.00 USD) - 2025/01/11 1:48:48 WET [2025/01/11 20:48:48 ET]
Table 'Stearns II' 6-max Seat #2 is the button
Seat 1: jeilsons ($100 in chips) 
Seat 2: pr0tecto ($166.37 in chips) 
Seat 6: ptolejmus ($10 in chips) 
ptolejmus: posts small blind $0.50
jeilsons: posts big blind $1
*** HOLE CARDS ***
pr0tecto: folds 
ptolejmus: raises $9 to $10 and is all-in
jeilsons: folds 
Uncalled bet ($9) returned to ptolejmus
pr0tecto leaves the table
ptolejmus collected $2 from pot
*** SUMMARY ***
Total pot $2 | Rake $0 
Seat 1: jeilsons (big blind) folded before Flop
Seat 2: pr0tecto (button) folded before Flop (didn't bet)
Seat 6: ptolejmus (small blind) collected ($2)



