PokerStars Hand #254312015858:  Hold'em No Limit ($0.50/$1.00 USD) - 2025/01/11 12:46:53 WET [2025/01/11 7:46:53 ET]
Table 'Libussa III' 6-max Seat #5 is the button
Seat 2: gabbar682 ($22.68 in chips) 
Seat 3: An1an1 ($100 in chips) 
Seat 4: b2k-Snick ($100 in chips) 
Seat 5: NOTfishON ($103 in chips) 
gabbar682: posts small blind $0.50
An1an1: posts big blind $1
*** HOLE CARDS ***
b2k-Snick: folds 
NOTfishON: folds 
gabbar682: calls $0.50
An1an1: raises $99 to $100 and is all-in
gabbar682: folds 
Uncalled bet ($99) returned to An1an1
An1an1 collected $2 from pot
An1an1: doesn't show hand 
Kreayshawn joins the table at seat #6 
*** SUMMARY ***
Total pot $2 | Rake $0 
Seat 2: gabbar682 (small blind) folded before Flop
Seat 3: An1an1 (big blind) collected ($2)
Seat 4: b2k-Snick folded before Flop (didn't bet)
Seat 5: NOTfishON (button) folded before Flop (didn't bet)



PokerStars Hand #254312018856:  Hold'em No Limit ($0.50/$1.00 USD) - 2025/01/11 12:47:11 WET [2025/01/11 7:47:11 ET]
Table 'Libussa III' 6-max Seat #2 is the button
Seat 6: Kreayshawn ($100 in chips) is sitting out
Seat 2: gabbar682 ($21.68 in chips) 
Seat 3: An1an1 ($101 in chips) 
Seat 4: b2k-Snick ($100 in chips) 
Seat 5: NOTfishON ($103 in chips) 
An1an1: posts small blind $0.50
b2k-Snick: posts big blind $1
Kreayshawn: sits out 
*** HOLE CARDS ***
NOTfishON: folds 
gabbar682: folds 
An1an1: folds 
Uncalled bet ($0.50) returned to b2k-Snick
b2k-Snick collected $1 from pot
b2k-Snick: doesn't show hand 
*** SUMMARY ***
Total pot $1 | Rake $0 
Seat 6: Kreayshawn
Seat 2: gabbar682 (button) folded before Flop (didn't bet)
Seat 3: An1an1 (small blind) folded before Flop
Seat 4: b2k-Snick (big blind) collected ($1)
Seat 5: NOTfishON folded before Flop (didn't bet)



PokerStars Hand #254312020306:  Hold'em No Limit ($0.50/$1.00 USD) - 2025/01/11 12:47:19 WET [2025/01/11 7:47:19 ET]
Table 'Libussa III' 6-max Seat #3 is the button
Seat 6: Kreayshawn ($100 in chips) is sitting out
Seat 2: gabbar682 ($21.68 in chips) 
Seat 3: An1an1 ($100.50 in chips) 
Seat 4: b2k-Snick ($100.50 in chips) 
Seat 5: NOTfishON ($103 in chips) 
b2k-Snick: posts small blind $0.50
NOTfishON: posts big blind $1
Kreayshawn: sits out 
*** HOLE CARDS ***
gabbar682: calls $1
An1an1: folds 
b2k-Snick: folds 
3EPH joins the table at seat #1 
NOTfishON: checks 
*** FLOP *** [8h Kc Tc]
NOTfishON: checks 
gabbar682: checks 
*** TURN *** [8h Kc Tc] [3s]
NOTfishON: checks 
gabbar682: bets $2
NOTfishON: folds 
Uncalled bet ($2) returned to gabbar682
gabbar682 collected $2.38 from pot
*** SUMMARY ***
Total pot $2.50 | Rake $0.12 
Board [8h Kc Tc 3s]
Seat 6: Kreayshawn
Seat 2: gabbar682 collected ($2.38)
Seat 3: An1an1 (button) folded before Flop (didn't bet)
Seat 4: b2k-Snick (small blind) folded before Flop
Seat 5: NOTfishON (big blind) folded on the Turn



PokerStars Hand #254312026946:  Hold'em No Limit ($0.50/$1.00 USD) - 2025/01/11 12:47:57 WET [2025/01/11 7:47:57 ET]
Table 'Libussa III' 6-max Seat #4 is the button
Seat 1: 3EPH ($100 in chips) is sitting out
Seat 2: gabbar682 ($23.06 in chips) 
Seat 3: An1an1 ($100.50 in chips) 
Seat 4: b2k-Snick ($100 in chips) 
Seat 5: NOTfishON ($102 in chips) 
Seat 6: Kreayshawn ($100 in chips) 
NOTfishON: posts small blind $0.50
Kreayshawn: posts big blind $1
3EPH: sits out 
*** HOLE CARDS ***
gabbar682: folds 
An1an1: raises $1 to $2
b2k-Snick: raises $5 to $7
NOTfishON: folds 
Kreayshawn: folds 
An1an1: folds 
Uncalled bet ($5) returned to b2k-Snick
b2k-Snick collected $5.50 from pot
b2k-Snick: doesn't show hand 
*** SUMMARY ***
Total pot $5.50 | Rake $0 
Seat 1: 3EPH
Seat 2: gabbar682 folded before Flop (didn't bet)
Seat 3: An1an1 folded before Flop
Seat 4: b2k-Snick (button) collected ($5.50)
Seat 5: NOTfishON (small blind) folded before Flop
Seat 6: Kreayshawn (big blind) folded before Flop



PokerStars Hand #254312030897:  Hold'em No Limit ($0.50/$1.00 USD) - 2025/01/11 12:48:20 WET [2025/01/11 7:48:20 ET]
Table 'Libussa III' 6-max Seat #5 is the button
Seat 1: 3EPH ($100 in chips) 
Seat 2: gabbar682 ($23.06 in chips) 
Seat 3: An1an1 ($100 in chips) 
Seat 4: b2k-Snick ($103.50 in chips) 
Seat 5: NOTfishON ($101.50 in chips) 
Seat 6: Kreayshawn ($100 in chips) 
Kreayshawn: posts small blind $0.50
3EPH: posts big blind $1
*** HOLE CARDS ***
gabbar682: folds 
An1an1: raises $1 to $2
b2k-Snick: folds 
NOTfishON: folds 
Kreayshawn: folds 
3EPH: folds 
Uncalled bet ($1) returned to An1an1
An1an1 collected $2.50 from pot
An1an1: doesn't show hand 
*** SUMMARY ***
Total pot $2.50 | Rake $0 
Seat 1: 3EPH (big blind) folded before Flop
Seat 2: gabbar682 folded before Flop (didn't bet)
Seat 3: An1an1 collected ($2.50)
Seat 4: b2k-Snick folded before Flop (didn't bet)
Seat 5: NOTfishON (button) folded before Flop (didn't bet)
Seat 6: Kreayshawn (small blind) folded before Flop



PokerStars Hand #254312036816:  Hold'em No Limit ($0.50/$1.00 USD) - 2025/01/11 12:48:54 WET [2025/01/11 7:48:54 ET]
Table 'Libussa III' 6-max Seat #6 is the button
Seat 1: 3EPH ($100 in chips) 
Seat 2: gabbar682 ($23.06 in chips) 
Seat 3: An1an1 ($101.50 in chips) 
Seat 4: b2k-Snick ($103.50 in chips) 
Seat 5: NOTfishON ($101.50 in chips) 
Seat 6: Kreayshawn ($100 in chips) 
3EPH: posts small blind $0.50
gabbar682: posts big blind $1
*** HOLE CARDS ***
An1an1: folds 
b2k-Snick: folds 
NOTfishON: folds 
Kreayshawn: raises $1.50 to $2.50
3EPH: folds 
gabbar682: calls $1.50
*** FLOP *** [5c Qs As]
gabbar682: checks 
Kreayshawn: checks 
*** TURN *** [5c Qs As] [8c]
gabbar682: bets $3
Kreayshawn: folds 
Uncalled bet ($3) returned to gabbar682
gabbar682 collected $5.22 from pot
*** SUMMARY ***
Total pot $5.50 | Rake $0.28 
Board [5c Qs As 8c]
Seat 1: 3EPH (small blind) folded before Flop
Seat 2: gabbar682 (big blind) collected ($5.22)
Seat 3: An1an1 folded before Flop (didn't bet)
Seat 4: b2k-Snick folded before Flop (didn't bet)
Seat 5: NOTfishON folded before Flop (didn't bet)
Seat 6: Kreayshawn (button) folded on the Turn



PokerStars Hand #254312043415:  Hold'em No Limit ($0.50/$1.00 USD) - 2025/01/11 12:49:31 WET [2025/01/11 7:49:31 ET]
Table 'Libussa III' 6-max Seat #1 is the button
Seat 1: 3EPH ($100 in chips) 
Seat 2: gabbar682 ($25.78 in chips) 
Seat 3: An1an1 ($101.50 in chips) 
Seat 4: b2k-Snick ($103.50 in chips) 
Seat 5: NOTfishON ($101.50 in chips) 
Seat 6: Kreayshawn ($100 in chips) 
gabbar682: posts small blind $0.50
An1an1: posts big blind $1
*** HOLE CARDS ***
b2k-Snick: folds 
NOTfishON: folds 
Kreayshawn: folds 
3EPH: folds 
gabbar682: calls $0.50
An1an1: checks 
*** FLOP *** [4h 7s 9d]
gabbar682: bets $1
An1an1: calls $1
*** TURN *** [4h 7s 9d] [5h]
gabbar682: bets $2
An1an1: folds 
Uncalled bet ($2) returned to gabbar682
gabbar682 collected $3.80 from pot
*** SUMMARY ***
Total pot $4 | Rake $0.20 
Board [4h 7s 9d 5h]
Seat 1: 3EPH (button) folded before Flop (didn't bet)
Seat 2: gabbar682 (small blind) collected ($3.80)
Seat 3: An1an1 (big blind) folded on the Turn
Seat 4: b2k-Snick folded before Flop (didn't bet)
Seat 5: NOTfishON folded before Flop (didn't bet)
Seat 6: Kreayshawn folded before Flop (didn't bet)



PokerStars Hand #254312052524:  Hold'em No Limit ($0.50/$1.00 USD) - 2025/01/11 12:50:24 WET [2025/01/11 7:50:24 ET]
Table 'Libussa III' 6-max Seat #2 is the button
Seat 1: 3EPH ($100 in chips) 
Seat 2: gabbar682 ($27.58 in chips) 
Seat 3: An1an1 ($100 in chips) 
Seat 4: b2k-Snick ($103.50 in chips) 
Seat 5: NOTfishON ($101.50 in chips) 
Seat 6: Kreayshawn ($100 in chips) 
An1an1: posts small blind $0.50
b2k-Snick: posts big blind $1
*** HOLE CARDS ***
NOTfishON: folds 
Kreayshawn: folds 
3EPH: folds 
gabbar682: folds 
An1an1: folds 
Uncalled bet ($0.50) returned to b2k-Snick
b2k-Snick collected $1 from pot
b2k-Snick: doesn't show hand 
*** SUMMARY ***
Total pot $1 | Rake $0 
Seat 1: 3EPH folded before Flop (didn't bet)
Seat 2: gabbar682 (button) folded before Flop (didn't bet)
Seat 3: An1an1 (small blind) folded before Flop
Seat 4: b2k-Snick (big blind) collected ($1)
Seat 5: NOTfishON folded before Flop (didn't bet)
Seat 6: Kreayshawn folded before Flop (didn't bet)



PokerStars Hand #254312055103:  Hold'em No Limit ($0.50/$1.00 USD) - 2025/01/11 12:50:38 WET [2025/01/11 7:50:38 ET]
Table 'Libussa III' 6-max Seat #3 is the button
Seat 1: 3EPH ($100 in chips) 
Seat 2: gabbar682 ($27.58 in chips) 
Seat 3: An1an1 ($100 in chips) 
Seat 4: b2k-Snick ($104 in chips) 
Seat 5: NOTfishON ($101.50 in chips) 
Seat 6: Kreayshawn ($100 in chips) 
b2k-Snick: posts small blind $0.50
NOTfishON: posts big blind $1
*** HOLE CARDS ***
Kreayshawn: folds 
3EPH: folds 
gabbar682: folds 
An1an1: folds 
b2k-Snick: folds 
Uncalled bet ($0.50) returned to NOTfishON
NOTfishON collected $1 from pot
*** SUMMARY ***
Total pot $1 | Rake $0 
Seat 1: 3EPH folded before Flop (didn't bet)
Seat 2: gabbar682 folded before Flop (didn't bet)
Seat 3: An1an1 (button) folded before Flop (didn't bet)
Seat 4: b2k-Snick (small blind) folded before Flop
Seat 5: NOTfishON (big blind) collected ($1)
Seat 6: Kreayshawn folded before Flop (didn't bet)



PokerStars Hand #254312057685:  Hold'em No Limit ($0.50/$1.00 USD) - 2025/01/11 12:50:54 WET [2025/01/11 7:50:54 ET]
Table 'Libussa III' 6-max Seat #4 is the button
Seat 1: 3EPH ($100 in chips) 
Seat 2: gabbar682 ($27.58 in chips) 
Seat 3: An1an1 ($100 in chips) 
Seat 4: b2k-Snick ($103.50 in chips) 
Seat 5: NOTfishON ($102 in chips) 
Seat 6: Kreayshawn ($100 in chips) 
NOTfishON: posts small blind $0.50
Kreayshawn: posts big blind $1
*** HOLE CARDS ***
3EPH: raises $1.50 to $2.50
gabbar682: folds 
An1an1: folds 
b2k-Snick: folds 
NOTfishON: raises $8.50 to $11
Kreayshawn: folds 
3EPH: calls $8.50
*** FLOP *** [Td Qd Kh]
NOTfishON: bets $15.51
3EPH: calls $15.51
*** TURN *** [Td Qd Kh] [7c]
NOTfishON: checks 
3EPH: checks 
*** RIVER *** [Td Qd Kh 7c] [3d]
NOTfishON: checks 
3EPH: checks 
*** SHOW DOWN ***
NOTfishON: shows [Ks Qs] (two pair, Kings and Queens)
3EPH: mucks hand 
NOTfishON collected $51.52 from pot
*** SUMMARY ***
Total pot $54.02 | Rake $2.50 
Board [Td Qd Kh 7c 3d]
Seat 1: 3EPH mucked
Seat 2: gabbar682 folded before Flop (didn't bet)
Seat 3: An1an1 folded before Flop (didn't bet)
Seat 4: b2k-Snick (button) folded before Flop (didn't bet)
Seat 5: NOTfishON (small blind) showed [Ks Qs] and won ($51.52) with two pair, Kings and Queens
Seat 6: Kreayshawn (big blind) folded before Flop



PokerStars Hand #254312072787:  Hold'em No Limit ($0.50/$1.00 USD) - 2025/01/11 12:52:21 WET [2025/01/11 7:52:21 ET]
Table 'Libussa III' 6-max Seat #5 is the button
Seat 1: 3EPH ($100 in chips) is sitting out
Seat 2: gabbar682 ($27.58 in chips) is sitting out
Seat 3: An1an1 ($100 in chips) 
Seat 4: b2k-Snick ($103.50 in chips) 
Seat 5: NOTfishON ($127.01 in chips) 
Seat 6: Kreayshawn ($100 in chips) 
Kreayshawn: posts small blind $0.50
3EPH: is sitting out 
gabbar682: is sitting out 
An1an1: posts big blind $1
*** HOLE CARDS ***
b2k-Snick: folds 
3EPH leaves the table
NOTfishON: raises $1.30 to $2.30
Kreayshawn: folds 
An1an1: folds 
Uncalled bet ($1.30) returned to NOTfishON
NOTfishON collected $2.50 from pot
*** SUMMARY ***
Total pot $2.50 | Rake $0 
Seat 1: 3EPH
Seat 2: gabbar682
Seat 3: An1an1 (big blind) folded before Flop
Seat 4: b2k-Snick folded before Flop (didn't bet)
Seat 5: NOTfishON (button) collected ($2.50)
Seat 6: Kreayshawn (small blind) folded before Flop



PokerStars Hand #254312075799:  Hold'em No Limit ($0.50/$1.00 USD) - 2025/01/11 12:52:38 WET [2025/01/11 7:52:38 ET]
Table 'Libussa III' 6-max Seat #6 is the button
Seat 2: gabbar682 ($27.58 in chips) is sitting out
Seat 3: An1an1 ($100 in chips) 
Seat 4: b2k-Snick ($103.50 in chips) 
Seat 5: NOTfishON ($128.51 in chips) 
Seat 6: Kreayshawn ($100 in chips) 
An1an1: posts small blind $0.50
b2k-Snick: posts big blind $1
*** HOLE CARDS ***
NOTfishON: folds 
Kreayshawn: raises $1.50 to $2.50
An1an1: folds 
b2k-Snick: folds 
Uncalled bet ($1.50) returned to Kreayshawn
Kreayshawn collected $2.50 from pot
*** SUMMARY ***
Total pot $2.50 | Rake $0 
Seat 2: gabbar682
Seat 3: An1an1 (small blind) folded before Flop
Seat 4: b2k-Snick (big blind) folded before Flop
Seat 5: NOTfishON folded before Flop (didn't bet)
Seat 6: Kreayshawn (button) collected ($2.50)



PokerStars Hand #254312080832:  Hold'em No Limit ($0.50/$1.00 USD) - 2025/01/11 12:53:06 WET [2025/01/11 7:53:06 ET]
Table 'Libussa III' 6-max Seat #2 is the button
Seat 2: gabbar682 ($27.58 in chips) 
Seat 3: Joker007r ($100 in chips) 
Seat 4: b2k-Snick ($102.50 in chips) 
Seat 5: nastja336 ($100 in chips) 
Joker007r: posts small blind $0.50
b2k-Snick: posts big blind $1
*** HOLE CARDS ***
nastja336: raises $1.50 to $2.50
gabbar682: calls $2.50
Joker007r: folds 
b2k-Snick: folds 
*** FLOP *** [Ad 7d Kh]
nastja336: checks 
gabbar682: bets $3
nastja336: folds 
Uncalled bet ($3) returned to gabbar682
gabbar682 collected $6.18 from pot
*** SUMMARY ***
Total pot $6.50 | Rake $0.32 
Board [Ad 7d Kh]
Seat 2: gabbar682 (button) collected ($6.18)
Seat 3: Joker007r (small blind) folded before Flop
Seat 4: b2k-Snick (big blind) folded before Flop
Seat 5: nastja336 folded on the Flop



PokerStars Hand #254312084684:  Hold'em No Limit ($0.50/$1.00 USD) - 2025/01/11 12:53:28 WET [2025/01/11 7:53:28 ET]
Table 'Libussa III' 6-max Seat #3 is the button
Seat 2: gabbar682 ($31.26 in chips) 
Seat 3: Joker007r ($100 in chips) 
Seat 4: b2k-Snick ($101.50 in chips) 
Seat 5: nastja336 ($100 in chips) 
b2k-Snick: posts small blind $0.50
nastja336: posts big blind $1
*** HOLE CARDS ***
gabbar682: folds 
Joker007r: folds 
b2k-Snick: folds 
Uncalled bet ($0.50) returned to nastja336
nastja336 collected $1 from pot
nastja336: doesn't show hand 
*** SUMMARY ***
Total pot $1 | Rake $0 
Seat 2: gabbar682 folded before Flop (didn't bet)
Seat 3: Joker007r (button) folded before Flop (didn't bet)
Seat 4: b2k-Snick (small blind) folded before Flop
Seat 5: nastja336 (big blind) collected ($1)



PokerStars Hand #254312086298:  Hold'em No Limit ($0.50/$1.00 USD) - 2025/01/11 12:53:38 WET [2025/01/11 7:53:38 ET]
Table 'Libussa III' 6-max Seat #4 is the button
Seat 2: gabbar682 ($31.26 in chips) 
Seat 3: Joker007r ($100 in chips) 
Seat 4: b2k-Snick ($101 in chips) 
Seat 5: nastja336 ($100.50 in chips) 
nastja336: posts small blind $0.50
gabbar682: posts big blind $1
*** HOLE CARDS ***
Joker007r: folds 
b2k-Snick: raises $1.50 to $2.50
nastja336: folds 
gabbar682: folds 
Uncalled bet ($1.50) returned to b2k-Snick
b2k-Snick collected $2.50 from pot
b2k-Snick: doesn't show hand 
*** SUMMARY ***
Total pot $2.50 | Rake $0 
Seat 2: gabbar682 (big blind) folded before Flop
Seat 3: Joker007r folded before Flop (didn't bet)
Seat 4: b2k-Snick (button) collected ($2.50)
Seat 5: nastja336 (small blind) folded before Flop



PokerStars Hand #254312088311:  Hold'em No Limit ($0.50/$1.00 USD) - 2025/01/11 12:53:49 WET [2025/01/11 7:53:49 ET]
Table 'Libussa III' 6-max Seat #5 is the button
Seat 2: gabbar682 ($30.26 in chips) 
Seat 3: Joker007r ($100 in chips) 
Seat 4: b2k-Snick ($102.50 in chips) 
Seat 5: nastja336 ($100 in chips) 
gabbar682: posts small blind $0.50
Joker007r: posts big blind $1
*** HOLE CARDS ***
b2k-Snick: raises $1.50 to $2.50
nastja336: folds 
gabbar682: folds 
Joker007r: folds 
Uncalled bet ($1.50) returned to b2k-Snick
b2k-Snick collected $2.50 from pot
b2k-Snick: doesn't show hand 
*** SUMMARY ***
Total pot $2.50 | Rake $0 
Seat 2: gabbar682 (small blind) folded before Flop
Seat 3: Joker007r (big blind) folded before Flop
Seat 4: b2k-Snick collected ($2.50)
Seat 5: nastja336 (button) folded before Flop (didn't bet)



PokerStars Hand #254312090997:  Hold'em No Limit ($0.50/$1.00 USD) - 2025/01/11 12:54:05 WET [2025/01/11 7:54:05 ET]
Table 'Libussa III' 6-max Seat #2 is the button
Seat 2: gabbar682 ($29.76 in chips) 
Seat 3: Joker007r ($100 in chips) 
Seat 4: b2k-Snick ($104 in chips) 
Seat 5: nastja336 ($100 in chips) 
Joker007r: posts small blind $0.50
b2k-Snick: posts big blind $1
*** HOLE CARDS ***
nastja336: raises $1.50 to $2.50
gabbar682: calls $2.50
Joker007r: raises $11 to $13.50
b2k-Snick: folds 
nastja336: raises $14.50 to $28
gabbar682: raises $1.76 to $29.76 and is all-in
Joker007r: raises $70.24 to $100 and is all-in
nastja336: calls $72 and is all-in
*** FLOP *** [9h 4d Qd]
*** TURN *** [9h 4d Qd] [5h]
*** RIVER *** [9h 4d Qd 5h] [2c]
*** SHOW DOWN ***
Joker007r: shows [Ad Ks] (high card Ace)
nastja336: shows [As Ah] (a pair of Aces)
nastja336 collected $140.48 from side pot
gabbar682: shows [Kh Ac] (high card Ace)
nastja336 collected $89.28 from main pot
*** SUMMARY ***
Total pot $230.76 Main pot $89.28. Side pot $140.48. | Rake $1 
Board [9h 4d Qd 5h 2c]
Seat 2: gabbar682 (button) showed [Kh Ac] and lost with high card Ace
Seat 3: Joker007r (small blind) showed [Ad Ks] and lost with high card Ace
Seat 4: b2k-Snick (big blind) folded before Flop
Seat 5: nastja336 showed [As Ah] and won ($229.76) with a pair of Aces



PokerStars Hand #254312098783:  Hold'em No Limit ($0.50/$1.00 USD) - 2025/01/11 12:54:49 WET [2025/01/11 7:54:49 ET]
Table 'Libussa III' 6-max Seat #3 is the button
Seat 2: gabbar682 ($0 in chips) is sitting out
Seat 3: Joker007r ($100 in chips) 
Seat 4: b2k-Snick ($103 in chips) 
Seat 5: nastja336 ($229.76 in chips) 
b2k-Snick: posts small blind $0.50
nastja336: posts big blind $1
*** HOLE CARDS ***
Joker007r: folds 
b2k-Snick: raises $2 to $3
nastja336: folds 
Uncalled bet ($2) returned to b2k-Snick
b2k-Snick collected $2 from pot
b2k-Snick: doesn't show hand 
*** SUMMARY ***
Total pot $2 | Rake $0 
Seat 2: gabbar682
Seat 3: Joker007r (button) folded before Flop (didn't bet)
Seat 4: b2k-Snick (small blind) collected ($2)
Seat 5: nastja336 (big blind) folded before Flop



PokerStars Hand #254312101692:  Hold'em No Limit ($0.50/$1.00 USD) - 2025/01/11 12:55:06 WET [2025/01/11 7:55:06 ET]
Table 'Libussa III' 6-max Seat #4 is the button
Seat 2: gabbar682 ($0 in chips) is sitting out
Seat 3: Joker007r ($100 in chips) 
Seat 4: b2k-Snick ($104 in chips) 
Seat 5: nastja336 ($228.76 in chips) 
nastja336: posts small blind $0.50
Joker007r: posts big blind $1
*** HOLE CARDS ***
b2k-Snick: folds 
Burlica2013 joins the table at seat #1 
nastja336: folds 
Uncalled bet ($0.50) returned to Joker007r
Joker007r collected $1 from pot
Joker007r: doesn't show hand 
*** SUMMARY ***
Total pot $1 | Rake $0 
Seat 2: gabbar682
Seat 3: Joker007r (big blind) collected ($1)
Seat 4: b2k-Snick (button) folded before Flop (didn't bet)
Seat 5: nastja336 (small blind) folded before Flop



PokerStars Hand #254312104292:  Hold'em No Limit ($0.50/$1.00 USD) - 2025/01/11 12:55:25 WET [2025/01/11 7:55:25 ET]
Table 'Libussa III' 6-max Seat #3 is the button
Seat 1: Burlica2013 ($100 in chips) is sitting out
Seat 2: gabbar682 ($0 in chips) is sitting out
Seat 4: b2k-Snick ($104 in chips) is sitting out
Seat 3: Joker007r ($100.50 in chips) 
Seat 5: nastja336 ($228.26 in chips) 
Joker007r: posts small blind $0.50
b2k-Snick: is sitting out 
nastja336: posts big blind $1
*** HOLE CARDS ***
Joker007r: raises $1.50 to $2.50
radu10101 joins the table at seat #6 
radu10101 is disconnected 
nastja336: calls $1.50
*** FLOP *** [Qd 6s 2h]
nastja336: checks 
Joker007r: checks 
*** TURN *** [Qd 6s 2h] [7s]
nastja336: checks 
Joker007r: bets $7.51
gabbar682 is disconnected 
nastja336: folds 
Uncalled bet ($7.51) returned to Joker007r
Joker007r collected $4.75 from pot
Joker007r: doesn't show hand 
*** SUMMARY ***
Total pot $5 | Rake $0.25 
Board [Qd 6s 2h 7s]
Seat 1: Burlica2013
Seat 2: gabbar682
Seat 4: b2k-Snick
Seat 3: Joker007r (button) (small blind) collected ($4.75)
Seat 5: nastja336 (big blind) folded on the Turn



PokerStars Hand #254312110860:  Hold'em No Limit ($0.50/$1.00 USD) - 2025/01/11 12:56:14 WET [2025/01/11 7:56:14 ET]
Table 'Libussa III' 6-max Seat #5 is the button
Seat 1: Burlica2013 ($100 in chips) is sitting out
Seat 2: gabbar682 ($0 in chips) is sitting out
Seat 6: radu10101 ($29.46 in chips) is sitting out
Seat 3: Joker007r ($102.75 in chips) 
Seat 4: b2k-Snick ($104 in chips) 
Seat 5: nastja336 ($225.76 in chips) 
Joker007r: posts small blind $0.50
b2k-Snick: posts big blind $1
*** HOLE CARDS ***
nastja336: folds 
Joker007r: raises $2 to $3
nastja336 leaves the table
coeeeelho joins the table at seat #5 
b2k-Snick: folds 
Uncalled bet ($2) returned to Joker007r
Joker007r collected $2 from pot
Joker007r: doesn't show hand 
*** SUMMARY ***
Total pot $2 | Rake $0 
Seat 1: Burlica2013
Seat 2: gabbar682
Seat 6: radu10101
Seat 3: Joker007r (small blind) collected ($2)
Seat 4: b2k-Snick (big blind) folded before Flop
Seat 5: nastja336 (button) folded before Flop (didn't bet)



PokerStars Hand #254312112671:  Hold'em No Limit ($0.50/$1.00 USD) - 2025/01/11 12:56:27 WET [2025/01/11 7:56:27 ET]
Table 'Libussa III' 6-max Seat #3 is the button
Seat 1: Burlica2013 ($100 in chips) is sitting out
Seat 2: gabbar682 ($0 in chips) is sitting out
Seat 5: coeeeelho ($100 in chips) is sitting out
Seat 3: Joker007r ($103.75 in chips) 
Seat 4: b2k-Snick ($103 in chips) 
Seat 6: radu10101 ($29.46 in chips) 
b2k-Snick: posts small blind $0.50
coeeeelho: is sitting out 
radu10101: posts big blind $1
Burlica2013: sits out 
*** HOLE CARDS ***
Joker007r: folds 
b2k-Snick: raises $2 to $3
radu10101: calls $2
*** FLOP *** [8c 9h Jc]
b2k-Snick: bets $3.14
radu10101: calls $3.14
*** TURN *** [8c 9h Jc] [7s]
b2k-Snick: checks 
radu10101: bets $4
coeeeelho leaves the table
b2k-Snick: raises $92.86 to $96.86 and is all-in
radu10101: calls $19.32 and is all-in
Uncalled bet ($73.54) returned to b2k-Snick
*** RIVER *** [8c 9h Jc 7s] [Td]
*** SHOW DOWN ***
b2k-Snick: shows [Ts Th] (a straight, Seven to Jack)
radu10101: shows [7d 7h] (a straight, Seven to Jack)
b2k-Snick collected $28.96 from pot
radu10101 collected $28.96 from pot
*** SUMMARY ***
Total pot $58.92 | Rake $1 
Board [8c 9h Jc 7s Td]
Seat 1: Burlica2013
Seat 2: gabbar682
Seat 5: coeeeelho
Seat 3: Joker007r (button) folded before Flop (didn't bet)
Seat 4: b2k-Snick (small blind) showed [Ts Th] and won ($28.96) with a straight, Seven to Jack
Seat 6: radu10101 (big blind) showed [7d 7h] and won ($28.96) with a straight, Seven to Jack



PokerStars Hand #254312119201:  Hold'em No Limit ($0.50/$1.00 USD) - 2025/01/11 12:57:15 WET [2025/01/11 7:57:15 ET]
Table 'Libussa III' 6-max Seat #4 is the button
Seat 2: gabbar682 ($0 in chips) is sitting out
Seat 1: Burlica2013 ($100 in chips) 
Seat 3: Joker007r ($103.75 in chips) 
Seat 4: b2k-Snick ($102.50 in chips) 
Seat 6: radu10101 ($28.96 in chips) 
radu10101: posts small blind $0.50
Burlica2013: posts big blind $1
*** HOLE CARDS ***
Joker007r: folds 
b2k-Snick: folds 
radu10101: calls $0.50
Burlica2013: checks 
*** FLOP *** [Th 6c As]
radu10101: bets $2
janarr5 joins the table at seat #5 
Burlica2013: folds 
Uncalled bet ($2) returned to radu10101
radu10101 collected $1.90 from pot
*** SUMMARY ***
Total pot $2 | Rake $0.10 
Board [Th 6c As]
Seat 2: gabbar682
Seat 1: Burlica2013 (big blind) folded on the Flop
Seat 3: Joker007r folded before Flop (didn't bet)
Seat 4: b2k-Snick (button) folded before Flop (didn't bet)
Seat 6: radu10101 (small blind) collected ($1.90)



PokerStars Hand #254312122856:  Hold'em No Limit ($0.50/$1.00 USD) - 2025/01/11 12:57:41 WET [2025/01/11 7:57:41 ET]
Table 'Libussa III' 6-max Seat #6 is the button
Seat 2: gabbar682 ($0 in chips) is sitting out
Seat 5: janarr5 ($100 in chips) is sitting out
Seat 1: Burlica2013 ($100 in chips) 
Seat 3: Joker007r ($103.75 in chips) 
Seat 4: b2k-Snick ($102.50 in chips) 
Seat 6: radu10101 ($29.86 in chips) 
Burlica2013: posts small blind $0.50
Joker007r: posts big blind $1
janarr5: sits out 
*** HOLE CARDS ***
b2k-Snick: folds 
radu10101: calls $1
Burlica2013: calls $0.50
Joker007r: checks 
*** FLOP *** [5h 6d 3c]
Burlica2013: checks 
Joker007r: checks 
radu10101: bets $1
Burlica2013: calls $1
Joker007r: folds 
*** TURN *** [5h 6d 3c] [Ah]
Burlica2013: checks 
radu10101: checks 
*** RIVER *** [5h 6d 3c Ah] [Kh]
Burlica2013: bets $9.50
radu10101: folds 
Uncalled bet ($9.50) returned to Burlica2013
Burlica2013 collected $4.75 from pot
Burlica2013: doesn't show hand 
*** SUMMARY ***
Total pot $5 | Rake $0.25 
Board [5h 6d 3c Ah Kh]
Seat 2: gabbar682
Seat 5: janarr5
Seat 1: Burlica2013 (small blind) collected ($4.75)
Seat 3: Joker007r (big blind) folded on the Flop
Seat 4: b2k-Snick folded before Flop (didn't bet)
Seat 6: radu10101 (button) folded on the River



PokerStars Hand #254312127836:  Hold'em No Limit ($0.50/$1.00 USD) - 2025/01/11 12:58:17 WET [2025/01/11 7:58:17 ET]
Table 'Libussa III' 6-max Seat #1 is the button
Seat 2: gabbar682 ($0 in chips) is sitting out
Seat 5: janarr5 ($100 in chips) is sitting out
Seat 1: Burlica2013 ($102.75 in chips) 
Seat 3: Joker007r ($102.75 in chips) 
Seat 4: b2k-Snick ($102.50 in chips) 
Seat 6: radu10101 ($27.86 in chips) 
Joker007r: posts small blind $0.50
b2k-Snick: posts big blind $1
janarr5: sits out 
*** HOLE CARDS ***
radu10101: folds 
Burlica2013: folds 
Joker007r: folds 
Uncalled bet ($0.50) returned to b2k-Snick
b2k-Snick collected $1 from pot
b2k-Snick: doesn't show hand 
*** SUMMARY ***
Total pot $1 | Rake $0 
Seat 2: gabbar682
Seat 5: janarr5
Seat 1: Burlica2013 (button) folded before Flop (didn't bet)
Seat 3: Joker007r (small blind) folded before Flop
Seat 4: b2k-Snick (big blind) collected ($1)
Seat 6: radu10101 folded before Flop (didn't bet)



PokerStars Hand #254312201251:  Hold'em No Limit ($0.50/$1.00 USD) - 2025/01/11 13:05:41 WET [2025/01/11 8:05:41 ET]
Table 'Libussa III' 6-max Seat #6 is the button
Seat 1: jeilsons ($101 in chips) 
Seat 2: Pon4uk.ua ($100 in chips) 
Seat 3: Joker007r ($206.89 in chips) 
Seat 4: b2k-Snick ($104.72 in chips) 
Seat 5: janarr5 ($102.75 in chips) 
Seat 6: radu10101 ($32.69 in chips) 
jeilsons: posts small blind $0.50
Pon4uk.ua: posts big blind $1
*** HOLE CARDS ***
Joker007r: folds 
b2k-Snick: folds 
janarr5: folds 
radu10101: calls $1
jeilsons: raises $4 to $5
Pon4uk.ua: folds 
radu10101: folds 
Uncalled bet ($4) returned to jeilsons
jeilsons collected $3 from pot
jeilsons: doesn't show hand 
*** SUMMARY ***
Total pot $3 | Rake $0 
Seat 1: jeilsons (small blind) collected ($3)
Seat 2: Pon4uk.ua (big blind) folded before Flop
Seat 3: Joker007r folded before Flop (didn't bet)
Seat 4: b2k-Snick folded before Flop (didn't bet)
Seat 5: janarr5 folded before Flop (didn't bet)
Seat 6: radu10101 (button) folded before Flop



PokerStars Hand #254312204543:  Hold'em No Limit ($0.50/$1.00 USD) - 2025/01/11 13:06:00 WET [2025/01/11 8:06:00 ET]
Table 'Libussa III' 6-max Seat #1 is the button
Seat 1: jeilsons ($103 in chips) 
Seat 2: Pon4uk.ua ($100 in chips) 
Seat 3: Joker007r ($206.89 in chips) 
Seat 4: b2k-Snick ($104.72 in chips) 
Seat 5: janarr5 ($102.75 in chips) 
Seat 6: radu10101 ($31.69 in chips) 
Pon4uk.ua: posts small blind $0.50
Joker007r: posts big blind $1
*** HOLE CARDS ***
b2k-Snick: folds 
janarr5: folds 
radu10101: calls $1
jeilsons: folds 
Pon4uk.ua: folds 
Joker007r: checks 
*** FLOP *** [Qh 8h 5h]
Joker007r: checks 
radu10101: checks 
*** TURN *** [Qh 8h 5h] [Qs]
Joker007r: checks 
radu10101: bets $2
Joker007r: calls $2
*** RIVER *** [Qh 8h 5h Qs] [Td]
Joker007r: checks 
radu10101: checks 
*** SHOW DOWN ***
Joker007r: shows [6c Qd] (three of a kind, Queens)
radu10101: mucks hand 
Joker007r collected $6.18 from pot
*** SUMMARY ***
Total pot $6.50 | Rake $0.32 
Board [Qh 8h 5h Qs Td]
Seat 1: jeilsons (button) folded before Flop (didn't bet)
Seat 2: Pon4uk.ua (small blind) folded before Flop
Seat 3: Joker007r (big blind) showed [6c Qd] and won ($6.18) with three of a kind, Queens
Seat 4: b2k-Snick folded before Flop (didn't bet)
Seat 5: janarr5 folded before Flop (didn't bet)
Seat 6: radu10101 mucked



PokerStars Hand #254312211652:  Hold'em No Limit ($0.50/$1.00 USD) - 2025/01/11 13:06:38 WET [2025/01/11 8:06:38 ET]
Table 'Libussa III' 6-max Seat #2 is the button
Seat 1: jeilsons ($103 in chips) 
Seat 2: Pon4uk.ua ($100 in chips) 
Seat 3: Joker007r ($210.07 in chips) 
Seat 4: b2k-Snick ($104.72 in chips) 
Seat 5: janarr5 ($102.75 in chips) 
Seat 6: radu10101 ($28.69 in chips) 
Joker007r: posts small blind $0.50
b2k-Snick: posts big blind $1
*** HOLE CARDS ***
janarr5: raises $1.25 to $2.25
radu10101: calls $2.25
jeilsons: raises $5.75 to $8
Pon4uk.ua: folds 
Joker007r: folds 
b2k-Snick: folds 
janarr5: raises $5.75 to $13.75
radu10101: calls $11.50
jeilsons: raises $89.25 to $103 and is all-in
janarr5: folds 
radu10101: calls $14.94 and is all-in
Uncalled bet ($74.31) returned to jeilsons
*** FLOP *** [6h Ks Th]
*** TURN *** [6h Ks Th] [Js]
*** RIVER *** [6h Ks Th Js] [Ad]
*** SHOW DOWN ***
radu10101: shows [Jc Jd] (three of a kind, Jacks)
jeilsons: shows [Qc Qd] (a straight, Ten to Ace)
jeilsons collected $70.13 from pot
*** SUMMARY ***
Total pot $72.63 | Rake $2.50 
Board [6h Ks Th Js Ad]
Seat 1: jeilsons showed [Qc Qd] and won ($70.13) with a straight, Ten to Ace
Seat 2: Pon4uk.ua (button) folded before Flop (didn't bet)
Seat 3: Joker007r (small blind) folded before Flop
Seat 4: b2k-Snick (big blind) folded before Flop
Seat 5: janarr5 folded before Flop
Seat 6: radu10101 showed [Jc Jd] and lost with three of a kind, Jacks



PokerStars Hand #254312221241:  Hold'em No Limit ($0.50/$1.00 USD) - 2025/01/11 13:07:31 WET [2025/01/11 8:07:31 ET]
Table 'Libussa III' 6-max Seat #3 is the button
Seat 6: radu10101 ($0 in chips) is sitting out
Seat 1: jeilsons ($144.44 in chips) 
Seat 2: Pon4uk.ua ($100 in chips) 
Seat 3: Joker007r ($209.57 in chips) 
Seat 4: b2k-Snick ($103.72 in chips) 
Seat 5: janarr5 ($100 in chips) 
b2k-Snick: posts small blind $0.50
janarr5: posts big blind $1
*** HOLE CARDS ***
jeilsons: folds 
Pon4uk.ua: folds 
Joker007r: raises $1.50 to $2.50
b2k-Snick: folds 
janarr5: folds 
Uncalled bet ($1.50) returned to Joker007r
Joker007r collected $2.50 from pot
Joker007r: doesn't show hand 
*** SUMMARY ***
Total pot $2.50 | Rake $0 
Seat 6: radu10101
Seat 1: jeilsons folded before Flop (didn't bet)
Seat 2: Pon4uk.ua folded before Flop (didn't bet)
Seat 3: Joker007r (button) collected ($2.50)
Seat 4: b2k-Snick (small blind) folded before Flop
Seat 5: janarr5 (big blind) folded before Flop



PokerStars Hand #254312224397:  Hold'em No Limit ($0.50/$1.00 USD) - 2025/01/11 13:07:49 WET [2025/01/11 8:07:49 ET]
Table 'Libussa III' 6-max Seat #4 is the button
Seat 6: radu10101 ($0 in chips) is sitting out
Seat 1: jeilsons ($144.44 in chips) 
Seat 2: Pon4uk.ua ($100 in chips) 
Seat 3: Joker007r ($211.07 in chips) 
Seat 4: b2k-Snick ($103.22 in chips) 
Seat 5: janarr5 ($100 in chips) 
janarr5: posts small blind $0.50
jeilsons: posts big blind $1
*** HOLE CARDS ***
Pon4uk.ua: folds 
Joker007r: raises $1.50 to $2.50
b2k-Snick: folds 
janarr5: folds 
jeilsons: calls $1.50
*** FLOP *** [3d 7s Kd]
jeilsons: checks 
Joker007r: checks 
*** TURN *** [3d 7s Kd] [9d]
jeilsons: checks 
Joker007r: checks 
*** RIVER *** [3d 7s Kd 9d] [8s]
jeilsons: bets $7.83
Joker007r: calls $7.83
*** SHOW DOWN ***
jeilsons: shows [Qs 5s] (high card King)
Joker007r: shows [Ac 9s] (a pair of Nines)
Joker007r collected $20.10 from pot
*** SUMMARY ***
Total pot $21.16 | Rake $1.06 
Board [3d 7s Kd 9d 8s]
Seat 6: radu10101
Seat 1: jeilsons (big blind) showed [Qs 5s] and lost with high card King
Seat 2: Pon4uk.ua folded before Flop (didn't bet)
Seat 3: Joker007r showed [Ac 9s] and won ($20.10) with a pair of Nines
Seat 4: b2k-Snick (button) folded before Flop (didn't bet)
Seat 5: janarr5 (small blind) folded before Flop



PokerStars Hand #254312233422:  Hold'em No Limit ($0.50/$1.00 USD) - 2025/01/11 13:08:38 WET [2025/01/11 8:08:38 ET]
Table 'Libussa III' 6-max Seat #5 is the button
Seat 6: radu10101 ($29.27 in chips) is sitting out
Seat 1: jeilsons ($134.11 in chips) 
Seat 2: Pon4uk.ua ($100 in chips) 
Seat 3: Joker007r ($220.84 in chips) 
Seat 4: b2k-Snick ($103.22 in chips) 
Seat 5: janarr5 ($100 in chips) 
jeilsons: posts small blind $0.50
Pon4uk.ua: posts big blind $1
*** HOLE CARDS ***
Joker007r: folds 
b2k-Snick: raises $1.50 to $2.50
janarr5: folds 
jeilsons: folds 
Pon4uk.ua: folds 
Uncalled bet ($1.50) returned to b2k-Snick
b2k-Snick collected $2.50 from pot
b2k-Snick: doesn't show hand 
*** SUMMARY ***
Total pot $2.50 | Rake $0 
Seat 6: radu10101
Seat 1: jeilsons (small blind) folded before Flop
Seat 2: Pon4uk.ua (big blind) folded before Flop
Seat 3: Joker007r folded before Flop (didn't bet)
Seat 4: b2k-Snick collected ($2.50)
Seat 5: janarr5 (button) folded before Flop (didn't bet)



PokerStars Hand #254312235664:  Hold'em No Limit ($0.50/$1.00 USD) - 2025/01/11 13:08:51 WET [2025/01/11 8:08:51 ET]
Table 'Libussa III' 6-max Seat #1 is the button
Seat 1: jeilsons ($133.61 in chips) 
Seat 2: Pon4uk.ua ($100 in chips) 
Seat 3: Joker007r ($220.84 in chips) 
Seat 4: b2k-Snick ($104.72 in chips) 
Seat 5: janarr5 ($100 in chips) 
Seat 6: radu10101 ($29.27 in chips) 
Pon4uk.ua: posts small blind $0.50
Joker007r: posts big blind $1
radu10101: posts small & big blinds $1.50
*** HOLE CARDS ***
b2k-Snick: folds 
janarr5: folds 
radu10101: raises $1 to $2
jeilsons: folds 
Pon4uk.ua: folds 
Joker007r: folds 
Uncalled bet ($1) returned to radu10101
radu10101 collected $3 from pot
*** SUMMARY ***
Total pot $3 | Rake $0 
Seat 1: jeilsons (button) folded before Flop (didn't bet)
Seat 2: Pon4uk.ua (small blind) folded before Flop
Seat 3: Joker007r (big blind) folded before Flop
Seat 4: b2k-Snick folded before Flop (didn't bet)
Seat 5: janarr5 folded before Flop (didn't bet)
Seat 6: radu10101 collected ($3)



PokerStars Hand #254312238829:  Hold'em No Limit ($0.50/$1.00 USD) - 2025/01/11 13:09:08 WET [2025/01/11 8:09:08 ET]
Table 'Libussa III' 6-max Seat #2 is the button
Seat 1: jeilsons ($133.61 in chips) 
Seat 2: Pon4uk.ua ($100 in chips) 
Seat 3: Joker007r ($219.84 in chips) 
Seat 4: b2k-Snick ($104.72 in chips) 
Seat 5: janarr5 ($100 in chips) 
Seat 6: radu10101 ($30.77 in chips) 
Joker007r: posts small blind $0.50
b2k-Snick: posts big blind $1
*** HOLE CARDS ***
janarr5: folds 
radu10101: calls $1
jeilsons: raises $3 to $4
Pon4uk.ua: folds 
Joker007r: folds 
b2k-Snick: folds 
radu10101: calls $3
*** FLOP *** [Qh 6h 5c]
radu10101: bets $2
jeilsons: raises $6.51 to $8.51
radu10101: raises $18.26 to $26.77 and is all-in
jeilsons: calls $18.26
*** TURN *** [Qh 6h 5c] [Ks]
*** RIVER *** [Qh 6h 5c Ks] [Qc]
*** SHOW DOWN ***
radu10101: shows [6d 6c] (a full house, Sixes full of Queens)
jeilsons: shows [Ah 8h] (a pair of Queens)
radu10101 collected $60.54 from pot
*** SUMMARY ***
Total pot $63.04 | Rake $2.50 
Board [Qh 6h 5c Ks Qc]
Seat 1: jeilsons showed [Ah 8h] and lost with a pair of Queens
Seat 2: Pon4uk.ua (button) folded before Flop (didn't bet)
Seat 3: Joker007r (small blind) folded before Flop
Seat 4: b2k-Snick (big blind) folded before Flop
Seat 5: janarr5 folded before Flop (didn't bet)
Seat 6: radu10101 showed [6d 6c] and won ($60.54) with a full house, Sixes full of Queens



PokerStars Hand #254312248347:  Hold'em No Limit ($0.50/$1.00 USD) - 2025/01/11 13:10:01 WET [2025/01/11 8:10:01 ET]
Table 'Libussa III' 6-max Seat #3 is the button
Seat 1: jeilsons ($102.84 in chips) 
Seat 2: Pon4uk.ua ($100 in chips) 
Seat 3: Joker007r ($219.34 in chips) 
Seat 4: b2k-Snick ($103.72 in chips) 
Seat 5: janarr5 ($100 in chips) 
Seat 6: radu10101 ($60.54 in chips) 
b2k-Snick: posts small blind $0.50
janarr5: posts big blind $1
*** HOLE CARDS ***
radu10101: calls $1
jeilsons: folds 
Pon4uk.ua: raises $3 to $4
Joker007r: folds 
b2k-Snick: folds 
janarr5: folds 
radu10101: folds 
Uncalled bet ($3) returned to Pon4uk.ua
Pon4uk.ua collected $3.50 from pot
Pon4uk.ua: doesn't show hand 
*** SUMMARY ***
Total pot $3.50 | Rake $0 
Seat 1: jeilsons folded before Flop (didn't bet)
Seat 2: Pon4uk.ua collected ($3.50)
Seat 3: Joker007r (button) folded before Flop (didn't bet)
Seat 4: b2k-Snick (small blind) folded before Flop
Seat 5: janarr5 (big blind) folded before Flop
Seat 6: radu10101 folded before Flop



PokerStars Hand #254312255317:  Hold'em No Limit ($0.50/$1.00 USD) - 2025/01/11 13:10:39 WET [2025/01/11 8:10:39 ET]
Table 'Libussa III' 6-max Seat #4 is the button
Seat 1: jeilsons ($102.84 in chips) 
Seat 2: Pon4uk.ua ($102.50 in chips) 
Seat 3: Joker007r ($219.34 in chips) 
Seat 4: b2k-Snick ($103.22 in chips) 
Seat 5: janarr5 ($100 in chips) 
Seat 6: radu10101 ($59.54 in chips) 
janarr5: posts small blind $0.50
radu10101: posts big blind $1
*** HOLE CARDS ***
jeilsons: raises $1 to $2
Pon4uk.ua: folds 
Joker007r: folds 
b2k-Snick: calls $2
janarr5: folds 
radu10101: folds 
*** FLOP *** [Qd 3d 7h]
jeilsons: checks 
b2k-Snick: bets $1.72
jeilsons: folds 
Uncalled bet ($1.72) returned to b2k-Snick
b2k-Snick collected $5.22 from pot
b2k-Snick: doesn't show hand 
*** SUMMARY ***
Total pot $5.50 | Rake $0.28 
Board [Qd 3d 7h]
Seat 1: jeilsons folded on the Flop
Seat 2: Pon4uk.ua folded before Flop (didn't bet)
Seat 3: Joker007r folded before Flop (didn't bet)
Seat 4: b2k-Snick (button) collected ($5.22)
Seat 5: janarr5 (small blind) folded before Flop
Seat 6: radu10101 (big blind) folded before Flop



PokerStars Hand #254312259119:  Hold'em No Limit ($0.50/$1.00 USD) - 2025/01/11 13:11:00 WET [2025/01/11 8:11:00 ET]
Table 'Libussa III' 6-max Seat #5 is the button
Seat 1: jeilsons ($100.84 in chips) 
Seat 2: Pon4uk.ua ($102.50 in chips) 
Seat 3: Joker007r ($219.34 in chips) 
Seat 4: b2k-Snick ($106.44 in chips) 
Seat 5: janarr5 ($100 in chips) 
Seat 6: radu10101 ($58.54 in chips) 
radu10101: posts small blind $0.50
jeilsons: posts big blind $1
*** HOLE CARDS ***
Pon4uk.ua: raises $1 to $2
Joker007r: folds 
b2k-Snick: folds 
janarr5: folds 
radu10101: calls $1.50
jeilsons: folds 
*** FLOP *** [Qs 7c 6d]
radu10101: checks 
Pon4uk.ua: bets $2.38
radu10101: calls $2.38
*** TURN *** [Qs 7c 6d] [Tc]
radu10101: checks 
Pon4uk.ua: bets $12
radu10101: calls $12
*** RIVER *** [Qs 7c 6d Tc] [9d]
radu10101: checks 
Pon4uk.ua: checks 
*** SHOW DOWN ***
radu10101: shows [Kh As] (high card Ace)
Pon4uk.ua: shows [Ad Qd] (a pair of Queens)
Pon4uk.ua collected $32.07 from pot
*** SUMMARY ***
Total pot $33.76 | Rake $1.69 
Board [Qs 7c 6d Tc 9d]
Seat 1: jeilsons (big blind) folded before Flop
Seat 2: Pon4uk.ua showed [Ad Qd] and won ($32.07) with a pair of Queens
Seat 3: Joker007r folded before Flop (didn't bet)
Seat 4: b2k-Snick folded before Flop (didn't bet)
Seat 5: janarr5 (button) folded before Flop (didn't bet)
Seat 6: radu10101 (small blind) showed [Kh As] and lost with high card Ace



PokerStars Hand #254312269664:  Hold'em No Limit ($0.50/$1.00 USD) - 2025/01/11 13:11:57 WET [2025/01/11 8:11:57 ET]
Table 'Libussa III' 6-max Seat #6 is the button
Seat 1: jeilsons ($100 in chips) 
Seat 2: Pon4uk.ua ($118.19 in chips) 
Seat 3: Joker007r ($219.34 in chips) 
Seat 4: b2k-Snick ($106.44 in chips) 
Seat 5: janarr5 ($100 in chips) 
Seat 6: radu10101 ($42.16 in chips) 
jeilsons: posts small blind $0.50
Pon4uk.ua: posts big blind $1
*** HOLE CARDS ***
Joker007r: folds 
b2k-Snick: folds 
janarr5: folds 
radu10101: calls $1
jeilsons: raises $4 to $5
Pon4uk.ua: folds 
radu10101: calls $4
*** FLOP *** [6c 2c 9d]
jeilsons: bets $2.72
radu10101: calls $2.72
*** TURN *** [6c 2c 9d] [Ad]
jeilsons: checks 
radu10101: bets $5
jeilsons: calls $5
*** RIVER *** [6c 2c 9d Ad] [3c]
jeilsons: checks 
radu10101: bets $6
jeilsons: calls $6
*** SHOW DOWN ***
radu10101: shows [Jd Td] (high card Ace)
jeilsons: shows [As Ks] (a pair of Aces)
jeilsons collected $36.52 from pot
*** SUMMARY ***
Total pot $38.44 | Rake $1.92 
Board [6c 2c 9d Ad 3c]
Seat 1: jeilsons (small blind) showed [As Ks] and won ($36.52) with a pair of Aces
Seat 2: Pon4uk.ua (big blind) folded before Flop
Seat 3: Joker007r folded before Flop (didn't bet)
Seat 4: b2k-Snick folded before Flop (didn't bet)
Seat 5: janarr5 folded before Flop (didn't bet)
Seat 6: radu10101 (button) showed [Jd Td] and lost with high card Ace



PokerStars Hand #254312277932:  Hold'em No Limit ($0.50/$1.00 USD) - 2025/01/11 13:12:40 WET [2025/01/11 8:12:40 ET]
Table 'Libussa III' 6-max Seat #1 is the button
Seat 1: jeilsons ($117.80 in chips) 
Seat 2: Pon4uk.ua ($117.19 in chips) 
Seat 3: Joker007r ($219.34 in chips) 
Seat 4: b2k-Snick ($106.44 in chips) 
Seat 5: janarr5 ($100 in chips) 
Seat 6: radu10101 ($23.44 in chips) 
Pon4uk.ua: posts small blind $0.50
Joker007r: posts big blind $1
*** HOLE CARDS ***
b2k-Snick: folds 
janarr5: folds 
radu10101: folds 
radu10101 leaves the table
jeilsons: folds 
Pon4uk.ua: folds 
Uncalled bet ($0.50) returned to Joker007r
Joker007r collected $1 from pot
Joker007r: doesn't show hand 
*** SUMMARY ***
Total pot $1 | Rake $0 
Seat 1: jeilsons (button) folded before Flop (didn't bet)
Seat 2: Pon4uk.ua (small blind) folded before Flop
Seat 3: Joker007r (big blind) collected ($1)
Seat 4: b2k-Snick folded before Flop (didn't bet)
Seat 5: janarr5 folded before Flop (didn't bet)
Seat 6: radu10101 folded before Flop (didn't bet)



PokerStars Hand #254312281920:  Hold'em No Limit ($0.50/$1.00 USD) - 2025/01/11 13:13:01 WET [2025/01/11 8:13:01 ET]
Table 'Libussa III' 6-max Seat #2 is the button
Seat 1: jeilsons ($117.80 in chips) 
Seat 2: Pon4uk.ua ($116.69 in chips) 
Seat 3: Joker007r ($219.84 in chips) 
Seat 4: b2k-Snick ($106.44 in chips) 
Seat 5: janarr5 ($100 in chips) 
Joker007r: posts small blind $0.50
b2k-Snick: posts big blind $1
*** HOLE CARDS ***
janarr5: folds 
jeilsons: raises $1.30 to $2.30
Pon4uk.ua: folds 
Joker007r: folds 
radu10101 joins the table at seat #6 
radu10101 is disconnected 
b2k-Snick: folds 
Uncalled bet ($1.30) returned to jeilsons
jeilsons collected $2.50 from pot
jeilsons: doesn't show hand 
*** SUMMARY ***
Total pot $2.50 | Rake $0 
Seat 1: jeilsons collected ($2.50)
Seat 2: Pon4uk.ua (button) folded before Flop (didn't bet)
Seat 3: Joker007r (small blind) folded before Flop
Seat 4: b2k-Snick (big blind) folded before Flop
Seat 5: janarr5 folded before Flop (didn't bet)



PokerStars Hand #254312285751:  Hold'em No Limit ($0.50/$1.00 USD) - 2025/01/11 13:13:21 WET [2025/01/11 8:13:21 ET]
Table 'Libussa III' 6-max Seat #3 is the button
Seat 1: jeilsons ($119.30 in chips) 
Seat 2: Pon4uk.ua ($116.69 in chips) 
Seat 3: Joker007r ($219.34 in chips) 
Seat 4: b2k-Snick ($105.44 in chips) 
Seat 5: janarr5 ($100 in chips) 
Seat 6: radu10101 ($63.44 in chips) 
b2k-Snick: posts small blind $0.50
janarr5: posts big blind $1
radu10101: posts big blind $1
*** HOLE CARDS ***
radu10101: checks 
jeilsons: folds 
Pon4uk.ua: folds 
Joker007r: folds 
b2k-Snick: folds 
janarr5: checks 
*** FLOP *** [3d 7d 6h]
janarr5: checks 
radu10101: bets $1
janarr5: calls $1
*** TURN *** [3d 7d 6h] [9c]
janarr5: checks 
radu10101: checks 
*** RIVER *** [3d 7d 6h 9c] [8h]
janarr5: bets $1
radu10101: folds 
Uncalled bet ($1) returned to janarr5
janarr5 collected $4.28 from pot
janarr5: doesn't show hand 
*** SUMMARY ***
Total pot $4.50 | Rake $0.22 
Board [3d 7d 6h 9c 8h]
Seat 1: jeilsons folded before Flop (didn't bet)
Seat 2: Pon4uk.ua folded before Flop (didn't bet)
Seat 3: Joker007r (button) folded before Flop (didn't bet)
Seat 4: b2k-Snick (small blind) folded before Flop
Seat 5: janarr5 (big blind) collected ($4.28)
Seat 6: radu10101 folded on the River



PokerStars Hand #254312291917:  Hold'em No Limit ($0.50/$1.00 USD) - 2025/01/11 13:13:54 WET [2025/01/11 8:13:54 ET]
Table 'Libussa III' 6-max Seat #4 is the button
Seat 1: jeilsons ($119.30 in chips) 
Seat 2: Pon4uk.ua ($116.69 in chips) 
Seat 3: Joker007r ($219.34 in chips) 
Seat 4: b2k-Snick ($104.94 in chips) 
Seat 5: janarr5 ($102.28 in chips) 
Seat 6: radu10101 ($61.44 in chips) 
janarr5: posts small blind $0.50
radu10101: posts big blind $1
*** HOLE CARDS ***
jeilsons: raises $1 to $2
Pon4uk.ua: raises $5 to $7
Joker007r: folds 
b2k-Snick: folds 
janarr5: folds 
radu10101: folds 
jeilsons: folds 
Uncalled bet ($5) returned to Pon4uk.ua
Pon4uk.ua collected $5.50 from pot
Pon4uk.ua: doesn't show hand 
*** SUMMARY ***
Total pot $5.50 | Rake $0 
Seat 1: jeilsons folded before Flop
Seat 2: Pon4uk.ua collected ($5.50)
Seat 3: Joker007r folded before Flop (didn't bet)
Seat 4: b2k-Snick (button) folded before Flop (didn't bet)
Seat 5: janarr5 (small blind) folded before Flop
Seat 6: radu10101 (big blind) folded before Flop



PokerStars Hand #254312296212:  Hold'em No Limit ($0.50/$1.00 USD) - 2025/01/11 13:14:16 WET [2025/01/11 8:14:16 ET]
Table 'Libussa III' 6-max Seat #5 is the button
Seat 1: jeilsons ($117.30 in chips) 
Seat 2: Pon4uk.ua ($120.19 in chips) 
Seat 3: Joker007r ($219.34 in chips) 
Seat 4: b2k-Snick ($104.94 in chips) 
Seat 5: janarr5 ($101.78 in chips) 
Seat 6: radu10101 ($60.44 in chips) 
radu10101: posts small blind $0.50
jeilsons: posts big blind $1
*** HOLE CARDS ***
Pon4uk.ua: folds 
Joker007r: folds 
b2k-Snick: folds 
janarr5: raises $1.50 to $2.50
radu10101: calls $2
jeilsons: folds 
*** FLOP *** [Js 7s Kd]
radu10101: bets $2
janarr5: folds 
Uncalled bet ($2) returned to radu10101
radu10101 collected $5.70 from pot
*** SUMMARY ***
Total pot $6 | Rake $0.30 
Board [Js 7s Kd]
Seat 1: jeilsons (big blind) folded before Flop
Seat 2: Pon4uk.ua folded before Flop (didn't bet)
Seat 3: Joker007r folded before Flop (didn't bet)
Seat 4: b2k-Snick folded before Flop (didn't bet)
Seat 5: janarr5 (button) folded on the Flop
Seat 6: radu10101 (small blind) collected ($5.70)



PokerStars Hand #254312301490:  Hold'em No Limit ($0.50/$1.00 USD) - 2025/01/11 13:14:45 WET [2025/01/11 8:14:45 ET]
Table 'Libussa III' 6-max Seat #6 is the button
Seat 1: jeilsons ($116.30 in chips) 
Seat 2: Pon4uk.ua ($120.19 in chips) 
Seat 3: Joker007r ($219.34 in chips) 
Seat 4: b2k-Snick ($104.94 in chips) 
Seat 5: janarr5 ($100 in chips) 
Seat 6: radu10101 ($63.64 in chips) 
jeilsons: posts small blind $0.50
Pon4uk.ua: posts big blind $1
*** HOLE CARDS ***
Joker007r: folds 
b2k-Snick: folds 
janarr5: folds 
radu10101: folds 
jeilsons: raises $2 to $3
Pon4uk.ua: folds 
Uncalled bet ($2) returned to jeilsons
jeilsons collected $2 from pot
jeilsons: doesn't show hand 
*** SUMMARY ***
Total pot $2 | Rake $0 
Seat 1: jeilsons (small blind) collected ($2)
Seat 2: Pon4uk.ua (big blind) folded before Flop
Seat 3: Joker007r folded before Flop (didn't bet)
Seat 4: b2k-Snick folded before Flop (didn't bet)
Seat 5: janarr5 folded before Flop (didn't bet)
Seat 6: radu10101 (button) folded before Flop (didn't bet)



PokerStars Hand #254312305373:  Hold'em No Limit ($0.50/$1.00 USD) - 2025/01/11 13:15:05 WET [2025/01/11 8:15:05 ET]
Table 'Libussa III' 6-max Seat #1 is the button
Seat 1: jeilsons ($117.30 in chips) 
Seat 2: Pon4uk.ua ($119.19 in chips) 
Seat 3: Joker007r ($219.34 in chips) 
Seat 4: b2k-Snick ($104.94 in chips) 
Seat 5: janarr5 ($100 in chips) 
Seat 6: radu10101 ($63.64 in chips) 
Pon4uk.ua: posts small blind $0.50
Joker007r: posts big blind $1
*** HOLE CARDS ***
b2k-Snick: folds 
janarr5: folds 
radu10101: calls $1
jeilsons: folds 
Pon4uk.ua: folds 
Joker007r: checks 
*** FLOP *** [5c Qs 4s]
Joker007r: checks 
radu10101: bets $2
Joker007r: folds 
Uncalled bet ($2) returned to radu10101
radu10101 collected $2.38 from pot
*** SUMMARY ***
Total pot $2.50 | Rake $0.12 
Board [5c Qs 4s]
Seat 1: jeilsons (button) folded before Flop (didn't bet)
Seat 2: Pon4uk.ua (small blind) folded before Flop
Seat 3: Joker007r (big blind) folded on the Flop
Seat 4: b2k-Snick folded before Flop (didn't bet)
Seat 5: janarr5 folded before Flop (didn't bet)
Seat 6: radu10101 collected ($2.38)



PokerStars Hand #254312310304:  Hold'em No Limit ($0.50/$1.00 USD) - 2025/01/11 13:15:32 WET [2025/01/11 8:15:32 ET]
Table 'Libussa III' 6-max Seat #2 is the button
Seat 1: jeilsons ($117.30 in chips) 
Seat 2: Pon4uk.ua ($118.69 in chips) 
Seat 3: Joker007r ($218.34 in chips) 
Seat 4: b2k-Snick ($104.94 in chips) 
Seat 5: janarr5 ($100 in chips) 
Seat 6: radu10101 ($65.02 in chips) 
Joker007r: posts small blind $0.50
b2k-Snick: posts big blind $1
*** HOLE CARDS ***
janarr5: folds 
radu10101: folds 
jeilsons: folds 
Pon4uk.ua: folds 
Joker007r: raises $2 to $3
b2k-Snick: calls $2
*** FLOP *** [3c Kh Qd]
Joker007r: bets $9.01
b2k-Snick: calls $9.01
*** TURN *** [3c Kh Qd] [Ad]
Joker007r: checks 
b2k-Snick: checks 
*** RIVER *** [3c Kh Qd Ad] [3d]
Joker007r: checks 
b2k-Snick: checks 
*** SHOW DOWN ***
Joker007r: shows [8c Ac] (two pair, Aces and Threes)
b2k-Snick: mucks hand 
Joker007r collected $22.82 from pot
*** SUMMARY ***
Total pot $24.02 | Rake $1.20 
Board [3c Kh Qd Ad 3d]
Seat 1: jeilsons folded before Flop (didn't bet)
Seat 2: Pon4uk.ua (button) folded before Flop (didn't bet)
Seat 3: Joker007r (small blind) showed [8c Ac] and won ($22.82) with two pair, Aces and Threes
Seat 4: b2k-Snick (big blind) mucked
Seat 5: janarr5 folded before Flop (didn't bet)
Seat 6: radu10101 folded before Flop (didn't bet)



PokerStars Hand #254312321561:  Hold'em No Limit ($0.50/$1.00 USD) - 2025/01/11 13:16:31 WET [2025/01/11 8:16:31 ET]
Table 'Libussa III' 6-max Seat #3 is the button
Seat 5: janarr5 ($100 in chips) is sitting out
Seat 1: jeilsons ($117.30 in chips) 
Seat 2: Pon4uk.ua ($118.69 in chips) 
Seat 3: Joker007r ($229.15 in chips) 
Seat 4: b2k-Snick ($100 in chips) 
Seat 6: radu10101 ($65.02 in chips) 
b2k-Snick: posts small blind $0.50
janarr5: is sitting out 
radu10101: posts big blind $1
*** HOLE CARDS ***
jeilsons: folds 
janarr5 leaves the table
Pon4uk.ua: folds 
Joker007r: raises $1.50 to $2.50
b2k-Snick: folds 
radu10101: folds 
Uncalled bet ($1.50) returned to Joker007r
Joker007r collected $2.50 from pot
Joker007r: doesn't show hand 
*** SUMMARY ***
Total pot $2.50 | Rake $0 
Seat 5: janarr5
Seat 1: jeilsons folded before Flop (didn't bet)
Seat 2: Pon4uk.ua folded before Flop (didn't bet)
Seat 3: Joker007r (button) collected ($2.50)
Seat 4: b2k-Snick (small blind) folded before Flop
Seat 6: radu10101 (big blind) folded before Flop



PokerStars Hand #254312324362:  Hold'em No Limit ($0.50/$1.00 USD) - 2025/01/11 13:16:46 WET [2025/01/11 8:16:46 ET]
Table 'Libussa III' 6-max Seat #4 is the button
Seat 1: jeilsons ($117.30 in chips) 
Seat 2: Pon4uk.ua ($118.69 in chips) 
Seat 3: Joker007r ($230.65 in chips) 
Seat 4: b2k-Snick ($100 in chips) 
Seat 6: radu10101 ($64.02 in chips) 
radu10101: posts small blind $0.50
jeilsons: posts big blind $1
*** HOLE CARDS ***
Pon4uk.ua: folds 
Joker007r: folds 
b2k-Snick: raises $1.50 to $2.50
radu10101: folds 
jeilsons: folds 
Uncalled bet ($1.50) returned to b2k-Snick
b2k-Snick collected $2.50 from pot
b2k-Snick: doesn't show hand 
*** SUMMARY ***
Total pot $2.50 | Rake $0 
Seat 1: jeilsons (big blind) folded before Flop
Seat 2: Pon4uk.ua folded before Flop (didn't bet)
Seat 3: Joker007r folded before Flop (didn't bet)
Seat 4: b2k-Snick (button) collected ($2.50)
Seat 6: radu10101 (small blind) folded before Flop



PokerStars Hand #254312330005:  Hold'em No Limit ($0.50/$1.00 USD) - 2025/01/11 13:17:16 WET [2025/01/11 8:17:16 ET]
Table 'Libussa III' 6-max Seat #6 is the button
Seat 1: jeilsons ($116.30 in chips) 
Seat 2: Pon4uk.ua ($118.69 in chips) 
Seat 3: Joker007r ($230.65 in chips) 
Seat 4: b2k-Snick ($101.50 in chips) 
Seat 6: radu10101 ($63.52 in chips) 
jeilsons: posts small blind $0.50
Pon4uk.ua: posts big blind $1
*** HOLE CARDS ***
Joker007r: folds 
b2k-Snick: folds 
radu10101: calls $1
jeilsons: folds 
Pon4uk.ua: checks 
*** FLOP *** [7h 5c 6d]
oneduo joins the table at seat #5 
Pon4uk.ua: checks 
radu10101: bets $2
Pon4uk.ua: folds 
Uncalled bet ($2) returned to radu10101
radu10101 collected $2.38 from pot
*** SUMMARY ***
Total pot $2.50 | Rake $0.12 
Board [7h 5c 6d]
Seat 1: jeilsons (small blind) folded before Flop
Seat 2: Pon4uk.ua (big blind) folded on the Flop
Seat 3: Joker007r folded before Flop (didn't bet)
Seat 4: b2k-Snick folded before Flop (didn't bet)
Seat 6: radu10101 (button) collected ($2.38)



PokerStars Hand #254312337692:  Hold'em No Limit ($0.50/$1.00 USD) - 2025/01/11 13:17:57 WET [2025/01/11 8:17:57 ET]
Table 'Libussa III' 6-max Seat #1 is the button
Seat 5: oneduo ($100 in chips) is sitting out
Seat 1: jeilsons ($115.80 in chips) 
Seat 2: Pon4uk.ua ($117.69 in chips) 
Seat 3: Joker007r ($230.65 in chips) 
Seat 4: b2k-Snick ($101.50 in chips) 
Seat 6: radu10101 ($64.90 in chips) 
Pon4uk.ua: posts small blind $0.50
Joker007r: posts big blind $1
oneduo: sits out 
*** HOLE CARDS ***
b2k-Snick: folds 
radu10101: folds 
jeilsons: raises $1.50 to $2.50
Pon4uk.ua: folds 
Joker007r: calls $1.50
*** FLOP *** [2h 3h 2c]
Joker007r: checks 
jeilsons: checks 
*** TURN *** [2h 3h 2c] [8h]
Joker007r: checks 
jeilsons: checks 
*** RIVER *** [2h 3h 2c 8h] [4c]
Joker007r: bets $2.71
jeilsons: folds 
Uncalled bet ($2.71) returned to Joker007r
Joker007r collected $5.22 from pot
Joker007r: doesn't show hand 
*** SUMMARY ***
Total pot $5.50 | Rake $0.28 
Board [2h 3h 2c 8h 4c]
Seat 5: oneduo
Seat 1: jeilsons (button) folded on the River
Seat 2: Pon4uk.ua (small blind) folded before Flop
Seat 3: Joker007r (big blind) collected ($5.22)
Seat 4: b2k-Snick folded before Flop (didn't bet)
Seat 6: radu10101 folded before Flop (didn't bet)



PokerStars Hand #254312345720:  Hold'em No Limit ($0.50/$1.00 USD) - 2025/01/11 13:18:40 WET [2025/01/11 8:18:40 ET]
Table 'Libussa III' 6-max Seat #2 is the button
Seat 5: oneduo ($100 in chips) is sitting out
Seat 1: jeilsons ($113.30 in chips) 
Seat 2: Pon4uk.ua ($117.19 in chips) 
Seat 3: Joker007r ($233.37 in chips) 
Seat 4: b2k-Snick ($101.50 in chips) 
Seat 6: radu10101 ($64.90 in chips) 
Joker007r: posts small blind $0.50
b2k-Snick: posts big blind $1
oneduo: sits out 
*** HOLE CARDS ***
radu10101: folds 
jeilsons: folds 
Pon4uk.ua: folds 
Joker007r: folds 
Uncalled bet ($0.50) returned to b2k-Snick
b2k-Snick collected $1 from pot
b2k-Snick: doesn't show hand 
*** SUMMARY ***
Total pot $1 | Rake $0 
Seat 5: oneduo
Seat 1: jeilsons folded before Flop (didn't bet)
Seat 2: Pon4uk.ua (button) folded before Flop (didn't bet)
Seat 3: Joker007r (small blind) folded before Flop
Seat 4: b2k-Snick (big blind) collected ($1)
Seat 6: radu10101 folded before Flop (didn't bet)



PokerStars Hand #254312351196:  Hold'em No Limit ($0.50/$1.00 USD) - 2025/01/11 13:19:10 WET [2025/01/11 8:19:10 ET]
Table 'Libussa III' 6-max Seat #3 is the button
Seat 1: jeilsons ($113.30 in chips) 
Seat 2: Pon4uk.ua ($117.19 in chips) 
Seat 3: Joker007r ($232.87 in chips) 
Seat 4: b2k-Snick ($102 in chips) 
Seat 5: oneduo ($100 in chips) 
Seat 6: radu10101 ($64.90 in chips) 
b2k-Snick: posts small blind $0.50
oneduo: posts big blind $1
*** HOLE CARDS ***
radu10101: calls $1
jeilsons: folds 
Pon4uk.ua: folds 
Joker007r: folds 
b2k-Snick: folds 
oneduo: checks 
*** FLOP *** [5h Tc Ks]
oneduo: checks 
radu10101: bets $1
oneduo: folds 
Uncalled bet ($1) returned to radu10101
radu10101 collected $2.38 from pot
*** SUMMARY ***
Total pot $2.50 | Rake $0.12 
Board [5h Tc Ks]
Seat 1: jeilsons folded before Flop (didn't bet)
Seat 2: Pon4uk.ua folded before Flop (didn't bet)
Seat 3: Joker007r (button) folded before Flop (didn't bet)
Seat 4: b2k-Snick (small blind) folded before Flop
Seat 5: oneduo (big blind) folded on the Flop
Seat 6: radu10101 collected ($2.38)



PokerStars Hand #254312356875:  Hold'em No Limit ($0.50/$1.00 USD) - 2025/01/11 13:19:41 WET [2025/01/11 8:19:41 ET]
Table 'Libussa III' 6-max Seat #4 is the button
Seat 1: jeilsons ($113.30 in chips) 
Seat 2: Pon4uk.ua ($117.19 in chips) 
Seat 3: Joker007r ($232.87 in chips) 
Seat 4: b2k-Snick ($101.50 in chips) 
Seat 5: oneduo ($100 in chips) 
Seat 6: radu10101 ($66.28 in chips) 
oneduo: posts small blind $0.50
radu10101: posts big blind $1
*** HOLE CARDS ***
jeilsons: folds 
Pon4uk.ua: folds 
Joker007r: folds 
b2k-Snick: folds 
oneduo: raises $1.80 to $2.80
radu10101: folds 
Uncalled bet ($1.80) returned to oneduo
oneduo collected $2 from pot
oneduo: doesn't show hand 
*** SUMMARY ***
Total pot $2 | Rake $0 
Seat 1: jeilsons folded before Flop (didn't bet)
Seat 2: Pon4uk.ua folded before Flop (didn't bet)
Seat 3: Joker007r folded before Flop (didn't bet)
Seat 4: b2k-Snick (button) folded before Flop (didn't bet)
Seat 5: oneduo (small blind) collected ($2)
Seat 6: radu10101 (big blind) folded before Flop



PokerStars Hand #254312361113:  Hold'em No Limit ($0.50/$1.00 USD) - 2025/01/11 13:20:04 WET [2025/01/11 8:20:04 ET]
Table 'Libussa III' 6-max Seat #5 is the button
Seat 1: jeilsons ($113.30 in chips) 
Seat 2: Pon4uk.ua ($117.19 in chips) 
Seat 3: Joker007r ($232.87 in chips) 
Seat 4: b2k-Snick ($101.50 in chips) 
Seat 5: oneduo ($101 in chips) 
Seat 6: radu10101 ($65.28 in chips) 
radu10101: posts small blind $0.50
jeilsons: posts big blind $1
*** HOLE CARDS ***
Pon4uk.ua: folds 
Joker007r: folds 
b2k-Snick: folds 
oneduo: raises $1.80 to $2.80
radu10101: calls $2.30
jeilsons: calls $1.80
*** FLOP *** [Ad 7s 7c]
radu10101: checks 
jeilsons: checks 
oneduo: bets $2.39
radu10101: folds 
jeilsons: folds 
Uncalled bet ($2.39) returned to oneduo
oneduo collected $7.98 from pot
oneduo: doesn't show hand 
*** SUMMARY ***
Total pot $8.40 | Rake $0.42 
Board [Ad 7s 7c]
Seat 1: jeilsons (big blind) folded on the Flop
Seat 2: Pon4uk.ua folded before Flop (didn't bet)
Seat 3: Joker007r folded before Flop (didn't bet)
Seat 4: b2k-Snick folded before Flop (didn't bet)
Seat 5: oneduo (button) collected ($7.98)
Seat 6: radu10101 (small blind) folded on the Flop



PokerStars Hand #254312369770:  Hold'em No Limit ($0.50/$1.00 USD) - 2025/01/11 13:20:51 WET [2025/01/11 8:20:51 ET]
Table 'Libussa III' 6-max Seat #6 is the button
Seat 1: jeilsons ($110.50 in chips) 
Seat 2: Pon4uk.ua ($117.19 in chips) 
Seat 3: Joker007r ($232.87 in chips) 
Seat 4: b2k-Snick ($101.50 in chips) 
Seat 5: oneduo ($106.18 in chips) 
Seat 6: radu10101 ($62.48 in chips) 
jeilsons: posts small blind $0.50
Pon4uk.ua: posts big blind $1
*** HOLE CARDS ***
Joker007r: folds 
b2k-Snick: folds 
oneduo: folds 
radu10101: calls $1
jeilsons: raises $4 to $5
Pon4uk.ua: calls $4
radu10101: calls $4
*** FLOP *** [Qc 9d As]
jeilsons: bets $3.71
Pon4uk.ua: folds 
radu10101: calls $3.71
*** TURN *** [Qc 9d As] [8d]
jeilsons: bets $15.97
radu10101: folds 
Uncalled bet ($15.97) returned to jeilsons
jeilsons collected $21.30 from pot
jeilsons: doesn't show hand 
*** SUMMARY ***
Total pot $22.42 | Rake $1.12 
Board [Qc 9d As 8d]
Seat 1: jeilsons (small blind) collected ($21.30)
Seat 2: Pon4uk.ua (big blind) folded on the Flop
Seat 3: Joker007r folded before Flop (didn't bet)
Seat 4: b2k-Snick folded before Flop (didn't bet)
Seat 5: oneduo folded before Flop (didn't bet)
Seat 6: radu10101 (button) folded on the Turn



PokerStars Hand #254312381521:  Hold'em No Limit ($0.50/$1.00 USD) - 2025/01/11 13:21:55 WET [2025/01/11 8:21:55 ET]
Table 'Libussa III' 6-max Seat #1 is the button
Seat 1: jeilsons ($123.09 in chips) 
Seat 2: Pon4uk.ua ($112.19 in chips) 
Seat 3: Joker007r ($232.87 in chips) 
Seat 4: b2k-Snick ($101.50 in chips) 
Seat 5: oneduo ($106.18 in chips) 
Seat 6: radu10101 ($53.77 in chips) 
Pon4uk.ua: posts small blind $0.50
Joker007r: posts big blind $1
*** HOLE CARDS ***
b2k-Snick: raises $1 to $2
oneduo: folds 
radu10101: calls $2
jeilsons: raises $7 to $9
Pon4uk.ua: folds 
Joker007r: folds 
b2k-Snick: folds 
radu10101: folds 
Uncalled bet ($7) returned to jeilsons
jeilsons collected $7.50 from pot
jeilsons: doesn't show hand 
*** SUMMARY ***
Total pot $7.50 | Rake $0 
Seat 1: jeilsons (button) collected ($7.50)
Seat 2: Pon4uk.ua (small blind) folded before Flop
Seat 3: Joker007r (big blind) folded before Flop
Seat 4: b2k-Snick folded before Flop
Seat 5: oneduo folded before Flop (didn't bet)
Seat 6: radu10101 folded before Flop



PokerStars Hand #254312389082:  Hold'em No Limit ($0.50/$1.00 USD) - 2025/01/11 13:22:36 WET [2025/01/11 8:22:36 ET]
Table 'Libussa III' 6-max Seat #2 is the button
Seat 1: jeilsons ($128.59 in chips) 
Seat 2: Pon4uk.ua ($111.69 in chips) 
Seat 3: Joker007r ($231.87 in chips) 
Seat 4: b2k-Snick ($100 in chips) 
Seat 5: oneduo ($106.18 in chips) 
Seat 6: radu10101 ($51.77 in chips) 
Joker007r: posts small blind $0.50
b2k-Snick: posts big blind $1
*** HOLE CARDS ***
oneduo: folds 
radu10101: folds 
jeilsons: folds 
Pon4uk.ua: raises $1.50 to $2.50
Joker007r: folds 
b2k-Snick: calls $1.50
*** FLOP *** [2s Qs 7d]
b2k-Snick: checks 
Pon4uk.ua: bets $3.92
b2k-Snick: calls $3.92
*** TURN *** [2s Qs 7d] [3s]
b2k-Snick: checks 
Pon4uk.ua: checks 
*** RIVER *** [2s Qs 7d 3s] [4c]
b2k-Snick: checks 
Pon4uk.ua: checks 
*** SHOW DOWN ***
b2k-Snick: shows [Qd 9s] (a pair of Queens)
Pon4uk.ua: mucks hand 
b2k-Snick collected $12.67 from pot
*** SUMMARY ***
Total pot $13.34 | Rake $0.67 
Board [2s Qs 7d 3s 4c]
Seat 1: jeilsons folded before Flop (didn't bet)
Seat 2: Pon4uk.ua (button) mucked
Seat 3: Joker007r (small blind) folded before Flop
Seat 4: b2k-Snick (big blind) showed [Qd 9s] and won ($12.67) with a pair of Queens
Seat 5: oneduo folded before Flop (didn't bet)
Seat 6: radu10101 folded before Flop (didn't bet)



PokerStars Hand #254312404496:  Hold'em No Limit ($0.50/$1.00 USD) - 2025/01/11 13:23:59 WET [2025/01/11 8:23:59 ET]
Table 'Libussa III' 6-max Seat #3 is the button
Seat 1: jeilsons ($128.59 in chips) 
Seat 2: Pon4uk.ua ($105.27 in chips) 
Seat 3: Joker007r ($231.37 in chips) 
Seat 4: b2k-Snick ($106.25 in chips) 
Seat 5: oneduo ($106.18 in chips) 
Seat 6: radu10101 ($51.77 in chips) 
b2k-Snick: posts small blind $0.50
oneduo: posts big blind $1
*** HOLE CARDS ***
radu10101: folds 
jeilsons: folds 
Pon4uk.ua: raises $1.50 to $2.50
Joker007r: folds 
b2k-Snick: folds 
oneduo: folds 
Uncalled bet ($1.50) returned to Pon4uk.ua
Pon4uk.ua collected $2.50 from pot
Pon4uk.ua: doesn't show hand 
*** SUMMARY ***
Total pot $2.50 | Rake $0 
Seat 1: jeilsons folded before Flop (didn't bet)
Seat 2: Pon4uk.ua collected ($2.50)
Seat 3: Joker007r (button) folded before Flop (didn't bet)
Seat 4: b2k-Snick (small blind) folded before Flop
Seat 5: oneduo (big blind) folded before Flop
Seat 6: radu10101 folded before Flop (didn't bet)



PokerStars Hand #254312407561:  Hold'em No Limit ($0.50/$1.00 USD) - 2025/01/11 13:24:15 WET [2025/01/11 8:24:15 ET]
Table 'Libussa III' 6-max Seat #4 is the button
Seat 1: jeilsons ($128.59 in chips) 
Seat 2: Pon4uk.ua ($106.77 in chips) 
Seat 3: Joker007r ($231.37 in chips) 
Seat 4: b2k-Snick ($105.75 in chips) 
Seat 5: oneduo ($105.18 in chips) 
Seat 6: radu10101 ($51.77 in chips) 
oneduo: posts small blind $0.50
radu10101: posts big blind $1
*** HOLE CARDS ***
jeilsons: folds 
Pon4uk.ua: folds 
Joker007r: folds 
b2k-Snick: folds 
oneduo: raises $1.20 to $2.20
radu10101: calls $1.20
*** FLOP *** [Th 2d 8s]
oneduo: checks 
radu10101: bets $2
oneduo: calls $2
*** TURN *** [Th 2d 8s] [Qc]
oneduo: checks 
radu10101: bets $2
oneduo: calls $2
*** RIVER *** [Th 2d 8s Qc] [8d]
oneduo: checks 
radu10101: bets $3
oneduo: folds 
Uncalled bet ($3) returned to radu10101
radu10101 collected $11.78 from pot
*** SUMMARY ***
Total pot $12.40 | Rake $0.62 
Board [Th 2d 8s Qc 8d]
Seat 1: jeilsons folded before Flop (didn't bet)
Seat 2: Pon4uk.ua folded before Flop (didn't bet)
Seat 3: Joker007r folded before Flop (didn't bet)
Seat 4: b2k-Snick (button) folded before Flop (didn't bet)
Seat 5: oneduo (small blind) folded on the River
Seat 6: radu10101 (big blind) collected ($11.78)



PokerStars Hand #254312416706:  Hold'em No Limit ($0.50/$1.00 USD) - 2025/01/11 13:25:04 WET [2025/01/11 8:25:04 ET]
Table 'Libussa III' 6-max Seat #5 is the button
Seat 1: jeilsons ($128.59 in chips) 
Seat 2: Pon4uk.ua ($106.77 in chips) 
Seat 3: Joker007r ($231.37 in chips) 
Seat 4: b2k-Snick ($105.75 in chips) 
Seat 5: oneduo ($100 in chips) 
Seat 6: radu10101 ($57.35 in chips) 
radu10101: posts small blind $0.50
jeilsons: posts big blind $1
*** HOLE CARDS ***
Pon4uk.ua: folds 
Joker007r: folds 
b2k-Snick: folds 
oneduo: folds 
radu10101: calls $0.50
jeilsons: checks 
*** FLOP *** [3h Jh 7c]
radu10101: checks 
jeilsons: bets $1
radu10101: folds 
Uncalled bet ($1) returned to jeilsons
jeilsons collected $1.90 from pot
jeilsons: doesn't show hand 
*** SUMMARY ***
Total pot $2 | Rake $0.10 
Board [3h Jh 7c]
Seat 1: jeilsons (big blind) collected ($1.90)
Seat 2: Pon4uk.ua folded before Flop (didn't bet)
Seat 3: Joker007r folded before Flop (didn't bet)
Seat 4: b2k-Snick folded before Flop (didn't bet)
Seat 5: oneduo (button) folded before Flop (didn't bet)
Seat 6: radu10101 (small blind) folded on the Flop



PokerStars Hand #254312424949:  Hold'em No Limit ($0.50/$1.00 USD) - 2025/01/11 13:25:47 WET [2025/01/11 8:25:47 ET]
Table 'Libussa III' 6-max Seat #6 is the button
Seat 1: jeilsons ($129.49 in chips) 
Seat 2: Pon4uk.ua ($106.77 in chips) 
Seat 3: Joker007r ($231.37 in chips) 
Seat 4: b2k-Snick ($105.75 in chips) 
Seat 5: oneduo ($100 in chips) 
Seat 6: radu10101 ($56.35 in chips) 
jeilsons: posts small blind $0.50
Pon4uk.ua: posts big blind $1
*** HOLE CARDS ***
Joker007r: folds 
b2k-Snick: raises $1.10 to $2.10
oneduo: raises $4.90 to $7
radu10101: folds 
jeilsons: folds 
Pon4uk.ua: folds 
b2k-Snick: folds 
Uncalled bet ($4.90) returned to oneduo
oneduo collected $5.70 from pot
oneduo: doesn't show hand 
*** SUMMARY ***
Total pot $5.70 | Rake $0 
Seat 1: jeilsons (small blind) folded before Flop
Seat 2: Pon4uk.ua (big blind) folded before Flop
Seat 3: Joker007r folded before Flop (didn't bet)
Seat 4: b2k-Snick folded before Flop
Seat 5: oneduo collected ($5.70)
Seat 6: radu10101 (button) folded before Flop (didn't bet)



PokerStars Hand #254312429045:  Hold'em No Limit ($0.50/$1.00 USD) - 2025/01/11 13:26:09 WET [2025/01/11 8:26:09 ET]
Table 'Libussa III' 6-max Seat #1 is the button
Seat 1: jeilsons ($128.99 in chips) 
Seat 2: Pon4uk.ua ($105.77 in chips) 
Seat 3: Joker007r ($231.37 in chips) 
Seat 4: b2k-Snick ($103.65 in chips) 
Seat 5: oneduo ($103.60 in chips) 
Seat 6: radu10101 ($56.35 in chips) 
Pon4uk.ua: posts small blind $0.50
Joker007r: posts big blind $1
*** HOLE CARDS ***
b2k-Snick: raises $1.10 to $2.10
oneduo: folds 
radu10101: folds 
jeilsons: folds 
Pon4uk.ua: folds 
Joker007r: calls $1.10
*** FLOP *** [2c 3h 9d]
Joker007r: checks 
b2k-Snick: bets $4.65
Joker007r: calls $4.65
*** TURN *** [2c 3h 9d] [Qs]
Joker007r: checks 
b2k-Snick: bets $19.85
Joker007r: folds 
Uncalled bet ($19.85) returned to b2k-Snick
b2k-Snick collected $13.30 from pot
b2k-Snick: doesn't show hand 
*** SUMMARY ***
Total pot $14 | Rake $0.70 
Board [2c 3h 9d Qs]
Seat 1: jeilsons (button) folded before Flop (didn't bet)
Seat 2: Pon4uk.ua (small blind) folded before Flop
Seat 3: Joker007r (big blind) folded on the Turn
Seat 4: b2k-Snick collected ($13.30)
Seat 5: oneduo folded before Flop (didn't bet)
Seat 6: radu10101 folded before Flop (didn't bet)



PokerStars Hand #254312441353:  Hold'em No Limit ($0.50/$1.00 USD) - 2025/01/11 13:27:14 WET [2025/01/11 8:27:14 ET]
Table 'Libussa III' 6-max Seat #2 is the button
Seat 4: b2k-Snick ($110.20 in chips) is sitting out
Seat 1: jeilsons ($128.99 in chips) 
Seat 2: Pon4uk.ua ($105.27 in chips) 
Seat 3: Joker007r ($224.62 in chips) 
Seat 5: oneduo ($103.60 in chips) 
Seat 6: radu10101 ($56.35 in chips) 
Joker007r: posts small blind $0.50
b2k-Snick: is sitting out 
oneduo: posts big blind $1
*** HOLE CARDS ***
b2k-Snick leaves the table
radu10101: calls $1
jeilsons: raises $1.30 to $2.30
Pon4uk.ua: folds 
Joker007r: folds 
oneduo: folds 
radu10101: calls $1.30
*** FLOP *** [3d Th Qh]
radu10101: bets $2
jeilsons: calls $2
*** TURN *** [3d Th Qh] [Kc]
radu10101: bets $2
jeilsons: calls $2
*** RIVER *** [3d Th Qh Kc] [2d]
radu10101: bets $4
jeilsons: folds 
Uncalled bet ($4) returned to radu10101
radu10101 collected $13.40 from pot
*** SUMMARY ***
Total pot $14.10 | Rake $0.70 
Board [3d Th Qh Kc 2d]
Seat 4: b2k-Snick
Seat 1: jeilsons folded on the River
Seat 2: Pon4uk.ua (button) folded before Flop (didn't bet)
Seat 3: Joker007r (small blind) folded before Flop
Seat 5: oneduo (big blind) folded before Flop
Seat 6: radu10101 collected ($13.40)



PokerStars Hand #254312449701:  Hold'em No Limit ($0.50/$1.00 USD) - 2025/01/11 13:27:58 WET [2025/01/11 8:27:58 ET]
Table 'Libussa III' 6-max Seat #3 is the button
Seat 1: jeilsons ($122.69 in chips) 
Seat 2: Pon4uk.ua ($105.27 in chips) 
Seat 3: Joker007r ($224.12 in chips) 
Seat 5: oneduo ($102.60 in chips) 
Seat 6: radu10101 ($63.45 in chips) 
oneduo: posts small blind $0.50
radu10101: posts big blind $1
*** HOLE CARDS ***
jeilsons: raises $1 to $2
Pon4uk.ua: folds 
Joker007r: folds 
oneduo: folds 
radu10101: calls $1
*** FLOP *** [7c Ac Qh]
radu10101: bets $1
Felete1981 joins the table at seat #4 
Felete1981 is disconnected 
jeilsons: calls $1
*** TURN *** [7c Ac Qh] [Ts]
radu10101: checks 
jeilsons: checks 
*** RIVER *** [7c Ac Qh Ts] [9s]
radu10101: checks 
jeilsons: checks 
*** SHOW DOWN ***
radu10101: shows [Ah 6d] (a pair of Aces)
jeilsons: mucks hand 
radu10101 collected $6.18 from pot
*** SUMMARY ***
Total pot $6.50 | Rake $0.32 
Board [7c Ac Qh Ts 9s]
Seat 1: jeilsons mucked
Seat 2: Pon4uk.ua folded before Flop (didn't bet)
Seat 3: Joker007r (button) folded before Flop (didn't bet)
Seat 5: oneduo (small blind) folded before Flop
Seat 6: radu10101 (big blind) showed [Ah 6d] and won ($6.18) with a pair of Aces



PokerStars Hand #254312456728:  Hold'em No Limit ($0.50/$1.00 USD) - 2025/01/11 13:28:35 WET [2025/01/11 8:28:35 ET]
Table 'Libussa III' 6-max Seat #5 is the button
Seat 4: Felete1981 ($10 in chips) is sitting out
Seat 1: jeilsons ($119.69 in chips) 
Seat 2: Pon4uk.ua ($105.27 in chips) 
Seat 3: Joker007r ($224.12 in chips) 
Seat 5: oneduo ($102.10 in chips) 
Seat 6: radu10101 ($66.63 in chips) 
radu10101: posts small blind $0.50
jeilsons: posts big blind $1
Felete1981: sits out 
*** HOLE CARDS ***
Pon4uk.ua: raises $1 to $2
Joker007r: folds 
oneduo: calls $2
radu10101: calls $1.50
jeilsons: calls $1
*** FLOP *** [7d 5d 5h]
radu10101: bets $1
jeilsons: calls $1
Pon4uk.ua: calls $1
oneduo: folds 
*** TURN *** [7d 5d 5h] [4c]
radu10101: checks 
jeilsons: bets $7.84
Pon4uk.ua: folds 
radu10101: folds 
Uncalled bet ($7.84) returned to jeilsons
jeilsons collected $10.45 from pot
jeilsons: doesn't show hand 
*** SUMMARY ***
Total pot $11 | Rake $0.55 
Board [7d 5d 5h 4c]
Seat 4: Felete1981
Seat 1: jeilsons (big blind) collected ($10.45)
Seat 2: Pon4uk.ua folded on the Turn
Seat 3: Joker007r folded before Flop (didn't bet)
Seat 5: oneduo (button) folded on the Flop
Seat 6: radu10101 (small blind) folded on the Turn



PokerStars Hand #254312469292:  Hold'em No Limit ($0.50/$1.00 USD) - 2025/01/11 13:29:41 WET [2025/01/11 8:29:41 ET]
Table 'Libussa III' 6-max Seat #6 is the button
Seat 4: Felete1981 ($10 in chips) is sitting out
Seat 1: jeilsons ($127.14 in chips) 
Seat 2: Pon4uk.ua ($102.27 in chips) 
Seat 3: Joker007r ($224.12 in chips) 
Seat 5: oneduo ($100.10 in chips) 
Seat 6: radu10101 ($63.63 in chips) 
jeilsons: posts small blind $0.50
Pon4uk.ua: posts big blind $1
Felete1981: sits out 
*** HOLE CARDS ***
Joker007r: raises $2 to $3
oneduo: folds 
radu10101: folds 
jeilsons: folds 
Pon4uk.ua: folds 
Uncalled bet ($2) returned to Joker007r
Joker007r collected $2.50 from pot
Joker007r: doesn't show hand 
*** SUMMARY ***
Total pot $2.50 | Rake $0 
Seat 4: Felete1981
Seat 1: jeilsons (small blind) folded before Flop
Seat 2: Pon4uk.ua (big blind) folded before Flop
Seat 3: Joker007r collected ($2.50)
Seat 5: oneduo folded before Flop (didn't bet)
Seat 6: radu10101 (button) folded before Flop (didn't bet)



PokerStars Hand #254312472199:  Hold'em No Limit ($0.50/$1.00 USD) - 2025/01/11 13:29:55 WET [2025/01/11 8:29:55 ET]
Table 'Libussa III' 6-max Seat #1 is the button
Seat 4: Felete1981 ($10 in chips) is sitting out
Seat 1: jeilsons ($126.64 in chips) 
Seat 2: Pon4uk.ua ($101.27 in chips) 
Seat 3: Joker007r ($225.62 in chips) 
Seat 5: oneduo ($100.10 in chips) 
Seat 6: radu10101 ($63.63 in chips) 
Pon4uk.ua: posts small blind $0.50
Joker007r: posts big blind $1
Felete1981: sits out 
*** HOLE CARDS ***
oneduo: folds 
radu10101: calls $1
jeilsons: folds 
Pon4uk.ua: folds 
Joker007r: checks 
*** FLOP *** [Ac 9h 5s]
Joker007r: checks 
radu10101: checks 
*** TURN *** [Ac 9h 5s] [8h]
Joker007r: checks 
radu10101: checks 
*** RIVER *** [Ac 9h 5s 8h] [7d]
Joker007r: checks 
radu10101: checks 
*** SHOW DOWN ***
Joker007r: shows [2s Kc] (high card Ace)
radu10101: mucks hand 
Joker007r collected $2.38 from pot
*** SUMMARY ***
Total pot $2.50 | Rake $0.12 
Board [Ac 9h 5s 8h 7d]
Seat 4: Felete1981
Seat 1: jeilsons (button) folded before Flop (didn't bet)
Seat 2: Pon4uk.ua (small blind) folded before Flop
Seat 3: Joker007r (big blind) showed [2s Kc] and won ($2.38) with high card Ace
Seat 5: oneduo folded before Flop (didn't bet)
Seat 6: radu10101 mucked



PokerStars Hand #254312479005:  Hold'em No Limit ($0.50/$1.00 USD) - 2025/01/11 13:30:30 WET [2025/01/11 8:30:30 ET]
Table 'Libussa III' 6-max Seat #2 is the button
Seat 1: jeilsons ($126.64 in chips) 
Seat 2: Pon4uk.ua ($100.77 in chips) 
Seat 3: Joker007r ($227 in chips) 
Seat 4: Felete1981 ($10 in chips) 
Seat 5: oneduo ($100.10 in chips) 
Seat 6: radu10101 ($62.63 in chips) 
Joker007r: posts small blind $0.50
Felete1981: posts big blind $1
*** HOLE CARDS ***
oneduo: folds 
radu10101: calls $1
jeilsons: folds 
Pon4uk.ua: raises $3 to $4
Joker007r: folds 
Felete1981: folds 
radu10101: folds 
Uncalled bet ($3) returned to Pon4uk.ua
Pon4uk.ua collected $3.50 from pot
Pon4uk.ua: doesn't show hand 
*** SUMMARY ***
Total pot $3.50 | Rake $0 
Seat 1: jeilsons folded before Flop (didn't bet)
Seat 2: Pon4uk.ua (button) collected ($3.50)
Seat 3: Joker007r (small blind) folded before Flop
Seat 4: Felete1981 (big blind) folded before Flop
Seat 5: oneduo folded before Flop (didn't bet)
Seat 6: radu10101 folded before Flop



PokerStars Hand #254312481984:  Hold'em No Limit ($0.50/$1.00 USD) - 2025/01/11 13:30:45 WET [2025/01/11 8:30:45 ET]
Table 'Libussa III' 6-max Seat #3 is the button
Seat 1: jeilsons ($126.64 in chips) 
Seat 2: Pon4uk.ua ($103.27 in chips) 
Seat 3: Joker007r ($226.50 in chips) 
Seat 4: Felete1981 ($9 in chips) 
Seat 5: oneduo ($100.10 in chips) 
Seat 6: radu10101 ($61.63 in chips) 
Felete1981: posts small blind $0.50
oneduo: posts big blind $1
*** HOLE CARDS ***
radu10101: calls $1
jeilsons: raises $3 to $4
Pon4uk.ua: folds 
Joker007r: folds 
Felete1981: folds 
oneduo: folds 
radu10101: calls $3
*** FLOP *** [Jd 4s 9d]
radu10101: checks 
jeilsons: bets $2.35
radu10101: calls $2.35
*** TURN *** [Jd 4s 9d] [2s]
radu10101: checks 
jeilsons: checks 
*** RIVER *** [Jd 4s 9d 2s] [3c]
radu10101: checks 
jeilsons: bets $3.51
radu10101: calls $3.51
*** SHOW DOWN ***
jeilsons: shows [Th Ts] (a pair of Tens)
radu10101: mucks hand 
jeilsons collected $20.16 from pot
*** SUMMARY ***
Total pot $21.22 | Rake $1.06 
Board [Jd 4s 9d 2s 3c]
Seat 1: jeilsons showed [Th Ts] and won ($20.16) with a pair of Tens
Seat 2: Pon4uk.ua folded before Flop (didn't bet)
Seat 3: Joker007r (button) folded before Flop (didn't bet)
Seat 4: Felete1981 (small blind) folded before Flop
Seat 5: oneduo (big blind) folded before Flop
Seat 6: radu10101 mucked



PokerStars Hand #254312497849:  Hold'em No Limit ($0.50/$1.00 USD) - 2025/01/11 13:32:06 WET [2025/01/11 8:32:06 ET]
Table 'Libussa III' 6-max Seat #4 is the button
Seat 1: jeilsons ($136.94 in chips) 
Seat 2: Pon4uk.ua ($103.27 in chips) 
Seat 3: Joker007r ($226.50 in chips) 
Seat 4: Felete1981 ($8.50 in chips) 
Seat 5: oneduo ($100 in chips) 
Seat 6: radu10101 ($51.77 in chips) 
oneduo: posts small blind $0.50
radu10101: posts big blind $1
*** HOLE CARDS ***
jeilsons: raises $1 to $2
Pon4uk.ua: folds 
Joker007r: folds 
Felete1981: folds 
oneduo: folds 
radu10101: calls $1
*** FLOP *** [9c Ad 3d]
radu10101: checks 
jeilsons: bets $1.11
radu10101: calls $1.11
*** TURN *** [9c Ad 3d] [Qh]
radu10101: checks 
jeilsons: bets $7.66
radu10101: folds 
Uncalled bet ($7.66) returned to jeilsons
jeilsons collected $6.38 from pot
jeilsons: doesn't show hand 
*** SUMMARY ***
Total pot $6.72 | Rake $0.34 
Board [9c Ad 3d Qh]
Seat 1: jeilsons collected ($6.38)
Seat 2: Pon4uk.ua folded before Flop (didn't bet)
Seat 3: Joker007r folded before Flop (didn't bet)
Seat 4: Felete1981 (button) folded before Flop (didn't bet)
Seat 5: oneduo (small blind) folded before Flop
Seat 6: radu10101 (big blind) folded on the Turn



PokerStars Hand #254312506954:  Hold'em No Limit ($0.50/$1.00 USD) - 2025/01/11 13:32:53 WET [2025/01/11 8:32:53 ET]
Table 'Libussa III' 6-max Seat #5 is the button
Seat 1: jeilsons ($140.21 in chips) 
Seat 2: Pon4uk.ua ($103.27 in chips) 
Seat 3: Joker007r ($226.50 in chips) 
Seat 4: Felete1981 ($8.50 in chips) 
Seat 5: oneduo ($100 in chips) 
Seat 6: radu10101 ($48.66 in chips) 
radu10101: posts small blind $0.50
jeilsons: posts big blind $1
*** HOLE CARDS ***
Pon4uk.ua: folds 
Joker007r: raises $2 to $3
Felete1981: calls $3
oneduo: folds 
radu10101: calls $2.50
jeilsons: calls $2
*** FLOP *** [6c 2d 6s]
radu10101: checks 
jeilsons: checks 
Joker007r: checks 
Felete1981: checks 
*** TURN *** [6c 2d 6s] [Tc]
radu10101: checks 
jeilsons: bets $8.55
Joker007r: folds 
Felete1981: folds 
radu10101: folds 
Uncalled bet ($8.55) returned to jeilsons
jeilsons collected $11.40 from pot
jeilsons: doesn't show hand 
*** SUMMARY ***
Total pot $12 | Rake $0.60 
Board [6c 2d 6s Tc]
Seat 1: jeilsons (big blind) collected ($11.40)
Seat 2: Pon4uk.ua folded before Flop (didn't bet)
Seat 3: Joker007r folded on the Turn
Seat 4: Felete1981 folded on the Turn
Seat 5: oneduo (button) folded before Flop (didn't bet)
Seat 6: radu10101 (small blind) folded on the Turn



PokerStars Hand #254312514586:  Hold'em No Limit ($0.50/$1.00 USD) - 2025/01/11 13:33:31 WET [2025/01/11 8:33:31 ET]
Table 'Libussa III' 6-max Seat #6 is the button
Seat 1: jeilsons ($148.61 in chips) 
Seat 2: Pon4uk.ua ($103.27 in chips) 
Seat 3: Joker007r ($223.50 in chips) 
Seat 4: Felete1981 ($5.50 in chips) 
Seat 5: oneduo ($100 in chips) 
Seat 6: radu10101 ($45.66 in chips) 
jeilsons: posts small blind $0.50
Pon4uk.ua: posts big blind $1
*** HOLE CARDS ***
Joker007r has timed out
Joker007r: folds 
Felete1981: folds 
oneduo: folds 
radu10101: folds 
jeilsons: raises $2 to $3
Pon4uk.ua: calls $2
*** FLOP *** [2h Ad 8h]
jeilsons: checks 
Pon4uk.ua: checks 
*** TURN *** [2h Ad 8h] [3s]
jeilsons: checks 
Pon4uk.ua: checks 
*** RIVER *** [2h Ad 8h 3s] [Ah]
jeilsons: bets $4.27
Pon4uk.ua: folds 
Uncalled bet ($4.27) returned to jeilsons
jeilsons collected $5.70 from pot
jeilsons: doesn't show hand 
*** SUMMARY ***
Total pot $6 | Rake $0.30 
Board [2h Ad 8h 3s Ah]
Seat 1: jeilsons (small blind) collected ($5.70)
Seat 2: Pon4uk.ua (big blind) folded on the River
Seat 3: Joker007r folded before Flop (didn't bet)
Seat 4: Felete1981 folded before Flop (didn't bet)
Seat 5: oneduo folded before Flop (didn't bet)
Seat 6: radu10101 (button) folded before Flop (didn't bet)



PokerStars Hand #254312525286:  Hold'em No Limit ($0.50/$1.00 USD) - 2025/01/11 13:34:26 WET [2025/01/11 8:34:26 ET]
Table 'Libussa III' 6-max Seat #1 is the button
Seat 1: jeilsons ($151.31 in chips) 
Seat 2: Pon4uk.ua ($100.27 in chips) 
Seat 3: Joker007r ($223.50 in chips) 
Seat 4: Felete1981 ($5.50 in chips) 
Seat 5: oneduo ($100 in chips) 
Seat 6: radu10101 ($45.66 in chips) 
Pon4uk.ua: posts small blind $0.50
Joker007r: posts big blind $1
*** HOLE CARDS ***
Felete1981 has timed out
Felete1981: folds 
oneduo: folds 
radu10101: folds 
jeilsons: folds 
Pon4uk.ua: folds 
Uncalled bet ($0.50) returned to Joker007r
Joker007r collected $1 from pot
Joker007r: doesn't show hand 
*** SUMMARY ***
Total pot $1 | Rake $0 
Seat 1: jeilsons (button) folded before Flop (didn't bet)
Seat 2: Pon4uk.ua (small blind) folded before Flop
Seat 3: Joker007r (big blind) collected ($1)
Seat 4: Felete1981 folded before Flop (didn't bet)
Seat 5: oneduo folded before Flop (didn't bet)
Seat 6: radu10101 folded before Flop (didn't bet)



PokerStars Hand #254312530858:  Hold'em No Limit ($0.50/$1.00 USD) - 2025/01/11 13:34:53 WET [2025/01/11 8:34:53 ET]
Table 'Libussa III' 6-max Seat #2 is the button
Seat 4: Felete1981 ($5.50 in chips) is sitting out
Seat 1: jeilsons ($151.31 in chips) 
Seat 2: Pon4uk.ua ($100 in chips) 
Seat 3: Joker007r ($224 in chips) 
Seat 5: oneduo ($100 in chips) 
Seat 6: radu10101 ($45.66 in chips) 
Joker007r: posts small blind $0.50
oneduo: posts big blind $1
*** HOLE CARDS ***
radu10101: calls $1
jeilsons: raises $1.30 to $2.30
Pon4uk.ua: folds 
Joker007r: raises $10.70 to $13
oneduo: folds 
radu10101: folds 
jeilsons: folds 
Uncalled bet ($10.70) returned to Joker007r
Joker007r collected $6.60 from pot
Joker007r: doesn't show hand 
*** SUMMARY ***
Total pot $6.60 | Rake $0 
Seat 4: Felete1981
Seat 1: jeilsons folded before Flop
Seat 2: Pon4uk.ua (button) folded before Flop (didn't bet)
Seat 3: Joker007r (small blind) collected ($6.60)
Seat 5: oneduo (big blind) folded before Flop
Seat 6: radu10101 folded before Flop



PokerStars Hand #254312535841:  Hold'em No Limit ($0.50/$1.00 USD) - 2025/01/11 13:35:19 WET [2025/01/11 8:35:19 ET]
Table 'Libussa III' 6-max Seat #3 is the button
Seat 4: Felete1981 ($10 in chips) is sitting out
Seat 1: jeilsons ($149.01 in chips) 
Seat 2: Pon4uk.ua ($100 in chips) 
Seat 3: Joker007r ($228.30 in chips) 
Seat 5: oneduo ($100 in chips) 
Seat 6: radu10101 ($44.66 in chips) 
oneduo: posts small blind $0.50
radu10101: posts big blind $1
*** HOLE CARDS ***
Felete1981 is disconnected 
jeilsons: folds 
Pon4uk.ua: folds 
Joker007r: raises $1.50 to $2.50
oneduo: folds 
radu10101: raises $1.50 to $4
Joker007r: calls $1.50
*** FLOP *** [6h 2h Kh]
radu10101: bets $3
Joker007r: calls $3
*** TURN *** [6h 2h Kh] [5c]
radu10101: bets $3
Joker007r: calls $3
*** RIVER *** [6h 2h Kh 5c] [Ad]
radu10101: checks 
Joker007r: bets $218.30 and is all-in
radu10101: folds 
Uncalled bet ($218.30) returned to Joker007r
Joker007r collected $19.48 from pot
Joker007r: doesn't show hand 
*** SUMMARY ***
Total pot $20.50 | Rake $1.02 
Board [6h 2h Kh 5c Ad]
Seat 4: Felete1981
Seat 1: jeilsons folded before Flop (didn't bet)
Seat 2: Pon4uk.ua folded before Flop (didn't bet)
Seat 3: Joker007r (button) collected ($19.48)
Seat 5: oneduo (small blind) folded before Flop
Seat 6: radu10101 (big blind) folded on the River



PokerStars Hand #254312549166:  Hold'em No Limit ($0.50/$1.00 USD) - 2025/01/11 13:36:27 WET [2025/01/11 8:36:27 ET]
Table 'Libussa III' 6-max Seat #5 is the button
Seat 4: Felete1981 ($10 in chips) is sitting out
Seat 1: jeilsons ($149.01 in chips) 
Seat 2: Pon4uk.ua ($100 in chips) 
Seat 3: Joker007r ($237.78 in chips) 
Seat 5: oneduo ($100 in chips) 
Seat 6: radu10101 ($34.66 in chips) 
radu10101: posts small blind $0.50
jeilsons: posts big blind $1
*** HOLE CARDS ***
Pon4uk.ua: folds 
Joker007r: folds 
oneduo: folds 
radu10101: calls $0.50
jeilsons: checks 
*** FLOP *** [Qd Jd Js]
radu10101: checks 
jeilsons: bets $1
radu10101: calls $1
*** TURN *** [Qd Jd Js] [6d]
radu10101: checks 
jeilsons: checks 
*** RIVER *** [Qd Jd Js 6d] [4s]
radu10101: bets $2
jeilsons: raises $7.80 to $9.80
radu10101: calls $7.80
*** SHOW DOWN ***
jeilsons: shows [3c 5s] (a pair of Jacks)
radu10101: shows [3s Qh] (two pair, Queens and Jacks)
radu10101 collected $22.42 from pot
*** SUMMARY ***
Total pot $23.60 | Rake $1.18 
Board [Qd Jd Js 6d 4s]
Seat 4: Felete1981
Seat 1: jeilsons (big blind) showed [3c 5s] and lost with a pair of Jacks
Seat 2: Pon4uk.ua folded before Flop (didn't bet)
Seat 3: Joker007r folded before Flop (didn't bet)
Seat 5: oneduo (button) folded before Flop (didn't bet)
Seat 6: radu10101 (small blind) showed [3s Qh] and won ($22.42) with two pair, Queens and Jacks



PokerStars Hand #254312559640:  Hold'em No Limit ($0.50/$1.00 USD) - 2025/01/11 13:37:21 WET [2025/01/11 8:37:21 ET]
Table 'Libussa III' 6-max Seat #6 is the button
Seat 4: Felete1981 ($10 in chips) is sitting out
Seat 1: jeilsons ($137.21 in chips) 
Seat 2: Pon4uk.ua ($100 in chips) 
Seat 3: Joker007r ($237.78 in chips) 
Seat 5: oneduo ($100 in chips) 
Seat 6: radu10101 ($45.28 in chips) 
jeilsons: posts small blind $0.50
Pon4uk.ua: posts big blind $1
*** HOLE CARDS ***
Joker007r: folds 
oneduo: folds 
radu10101: folds 
jeilsons: raises $2 to $3
Pon4uk.ua: folds 
Uncalled bet ($2) returned to jeilsons
jeilsons collected $2 from pot
jeilsons: doesn't show hand 
*** SUMMARY ***
Total pot $2 | Rake $0 
Seat 4: Felete1981
Seat 1: jeilsons (small blind) collected ($2)
Seat 2: Pon4uk.ua (big blind) folded before Flop
Seat 3: Joker007r folded before Flop (didn't bet)
Seat 5: oneduo folded before Flop (didn't bet)
Seat 6: radu10101 (button) folded before Flop (didn't bet)



PokerStars Hand #254312564057:  Hold'em No Limit ($0.50/$1.00 USD) - 2025/01/11 13:37:43 WET [2025/01/11 8:37:43 ET]
Table 'Libussa III' 6-max Seat #1 is the button
Seat 4: Felete1981 ($10 in chips) is sitting out
Seat 1: jeilsons ($138.21 in chips) 
Seat 2: Pon4uk.ua ($100 in chips) 
Seat 3: Joker007r ($237.78 in chips) 
Seat 5: oneduo ($100 in chips) 
Seat 6: radu10101 ($45.28 in chips) 
Pon4uk.ua: posts small blind $0.50
Joker007r: posts big blind $1
*** HOLE CARDS ***
oneduo: folds 
radu10101: folds 
jeilsons: folds 
Pon4uk.ua: raises $1.75 to $2.75
Joker007r: raises $6.25 to $9
Pon4uk.ua: folds 
Uncalled bet ($6.25) returned to Joker007r
Joker007r collected $5.50 from pot
Joker007r: doesn't show hand 
*** SUMMARY ***
Total pot $5.50 | Rake $0 
Seat 4: Felete1981
Seat 1: jeilsons (button) folded before Flop (didn't bet)
Seat 2: Pon4uk.ua (small blind) folded before Flop
Seat 3: Joker007r (big blind) collected ($5.50)
Seat 5: oneduo folded before Flop (didn't bet)
Seat 6: radu10101 folded before Flop (didn't bet)



PokerStars Hand #254312570246:  Hold'em No Limit ($0.50/$1.00 USD) - 2025/01/11 13:38:14 WET [2025/01/11 8:38:14 ET]
Table 'Libussa III' 6-max Seat #2 is the button
Seat 4: Felete1981 ($10 in chips) is sitting out
Seat 1: jeilsons ($138.21 in chips) 
Seat 2: Pon4uk.ua ($100 in chips) 
Seat 3: Joker007r ($240.53 in chips) 
Seat 5: oneduo ($100 in chips) 
Seat 6: radu10101 ($45.28 in chips) 
Joker007r: posts small blind $0.50
oneduo: posts big blind $1
*** HOLE CARDS ***
radu10101: calls $1
jeilsons: folds 
Pon4uk.ua: raises $3 to $4
Joker007r: folds 
oneduo: calls $3
radu10101: folds 
*** FLOP *** [7h 9c 4s]
oneduo: checks 
Pon4uk.ua: checks 
*** TURN *** [7h 9c 4s] [Qs]
oneduo: checks 
Pon4uk.ua: checks 
*** RIVER *** [7h 9c 4s Qs] [5d]
oneduo: bets $7.04
Pon4uk.ua: folds 
Uncalled bet ($7.04) returned to oneduo
oneduo collected $9.02 from pot
oneduo: doesn't show hand 
*** SUMMARY ***
Total pot $9.50 | Rake $0.48 
Board [7h 9c 4s Qs 5d]
Seat 4: Felete1981
Seat 1: jeilsons folded before Flop (didn't bet)
Seat 2: Pon4uk.ua (button) folded on the River
Seat 3: Joker007r (small blind) folded before Flop
Seat 5: oneduo (big blind) collected ($9.02)
Seat 6: radu10101 folded before Flop



PokerStars Hand #254312581787:  Hold'em No Limit ($0.50/$1.00 USD) - 2025/01/11 13:39:12 WET [2025/01/11 8:39:12 ET]
Table 'Libussa III' 6-max Seat #3 is the button
Seat 4: Felete1981 ($10 in chips) is sitting out
Seat 1: jeilsons ($138.21 in chips) 
Seat 2: Pon4uk.ua ($100 in chips) 
Seat 3: Joker007r ($240.03 in chips) 
Seat 5: oneduo ($105.02 in chips) 
Seat 6: radu10101 ($44.28 in chips) 
oneduo: posts small blind $0.50
radu10101: posts big blind $1
*** HOLE CARDS ***
jeilsons: raises $1 to $2
Pon4uk.ua: folds 
Joker007r: folds 
oneduo: folds 
radu10101: folds 
Uncalled bet ($1) returned to jeilsons
jeilsons collected $2.50 from pot
jeilsons: doesn't show hand 
*** SUMMARY ***
Total pot $2.50 | Rake $0 
Seat 4: Felete1981
Seat 1: jeilsons collected ($2.50)
Seat 2: Pon4uk.ua folded before Flop (didn't bet)
Seat 3: Joker007r (button) folded before Flop (didn't bet)
Seat 5: oneduo (small blind) folded before Flop
Seat 6: radu10101 (big blind) folded before Flop



PokerStars Hand #254312584466:  Hold'em No Limit ($0.50/$1.00 USD) - 2025/01/11 13:39:26 WET [2025/01/11 8:39:26 ET]
Table 'Libussa III' 6-max Seat #5 is the button
Seat 4: Felete1981 ($10 in chips) is sitting out
Seat 1: jeilsons ($139.71 in chips) 
Seat 2: Pon4uk.ua ($100 in chips) 
Seat 3: Joker007r ($240.03 in chips) 
Seat 5: oneduo ($104.52 in chips) 
Seat 6: radu10101 ($43.28 in chips) 
radu10101: posts small blind $0.50
jeilsons: posts big blind $1
*** HOLE CARDS ***
Pon4uk.ua: folds 
Joker007r: folds 
oneduo: folds 
radu10101: raises $1 to $2
jeilsons: folds 
Uncalled bet ($1) returned to radu10101
radu10101 collected $2 from pot
*** SUMMARY ***
Total pot $2 | Rake $0 
Seat 4: Felete1981
Seat 1: jeilsons (big blind) folded before Flop
Seat 2: Pon4uk.ua folded before Flop (didn't bet)
Seat 3: Joker007r folded before Flop (didn't bet)
Seat 5: oneduo (button) folded before Flop (didn't bet)
Seat 6: radu10101 (small blind) collected ($2)



PokerStars Hand #254312587754:  Hold'em No Limit ($0.50/$1.00 USD) - 2025/01/11 13:39:43 WET [2025/01/11 8:39:43 ET]
Table 'Libussa III' 6-max Seat #6 is the button
Seat 4: Felete1981 ($10 in chips) is sitting out
Seat 1: jeilsons ($138.71 in chips) 
Seat 2: Pon4uk.ua ($100 in chips) 
Seat 3: Joker007r ($240.03 in chips) 
Seat 5: oneduo ($104.52 in chips) 
Seat 6: radu10101 ($44.28 in chips) 
jeilsons: posts small blind $0.50
Pon4uk.ua: posts big blind $1
*** HOLE CARDS ***
Joker007r: folds 
oneduo: folds 
radu10101: folds 
jeilsons: folds 
Uncalled bet ($0.50) returned to Pon4uk.ua
Pon4uk.ua collected $1 from pot
Pon4uk.ua: doesn't show hand 
*** SUMMARY ***
Total pot $1 | Rake $0 
Seat 4: Felete1981
Seat 1: jeilsons (small blind) folded before Flop
Seat 2: Pon4uk.ua (big blind) collected ($1)
Seat 3: Joker007r folded before Flop (didn't bet)
Seat 5: oneduo folded before Flop (didn't bet)
Seat 6: radu10101 (button) folded before Flop (didn't bet)



PokerStars Hand #254312591598:  Hold'em No Limit ($0.50/$1.00 USD) - 2025/01/11 13:40:02 WET [2025/01/11 8:40:02 ET]
Table 'Libussa III' 6-max Seat #1 is the button
Seat 4: Felete1981 ($10 in chips) is sitting out
Seat 1: jeilsons ($138.21 in chips) 
Seat 2: Pon4uk.ua ($100.50 in chips) 
Seat 3: Joker007r ($240.03 in chips) 
Seat 5: oneduo ($104.52 in chips) 
Seat 6: radu10101 ($44.28 in chips) 
Pon4uk.ua: posts small blind $0.50
Joker007r: posts big blind $1
*** HOLE CARDS ***
oneduo: folds 
radu10101: calls $1
jeilsons: raises $3 to $4
Pon4uk.ua: folds 
Joker007r: raises $14 to $18
radu10101: folds 
jeilsons: calls $14
*** FLOP *** [Jc Jd 2h]
Joker007r: bets $11.75
jeilsons: calls $11.75
*** TURN *** [Jc Jd 2h] [7s]
Joker007r: checks 
jeilsons: checks 
*** RIVER *** [Jc Jd 2h 7s] [Qd]
Joker007r: bets $14.63
jeilsons: calls $14.63
*** SHOW DOWN ***
Joker007r: shows [Ts Tc] (two pair, Jacks and Tens)
jeilsons: shows [Ad Qs] (two pair, Queens and Jacks)
jeilsons collected $87.76 from pot
*** SUMMARY ***
Total pot $90.26 | Rake $2.50 
Board [Jc Jd 2h 7s Qd]
Seat 4: Felete1981
Seat 1: jeilsons (button) showed [Ad Qs] and won ($87.76) with two pair, Queens and Jacks
Seat 2: Pon4uk.ua (small blind) folded before Flop
Seat 3: Joker007r (big blind) showed [Ts Tc] and lost with two pair, Jacks and Tens
Seat 5: oneduo folded before Flop (didn't bet)
Seat 6: radu10101 folded before Flop



PokerStars Hand #254312604028:  Hold'em No Limit ($0.50/$1.00 USD) - 2025/01/11 13:41:05 WET [2025/01/11 8:41:05 ET]
Table 'Libussa III' 6-max Seat #2 is the button
Seat 4: Felete1981 ($10 in chips) is sitting out
Seat 1: jeilsons ($181.59 in chips) 
Seat 2: Pon4uk.ua ($100 in chips) 
Seat 3: Joker007r ($195.65 in chips) 
Seat 5: oneduo ($104.52 in chips) 
Seat 6: radu10101 ($43.28 in chips) 
Joker007r: posts small blind $0.50
oneduo: posts big blind $1
*** HOLE CARDS ***
radu10101: calls $1
jeilsons: folds 
Pon4uk.ua: folds 
Joker007r: folds 
oneduo: checks 
*** FLOP *** [2h Jd 2c]
oneduo: checks 
radu10101: checks 
*** TURN *** [2h Jd 2c] [Tc]
oneduo: bets $1
radu10101: calls $1
*** RIVER *** [2h Jd 2c Tc] [8c]
oneduo: bets $1
radu10101: calls $1
*** SHOW DOWN ***
oneduo: shows [Td 3c] (two pair, Tens and Deuces)
radu10101: shows [Qc Th] (two pair, Tens and Deuces - Queen kicker)
radu10101 collected $6.18 from pot
*** SUMMARY ***
Total pot $6.50 | Rake $0.32 
Board [2h Jd 2c Tc 8c]
Seat 4: Felete1981
Seat 1: jeilsons folded before Flop (didn't bet)
Seat 2: Pon4uk.ua (button) folded before Flop (didn't bet)
Seat 3: Joker007r (small blind) folded before Flop
Seat 5: oneduo (big blind) showed [Td 3c] and lost with two pair, Tens and Deuces
Seat 6: radu10101 showed [Qc Th] and won ($6.18) with two pair, Tens and Deuces



PokerStars Hand #254312611843:  Hold'em No Limit ($0.50/$1.00 USD) - 2025/01/11 13:41:44 WET [2025/01/11 8:41:44 ET]
Table 'Libussa III' 6-max Seat #3 is the button
Seat 4: Felete1981 ($10 in chips) is sitting out
Seat 1: jeilsons ($181.59 in chips) 
Seat 2: Pon4uk.ua ($100 in chips) 
Seat 3: Joker007r ($195.15 in chips) 
Seat 5: oneduo ($101.52 in chips) 
Seat 6: radu10101 ($46.46 in chips) 
oneduo: posts small blind $0.50
radu10101: posts big blind $1
*** HOLE CARDS ***
jeilsons: folds 
Pon4uk.ua: raises $1.50 to $2.50
Joker007r: folds 
oneduo: calls $2
radu10101: folds 
*** FLOP *** [Jh 6d 6c]
oneduo: checks 
Pon4uk.ua: bets $1.88
oneduo: calls $1.88
*** TURN *** [Jh 6d 6c] [3h]
oneduo: checks 
Pon4uk.ua: checks 
*** RIVER *** [Jh 6d 6c 3h] [8s]
oneduo: bets $2.78
Pon4uk.ua: folds 
Uncalled bet ($2.78) returned to oneduo
oneduo collected $9.27 from pot
oneduo: doesn't show hand 
*** SUMMARY ***
Total pot $9.76 | Rake $0.49 
Board [Jh 6d 6c 3h 8s]
Seat 4: Felete1981
Seat 1: jeilsons folded before Flop (didn't bet)
Seat 2: Pon4uk.ua folded on the River
Seat 3: Joker007r (button) folded before Flop (didn't bet)
Seat 5: oneduo (small blind) collected ($9.27)
Seat 6: radu10101 (big blind) folded before Flop



PokerStars Hand #254312621272:  Hold'em No Limit ($0.50/$1.00 USD) - 2025/01/11 13:42:31 WET [2025/01/11 8:42:31 ET]
Table 'Libussa III' 6-max Seat #5 is the button
Seat 4: Felete1981 ($10 in chips) is sitting out
Seat 1: jeilsons ($181.59 in chips) 
Seat 2: Pon4uk.ua ($100 in chips) 
Seat 3: Joker007r ($195.15 in chips) 
Seat 5: oneduo ($106.41 in chips) 
Seat 6: radu10101 ($45.46 in chips) 
radu10101: posts small blind $0.50
jeilsons: posts big blind $1
*** HOLE CARDS ***
Pon4uk.ua: raises $1 to $2
Joker007r: folds 
oneduo: folds 
radu10101: calls $1.50
jeilsons: folds 
*** FLOP *** [4d 6h 8c]
radu10101: checks 
Pon4uk.ua: bets $3.56
radu10101: folds 
Uncalled bet ($3.56) returned to Pon4uk.ua
Pon4uk.ua collected $4.75 from pot
Pon4uk.ua: doesn't show hand 
*** SUMMARY ***
Total pot $5 | Rake $0.25 
Board [4d 6h 8c]
Seat 4: Felete1981
Seat 1: jeilsons (big blind) folded before Flop
Seat 2: Pon4uk.ua collected ($4.75)
Seat 3: Joker007r folded before Flop (didn't bet)
Seat 5: oneduo (button) folded before Flop (didn't bet)
Seat 6: radu10101 (small blind) folded on the Flop



PokerStars Hand #254312626101:  Hold'em No Limit ($0.50/$1.00 USD) - 2025/01/11 13:42:55 WET [2025/01/11 8:42:55 ET]
Table 'Libussa III' 6-max Seat #6 is the button
Seat 4: Felete1981 ($10 in chips) is sitting out
Seat 1: jeilsons ($180.59 in chips) 
Seat 2: Pon4uk.ua ($102.75 in chips) 
Seat 3: Joker007r ($195.15 in chips) 
Seat 5: oneduo ($106.41 in chips) 
Seat 6: radu10101 ($43.46 in chips) 
jeilsons: posts small blind $0.50
Pon4uk.ua: posts big blind $1
*** HOLE CARDS ***
Joker007r: raises $1.38 to $2.38
oneduo: folds 
radu10101: folds 
jeilsons: raises $7.62 to $10
Pon4uk.ua: folds 
Joker007r: calls $7.62
*** FLOP *** [5h 5d Ks]
jeilsons: bets $9.97
Joker007r: calls $9.97
*** TURN *** [5h 5d Ks] [8d]
jeilsons: checks 
Joker007r: bets $12.83
jeilsons: calls $12.83
*** RIVER *** [5h 5d Ks 8d] [Td]
jeilsons: checks 
Joker007r: bets $33.33
jeilsons: calls $33.33
*** SHOW DOWN ***
Joker007r: shows [Kh Kd] (a full house, Kings full of Fives)
jeilsons: mucks hand 
Joker007r collected $130.76 from pot
*** SUMMARY ***
Total pot $133.26 | Rake $2.50 
Board [5h 5d Ks 8d Td]
Seat 4: Felete1981
Seat 1: jeilsons (small blind) mucked
Seat 2: Pon4uk.ua (big blind) folded before Flop
Seat 3: Joker007r showed [Kh Kd] and won ($130.76) with a full house, Kings full of Fives
Seat 5: oneduo folded before Flop (didn't bet)
Seat 6: radu10101 (button) folded before Flop (didn't bet)



PokerStars Hand #254312638036:  Hold'em No Limit ($0.50/$1.00 USD) - 2025/01/11 13:43:56 WET [2025/01/11 8:43:56 ET]
Table 'Libussa III' 6-max Seat #1 is the button
Seat 4: Felete1981 ($10 in chips) is sitting out
Seat 1: jeilsons ($114.46 in chips) 
Seat 2: Pon4uk.ua ($101.75 in chips) 
Seat 3: Joker007r ($259.78 in chips) 
Seat 5: oneduo ($106.41 in chips) 
Seat 6: radu10101 ($43.46 in chips) 
Pon4uk.ua: posts small blind $0.50
Joker007r: posts big blind $1
*** HOLE CARDS ***
oneduo: folds 
radu10101: calls $1
jeilsons: folds 
Pon4uk.ua: raises $3 to $4
Joker007r: folds 
radu10101: folds 
Uncalled bet ($3) returned to Pon4uk.ua
Pon4uk.ua collected $3 from pot
Pon4uk.ua: doesn't show hand 
*** SUMMARY ***
Total pot $3 | Rake $0 
Seat 4: Felete1981
Seat 1: jeilsons (button) folded before Flop (didn't bet)
Seat 2: Pon4uk.ua (small blind) collected ($3)
Seat 3: Joker007r (big blind) folded before Flop
Seat 5: oneduo folded before Flop (didn't bet)
Seat 6: radu10101 folded before Flop



PokerStars Hand #254312643608:  Hold'em No Limit ($0.50/$1.00 USD) - 2025/01/11 13:44:24 WET [2025/01/11 8:44:24 ET]
Table 'Libussa III' 6-max Seat #2 is the button
Seat 4: Felete1981 ($10 in chips) is sitting out
Seat 1: jeilsons ($114.46 in chips) 
Seat 2: Pon4uk.ua ($103.75 in chips) 
Seat 3: Joker007r ($258.78 in chips) 
Seat 5: oneduo ($106.41 in chips) 
Seat 6: radu10101 ($42.46 in chips) 
Joker007r: posts small blind $0.50
Felete1981 has timed out
Felete1981: is sitting out 
oneduo: posts big blind $1
*** HOLE CARDS ***
radu10101: folds 
jeilsons: folds 
Pon4uk.ua: folds 
Joker007r: folds 
Uncalled bet ($0.50) returned to oneduo
oneduo collected $1 from pot
Felete1981 leaves the table
oneduo: doesn't show hand 
*** SUMMARY ***
Total pot $1 | Rake $0 
Seat 4: Felete1981
Seat 1: jeilsons folded before Flop (didn't bet)
Seat 2: Pon4uk.ua (button) folded before Flop (didn't bet)
Seat 3: Joker007r (small blind) folded before Flop
Seat 5: oneduo (big blind) collected ($1)
Seat 6: radu10101 folded before Flop (didn't bet)



PokerStars Hand #254312648873:  Hold'em No Limit ($0.50/$1.00 USD) - 2025/01/11 13:44:51 WET [2025/01/11 8:44:51 ET]
Table 'Libussa III' 6-max Seat #3 is the button
Seat 1: jeilsons ($114.46 in chips) 
Seat 2: Pon4uk.ua ($103.75 in chips) 
Seat 3: Joker007r ($258.28 in chips) 
Seat 5: oneduo ($106.91 in chips) 
Seat 6: radu10101 ($42.46 in chips) 
oneduo: posts small blind $0.50
radu10101: posts big blind $1
*** HOLE CARDS ***
jeilsons: folds 
Pon4uk.ua: raises $1.50 to $2.50
Joker007r: folds 
yzuk joins the table at seat #4 
oneduo: calls $2
radu10101: folds 
*** FLOP *** [3d 8s 6s]
oneduo: checks 
Pon4uk.ua: bets $5.70
oneduo: folds 
Uncalled bet ($5.70) returned to Pon4uk.ua
Pon4uk.ua collected $5.70 from pot
Pon4uk.ua: doesn't show hand 
*** SUMMARY ***
Total pot $6 | Rake $0.30 
Board [3d 8s 6s]
Seat 1: jeilsons folded before Flop (didn't bet)
Seat 2: Pon4uk.ua collected ($5.70)
Seat 3: Joker007r (button) folded before Flop (didn't bet)
Seat 5: oneduo (small blind) folded on the Flop
Seat 6: radu10101 (big blind) folded before Flop



PokerStars Hand #254312653163:  Hold'em No Limit ($0.50/$1.00 USD) - 2025/01/11 13:45:13 WET [2025/01/11 8:45:13 ET]
Table 'Libussa III' 6-max Seat #5 is the button
Seat 4: yzuk ($100 in chips) is sitting out
Seat 1: jeilsons ($114.46 in chips) 
Seat 2: Pon4uk.ua ($106.95 in chips) 
Seat 3: Joker007r ($258.28 in chips) 
Seat 5: oneduo ($104.41 in chips) 
Seat 6: radu10101 ($41.46 in chips) 
radu10101: posts small blind $0.50
jeilsons: posts big blind $1
yzuk: sits out 
*** HOLE CARDS ***
Pon4uk.ua: raises $1 to $2
Joker007r: folds 
oneduo: folds 
radu10101: folds 
jeilsons: folds 
Uncalled bet ($1) returned to Pon4uk.ua
Pon4uk.ua collected $2.50 from pot
*** SUMMARY ***
Total pot $2.50 | Rake $0 
Seat 4: yzuk
Seat 1: jeilsons (big blind) folded before Flop
Seat 2: Pon4uk.ua collected ($2.50)
Seat 3: Joker007r folded before Flop (didn't bet)
Seat 5: oneduo (button) folded before Flop (didn't bet)
Seat 6: radu10101 (small blind) folded before Flop



PokerStars Hand #254312655588:  Hold'em No Limit ($0.50/$1.00 USD) - 2025/01/11 13:45:25 WET [2025/01/11 8:45:25 ET]
Table 'Libussa III' 6-max Seat #6 is the button
Seat 4: yzuk ($100 in chips) is sitting out
Seat 1: jeilsons ($113.46 in chips) 
Seat 2: Pon4uk.ua ($108.45 in chips) 
Seat 3: Joker007r ($258.28 in chips) 
Seat 5: oneduo ($104.41 in chips) 
Seat 6: radu10101 ($40.96 in chips) 
jeilsons: posts small blind $0.50
Pon4uk.ua: posts big blind $1
yzuk: sits out 
*** HOLE CARDS ***
Joker007r: folds 
oneduo: folds 
radu10101: raises $1 to $2
jeilsons: raises $6 to $8
Pon4uk.ua: folds 
radu10101: raises $6 to $14
jeilsons: folds 
Uncalled bet ($6) returned to radu10101
radu10101 collected $17 from pot
*** SUMMARY ***
Total pot $17 | Rake $0 
Seat 4: yzuk
Seat 1: jeilsons (small blind) folded before Flop
Seat 2: Pon4uk.ua (big blind) folded before Flop
Seat 3: Joker007r folded before Flop (didn't bet)
Seat 5: oneduo folded before Flop (didn't bet)
Seat 6: radu10101 (button) collected ($17)



PokerStars Hand #254312660052:  Hold'em No Limit ($0.50/$1.00 USD) - 2025/01/11 13:45:47 WET [2025/01/11 8:45:47 ET]
Table 'Libussa III' 6-max Seat #1 is the button
Seat 4: yzuk ($100 in chips) is sitting out
Seat 1: jeilsons ($105.46 in chips) 
Seat 2: Pon4uk.ua ($107.45 in chips) 
Seat 3: Joker007r ($258.28 in chips) 
Seat 5: oneduo ($104.41 in chips) 
Seat 6: radu10101 ($49.96 in chips) 
Pon4uk.ua: posts small blind $0.50
Joker007r: posts big blind $1
yzuk: sits out 
*** HOLE CARDS ***
oneduo: folds 
radu10101: folds 
jeilsons: raises $1.50 to $2.50
Pon4uk.ua: folds 
Joker007r: folds 
Uncalled bet ($1.50) returned to jeilsons
jeilsons collected $2.50 from pot
jeilsons: doesn't show hand 
*** SUMMARY ***
Total pot $2.50 | Rake $0 
Seat 4: yzuk
Seat 1: jeilsons (button) collected ($2.50)
Seat 2: Pon4uk.ua (small blind) folded before Flop
Seat 3: Joker007r (big blind) folded before Flop
Seat 5: oneduo folded before Flop (didn't bet)
Seat 6: radu10101 folded before Flop (didn't bet)



PokerStars Hand #254312662548:  Hold'em No Limit ($0.50/$1.00 USD) - 2025/01/11 13:45:59 WET [2025/01/11 8:45:59 ET]
Table 'Libussa III' 6-max Seat #2 is the button
Seat 1: jeilsons ($106.96 in chips) 
Seat 2: Pon4uk.ua ($106.95 in chips) 
Seat 3: Joker007r ($257.28 in chips) 
Seat 4: yzuk ($100 in chips) 
Seat 5: oneduo ($104.41 in chips) 
Seat 6: radu10101 ($49.96 in chips) 
Joker007r: posts small blind $0.50
yzuk: posts big blind $1
*** HOLE CARDS ***
oneduo: raises $1.20 to $2.20
radu10101: folds 
jeilsons: folds 
Pon4uk.ua: folds 
Joker007r: folds 
yzuk: folds 
Uncalled bet ($1.20) returned to oneduo
oneduo collected $2.50 from pot
oneduo: doesn't show hand 
*** SUMMARY ***
Total pot $2.50 | Rake $0 
Seat 1: jeilsons folded before Flop (didn't bet)
Seat 2: Pon4uk.ua (button) folded before Flop (didn't bet)
Seat 3: Joker007r (small blind) folded before Flop
Seat 4: yzuk (big blind) folded before Flop
Seat 5: oneduo collected ($2.50)
Seat 6: radu10101 folded before Flop (didn't bet)



PokerStars Hand #254312665727:  Hold'em No Limit ($0.50/$1.00 USD) - 2025/01/11 13:46:16 WET [2025/01/11 8:46:16 ET]
Table 'Libussa III' 6-max Seat #3 is the button
Seat 1: jeilsons ($106.96 in chips) 
Seat 2: Pon4uk.ua ($106.95 in chips) 
Seat 3: Joker007r ($256.78 in chips) 
Seat 4: yzuk ($100 in chips) 
Seat 5: oneduo ($105.91 in chips) 
Seat 6: radu10101 ($49.96 in chips) 
yzuk: posts small blind $0.50
oneduo: posts big blind $1
*** HOLE CARDS ***
radu10101: folds 
jeilsons: folds 
Pon4uk.ua: folds 
Joker007r: raises $1.50 to $2.50
yzuk: folds 
oneduo: calls $1.50
*** FLOP *** [Jh Ks Qs]
oneduo: checks 
Joker007r: bets $8.25
oneduo: folds 
Uncalled bet ($8.25) returned to Joker007r
Joker007r collected $5.22 from pot
Joker007r: doesn't show hand 
*** SUMMARY ***
Total pot $5.50 | Rake $0.28 
Board [Jh Ks Qs]
Seat 1: jeilsons folded before Flop (didn't bet)
Seat 2: Pon4uk.ua folded before Flop (didn't bet)
Seat 3: Joker007r (button) collected ($5.22)
Seat 4: yzuk (small blind) folded before Flop
Seat 5: oneduo (big blind) folded on the Flop
Seat 6: radu10101 folded before Flop (didn't bet)



PokerStars Hand #254312674187:  Hold'em No Limit ($0.50/$1.00 USD) - 2025/01/11 13:46:58 WET [2025/01/11 8:46:58 ET]
Table 'Libussa III' 6-max Seat #4 is the button
Seat 1: jeilsons ($106.96 in chips) 
Seat 2: Pon4uk.ua ($106.95 in chips) 
Seat 3: Joker007r ($259.50 in chips) 
Seat 4: yzuk ($100 in chips) 
Seat 5: oneduo ($103.41 in chips) 
Seat 6: radu10101 ($49.96 in chips) 
oneduo: posts small blind $0.50
radu10101: posts big blind $1
*** HOLE CARDS ***
jeilsons: raises $1 to $2
Pon4uk.ua: folds 
Joker007r: folds 
yzuk: folds 
oneduo: folds 
radu10101: calls $1
*** FLOP *** [Tc 9s Jd]
radu10101: checks 
jeilsons: bets $2.14
radu10101: calls $2.14
*** TURN *** [Tc 9s Jd] [4s]
radu10101: checks 
jeilsons: bets $10.01
radu10101: calls $10.01
*** RIVER *** [Tc 9s Jd 4s] [7s]
radu10101: checks 
jeilsons: checks 
*** SHOW DOWN ***
radu10101: shows [Jc Ks] (a pair of Jacks)
jeilsons: shows [Td Ts] (three of a kind, Tens)
jeilsons collected $27.36 from pot
*** SUMMARY ***
Total pot $28.80 | Rake $1.44 
Board [Tc 9s Jd 4s 7s]
Seat 1: jeilsons showed [Td Ts] and won ($27.36) with three of a kind, Tens
Seat 2: Pon4uk.ua folded before Flop (didn't bet)
Seat 3: Joker007r folded before Flop (didn't bet)
Seat 4: yzuk (button) folded before Flop (didn't bet)
Seat 5: oneduo (small blind) folded before Flop
Seat 6: radu10101 (big blind) showed [Jc Ks] and lost with a pair of Jacks



PokerStars Hand #254312681115:  Hold'em No Limit ($0.50/$1.00 USD) - 2025/01/11 13:47:32 WET [2025/01/11 8:47:32 ET]
Table 'Libussa III' 6-max Seat #5 is the button
Seat 1: jeilsons ($120.17 in chips) 
Seat 2: Pon4uk.ua ($106.95 in chips) 
Seat 3: Joker007r ($259.50 in chips) 
Seat 4: yzuk ($100 in chips) 
Seat 5: oneduo ($102.91 in chips) 
Seat 6: radu10101 ($35.81 in chips) 
radu10101: posts small blind $0.50
jeilsons: posts big blind $1
*** HOLE CARDS ***
Pon4uk.ua: folds 
Joker007r: folds 
yzuk: folds 
oneduo: folds 
radu10101: calls $0.50
jeilsons: checks 
*** FLOP *** [8s Qh 2c]
radu10101: checks 
jeilsons: checks 
*** TURN *** [8s Qh 2c] [2h]
radu10101: checks 
jeilsons: bets $1.90
radu10101: folds 
Uncalled bet ($1.90) returned to jeilsons
jeilsons collected $1.90 from pot
jeilsons: doesn't show hand 
*** SUMMARY ***
Total pot $2 | Rake $0.10 
Board [8s Qh 2c 2h]
Seat 1: jeilsons (big blind) collected ($1.90)
Seat 2: Pon4uk.ua folded before Flop (didn't bet)
Seat 3: Joker007r folded before Flop (didn't bet)
Seat 4: yzuk folded before Flop (didn't bet)
Seat 5: oneduo (button) folded before Flop (didn't bet)
Seat 6: radu10101 (small blind) folded on the Turn



PokerStars Hand #254312689239:  Hold'em No Limit ($0.50/$1.00 USD) - 2025/01/11 13:48:13 WET [2025/01/11 8:48:13 ET]
Table 'Libussa III' 6-max Seat #6 is the button
Seat 1: jeilsons ($121.07 in chips) 
Seat 2: Pon4uk.ua ($106.95 in chips) 
Seat 3: Joker007r ($259.50 in chips) 
Seat 4: yzuk ($100 in chips) 
Seat 5: oneduo ($102.91 in chips) 
Seat 6: radu10101 ($34.81 in chips) 
jeilsons: posts small blind $0.50
Pon4uk.ua: posts big blind $1
*** HOLE CARDS ***
Joker007r: folds 
yzuk: folds 
oneduo: folds 
radu10101: calls $1
jeilsons: folds 
Pon4uk.ua: checks 
*** FLOP *** [Qc 4d Th]
Pon4uk.ua: checks 
radu10101: checks 
*** TURN *** [Qc 4d Th] [8c]
Pon4uk.ua: checks 
radu10101: checks 
*** RIVER *** [Qc 4d Th 8c] [2s]
Pon4uk.ua: checks 
radu10101: checks 
*** SHOW DOWN ***
Pon4uk.ua: shows [6h Jc] (high card Queen)
radu10101: shows [2h 3h] (a pair of Deuces)
radu10101 collected $2.38 from pot
*** SUMMARY ***
Total pot $2.50 | Rake $0.12 
Board [Qc 4d Th 8c 2s]
Seat 1: jeilsons (small blind) folded before Flop
Seat 2: Pon4uk.ua (big blind) showed [6h Jc] and lost with high card Queen
Seat 3: Joker007r folded before Flop (didn't bet)
Seat 4: yzuk folded before Flop (didn't bet)
Seat 5: oneduo folded before Flop (didn't bet)
Seat 6: radu10101 (button) showed [2h 3h] and won ($2.38) with a pair of Deuces



PokerStars Hand #254312697359:  Hold'em No Limit ($0.50/$1.00 USD) - 2025/01/11 13:48:55 WET [2025/01/11 8:48:55 ET]
Table 'Libussa III' 6-max Seat #1 is the button
Seat 1: jeilsons ($120.57 in chips) 
Seat 2: Pon4uk.ua ($105.95 in chips) 
Seat 3: Joker007r ($259.50 in chips) 
Seat 4: yzuk ($100 in chips) 
Seat 5: oneduo ($102.91 in chips) 
Seat 6: radu10101 ($36.19 in chips) 
Pon4uk.ua: posts small blind $0.50
Joker007r: posts big blind $1
*** HOLE CARDS ***
yzuk: folds 
oneduo: raises $1.20 to $2.20
radu10101: folds 
jeilsons: folds 
Pon4uk.ua: folds 
Joker007r: raises $7.80 to $10
oneduo: raises $16 to $26
Joker007r: calls $16
*** FLOP *** [Qs 4d Kd]
Joker007r: checks 
oneduo: bets $15
Joker007r: raises $126.40 to $141.40
oneduo: calls $61.91 and is all-in
Uncalled bet ($64.49) returned to Joker007r
*** TURN *** [Qs 4d Kd] [9d]
*** RIVER *** [Qs 4d Kd 9d] [4h]
*** SHOW DOWN ***
Joker007r: shows [Kc Tc] (two pair, Kings and Fours)
oneduo: shows [Qc Qh] (a full house, Queens full of Fours)
oneduo cashed out the hand for $190.66 | Cash Out Fee $3.89
*** SUMMARY ***
Total pot $206.32 | Rake $2.50 
Board [Qs 4d Kd 9d 4h]
Seat 1: jeilsons (button) folded before Flop (didn't bet)
Seat 2: Pon4uk.ua (small blind) folded before Flop
Seat 3: Joker007r (big blind) showed [Kc Tc] and lost with two pair, Kings and Fours
Seat 4: yzuk folded before Flop (didn't bet)
Seat 5: oneduo showed [Qc Qh] and won ($203.82) with a full house, Queens full of Fours (pot not awarded as player cashed out)
Seat 6: radu10101 folded before Flop (didn't bet)



PokerStars Hand #254312710009:  Hold'em No Limit ($0.50/$1.00 USD) - 2025/01/11 13:49:59 WET [2025/01/11 8:49:59 ET]
Table 'Libussa III' 6-max Seat #2 is the button
Seat 1: jeilsons ($120.57 in chips) 
Seat 2: Pon4uk.ua ($105.45 in chips) 
Seat 3: Joker007r ($156.59 in chips) 
Seat 4: yzuk ($100 in chips) 
Seat 5: oneduo ($190.66 in chips) 
Seat 6: radu10101 ($36.19 in chips) 
Joker007r: posts small blind $0.50
yzuk: posts big blind $1
*** HOLE CARDS ***
oneduo: folds 
radu10101: calls $1
jeilsons: folds 
Pon4uk.ua: folds 
Joker007r: folds 
yzuk: checks 
*** FLOP *** [4h As 3h]
yzuk: checks 
radu10101: checks 
*** TURN *** [4h As 3h] [Qc]
yzuk: bets $1.83
radu10101: folds 
Uncalled bet ($1.83) returned to yzuk
yzuk collected $2.38 from pot
yzuk: doesn't show hand 
*** SUMMARY ***
Total pot $2.50 | Rake $0.12 
Board [4h As 3h Qc]
Seat 1: jeilsons folded before Flop (didn't bet)
Seat 2: Pon4uk.ua (button) folded before Flop (didn't bet)
Seat 3: Joker007r (small blind) folded before Flop
Seat 4: yzuk (big blind) collected ($2.38)
Seat 5: oneduo folded before Flop (didn't bet)
Seat 6: radu10101 folded on the Turn



PokerStars Hand #254312718377:  Hold'em No Limit ($0.50/$1.00 USD) - 2025/01/11 13:50:43 WET [2025/01/11 8:50:43 ET]
Table 'Libussa III' 6-max Seat #3 is the button
Seat 1: jeilsons ($120.57 in chips) 
Seat 2: Pon4uk.ua ($105.45 in chips) 
Seat 3: Joker007r ($156.09 in chips) 
Seat 4: yzuk ($101.38 in chips) 
Seat 5: oneduo ($190.66 in chips) 
Seat 6: radu10101 ($35.19 in chips) 
yzuk: posts small blind $0.50
oneduo: posts big blind $1
*** HOLE CARDS ***
radu10101: calls $1
jeilsons: folds 
Pon4uk.ua: folds 
Joker007r: raises $4 to $5
yzuk: folds 
oneduo: folds 
radu10101: calls $4
*** FLOP *** [7d 2h 8s]
radu10101: checks 
Joker007r: checks 
*** TURN *** [7d 2h 8s] [3s]
radu10101: bets $3
Joker007r: calls $3
*** RIVER *** [7d 2h 8s 3s] [Tc]
radu10101: bets $4
Joker007r: folds 
Uncalled bet ($4) returned to radu10101
radu10101 collected $16.62 from pot
*** SUMMARY ***
Total pot $17.50 | Rake $0.88 
Board [7d 2h 8s 3s Tc]
Seat 1: jeilsons folded before Flop (didn't bet)
Seat 2: Pon4uk.ua folded before Flop (didn't bet)
Seat 3: Joker007r (button) folded on the River
Seat 4: yzuk (small blind) folded before Flop
Seat 5: oneduo (big blind) folded before Flop
Seat 6: radu10101 collected ($16.62)



PokerStars Hand #254312729923:  Hold'em No Limit ($0.50/$1.00 USD) - 2025/01/11 13:51:42 WET [2025/01/11 8:51:42 ET]
Table 'Libussa III' 6-max Seat #4 is the button
Seat 1: jeilsons ($120.57 in chips) 
Seat 2: Pon4uk.ua ($105.45 in chips) 
Seat 3: Joker007r ($148.09 in chips) 
Seat 4: yzuk ($100.88 in chips) 
Seat 5: oneduo ($189.66 in chips) 
Seat 6: radu10101 ($43.81 in chips) 
oneduo: posts small blind $0.50
radu10101: posts big blind $1
*** HOLE CARDS ***
jeilsons: folds 
Pon4uk.ua: folds 
Joker007r: folds 
yzuk: raises $1.50 to $2.50
oneduo: folds 
radu10101: folds 
Uncalled bet ($1.50) returned to yzuk
yzuk collected $2.50 from pot
yzuk: doesn't show hand 
*** SUMMARY ***
Total pot $2.50 | Rake $0 
Seat 1: jeilsons folded before Flop (didn't bet)
Seat 2: Pon4uk.ua folded before Flop (didn't bet)
Seat 3: Joker007r folded before Flop (didn't bet)
Seat 4: yzuk (button) collected ($2.50)
Seat 5: oneduo (small blind) folded before Flop
Seat 6: radu10101 (big blind) folded before Flop



PokerStars Hand #254312732189:  Hold'em No Limit ($0.50/$1.00 USD) - 2025/01/11 13:51:53 WET [2025/01/11 8:51:53 ET]
Table 'Libussa III' 6-max Seat #5 is the button
Seat 1: jeilsons ($120.57 in chips) 
Seat 2: Pon4uk.ua ($105.45 in chips) 
Seat 3: Joker007r ($148.09 in chips) 
Seat 4: yzuk ($102.38 in chips) 
Seat 5: oneduo ($189.16 in chips) 
Seat 6: radu10101 ($42.81 in chips) 
radu10101: posts small blind $0.50
jeilsons: posts big blind $1
*** HOLE CARDS ***
Pon4uk.ua: folds 
Joker007r: folds 
yzuk: folds 
oneduo: folds 
radu10101: calls $0.50
jeilsons: raises $3 to $4
radu10101: folds 
Uncalled bet ($3) returned to jeilsons
jeilsons collected $2 from pot
jeilsons: doesn't show hand 
*** SUMMARY ***
Total pot $2 | Rake $0 
Seat 1: jeilsons (big blind) collected ($2)
Seat 2: Pon4uk.ua folded before Flop (didn't bet)
Seat 3: Joker007r folded before Flop (didn't bet)
Seat 4: yzuk folded before Flop (didn't bet)
Seat 5: oneduo (button) folded before Flop (didn't bet)
Seat 6: radu10101 (small blind) folded before Flop



PokerStars Hand #254312737263:  Hold'em No Limit ($0.50/$1.00 USD) - 2025/01/11 13:52:19 WET [2025/01/11 8:52:19 ET]
Table 'Libussa III' 6-max Seat #6 is the button
Seat 1: jeilsons ($121.57 in chips) 
Seat 2: Pon4uk.ua ($105.45 in chips) 
Seat 3: Joker007r ($148.09 in chips) 
Seat 4: yzuk ($102.38 in chips) 
Seat 5: oneduo ($189.16 in chips) 
Seat 6: radu10101 ($41.81 in chips) 
jeilsons: posts small blind $0.50
Pon4uk.ua: posts big blind $1
*** HOLE CARDS ***
Joker007r: folds 
yzuk: folds 
oneduo: folds 
radu10101: calls $1
jeilsons: folds 
Pon4uk.ua: checks 
*** FLOP *** [2h 9d Jh]
Pon4uk.ua: bets $1.19
radu10101: calls $1.19
*** TURN *** [2h 9d Jh] [Ah]
Pon4uk.ua: checks 
radu10101: bets $3
Pon4uk.ua: folds 
Uncalled bet ($3) returned to radu10101
radu10101 collected $4.64 from pot
*** SUMMARY ***
Total pot $4.88 | Rake $0.24 
Board [2h 9d Jh Ah]
Seat 1: jeilsons (small blind) folded before Flop
Seat 2: Pon4uk.ua (big blind) folded on the Turn
Seat 3: Joker007r folded before Flop (didn't bet)
Seat 4: yzuk folded before Flop (didn't bet)
Seat 5: oneduo folded before Flop (didn't bet)
Seat 6: radu10101 (button) collected ($4.64)



PokerStars Hand #254312745490:  Hold'em No Limit ($0.50/$1.00 USD) - 2025/01/11 13:53:00 WET [2025/01/11 8:53:00 ET]
Table 'Libussa III' 6-max Seat #1 is the button
Seat 1: jeilsons ($121.07 in chips) 
Seat 2: Pon4uk.ua ($103.26 in chips) 
Seat 3: Joker007r ($148.09 in chips) 
Seat 4: yzuk ($102.38 in chips) 
Seat 5: oneduo ($189.16 in chips) 
Seat 6: radu10101 ($44.26 in chips) 
Pon4uk.ua: posts small blind $0.50
Joker007r: posts big blind $1
*** HOLE CARDS ***
yzuk: folds 
oneduo: folds 
radu10101: folds 
jeilsons: raises $1.50 to $2.50
Pon4uk.ua: folds 
Joker007r: folds 
Uncalled bet ($1.50) returned to jeilsons
jeilsons collected $2.50 from pot
jeilsons: doesn't show hand 
*** SUMMARY ***
Total pot $2.50 | Rake $0 
Seat 1: jeilsons (button) collected ($2.50)
Seat 2: Pon4uk.ua (small blind) folded before Flop
Seat 3: Joker007r (big blind) folded before Flop
Seat 4: yzuk folded before Flop (didn't bet)
Seat 5: oneduo folded before Flop (didn't bet)
Seat 6: radu10101 folded before Flop (didn't bet)



PokerStars Hand #254312748407:  Hold'em No Limit ($0.50/$1.00 USD) - 2025/01/11 13:53:15 WET [2025/01/11 8:53:15 ET]
Table 'Libussa III' 6-max Seat #2 is the button
Seat 1: jeilsons ($122.57 in chips) 
Seat 2: Pon4uk.ua ($102.76 in chips) 
Seat 3: Joker007r ($147.09 in chips) 
Seat 4: yzuk ($102.38 in chips) 
Seat 5: oneduo ($189.16 in chips) 
Seat 6: radu10101 ($44.26 in chips) 
Joker007r: posts small blind $0.50
yzuk: posts big blind $1
*** HOLE CARDS ***
oneduo: folds 
radu10101: folds 
jeilsons: folds 
Pon4uk.ua: folds 
Joker007r: folds 
Uncalled bet ($0.50) returned to yzuk
yzuk collected $1 from pot
yzuk: doesn't show hand 
*** SUMMARY ***
Total pot $1 | Rake $0 
Seat 1: jeilsons folded before Flop (didn't bet)
Seat 2: Pon4uk.ua (button) folded before Flop (didn't bet)
Seat 3: Joker007r (small blind) folded before Flop
Seat 4: yzuk (big blind) collected ($1)
Seat 5: oneduo folded before Flop (didn't bet)
Seat 6: radu10101 folded before Flop (didn't bet)



PokerStars Hand #254312750958:  Hold'em No Limit ($0.50/$1.00 USD) - 2025/01/11 13:53:27 WET [2025/01/11 8:53:27 ET]
Table 'Libussa III' 6-max Seat #3 is the button
Seat 1: jeilsons ($122.57 in chips) 
Seat 2: Pon4uk.ua ($102.76 in chips) 
Seat 3: Joker007r ($146.59 in chips) 
Seat 4: yzuk ($102.88 in chips) 
Seat 5: oneduo ($189.16 in chips) 
Seat 6: radu10101 ($44.26 in chips) 
yzuk: posts small blind $0.50
oneduo: posts big blind $1
*** HOLE CARDS ***
radu10101: folds 
jeilsons: folds 
Pon4uk.ua: folds 
Joker007r: raises $1.50 to $2.50
yzuk: folds 
oneduo: calls $1.50
*** FLOP *** [7c 6h 7h]
oneduo: checks 
Joker007r: bets $2.71
oneduo: calls $2.71
*** TURN *** [7c 6h 7h] [2d]
oneduo: checks 
Joker007r: bets $16.38
oneduo: folds 
Uncalled bet ($16.38) returned to Joker007r
Joker007r collected $10.37 from pot
Joker007r: doesn't show hand 
*** SUMMARY ***
Total pot $10.92 | Rake $0.55 
Board [7c 6h 7h 2d]
Seat 1: jeilsons folded before Flop (didn't bet)
Seat 2: Pon4uk.ua folded before Flop (didn't bet)
Seat 3: Joker007r (button) collected ($10.37)
Seat 4: yzuk (small blind) folded before Flop
Seat 5: oneduo (big blind) folded on the Turn
Seat 6: radu10101 folded before Flop (didn't bet)



PokerStars Hand #254312758414:  Hold'em No Limit ($0.50/$1.00 USD) - 2025/01/11 13:54:05 WET [2025/01/11 8:54:05 ET]
Table 'Libussa III' 6-max Seat #4 is the button
Seat 1: jeilsons ($122.57 in chips) 
Seat 2: Pon4uk.ua ($102.76 in chips) 
Seat 3: Joker007r ($151.75 in chips) 
Seat 4: yzuk ($102.38 in chips) 
Seat 5: oneduo ($183.95 in chips) 
Seat 6: radu10101 ($44.26 in chips) 
oneduo: posts small blind $0.50
radu10101: posts big blind $1
*** HOLE CARDS ***
jeilsons: folds 
Pon4uk.ua: folds 
Joker007r: folds 
yzuk: raises $1.50 to $2.50
oneduo: folds 
radu10101: calls $1.50
*** FLOP *** [Qh Jd 9h]
radu10101: bets $2
yzuk: calls $2
*** TURN *** [Qh Jd 9h] [Td]
radu10101: bets $3
yzuk: raises $10.60 to $13.60
radu10101: calls $10.60
*** RIVER *** [Qh Jd 9h Td] [4d]
jeilsons leaves the table
radu10101: checks 
Pippa83 joins the table at seat #1 
yzuk: bets $26.84
radu10101: folds 
Uncalled bet ($26.84) returned to yzuk
yzuk collected $34.86 from pot
yzuk: doesn't show hand 
*** SUMMARY ***
Total pot $36.70 | Rake $1.84 
Board [Qh Jd 9h Td 4d]
Seat 1: jeilsons folded before Flop (didn't bet)
Seat 2: Pon4uk.ua folded before Flop (didn't bet)
Seat 3: Joker007r folded before Flop (didn't bet)
Seat 4: yzuk (button) collected ($34.86)
Seat 5: oneduo (small blind) folded before Flop
Seat 6: radu10101 (big blind) folded on the River



PokerStars Hand #254312767939:  Hold'em No Limit ($0.50/$1.00 USD) - 2025/01/11 13:54:53 WET [2025/01/11 8:54:53 ET]
Table 'Libussa III' 6-max Seat #5 is the button
Seat 1: Pippa83 ($100 in chips) 
Seat 2: Pon4uk.ua ($102.76 in chips) 
Seat 3: Joker007r ($151.75 in chips) 
Seat 4: yzuk ($119.14 in chips) 
Seat 5: oneduo ($183.45 in chips) 
Seat 6: radu10101 ($26.16 in chips) 
radu10101: posts small blind $0.50
Pippa83: posts big blind $1
*** HOLE CARDS ***
Pon4uk.ua: folds 
Joker007r: folds 
yzuk: folds 
oneduo: raises $1.80 to $2.80
radu10101: calls $2.30
Pippa83: calls $1.80
*** FLOP *** [Qs 5h 6h]
Joker007r leaves the table
radu10101: bets $2
Sadyhov V.V. joins the table at seat #3 
Pippa83: folds 
oneduo: raises $4.50 to $6.50
radu10101: calls $4.50
*** TURN *** [Qs 5h 6h] [Qc]
radu10101: bets $6
oneduo: raises $17.78 to $23.78
radu10101: folds 
Uncalled bet ($17.78) returned to oneduo
oneduo collected $31.73 from pot
oneduo: doesn't show hand 
*** SUMMARY ***
Total pot $33.40 | Rake $1.67 
Board [Qs 5h 6h Qc]
Seat 1: Pippa83 (big blind) folded on the Flop
Seat 2: Pon4uk.ua folded before Flop (didn't bet)
Seat 3: Joker007r folded before Flop (didn't bet)
Seat 4: yzuk folded before Flop (didn't bet)
Seat 5: oneduo (button) collected ($31.73)
Seat 6: radu10101 (small blind) folded on the Turn



PokerStars Hand #254312781608:  Hold'em No Limit ($0.50/$1.00 USD) - 2025/01/11 13:56:17 WET [2025/01/11 8:56:17 ET]
Table 'Libussa III' 6-max Seat #6 is the button
Seat 3: Sadyhov V.V. ($100 in chips) is sitting out
Seat 1: Pippa83 ($100 in chips) 
Seat 2: Pon4uk.ua ($102.76 in chips) 
Seat 4: yzuk ($119.14 in chips) 
Seat 5: oneduo ($199.88 in chips) 
Seat 6: radu10101 ($10.86 in chips) 
Pippa83: posts small blind $0.50
Pon4uk.ua: posts big blind $1
Sadyhov V.V.: sits out 
*** HOLE CARDS ***
yzuk: folds 
oneduo: folds 
radu10101: folds 
Pippa83: raises $2 to $3
Pon4uk.ua: folds 
Uncalled bet ($2) returned to Pippa83
Pippa83 collected $2 from pot
Pippa83: doesn't show hand 
*** SUMMARY ***
Total pot $2 | Rake $0 
Seat 3: Sadyhov V.V.
Seat 1: Pippa83 (small blind) collected ($2)
Seat 2: Pon4uk.ua (big blind) folded before Flop
Seat 4: yzuk folded before Flop (didn't bet)
Seat 5: oneduo folded before Flop (didn't bet)
Seat 6: radu10101 (button) folded before Flop (didn't bet)



PokerStars Hand #254312784797:  Hold'em No Limit ($0.50/$1.00 USD) - 2025/01/11 13:56:37 WET [2025/01/11 8:56:37 ET]
Table 'Libussa III' 6-max Seat #1 is the button
Seat 1: Pippa83 ($101 in chips) 
Seat 2: Pon4uk.ua ($101.76 in chips) 
Seat 3: Sadyhov V.V. ($100 in chips) 
Seat 4: yzuk ($119.14 in chips) 
Seat 5: oneduo ($199.88 in chips) 
Seat 6: radu10101 ($10.86 in chips) 
Pon4uk.ua: posts small blind $0.50
Sadyhov V.V.: posts big blind $1
*** HOLE CARDS ***
yzuk: raises $1.50 to $2.50
oneduo: folds 
radu10101: folds 
Pippa83: folds 
Pon4uk.ua: folds 
Sadyhov V.V.: folds 
Uncalled bet ($1.50) returned to yzuk
yzuk collected $2.50 from pot
yzuk: doesn't show hand 
*** SUMMARY ***
Total pot $2.50 | Rake $0 
Seat 1: Pippa83 (button) folded before Flop (didn't bet)
Seat 2: Pon4uk.ua (small blind) folded before Flop
Seat 3: Sadyhov V.V. (big blind) folded before Flop
Seat 4: yzuk collected ($2.50)
Seat 5: oneduo folded before Flop (didn't bet)
Seat 6: radu10101 folded before Flop (didn't bet)



PokerStars Hand #254312787131:  Hold'em No Limit ($0.50/$1.00 USD) - 2025/01/11 13:56:52 WET [2025/01/11 8:56:52 ET]
Table 'Libussa III' 6-max Seat #2 is the button
Seat 1: Pippa83 ($101 in chips) 
Seat 2: Pon4uk.ua ($101.26 in chips) 
Seat 3: Sadyhov V.V. ($100 in chips) 
Seat 4: yzuk ($120.64 in chips) 
Seat 5: oneduo ($199.88 in chips) 
Seat 6: radu10101 ($10.86 in chips) 
Sadyhov V.V.: posts small blind $0.50
yzuk: posts big blind $1
*** HOLE CARDS ***
oneduo: folds 
radu10101: calls $1
Pippa83: folds 
Pon4uk.ua: raises $3 to $4
Sadyhov V.V.: folds 
yzuk: folds 
radu10101: calls $3
*** FLOP *** [6s 8s Jh]
radu10101: checks 
Pon4uk.ua: bets $1.98
radu10101: calls $1.98
*** TURN *** [6s 8s Jh] [Ah]
radu10101: bets $4.88 and is all-in
Pon4uk.ua: calls $4.88
*** RIVER *** [6s 8s Jh Ah] [9s]
*** SHOW DOWN ***
radu10101: shows [7h Ad] (a pair of Aces)
Pon4uk.ua: shows [Jc Ac] (two pair, Aces and Jacks)
Pon4uk.ua collected $22.06 from pot
*** SUMMARY ***
Total pot $23.22 | Rake $1.16 
Board [6s 8s Jh Ah 9s]
Seat 1: Pippa83 folded before Flop (didn't bet)
Seat 2: Pon4uk.ua (button) showed [Jc Ac] and won ($22.06) with two pair, Aces and Jacks
Seat 3: Sadyhov V.V. (small blind) folded before Flop
Seat 4: yzuk (big blind) folded before Flop
Seat 5: oneduo folded before Flop (didn't bet)
Seat 6: radu10101 showed [7h Ad] and lost with a pair of Aces



PokerStars Hand #254312792015:  Hold'em No Limit ($0.50/$1.00 USD) - 2025/01/11 13:57:22 WET [2025/01/11 8:57:22 ET]
Table 'Libussa III' 6-max Seat #3 is the button
Seat 6: radu10101 ($0 in chips) is sitting out
Seat 1: Pippa83 ($101 in chips) 
Seat 2: Pon4uk.ua ($112.46 in chips) 
Seat 3: Sadyhov V.V. ($100 in chips) 
Seat 4: yzuk ($119.64 in chips) 
Seat 5: oneduo ($199.88 in chips) 
yzuk: posts small blind $0.50
oneduo: posts big blind $1
*** HOLE CARDS ***
Pippa83: folds 
Pon4uk.ua: folds 
radu10101 leaves the table
Sadyhov V.V.: raises $1.50 to $2.50
yzuk: raises $10 to $12.50
oneduo: folds 
Sadyhov V.V.: folds 
Uncalled bet ($10) returned to yzuk
yzuk collected $6 from pot
yzuk: doesn't show hand 
BronzéDuPoker joins the table at seat #6 
BronzéDuPoker is disconnected 
*** SUMMARY ***
Total pot $6 | Rake $0 
Seat 6: radu10101
Seat 1: Pippa83 folded before Flop (didn't bet)
Seat 2: Pon4uk.ua folded before Flop (didn't bet)
Seat 3: Sadyhov V.V. (button) folded before Flop
Seat 4: yzuk (small blind) collected ($6)
Seat 5: oneduo (big blind) folded before Flop



PokerStars Hand #254312796185:  Hold'em No Limit ($0.50/$1.00 USD) - 2025/01/11 13:57:48 WET [2025/01/11 8:57:48 ET]
Table 'Libussa III' 6-max Seat #4 is the button
Seat 1: Pippa83 ($101 in chips) 
Seat 2: Pon4uk.ua ($112.46 in chips) 
Seat 3: Sadyhov V.V. ($100 in chips) 
Seat 4: yzuk ($123.14 in chips) 
Seat 5: oneduo ($198.88 in chips) 
Seat 6: BronzéDuPoker ($100 in chips) 
oneduo: posts small blind $0.50
BronzéDuPoker: posts big blind $1
*** HOLE CARDS ***
Pippa83: folds 
Pon4uk.ua: raises $1 to $2
Sadyhov V.V.: folds 
yzuk: folds 
oneduo: folds 
BronzéDuPoker: raises $3 to $5
Pon4uk.ua: calls $3
*** FLOP *** [2d Ad 4d]
BronzéDuPoker: bets $4.99
Pon4uk.ua: calls $4.99
*** TURN *** [2d Ad 4d] [7h]
BronzéDuPoker: checks 
Pon4uk.ua: bets $14.60
BronzéDuPoker: calls $14.60
*** RIVER *** [2d Ad 4d 7h] [5s]
BronzéDuPoker: checks 
Pon4uk.ua: bets $15.58
BronzéDuPoker: calls $15.58
*** SHOW DOWN ***
Pon4uk.ua: shows [Ac Kc] (a pair of Aces)
BronzéDuPoker: mucks hand 
Pon4uk.ua collected $78.34 from pot
*** SUMMARY ***
Total pot $80.84 | Rake $2.50 
Board [2d Ad 4d 7h 5s]
Seat 1: Pippa83 folded before Flop (didn't bet)
Seat 2: Pon4uk.ua showed [Ac Kc] and won ($78.34) with a pair of Aces
Seat 3: Sadyhov V.V. folded before Flop (didn't bet)
Seat 4: yzuk (button) folded before Flop (didn't bet)
Seat 5: oneduo (small blind) folded before Flop
Seat 6: BronzéDuPoker (big blind) mucked



PokerStars Hand #254312809671:  Hold'em No Limit ($0.50/$1.00 USD) - 2025/01/11 13:59:10 WET [2025/01/11 8:59:10 ET]
Table 'Libussa III' 6-max Seat #5 is the button
Seat 1: Pippa83 ($101 in chips) 
Seat 2: Pon4uk.ua ($150.63 in chips) 
Seat 3: Sadyhov V.V. ($100 in chips) 
Seat 4: yzuk ($123.14 in chips) 
Seat 5: oneduo ($198.38 in chips) 
Seat 6: BronzéDuPoker ($59.83 in chips) 
BronzéDuPoker: posts small blind $0.50
Pippa83: posts big blind $1
*** HOLE CARDS ***
Pon4uk.ua: folds 
Sadyhov V.V.: folds 
yzuk: raises $1.50 to $2.50
oneduo: folds 
BronzéDuPoker: folds 
Pippa83: folds 
Uncalled bet ($1.50) returned to yzuk
yzuk collected $2.50 from pot
yzuk: doesn't show hand 
*** SUMMARY ***
Total pot $2.50 | Rake $0 
Seat 1: Pippa83 (big blind) folded before Flop
Seat 2: Pon4uk.ua folded before Flop (didn't bet)
Seat 3: Sadyhov V.V. folded before Flop (didn't bet)
Seat 4: yzuk collected ($2.50)
Seat 5: oneduo (button) folded before Flop (didn't bet)
Seat 6: BronzéDuPoker (small blind) folded before Flop



PokerStars Hand #254312813172:  Hold'em No Limit ($0.50/$1.00 USD) - 2025/01/11 13:59:32 WET [2025/01/11 8:59:32 ET]
Table 'Libussa III' 6-max Seat #6 is the button
Seat 1: Pippa83 ($100 in chips) 
Seat 2: Pon4uk.ua ($150.63 in chips) 
Seat 3: Sadyhov V.V. ($100 in chips) 
Seat 4: yzuk ($124.64 in chips) 
Seat 5: oneduo ($198.38 in chips) 
Seat 6: BronzéDuPoker ($59.33 in chips) 
Pippa83: posts small blind $0.50
Pon4uk.ua: posts big blind $1
*** HOLE CARDS ***
Sadyhov V.V.: folds 
yzuk: folds 
oneduo: folds 
BronzéDuPoker: folds 
Pippa83: raises $2 to $3
Pon4uk.ua: calls $2
*** FLOP *** [Jc 3s 9d]
Pippa83: checks 
Pon4uk.ua: bets $2.85
Pippa83: folds 
Uncalled bet ($2.85) returned to Pon4uk.ua
Pon4uk.ua collected $5.70 from pot
Pon4uk.ua: doesn't show hand 
*** SUMMARY ***
Total pot $6 | Rake $0.30 
Board [Jc 3s 9d]
Seat 1: Pippa83 (small blind) folded on the Flop
Seat 2: Pon4uk.ua (big blind) collected ($5.70)
Seat 3: Sadyhov V.V. folded before Flop (didn't bet)
Seat 4: yzuk folded before Flop (didn't bet)
Seat 5: oneduo folded before Flop (didn't bet)
Seat 6: BronzéDuPoker (button) folded before Flop (didn't bet)



PokerStars Hand #254312819051:  Hold'em No Limit ($0.50/$1.00 USD) - 2025/01/11 14:00:08 WET [2025/01/11 9:00:08 ET]
Table 'Libussa III' 6-max Seat #1 is the button
Seat 1: Pippa83 ($100 in chips) 
Seat 2: Pon4uk.ua ($153.33 in chips) 
Seat 3: Sadyhov V.V. ($100 in chips) 
Seat 4: yzuk ($124.64 in chips) 
Seat 5: oneduo ($198.38 in chips) 
Seat 6: BronzéDuPoker ($59.33 in chips) 
Pon4uk.ua: posts small blind $0.50
Sadyhov V.V.: posts big blind $1
*** HOLE CARDS ***
yzuk: folds 
oneduo: folds 
BronzéDuPoker: folds 
Pippa83: raises $1.50 to $2.50
Pon4uk.ua: folds 
Sadyhov V.V.: raises $7.50 to $10
Pippa83: folds 
Uncalled bet ($7.50) returned to Sadyhov V.V.
Sadyhov V.V. collected $5.50 from pot
Sadyhov V.V.: doesn't show hand 
*** SUMMARY ***
Total pot $5.50 | Rake $0 
Seat 1: Pippa83 (button) folded before Flop
Seat 2: Pon4uk.ua (small blind) folded before Flop
Seat 3: Sadyhov V.V. (big blind) collected ($5.50)
Seat 4: yzuk folded before Flop (didn't bet)
Seat 5: oneduo folded before Flop (didn't bet)
Seat 6: BronzéDuPoker folded before Flop (didn't bet)



PokerStars Hand #254312822612:  Hold'em No Limit ($0.50/$1.00 USD) - 2025/01/11 14:00:29 WET [2025/01/11 9:00:29 ET]
Table 'Libussa III' 6-max Seat #2 is the button
Seat 4: yzuk ($124.64 in chips) is sitting out
Seat 5: oneduo ($198.38 in chips) is sitting out
Seat 1: Pippa83 ($100 in chips) 
Seat 2: Pon4uk.ua ($152.83 in chips) 
Seat 3: Sadyhov V.V. ($103 in chips) 
Seat 6: BronzéDuPoker ($59.33 in chips) 
Sadyhov V.V.: posts small blind $0.50
yzuk: is sitting out 
oneduo: is sitting out 
BronzéDuPoker: posts big blind $1
*** HOLE CARDS ***
Pippa83: folds 
Pon4uk.ua: folds 
Sadyhov V.V.: calls $0.50
BronzéDuPoker: checks 
*** FLOP *** [Qs 9s 9d]
yzuk leaves the table
Sadyhov V.V.: bets $1
7bekon7 joins the table at seat #4 
BronzéDuPoker: folds 
Uncalled bet ($1) returned to Sadyhov V.V.
Sadyhov V.V. collected $1.90 from pot
Sadyhov V.V.: doesn't show hand 
*** SUMMARY ***
Total pot $2 | Rake $0.10 
Board [Qs 9s 9d]
Seat 4: yzuk
Seat 5: oneduo
Seat 1: Pippa83 folded before Flop (didn't bet)
Seat 2: Pon4uk.ua (button) folded before Flop (didn't bet)
Seat 3: Sadyhov V.V. (small blind) collected ($1.90)
Seat 6: BronzéDuPoker (big blind) folded on the Flop



PokerStars Hand #254312826622:  Hold'em No Limit ($0.50/$1.00 USD) - 2025/01/11 14:00:51 WET [2025/01/11 9:00:51 ET]
Table 'Libussa III' 6-max Seat #3 is the button
Seat 4: 7bekon7 ($100 in chips) is sitting out
Seat 5: oneduo ($198.38 in chips) is sitting out
Seat 1: Pippa83 ($100 in chips) 
Seat 2: Pon4uk.ua ($152.83 in chips) 
Seat 3: Sadyhov V.V. ($103.90 in chips) 
Seat 6: BronzéDuPoker ($58.33 in chips) 
BronzéDuPoker: posts small blind $0.50
Pippa83: posts big blind $1
*** HOLE CARDS ***
Pon4uk.ua: folds 
Sadyhov V.V.: raises $1.50 to $2.50
BronzéDuPoker: folds 
Pippa83: folds 
Uncalled bet ($1.50) returned to Sadyhov V.V.
Sadyhov V.V. collected $2.50 from pot
Sadyhov V.V.: doesn't show hand 
*** SUMMARY ***
Total pot $2.50 | Rake $0 
Seat 4: 7bekon7
Seat 5: oneduo
Seat 1: Pippa83 (big blind) folded before Flop
Seat 2: Pon4uk.ua folded before Flop (didn't bet)
Seat 3: Sadyhov V.V. (button) collected ($2.50)
Seat 6: BronzéDuPoker (small blind) folded before Flop



PokerStars Hand #254312828774:  Hold'em No Limit ($0.50/$1.00 USD) - 2025/01/11 14:01:02 WET [2025/01/11 9:01:02 ET]
Table 'Libussa III' 6-max Seat #6 is the button
Seat 4: 7bekon7 ($100 in chips) is sitting out
Seat 5: oneduo ($198.38 in chips) is sitting out
Seat 1: Pippa83 ($100 in chips) 
Seat 2: Pon4uk.ua ($152.83 in chips) 
Seat 3: Sadyhov V.V. ($105.40 in chips) 
Seat 6: BronzéDuPoker ($57.83 in chips) 
Pippa83: posts small blind $0.50
Pon4uk.ua: posts big blind $1
7bekon7: sits out 
oneduo: sits out 
*** HOLE CARDS ***
Sadyhov V.V.: folds 
BronzéDuPoker: folds 
Pippa83: raises $2 to $3
Pon4uk.ua: calls $2
*** FLOP *** [2h 9s 2d]
Pippa83: bets $1.88
Pon4uk.ua: calls $1.88
*** TURN *** [2h 9s 2d] [4c]
Pippa83: checks 
Pon4uk.ua: checks 
*** RIVER *** [2h 9s 2d 4c] [9c]
Pippa83: checks 
Pon4uk.ua: bets $6.95
Pippa83: folds 
Uncalled bet ($6.95) returned to Pon4uk.ua
Pon4uk.ua collected $9.27 from pot
Pon4uk.ua: doesn't show hand 
*** SUMMARY ***
Total pot $9.76 | Rake $0.49 
Board [2h 9s 2d 4c 9c]
Seat 4: 7bekon7
Seat 5: oneduo
Seat 1: Pippa83 (small blind) folded on the River
Seat 2: Pon4uk.ua (big blind) collected ($9.27)
Seat 3: Sadyhov V.V. folded before Flop (didn't bet)
Seat 6: BronzéDuPoker (button) folded before Flop (didn't bet)



PokerStars Hand #254312838533:  Hold'em No Limit ($0.50/$1.00 USD) - 2025/01/11 14:01:52 WET [2025/01/11 9:01:52 ET]
Table 'Libussa III' 6-max Seat #1 is the button
Seat 4: 7bekon7 ($100 in chips) is sitting out
Seat 5: oneduo ($198.38 in chips) is sitting out
Seat 1: Pippa83 ($100 in chips) 
Seat 2: Pon4uk.ua ($157.22 in chips) 
Seat 3: Sadyhov V.V. ($105.40 in chips) 
Seat 6: BronzéDuPoker ($57.83 in chips) 
Pon4uk.ua: posts small blind $0.50
Sadyhov V.V.: posts big blind $1
7bekon7: sits out 
oneduo: sits out 
*** HOLE CARDS ***
BronzéDuPoker: raises $1 to $2
Pippa83: raises $5.50 to $7.50
Pon4uk.ua: folds 
Sadyhov V.V.: folds 
BronzéDuPoker: calls $5.50
*** FLOP *** [5d 2c Jc]
BronzéDuPoker: checks 
Pippa83: bets $3.14
BronzéDuPoker: folds 
Uncalled bet ($3.14) returned to Pippa83
Pippa83 collected $15.68 from pot
Pippa83: doesn't show hand 
*** SUMMARY ***
Total pot $16.50 | Rake $0.82 
Board [5d 2c Jc]
Seat 4: 7bekon7
Seat 5: oneduo
Seat 1: Pippa83 (button) collected ($15.68)
Seat 2: Pon4uk.ua (small blind) folded before Flop
Seat 3: Sadyhov V.V. (big blind) folded before Flop
Seat 6: BronzéDuPoker folded on the Flop



PokerStars Hand #254312843680:  Hold'em No Limit ($0.50/$1.00 USD) - 2025/01/11 14:02:18 WET [2025/01/11 9:02:18 ET]
Table 'Libussa III' 6-max Seat #2 is the button
Seat 5: oneduo ($198.38 in chips) is sitting out
Seat 1: Pippa83 ($108.18 in chips) 
Seat 2: Pon4uk.ua ($156.72 in chips) 
Seat 3: Sadyhov V.V. ($104.40 in chips) 
Seat 4: 7bekon7 ($100 in chips) 
Seat 6: BronzéDuPoker ($50.33 in chips) 
Sadyhov V.V.: posts small blind $0.50
7bekon7: posts big blind $1
oneduo: sits out 
*** HOLE CARDS ***
BronzéDuPoker: raises $2 to $3
Pippa83: folds 
Pon4uk.ua: folds 
Sadyhov V.V.: folds 
7bekon7: folds 
Uncalled bet ($2) returned to BronzéDuPoker
BronzéDuPoker collected $2.50 from pot
*** SUMMARY ***
Total pot $2.50 | Rake $0 
Seat 5: oneduo
Seat 1: Pippa83 folded before Flop (didn't bet)
Seat 2: Pon4uk.ua (button) folded before Flop (didn't bet)
Seat 3: Sadyhov V.V. (small blind) folded before Flop
Seat 4: 7bekon7 (big blind) folded before Flop
Seat 6: BronzéDuPoker collected ($2.50)



PokerStars Hand #254312848658:  Hold'em No Limit ($0.50/$1.00 USD) - 2025/01/11 14:02:42 WET [2025/01/11 9:02:42 ET]
Table 'Libussa III' 6-max Seat #3 is the button
Seat 1: Pippa83 ($108.18 in chips) 
Seat 2: Pon4uk.ua ($156.72 in chips) 
Seat 3: Sadyhov V.V. ($103.90 in chips) 
Seat 4: 7bekon7 ($100 in chips) 
Seat 5: oneduo ($198.38 in chips) 
Seat 6: BronzéDuPoker ($51.83 in chips) 
7bekon7: posts small blind $0.50
oneduo: posts big blind $1
*** HOLE CARDS ***
BronzéDuPoker: folds 
Pippa83: raises $1.20 to $2.20
Pon4uk.ua: folds 
Sadyhov V.V.: folds 
7bekon7: folds 
oneduo: calls $1.20
*** FLOP *** [7h 6d Jh]
oneduo: checks 
Pippa83: checks 
*** TURN *** [7h 6d Jh] [Js]
oneduo: checks 
Pippa83: checks 
*** RIVER *** [7h 6d Jh Js] [8s]
oneduo: bets $1.40
Pippa83: folds 
Uncalled bet ($1.40) returned to oneduo
oneduo collected $4.66 from pot
oneduo: doesn't show hand 
*** SUMMARY ***
Total pot $4.90 | Rake $0.24 
Board [7h 6d Jh Js 8s]
Seat 1: Pippa83 folded on the River
Seat 2: Pon4uk.ua folded before Flop (didn't bet)
Seat 3: Sadyhov V.V. (button) folded before Flop (didn't bet)
Seat 4: 7bekon7 (small blind) folded before Flop
Seat 5: oneduo (big blind) collected ($4.66)
Seat 6: BronzéDuPoker folded before Flop (didn't bet)



PokerStars Hand #254312861060:  Hold'em No Limit ($0.50/$1.00 USD) - 2025/01/11 14:03:44 WET [2025/01/11 9:03:44 ET]
Table 'Libussa III' 6-max Seat #4 is the button
Seat 1: Pippa83 ($105.98 in chips) 
Seat 2: Pon4uk.ua ($156.72 in chips) 
Seat 3: Sadyhov V.V. ($103.90 in chips) 
Seat 4: 7bekon7 ($100 in chips) 
Seat 5: oneduo ($200.84 in chips) 
Seat 6: BronzéDuPoker ($51.83 in chips) 
oneduo: posts small blind $0.50
BronzéDuPoker: posts big blind $1
*** HOLE CARDS ***
Pippa83: folds 
Pon4uk.ua: folds 
Sadyhov V.V.: folds 
7bekon7: folds 
oneduo: raises $1.20 to $2.20
BronzéDuPoker: calls $1.20
*** FLOP *** [2c 6s 6c]
oneduo: bets $3.26
BronzéDuPoker: folds 
Uncalled bet ($3.26) returned to oneduo
oneduo collected $4.18 from pot
oneduo: doesn't show hand 
*** SUMMARY ***
Total pot $4.40 | Rake $0.22 
Board [2c 6s 6c]
Seat 1: Pippa83 folded before Flop (didn't bet)
Seat 2: Pon4uk.ua folded before Flop (didn't bet)
Seat 3: Sadyhov V.V. folded before Flop (didn't bet)
Seat 4: 7bekon7 (button) folded before Flop (didn't bet)
Seat 5: oneduo (small blind) collected ($4.18)
Seat 6: BronzéDuPoker (big blind) folded on the Flop



PokerStars Hand #254312867313:  Hold'em No Limit ($0.50/$1.00 USD) - 2025/01/11 14:04:14 WET [2025/01/11 9:04:14 ET]
Table 'Libussa III' 6-max Seat #5 is the button
Seat 1: Pippa83 ($105.98 in chips) 
Seat 2: Pon4uk.ua ($156.72 in chips) 
Seat 3: Sadyhov V.V. ($103.90 in chips) 
Seat 4: 7bekon7 ($100 in chips) 
Seat 5: oneduo ($202.82 in chips) 
Seat 6: BronzéDuPoker ($49.63 in chips) 
BronzéDuPoker: posts small blind $0.50
Pippa83: posts big blind $1
*** HOLE CARDS ***
Pon4uk.ua: raises $1 to $2
Sadyhov V.V.: folds 
7bekon7: folds 
oneduo: folds 
BronzéDuPoker: folds 
Pippa83: folds 
Uncalled bet ($1) returned to Pon4uk.ua
Pon4uk.ua collected $2.50 from pot
Pon4uk.ua: doesn't show hand 
*** SUMMARY ***
Total pot $2.50 | Rake $0 
Seat 1: Pippa83 (big blind) folded before Flop
Seat 2: Pon4uk.ua collected ($2.50)
Seat 3: Sadyhov V.V. folded before Flop (didn't bet)
Seat 4: 7bekon7 folded before Flop (didn't bet)
Seat 5: oneduo (button) folded before Flop (didn't bet)
Seat 6: BronzéDuPoker (small blind) folded before Flop



PokerStars Hand #254312870880:  Hold'em No Limit ($0.50/$1.00 USD) - 2025/01/11 14:04:32 WET [2025/01/11 9:04:32 ET]
Table 'Libussa III' 6-max Seat #6 is the button
Seat 1: Pippa83 ($104.98 in chips) 
Seat 2: Pon4uk.ua ($158.22 in chips) 
Seat 3: Sadyhov V.V. ($103.90 in chips) 
Seat 4: 7bekon7 ($100 in chips) 
Seat 5: oneduo ($202.82 in chips) 
Seat 6: BronzéDuPoker ($49.13 in chips) 
Pippa83: posts small blind $0.50
Pon4uk.ua: posts big blind $1
*** HOLE CARDS ***
Sadyhov V.V.: folds 
7bekon7: folds 
oneduo: folds 
BronzéDuPoker: folds 
Pippa83: folds 
Uncalled bet ($0.50) returned to Pon4uk.ua
Pon4uk.ua collected $1 from pot
Pon4uk.ua: doesn't show hand 
*** SUMMARY ***
Total pot $1 | Rake $0 
Seat 1: Pippa83 (small blind) folded before Flop
Seat 2: Pon4uk.ua (big blind) collected ($1)
Seat 3: Sadyhov V.V. folded before Flop (didn't bet)
Seat 4: 7bekon7 folded before Flop (didn't bet)
Seat 5: oneduo folded before Flop (didn't bet)
Seat 6: BronzéDuPoker (button) folded before Flop (didn't bet)



PokerStars Hand #254312873015:  Hold'em No Limit ($0.50/$1.00 USD) - 2025/01/11 14:04:42 WET [2025/01/11 9:04:42 ET]
Table 'Libussa III' 6-max Seat #1 is the button
Seat 1: Pippa83 ($104.48 in chips) 
Seat 2: Pon4uk.ua ($158.72 in chips) 
Seat 3: Sadyhov V.V. ($103.90 in chips) 
Seat 4: 7bekon7 ($100 in chips) 
Seat 5: oneduo ($202.82 in chips) 
Seat 6: BronzéDuPoker ($49.13 in chips) 
Pon4uk.ua: posts small blind $0.50
Sadyhov V.V.: posts big blind $1
*** HOLE CARDS ***
7bekon7: folds 
oneduo: folds 
BronzéDuPoker: folds 
Pippa83: raises $1.50 to $2.50
Pon4uk.ua: raises $8.50 to $11
Sadyhov V.V.: folds 
Pippa83: calls $8.50
*** FLOP *** [Jh 8s 3c]
Pon4uk.ua: bets $7.21
Pippa83: folds 
Uncalled bet ($7.21) returned to Pon4uk.ua
Pon4uk.ua collected $21.85 from pot
Pon4uk.ua: doesn't show hand 
*** SUMMARY ***
Total pot $23 | Rake $1.15 
Board [Jh 8s 3c]
Seat 1: Pippa83 (button) folded on the Flop
Seat 2: Pon4uk.ua (small blind) collected ($21.85)
Seat 3: Sadyhov V.V. (big blind) folded before Flop
Seat 4: 7bekon7 folded before Flop (didn't bet)
Seat 5: oneduo folded before Flop (didn't bet)
Seat 6: BronzéDuPoker folded before Flop (didn't bet)



PokerStars Hand #254312880744:  Hold'em No Limit ($0.50/$1.00 USD) - 2025/01/11 14:05:19 WET [2025/01/11 9:05:19 ET]
Table 'Libussa III' 6-max Seat #2 is the button
Seat 1: Pippa83 ($100 in chips) 
Seat 2: Pon4uk.ua ($169.57 in chips) 
Seat 3: Sadyhov V.V. ($102.90 in chips) 
Seat 4: 7bekon7 ($100 in chips) 
Seat 5: oneduo ($202.82 in chips) 
Seat 6: BronzéDuPoker ($49.13 in chips) 
Sadyhov V.V.: posts small blind $0.50
7bekon7: posts big blind $1
*** HOLE CARDS ***
oneduo: raises $1.20 to $2.20
BronzéDuPoker: folds 
Pippa83: folds 
Pon4uk.ua: folds 
Sadyhov V.V.: folds 
7bekon7: calls $1.20
*** FLOP *** [4h Qc 3h]
7bekon7: checks 
oneduo: bets $1.40
7bekon7: folds 
Uncalled bet ($1.40) returned to oneduo
oneduo collected $4.66 from pot
oneduo: doesn't show hand 
*** SUMMARY ***
Total pot $4.90 | Rake $0.24 
Board [4h Qc 3h]
Seat 1: Pippa83 folded before Flop (didn't bet)
Seat 2: Pon4uk.ua (button) folded before Flop (didn't bet)
Seat 3: Sadyhov V.V. (small blind) folded before Flop
Seat 4: 7bekon7 (big blind) folded on the Flop
Seat 5: oneduo collected ($4.66)
Seat 6: BronzéDuPoker folded before Flop (didn't bet)



PokerStars Hand #254312886795:  Hold'em No Limit ($0.50/$1.00 USD) - 2025/01/11 14:05:48 WET [2025/01/11 9:05:48 ET]
Table 'Libussa III' 6-max Seat #3 is the button
Seat 1: Pippa83 ($100 in chips) 
Seat 2: Pon4uk.ua ($169.57 in chips) 
Seat 3: Sadyhov V.V. ($102.40 in chips) 
Seat 4: 7bekon7 ($100 in chips) 
Seat 5: oneduo ($205.28 in chips) 
Seat 6: BronzéDuPoker ($49.13 in chips) 
7bekon7: posts small blind $0.50
oneduo: posts big blind $1
*** HOLE CARDS ***
BronzéDuPoker: raises $2 to $3
Pippa83: folds 
Pon4uk.ua: folds 
Sadyhov V.V.: folds 
7bekon7: folds 
oneduo: folds 
Uncalled bet ($2) returned to BronzéDuPoker
BronzéDuPoker collected $2.50 from pot
*** SUMMARY ***
Total pot $2.50 | Rake $0 
Seat 1: Pippa83 folded before Flop (didn't bet)
Seat 2: Pon4uk.ua folded before Flop (didn't bet)
Seat 3: Sadyhov V.V. (button) folded before Flop (didn't bet)
Seat 4: 7bekon7 (small blind) folded before Flop
Seat 5: oneduo (big blind) folded before Flop
Seat 6: BronzéDuPoker collected ($2.50)



PokerStars Hand #254312889762:  Hold'em No Limit ($0.50/$1.00 USD) - 2025/01/11 14:06:02 WET [2025/01/11 9:06:02 ET]
Table 'Libussa III' 6-max Seat #4 is the button
Seat 1: Pippa83 ($100 in chips) 
Seat 2: Pon4uk.ua ($169.57 in chips) 
Seat 3: Sadyhov V.V. ($102.40 in chips) 
Seat 4: 7bekon7 ($100 in chips) 
Seat 5: oneduo ($204.28 in chips) 
Seat 6: BronzéDuPoker ($50.63 in chips) 
oneduo: posts small blind $0.50
BronzéDuPoker: posts big blind $1
*** HOLE CARDS ***
Pippa83: folds 
Pon4uk.ua: folds 
Sadyhov V.V.: raises $1.50 to $2.50
7bekon7: folds 
oneduo: folds 
BronzéDuPoker: folds 
Uncalled bet ($1.50) returned to Sadyhov V.V.
Sadyhov V.V. collected $2.50 from pot
Sadyhov V.V.: doesn't show hand 
*** SUMMARY ***
Total pot $2.50 | Rake $0 
Seat 1: Pippa83 folded before Flop (didn't bet)
Seat 2: Pon4uk.ua folded before Flop (didn't bet)
Seat 3: Sadyhov V.V. collected ($2.50)
Seat 4: 7bekon7 (button) folded before Flop (didn't bet)
Seat 5: oneduo (small blind) folded before Flop
Seat 6: BronzéDuPoker (big blind) folded before Flop



PokerStars Hand #254312897043:  Hold'em No Limit ($0.50/$1.00 USD) - 2025/01/11 14:06:38 WET [2025/01/11 9:06:38 ET]
Table 'Libussa III' 6-max Seat #5 is the button
Seat 1: Pippa83 ($100 in chips) 
Seat 2: Pon4uk.ua ($169.57 in chips) 
Seat 3: Sadyhov V.V. ($103.90 in chips) 
Seat 4: 7bekon7 ($100 in chips) 
Seat 5: oneduo ($203.78 in chips) 
Seat 6: BronzéDuPoker ($49.63 in chips) 
BronzéDuPoker: posts small blind $0.50
Pippa83: posts big blind $1
*** HOLE CARDS ***
Pon4uk.ua: raises $1 to $2
Sadyhov V.V.: folds 
7bekon7: folds 
oneduo: calls $2
BronzéDuPoker: folds 
Pippa83: calls $1
*** FLOP *** [6c 6h 8h]
Pippa83: checks 
Pon4uk.ua: checks 
oneduo: bets $1.85
Pippa83: folds 
Pon4uk.ua: calls $1.85
*** TURN *** [6c 6h 8h] [Kh]
Pon4uk.ua: checks 
oneduo: checks 
*** RIVER *** [6c 6h 8h Kh] [Tc]
Pon4uk.ua: bets $4.85
oneduo: raises $13.15 to $18
Pon4uk.ua: raises $147.72 to $165.72 and is all-in
oneduo: calls $147.72
*** SHOW DOWN ***
Pon4uk.ua: shows [6s 6d] (four of a kind, Sixes)
oneduo: shows [8d 8s] (a full house, Eights full of Sixes)
Pon4uk.ua collected $339.14 from pot
*** SUMMARY ***
Total pot $341.64 | Rake $2.50 
Board [6c 6h 8h Kh Tc]
Seat 1: Pippa83 (big blind) folded on the Flop
Seat 2: Pon4uk.ua showed [6s 6d] and won ($339.14) with four of a kind, Sixes
Seat 3: Sadyhov V.V. folded before Flop (didn't bet)
Seat 4: 7bekon7 folded before Flop (didn't bet)
Seat 5: oneduo (button) showed [8d 8s] and lost with a full house, Eights full of Sixes
Seat 6: BronzéDuPoker (small blind) folded before Flop



PokerStars Hand #254312921585:  Hold'em No Limit ($0.50/$1.00 USD) - 2025/01/11 14:08:38 WET [2025/01/11 9:08:38 ET]
Table 'Libussa III' 6-max Seat #6 is the button
Seat 1: Pippa83 ($100 in chips) 
Seat 2: Pon4uk.ua ($339.14 in chips) 
Seat 3: Sadyhov V.V. ($103.90 in chips) 
Seat 4: 7bekon7 ($100 in chips) 
Seat 5: oneduo ($100 in chips) 
Seat 6: BronzéDuPoker ($49.13 in chips) 
Pippa83: posts small blind $0.50
Pon4uk.ua: posts big blind $1
*** HOLE CARDS ***
Sadyhov V.V.: folds 
7bekon7: raises $1.25 to $2.25
oneduo: folds 
BronzéDuPoker: raises $4.25 to $6.50
Pippa83: folds 
Pon4uk.ua: folds 
7bekon7: calls $4.25
*** FLOP *** [Kh 4s Qs]
7bekon7: checks 
BronzéDuPoker: bets $6
7bekon7: calls $6
*** TURN *** [Kh 4s Qs] [4h]
7bekon7: checks 
BronzéDuPoker: bets $17.59
7bekon7: folds 
Uncalled bet ($17.59) returned to BronzéDuPoker
BronzéDuPoker collected $24.85 from pot
*** SUMMARY ***
Total pot $26.50 | Rake $1.65 
Board [Kh 4s Qs 4h]
Seat 1: Pippa83 (small blind) folded before Flop
Seat 2: Pon4uk.ua (big blind) folded before Flop
Seat 3: Sadyhov V.V. folded before Flop (didn't bet)
Seat 4: 7bekon7 folded on the Turn
Seat 5: oneduo folded before Flop (didn't bet)
Seat 6: BronzéDuPoker (button) collected ($24.85)



PokerStars Hand #254312935481:  Hold'em No Limit ($0.50/$1.00 USD) - 2025/01/11 14:09:46 WET [2025/01/11 9:09:46 ET]
Table 'Libussa III' 6-max Seat #1 is the button
Seat 1: Pippa83 ($100 in chips) 
Seat 2: Pon4uk.ua ($338.14 in chips) 
Seat 3: Sadyhov V.V. ($103.90 in chips) 
Seat 4: 7bekon7 ($100 in chips) 
Seat 5: oneduo ($100 in chips) 
Seat 6: BronzéDuPoker ($61.48 in chips) 
Pon4uk.ua: posts small blind $0.50
Sadyhov V.V.: posts big blind $1
*** HOLE CARDS ***
7bekon7: folds 
oneduo: folds 
BronzéDuPoker: raises $2 to $3
Pippa83: folds 
Pon4uk.ua: folds 
Sadyhov V.V.: calls $2
*** FLOP *** [4d Jh 6c]
Sadyhov V.V.: checks 
BronzéDuPoker: bets $3
Sadyhov V.V.: raises $6.70 to $9.70
BronzéDuPoker: folds 
Uncalled bet ($6.70) returned to Sadyhov V.V.
Sadyhov V.V. collected $11.88 from pot
Sadyhov V.V.: doesn't show hand 
*** SUMMARY ***
Total pot $12.50 | Rake $0.62 
Board [4d Jh 6c]
Seat 1: Pippa83 (button) folded before Flop (didn't bet)
Seat 2: Pon4uk.ua (small blind) folded before Flop
Seat 3: Sadyhov V.V. (big blind) collected ($11.88)
Seat 4: 7bekon7 folded before Flop (didn't bet)
Seat 5: oneduo folded before Flop (didn't bet)
Seat 6: BronzéDuPoker folded on the Flop



PokerStars Hand #254312951821:  Hold'em No Limit ($0.50/$1.00 USD) - 2025/01/11 14:11:07 WET [2025/01/11 9:11:07 ET]
Table 'Libussa III' 6-max Seat #2 is the button
Seat 1: Pippa83 ($100 in chips) 
Seat 2: Pon4uk.ua ($337.64 in chips) 
Seat 3: Sadyhov V.V. ($109.78 in chips) 
Seat 4: 7bekon7 ($100 in chips) 
Seat 5: oneduo ($100 in chips) 
Seat 6: BronzéDuPoker ($55.48 in chips) 
Sadyhov V.V.: posts small blind $0.50
7bekon7: posts big blind $1
*** HOLE CARDS ***
oneduo: folds 
BronzéDuPoker: folds 
Pippa83: folds 
Pon4uk.ua: raises $1.50 to $2.50
Sadyhov V.V.: folds 
7bekon7: calls $1.50
*** FLOP *** [8h Js 2d]
7bekon7: checks 
Pon4uk.ua: bets $1.72
7bekon7: folds 
Uncalled bet ($1.72) returned to Pon4uk.ua
Pon4uk.ua collected $5.22 from pot
Pon4uk.ua: doesn't show hand 
*** SUMMARY ***
Total pot $5.50 | Rake $0.28 
Board [8h Js 2d]
Seat 1: Pippa83 folded before Flop (didn't bet)
Seat 2: Pon4uk.ua (button) collected ($5.22)
Seat 3: Sadyhov V.V. (small blind) folded before Flop
Seat 4: 7bekon7 (big blind) folded on the Flop
Seat 5: oneduo folded before Flop (didn't bet)
Seat 6: BronzéDuPoker folded before Flop (didn't bet)



PokerStars Hand #254312960529:  Hold'em No Limit ($0.50/$1.00 USD) - 2025/01/11 14:11:51 WET [2025/01/11 9:11:51 ET]
Table 'Libussa III' 6-max Seat #3 is the button
Seat 1: Pippa83 ($100 in chips) 
Seat 2: Pon4uk.ua ($340.36 in chips) 
Seat 3: Sadyhov V.V. ($109.28 in chips) 
Seat 4: 7bekon7 ($100 in chips) 
Seat 5: oneduo ($100 in chips) 
Seat 6: BronzéDuPoker ($55.48 in chips) 
7bekon7: posts small blind $0.50
oneduo: posts big blind $1
*** HOLE CARDS ***
BronzéDuPoker: folds 
Pippa83: raises $1.20 to $2.20
Pon4uk.ua: folds 
Sadyhov V.V.: folds 
7bekon7: calls $1.70
oneduo: folds 
*** FLOP *** [Jd Qs Ac]
7bekon7: checks 
Pippa83: bets $1
7bekon7: calls $1
*** TURN *** [Jd Qs Ac] [7s]
7bekon7: checks 
Pippa83: checks 
*** RIVER *** [Jd Qs Ac 7s] [Qd]
7bekon7: checks 
Pippa83: checks 
*** SHOW DOWN ***
7bekon7: shows [6s 6d] (two pair, Queens and Sixes)
Pippa83: shows [Ah 5h] (two pair, Aces and Queens)
Pippa83 collected $7.03 from pot
*** SUMMARY ***
Total pot $7.40 | Rake $0.37 
Board [Jd Qs Ac 7s Qd]
Seat 1: Pippa83 showed [Ah 5h] and won ($7.03) with two pair, Aces and Queens
Seat 2: Pon4uk.ua folded before Flop (didn't bet)
Seat 3: Sadyhov V.V. (button) folded before Flop (didn't bet)
Seat 4: 7bekon7 (small blind) showed [6s 6d] and lost with two pair, Queens and Sixes
Seat 5: oneduo (big blind) folded before Flop
Seat 6: BronzéDuPoker folded before Flop (didn't bet)



PokerStars Hand #254312970777:  Hold'em No Limit ($0.50/$1.00 USD) - 2025/01/11 14:12:42 WET [2025/01/11 9:12:42 ET]
Table 'Libussa III' 6-max Seat #4 is the button
Seat 1: Pippa83 ($103.83 in chips) 
Seat 2: Pon4uk.ua ($340.36 in chips) 
Seat 3: Sadyhov V.V. ($109.28 in chips) 
Seat 4: 7bekon7 ($100 in chips) 
Seat 5: oneduo ($100 in chips) 
Seat 6: BronzéDuPoker ($55.48 in chips) 
oneduo: posts small blind $0.50
BronzéDuPoker: posts big blind $1
*** HOLE CARDS ***
Pippa83: folds 
Pon4uk.ua: folds 
Sadyhov V.V.: raises $1.50 to $2.50
7bekon7: raises $6.50 to $9
oneduo: folds 
BronzéDuPoker: raises $9.50 to $18.50
Sadyhov V.V.: folds 
7bekon7: raises $40 to $58.50
BronzéDuPoker: calls $36.98 and is all-in
Uncalled bet ($3.02) returned to 7bekon7
BronzéDuPoker has timed out
*** FLOP *** [4d 8h 8d]
*** TURN *** [4d 8h 8d] [5c]
*** RIVER *** [4d 8h 8d 5c] [6c]
*** SHOW DOWN ***
BronzéDuPoker: shows [As Ad] (two pair, Aces and Eights)
7bekon7: shows [Kh Ah] (a pair of Eights)
BronzéDuPoker collected $110.84 from pot
*** SUMMARY ***
Total pot $113.96 | Rake $3.12 
Board [4d 8h 8d 5c 6c]
Seat 1: Pippa83 folded before Flop (didn't bet)
Seat 2: Pon4uk.ua folded before Flop (didn't bet)
Seat 3: Sadyhov V.V. folded before Flop
Seat 4: 7bekon7 (button) showed [Kh Ah] and lost with a pair of Eights
Seat 5: oneduo (small blind) folded before Flop
Seat 6: BronzéDuPoker (big blind) showed [As Ad] and won ($110.84) with two pair, Aces and Eights



PokerStars Hand #254313010903:  Hold'em No Limit ($0.50/$1.00 USD) - 2025/01/11 14:15:59 WET [2025/01/11 9:15:59 ET]
Table 'Libussa III' 6-max Seat #3 is the button
Seat 1: Pippa83 ($130.33 in chips) 
Seat 2: Pon4uk.ua ($312.86 in chips) 
Seat 3: Sadyhov V.V. ($105.28 in chips) 
Seat 4: 7bekon7 ($100 in chips) 
Seat 5: oneduo ($100 in chips) 
Seat 6: BronzéDuPoker ($111.84 in chips) 
7bekon7: posts small blind $0.50
oneduo: posts big blind $1
*** HOLE CARDS ***
BronzéDuPoker: folds 
Pippa83: folds 
Pon4uk.ua: folds 
Sadyhov V.V.: raises $1.50 to $2.50
7bekon7: folds 
oneduo: calls $1.50
*** FLOP *** [Qc 2s Qh]
oneduo: checks 
Sadyhov V.V.: bets $1.15
oneduo: calls $1.15
*** TURN *** [Qc 2s Qh] [7s]
oneduo: checks 
Sadyhov V.V.: bets $4.08
oneduo: raises $12.14 to $16.22
Sadyhov V.V.: folds 
Uncalled bet ($12.14) returned to oneduo
oneduo collected $15.16 from pot
oneduo: doesn't show hand 
*** SUMMARY ***
Total pot $15.96 | Rake $0.80 
Board [Qc 2s Qh 7s]
Seat 1: Pippa83 folded before Flop (didn't bet)
Seat 2: Pon4uk.ua folded before Flop (didn't bet)
Seat 3: Sadyhov V.V. (button) folded on the Turn
Seat 4: 7bekon7 (small blind) folded before Flop
Seat 5: oneduo (big blind) collected ($15.16)
Seat 6: BronzéDuPoker folded before Flop (didn't bet)



PokerStars Hand #254313027031:  Hold'em No Limit ($0.50/$1.00 USD) - 2025/01/11 14:17:17 WET [2025/01/11 9:17:17 ET]
Table 'Libussa III' 6-max Seat #4 is the button
Seat 6: BronzéDuPoker ($111.84 in chips) is sitting out
Seat 1: Pippa83 ($130.33 in chips) 
Seat 2: Pon4uk.ua ($312.86 in chips) 
Seat 3: Sadyhov V.V. ($100 in chips) 
Seat 4: 7bekon7 ($100 in chips) 
Seat 5: oneduo ($107.43 in chips) 
oneduo: posts small blind $0.50
BronzéDuPoker: is sitting out 
Pippa83: posts big blind $1
*** HOLE CARDS ***
Pon4uk.ua: folds 
Sadyhov V.V.: raises $1.50 to $2.50
7bekon7: folds 
oneduo: folds 
Pippa83: folds 
Uncalled bet ($1.50) returned to Sadyhov V.V.
Sadyhov V.V. collected $2.50 from pot
Sadyhov V.V.: doesn't show hand 
*** SUMMARY ***
Total pot $2.50 | Rake $0 
Seat 6: BronzéDuPoker
Seat 1: Pippa83 (big blind) folded before Flop
Seat 2: Pon4uk.ua folded before Flop (didn't bet)
Seat 3: Sadyhov V.V. collected ($2.50)
Seat 4: 7bekon7 (button) folded before Flop (didn't bet)
Seat 5: oneduo (small blind) folded before Flop



PokerStars Hand #254313030985:  Hold'em No Limit ($0.50/$1.00 USD) - 2025/01/11 14:17:36 WET [2025/01/11 9:17:36 ET]
Table 'Libussa III' 6-max Seat #5 is the button
Seat 6: BronzéDuPoker ($111.84 in chips) is sitting out
Seat 1: Pippa83 ($129.33 in chips) 
Seat 2: Pon4uk.ua ($312.86 in chips) 
Seat 3: Sadyhov V.V. ($101.50 in chips) 
Seat 4: 7bekon7 ($100 in chips) 
Seat 5: oneduo ($106.93 in chips) 
Pippa83: posts small blind $0.50
Pon4uk.ua: posts big blind $1
*** HOLE CARDS ***
Sadyhov V.V.: folds 
BronzéDuPoker leaves the table
7bekon7: raises $1.25 to $2.25
oneduo: folds 
Pippa83: folds 
Pon4uk.ua: folds 
Uncalled bet ($1.25) returned to 7bekon7
Pon4uk.ua leaves the table
7bekon7 collected $2.50 from pot
7bekon7: doesn't show hand 
*** SUMMARY ***
Total pot $2.50 | Rake $0 
Seat 6: BronzéDuPoker
Seat 1: Pippa83 (small blind) folded before Flop
Seat 2: Pon4uk.ua (big blind) folded before Flop
Seat 3: Sadyhov V.V. folded before Flop (didn't bet)
Seat 4: 7bekon7 collected ($2.50)
Seat 5: oneduo (button) folded before Flop (didn't bet)



PokerStars Hand #254313038340:  Hold'em No Limit ($0.50/$1.00 USD) - 2025/01/11 14:18:12 WET [2025/01/11 9:18:12 ET]
Table 'Libussa III' 6-max Seat #1 is the button
Seat 1: Pippa83 ($128.83 in chips) 
Seat 3: Sadyhov V.V. ($101.50 in chips) 
Seat 4: 7bekon7 ($101.50 in chips) 
Seat 5: oneduo ($106.93 in chips) 
Sadyhov V.V.: posts small blind $0.50
7bekon7: posts big blind $1
*** HOLE CARDS ***
oneduo: folds 
Pippa83: folds 
Sadyhov V.V.: folds 
Uncalled bet ($0.50) returned to 7bekon7
7bekon7 collected $1 from pot
7bekon7: doesn't show hand 
*** SUMMARY ***
Total pot $1 | Rake $0 
Seat 1: Pippa83 (button) folded before Flop (didn't bet)
Seat 3: Sadyhov V.V. (small blind) folded before Flop
Seat 4: 7bekon7 (big blind) collected ($1)
Seat 5: oneduo folded before Flop (didn't bet)



