PokerStars Hand #254313845030:  Hold'em No Limit ($0.50/$1.00 USD) - 2025/01/11 15:19:55 WET [2025/01/11 10:19:55 ET]
Table 'Leocadia III' 6-max Seat #2 is the button
Seat 1: Snicklefritz303 ($0 in chips) is sitting out
Seat 2: v.sting ($101 in chips) 
Seat 3: An1an1 ($122.10 in chips) 
Seat 4: CichiChanMarian ($100 in chips) 
Seat 5: Rysiff ($100 in chips) 
An1an1: posts small blind $0.50
CichiChanMarian: posts big blind $1
*** HOLE CARDS ***
Rysiff: folds 
v.sting: folds 
An1an1: raises $1.50 to $2.50
CichiChanMarian: calls $1.50
*** FLOP *** [5s 3h 3d]
gig.gyty joins the table at seat #6 
An1an1: checks 
CichiChanMarian: checks 
*** TURN *** [5s 3h 3d] [Ah]
An1an1: checks 
CichiChanMarian: bets $3.14
An1an1: raises $11.03 to $14.17
CichiChanMarian: folds 
Uncalled bet ($11.03) returned to An1an1
An1an1 collected $10.72 from pot
An1an1: doesn't show hand 
*** SUMMARY ***
Total pot $11.28 | Rake $0.56 
Board [5s 3h 3d Ah]
Seat 1: Snicklefritz303
Seat 2: v.sting (button) folded before Flop (didn't bet)
Seat 3: An1an1 (small blind) collected ($10.72)
Seat 4: CichiChanMarian (big blind) folded on the Turn
Seat 5: Rysiff folded before Flop (didn't bet)



PokerStars Hand #254313862411:  Hold'em No Limit ($0.50/$1.00 USD) - 2025/01/11 15:21:06 WET [2025/01/11 10:21:06 ET]
Table 'Leocadia III' 6-max Seat #3 is the button
Seat 6: gig.gyty ($100 in chips) is sitting out
Seat 1: Snicklefritz303 ($97 in chips) 
Seat 2: v.sting ($101 in chips) 
Seat 3: An1an1 ($127.18 in chips) 
Seat 4: CichiChanMarian ($100 in chips) 
Seat 5: Rysiff ($100 in chips) 
CichiChanMarian: posts small blind $0.50
Rysiff: posts big blind $1
gig.gyty: sits out 
*** HOLE CARDS ***
Snicklefritz303: calls $1
v.sting: folds 
An1an1: folds 
CichiChanMarian: folds 
Rysiff: checks 
*** FLOP *** [Ac Ts Jh]
Rysiff: checks 
Snicklefritz303: bets $3
Rysiff: folds 
Uncalled bet ($3) returned to Snicklefritz303
Snicklefritz303 collected $2.38 from pot
Snicklefritz303: doesn't show hand 
*** SUMMARY ***
Total pot $2.50 | Rake $0.12 
Board [Ac Ts Jh]
Seat 6: gig.gyty
Seat 1: Snicklefritz303 collected ($2.38)
Seat 2: v.sting folded before Flop (didn't bet)
Seat 3: An1an1 (button) folded before Flop (didn't bet)
Seat 4: CichiChanMarian (small blind) folded before Flop
Seat 5: Rysiff (big blind) folded on the Flop



PokerStars Hand #254313869911:  Hold'em No Limit ($0.50/$1.00 USD) - 2025/01/11 15:21:37 WET [2025/01/11 10:21:37 ET]
Table 'Leocadia III' 6-max Seat #4 is the button
Seat 1: Snicklefritz303 ($98.38 in chips) 
Seat 2: v.sting ($101 in chips) 
Seat 3: An1an1 ($127.18 in chips) 
Seat 4: CichiChanMarian ($100 in chips) 
Seat 5: Rysiff ($100 in chips) 
Seat 6: gig.gyty ($100 in chips) 
Rysiff: posts small blind $0.50
gig.gyty: posts big blind $1
*** HOLE CARDS ***
Snicklefritz303: calls $1
v.sting: folds 
An1an1: folds 
CichiChanMarian: folds 
Rysiff: folds 
gig.gyty: checks 
*** FLOP *** [As Ks Qs]
gig.gyty: bets $1.19
Snicklefritz303: calls $1.19
*** TURN *** [As Ks Qs] [Jc]
gig.gyty: bets $4.64
Snicklefritz303: calls $4.64
*** RIVER *** [As Ks Qs Jc] [8h]
gig.gyty: bets $11
Snicklefritz303: calls $11
*** SHOW DOWN ***
gig.gyty: shows [Td 3d] (a straight, Ten to Ace)
Snicklefritz303: mucks hand 
gig.gyty collected $34.35 from pot
*** SUMMARY ***
Total pot $36.16 | Rake $1.81 
Board [As Ks Qs Jc 8h]
Seat 1: Snicklefritz303 mucked
Seat 2: v.sting folded before Flop (didn't bet)
Seat 3: An1an1 folded before Flop (didn't bet)
Seat 4: CichiChanMarian (button) folded before Flop (didn't bet)
Seat 5: Rysiff (small blind) folded before Flop
Seat 6: gig.gyty (big blind) showed [Td 3d] and won ($34.35) with a straight, Ten to Ace



PokerStars Hand #254313884806:  Hold'em No Limit ($0.50/$1.00 USD) - 2025/01/11 15:22:39 WET [2025/01/11 10:22:39 ET]
Table 'Leocadia III' 6-max Seat #5 is the button
Seat 1: Snicklefritz303 ($80.55 in chips) 
Seat 2: v.sting ($101 in chips) 
Seat 3: An1an1 ($127.18 in chips) 
Seat 4: CichiChanMarian ($100 in chips) 
Seat 5: Rysiff ($100 in chips) 
Seat 6: gig.gyty ($116.52 in chips) 
gig.gyty: posts small blind $0.50
Snicklefritz303: posts big blind $1
*** HOLE CARDS ***
v.sting: folds 
An1an1: folds 
CichiChanMarian: folds 
Rysiff: raises $1.50 to $2.50
gig.gyty: folds 
Snicklefritz303: calls $1.50
*** FLOP *** [4d 3d Js]
Snicklefritz303: checks 
Rysiff: checks 
*** TURN *** [4d 3d Js] [Qh]
Snicklefritz303: checks 
Rysiff: bets $4.18
Snicklefritz303: calls $4.18
*** RIVER *** [4d 3d Js Qh] [6d]
Snicklefritz303: checks 
Rysiff: bets $10.54
Snicklefritz303: folds 
Uncalled bet ($10.54) returned to Rysiff
Rysiff collected $13.17 from pot
Rysiff: doesn't show hand 
*** SUMMARY ***
Total pot $13.86 | Rake $0.69 
Board [4d 3d Js Qh 6d]
Seat 1: Snicklefritz303 (big blind) folded on the River
Seat 2: v.sting folded before Flop (didn't bet)
Seat 3: An1an1 folded before Flop (didn't bet)
Seat 4: CichiChanMarian folded before Flop (didn't bet)
Seat 5: Rysiff (button) collected ($13.17)
Seat 6: gig.gyty (small blind) folded before Flop



PokerStars Hand #254313898791:  Hold'em No Limit ($0.50/$1.00 USD) - 2025/01/11 15:23:37 WET [2025/01/11 10:23:37 ET]
Table 'Leocadia III' 6-max Seat #6 is the button
Seat 1: Snicklefritz303 ($73.87 in chips) 
Seat 2: v.sting ($101 in chips) 
Seat 3: An1an1 ($127.18 in chips) 
Seat 4: CichiChanMarian ($100 in chips) 
Seat 5: Rysiff ($106.49 in chips) 
Seat 6: gig.gyty ($116.02 in chips) 
Snicklefritz303: posts small blind $0.50
v.sting: posts big blind $1
*** HOLE CARDS ***
An1an1: raises $1 to $2
CichiChanMarian: folds 
Rysiff: folds 
gig.gyty: folds 
Snicklefritz303: calls $1.50
v.sting: folds 
*** FLOP *** [8s 2s 7c]
Snicklefritz303: checks 
An1an1: bets $4.75
Snicklefritz303: folds 
Uncalled bet ($4.75) returned to An1an1
An1an1 collected $4.75 from pot
An1an1: doesn't show hand 
*** SUMMARY ***
Total pot $5 | Rake $0.25 
Board [8s 2s 7c]
Seat 1: Snicklefritz303 (small blind) folded on the Flop
Seat 2: v.sting (big blind) folded before Flop
Seat 3: An1an1 collected ($4.75)
Seat 4: CichiChanMarian folded before Flop (didn't bet)
Seat 5: Rysiff folded before Flop (didn't bet)
Seat 6: gig.gyty (button) folded before Flop (didn't bet)



PokerStars Hand #254313914009:  Hold'em No Limit ($0.50/$1.00 USD) - 2025/01/11 15:24:39 WET [2025/01/11 10:24:39 ET]
Table 'Leocadia III' 6-max Seat #1 is the button
Seat 1: Snicklefritz303 ($71.87 in chips) 
Seat 2: v.sting ($100 in chips) 
Seat 3: An1an1 ($129.93 in chips) 
Seat 4: CichiChanMarian ($100 in chips) 
Seat 5: Rysiff ($106.49 in chips) 
Seat 6: gig.gyty ($116.02 in chips) 
v.sting: posts small blind $0.50
An1an1: posts big blind $1
*** HOLE CARDS ***
CichiChanMarian: folds 
Rysiff: folds 
gig.gyty: folds 
Snicklefritz303: calls $1
v.sting: folds 
An1an1: checks 
*** FLOP *** [2s 9s Kc]
An1an1: checks 
Snicklefritz303: bets $1
An1an1: calls $1
*** TURN *** [2s 9s Kc] [3d]
An1an1: checks 
Snicklefritz303: bets $1
An1an1: raises $12.56 to $13.56
Snicklefritz303: folds 
Uncalled bet ($12.56) returned to An1an1
An1an1 collected $6.18 from pot
An1an1: doesn't show hand 
*** SUMMARY ***
Total pot $6.50 | Rake $0.32 
Board [2s 9s Kc 3d]
Seat 1: Snicklefritz303 (button) folded on the Turn
Seat 2: v.sting (small blind) folded before Flop
Seat 3: An1an1 (big blind) collected ($6.18)
Seat 4: CichiChanMarian folded before Flop (didn't bet)
Seat 5: Rysiff folded before Flop (didn't bet)
Seat 6: gig.gyty folded before Flop (didn't bet)



PokerStars Hand #254313927686:  Hold'em No Limit ($0.50/$1.00 USD) - 2025/01/11 15:25:35 WET [2025/01/11 10:25:35 ET]
Table 'Leocadia III' 6-max Seat #2 is the button
Seat 1: Snicklefritz303 ($68.87 in chips) 
Seat 2: v.sting ($100 in chips) 
Seat 3: An1an1 ($133.11 in chips) 
Seat 4: CichiChanMarian ($100 in chips) 
Seat 5: Rysiff ($106.49 in chips) 
Seat 6: gig.gyty ($116.02 in chips) 
An1an1: posts small blind $0.50
CichiChanMarian: posts big blind $1
*** HOLE CARDS ***
Rysiff: folds 
gig.gyty: folds 
Snicklefritz303: calls $1
v.sting: folds 
An1an1: folds 
CichiChanMarian: checks 
*** FLOP *** [2c 7s 5d]
CichiChanMarian: checks 
Snicklefritz303: bets $3
CichiChanMarian: folds 
Uncalled bet ($3) returned to Snicklefritz303
Snicklefritz303 collected $2.38 from pot
Snicklefritz303: doesn't show hand 
*** SUMMARY ***
Total pot $2.50 | Rake $0.12 
Board [2c 7s 5d]
Seat 1: Snicklefritz303 collected ($2.38)
Seat 2: v.sting (button) folded before Flop (didn't bet)
Seat 3: An1an1 (small blind) folded before Flop
Seat 4: CichiChanMarian (big blind) folded on the Flop
Seat 5: Rysiff folded before Flop (didn't bet)
Seat 6: gig.gyty folded before Flop (didn't bet)



PokerStars Hand #254313934644:  Hold'em No Limit ($0.50/$1.00 USD) - 2025/01/11 15:26:04 WET [2025/01/11 10:26:04 ET]
Table 'Leocadia III' 6-max Seat #3 is the button
Seat 1: Snicklefritz303 ($70.25 in chips) 
Seat 2: v.sting ($100 in chips) 
Seat 3: An1an1 ($132.61 in chips) 
Seat 4: CichiChanMarian ($100 in chips) 
Seat 5: Rysiff ($106.49 in chips) 
Seat 6: gig.gyty ($116.02 in chips) 
CichiChanMarian: posts small blind $0.50
Rysiff: posts big blind $1
*** HOLE CARDS ***
gig.gyty: folds 
Snicklefritz303: raises $1 to $2
v.sting: folds 
An1an1: raises $5 to $7
CichiChanMarian: folds 
Rysiff: folds 
Snicklefritz303: raises $63.25 to $70.25 and is all-in
An1an1: folds 
Uncalled bet ($63.25) returned to Snicklefritz303
Snicklefritz303 collected $15.50 from pot
Snicklefritz303: doesn't show hand 
*** SUMMARY ***
Total pot $15.50 | Rake $0 
Seat 1: Snicklefritz303 collected ($15.50)
Seat 2: v.sting folded before Flop (didn't bet)
Seat 3: An1an1 (button) folded before Flop
Seat 4: CichiChanMarian (small blind) folded before Flop
Seat 5: Rysiff (big blind) folded before Flop
Seat 6: gig.gyty folded before Flop (didn't bet)



PokerStars Hand #254313947221:  Hold'em No Limit ($0.50/$1.00 USD) - 2025/01/11 15:26:55 WET [2025/01/11 10:26:55 ET]
Table 'Leocadia III' 6-max Seat #4 is the button
Seat 1: Snicklefritz303 ($78.75 in chips) 
Seat 2: v.sting ($100 in chips) 
Seat 3: An1an1 ($125.61 in chips) 
Seat 4: CichiChanMarian ($100 in chips) 
Seat 5: Rysiff ($105.49 in chips) 
Seat 6: gig.gyty ($116.02 in chips) 
Rysiff: posts small blind $0.50
gig.gyty: posts big blind $1
*** HOLE CARDS ***
Snicklefritz303: calls $1
v.sting: folds 
An1an1: raises $3 to $4
CichiChanMarian: folds 
Rysiff: raises $10 to $14
gig.gyty: folds 
Snicklefritz303: folds 
An1an1: folds 
Uncalled bet ($10) returned to Rysiff
Rysiff collected $10 from pot
Rysiff: doesn't show hand 
*** SUMMARY ***
Total pot $10 | Rake $0 
Seat 1: Snicklefritz303 folded before Flop
Seat 2: v.sting folded before Flop (didn't bet)
Seat 3: An1an1 folded before Flop
Seat 4: CichiChanMarian (button) folded before Flop (didn't bet)
Seat 5: Rysiff (small blind) collected ($10)
Seat 6: gig.gyty (big blind) folded before Flop



PokerStars Hand #254313952643:  Hold'em No Limit ($0.50/$1.00 USD) - 2025/01/11 15:27:17 WET [2025/01/11 10:27:17 ET]
Table 'Leocadia III' 6-max Seat #5 is the button
Seat 1: Snicklefritz303 ($77.75 in chips) 
Seat 2: v.sting ($100 in chips) 
Seat 3: An1an1 ($121.61 in chips) 
Seat 4: CichiChanMarian ($100 in chips) 
Seat 5: Rysiff ($111.49 in chips) 
Seat 6: gig.gyty ($115.02 in chips) 
gig.gyty: posts small blind $0.50
Snicklefritz303: posts big blind $1
*** HOLE CARDS ***
v.sting: folds 
An1an1: raises $1 to $2
CichiChanMarian: folds 
Rysiff: folds 
gig.gyty: folds 
Snicklefritz303: calls $1
*** FLOP *** [9d 3s 8h]
Snicklefritz303: checks 
An1an1: checks 
*** TURN *** [9d 3s 8h] [Ad]
Snicklefritz303: checks 
An1an1: checks 
*** RIVER *** [9d 3s 8h Ad] [8d]
Snicklefritz303: checks 
An1an1: bets $4.27
Snicklefritz303: folds 
Uncalled bet ($4.27) returned to An1an1
An1an1 collected $4.28 from pot
An1an1: doesn't show hand 
*** SUMMARY ***
Total pot $4.50 | Rake $0.22 
Board [9d 3s 8h Ad 8d]
Seat 1: Snicklefritz303 (big blind) folded on the River
Seat 2: v.sting folded before Flop (didn't bet)
Seat 3: An1an1 collected ($4.28)
Seat 4: CichiChanMarian folded before Flop (didn't bet)
Seat 5: Rysiff (button) folded before Flop (didn't bet)
Seat 6: gig.gyty (small blind) folded before Flop



PokerStars Hand #254313967384:  Hold'em No Limit ($0.50/$1.00 USD) - 2025/01/11 15:28:19 WET [2025/01/11 10:28:19 ET]
Table 'Leocadia III' 6-max Seat #6 is the button
Seat 1: Snicklefritz303 ($75.75 in chips) 
Seat 2: v.sting ($100 in chips) 
Seat 3: An1an1 ($123.89 in chips) 
Seat 4: CichiChanMarian ($100 in chips) 
Seat 5: Rysiff ($111.49 in chips) 
Seat 6: gig.gyty ($114.52 in chips) 
Snicklefritz303: posts small blind $0.50
v.sting: posts big blind $1
*** HOLE CARDS ***
An1an1: folds 
CichiChanMarian: raises $1.50 to $2.50
Rysiff: folds 
gig.gyty: folds 
Snicklefritz303: calls $2
v.sting: folds 
*** FLOP *** [4d 4c 2s]
Snicklefritz303: checks 
CichiChanMarian: checks 
*** TURN *** [4d 4c 2s] [9h]
Snicklefritz303: bets $3
CichiChanMarian: folds 
Uncalled bet ($3) returned to Snicklefritz303
Snicklefritz303 collected $5.70 from pot
Snicklefritz303: doesn't show hand 
*** SUMMARY ***
Total pot $6 | Rake $0.30 
Board [4d 4c 2s 9h]
Seat 1: Snicklefritz303 (small blind) collected ($5.70)
Seat 2: v.sting (big blind) folded before Flop
Seat 3: An1an1 folded before Flop (didn't bet)
Seat 4: CichiChanMarian folded on the Turn
Seat 5: Rysiff folded before Flop (didn't bet)
Seat 6: gig.gyty (button) folded before Flop (didn't bet)



PokerStars Hand #254313976812:  Hold'em No Limit ($0.50/$1.00 USD) - 2025/01/11 15:28:58 WET [2025/01/11 10:28:58 ET]
Table 'Leocadia III' 6-max Seat #1 is the button
Seat 1: Snicklefritz303 ($78.95 in chips) 
Seat 2: v.sting ($100 in chips) 
Seat 3: An1an1 ($123.89 in chips) 
Seat 4: CichiChanMarian ($100 in chips) 
Seat 5: Rysiff ($111.49 in chips) 
Seat 6: gig.gyty ($114.52 in chips) 
v.sting: posts small blind $0.50
An1an1: posts big blind $1
*** HOLE CARDS ***
CichiChanMarian: raises $1.50 to $2.50
Rysiff: folds 
gig.gyty: folds 
Snicklefritz303: calls $2.50
v.sting: raises $11.50 to $14
An1an1: folds 
CichiChanMarian: folds 
Snicklefritz303: folds 
Uncalled bet ($11.50) returned to v.sting
v.sting collected $8.50 from pot
v.sting: doesn't show hand 
*** SUMMARY ***
Total pot $8.50 | Rake $0 
Seat 1: Snicklefritz303 (button) folded before Flop
Seat 2: v.sting (small blind) collected ($8.50)
Seat 3: An1an1 (big blind) folded before Flop
Seat 4: CichiChanMarian folded before Flop
Seat 5: Rysiff folded before Flop (didn't bet)
Seat 6: gig.gyty folded before Flop (didn't bet)



PokerStars Hand #254313986794:  Hold'em No Limit ($0.50/$1.00 USD) - 2025/01/11 15:29:39 WET [2025/01/11 10:29:39 ET]
Table 'Leocadia III' 6-max Seat #2 is the button
Seat 1: Snicklefritz303 ($76.45 in chips) 
Seat 2: v.sting ($106 in chips) 
Seat 3: An1an1 ($122.89 in chips) 
Seat 4: CichiChanMarian ($100 in chips) 
Seat 5: Rysiff ($111.49 in chips) 
Seat 6: gig.gyty ($114.52 in chips) 
An1an1: posts small blind $0.50
CichiChanMarian: posts big blind $1
*** HOLE CARDS ***
Rysiff: folds 
gig.gyty: folds 
Snicklefritz303: calls $1
v.sting: raises $3.10 to $4.10
An1an1: folds 
CichiChanMarian: folds 
Snicklefritz303: folds 
Uncalled bet ($3.10) returned to v.sting
v.sting collected $3.50 from pot
v.sting: doesn't show hand 
*** SUMMARY ***
Total pot $3.50 | Rake $0 
Seat 1: Snicklefritz303 folded before Flop
Seat 2: v.sting (button) collected ($3.50)
Seat 3: An1an1 (small blind) folded before Flop
Seat 4: CichiChanMarian (big blind) folded before Flop
Seat 5: Rysiff folded before Flop (didn't bet)
Seat 6: gig.gyty folded before Flop (didn't bet)



PokerStars Hand #254313993482:  Hold'em No Limit ($0.50/$1.00 USD) - 2025/01/11 15:30:05 WET [2025/01/11 10:30:05 ET]
Table 'Leocadia III' 6-max Seat #3 is the button
Seat 1: Snicklefritz303 ($75.45 in chips) 
Seat 2: v.sting ($108.50 in chips) 
Seat 3: An1an1 ($122.39 in chips) 
Seat 4: CichiChanMarian ($100 in chips) 
Seat 5: Rysiff ($111.49 in chips) 
Seat 6: gig.gyty ($114.52 in chips) 
CichiChanMarian: posts small blind $0.50
Rysiff: posts big blind $1
*** HOLE CARDS ***
gig.gyty: folds 
Snicklefritz303: calls $1
v.sting: folds 
An1an1: folds 
CichiChanMarian: raises $4 to $5
Rysiff: folds 
Snicklefritz303: folds 
Uncalled bet ($4) returned to CichiChanMarian
Snicklefritz303 leaves the table
CichiChanMarian collected $3 from pot
CichiChanMarian: doesn't show hand 
*** SUMMARY ***
Total pot $3 | Rake $0 
Seat 1: Snicklefritz303 folded before Flop
Seat 2: v.sting folded before Flop (didn't bet)
Seat 3: An1an1 (button) folded before Flop (didn't bet)
Seat 4: CichiChanMarian (small blind) collected ($3)
Seat 5: Rysiff (big blind) folded before Flop
Seat 6: gig.gyty folded before Flop (didn't bet)



PokerStars Hand #254313998866:  Hold'em No Limit ($0.50/$1.00 USD) - 2025/01/11 15:30:28 WET [2025/01/11 10:30:28 ET]
Table 'Leocadia III' 6-max Seat #4 is the button
Seat 2: v.sting ($108.50 in chips) 
Seat 3: An1an1 ($122.39 in chips) 
Seat 4: CichiChanMarian ($102 in chips) 
Seat 5: Rysiff ($110.49 in chips) 
Seat 6: gig.gyty ($114.52 in chips) 
Rysiff: posts small blind $0.50
gig.gyty: posts big blind $1
*** HOLE CARDS ***
v.sting: folds 
An1an1: folds 
Evelexy1 joins the table at seat #1 
CichiChanMarian: folds 
Rysiff: folds 
Uncalled bet ($0.50) returned to gig.gyty
gig.gyty collected $1 from pot
gig.gyty: doesn't show hand 
*** SUMMARY ***
Total pot $1 | Rake $0 
Seat 2: v.sting folded before Flop (didn't bet)
Seat 3: An1an1 folded before Flop (didn't bet)
Seat 4: CichiChanMarian (button) folded before Flop (didn't bet)
Seat 5: Rysiff (small blind) folded before Flop
Seat 6: gig.gyty (big blind) collected ($1)



PokerStars Hand #254314001395:  Hold'em No Limit ($0.50/$1.00 USD) - 2025/01/11 15:30:38 WET [2025/01/11 10:30:38 ET]
Table 'Leocadia III' 6-max Seat #5 is the button
Seat 1: Evelexy1 ($100 in chips) 
Seat 2: v.sting ($108.50 in chips) 
Seat 3: An1an1 ($122.39 in chips) 
Seat 4: CichiChanMarian ($102 in chips) 
Seat 5: Rysiff ($109.99 in chips) 
Seat 6: gig.gyty ($115.02 in chips) 
gig.gyty: posts small blind $0.50
Evelexy1: posts big blind $1
*** HOLE CARDS ***
v.sting: folds 
An1an1: raises $1 to $2
v.sting leaves the table
CichiChanMarian: folds 
Rysiff: folds 
gig.gyty: raises $8 to $10
Evelexy1: folds 
An1an1: raises $12 to $22
gig.gyty: raises $93.02 to $115.02 and is all-in
An1an1: folds 
Uncalled bet ($93.02) returned to gig.gyty
gig.gyty collected $45 from pot
gig.gyty: doesn't show hand 
*** SUMMARY ***
Total pot $45 | Rake $0 
Seat 1: Evelexy1 (big blind) folded before Flop
Seat 2: v.sting folded before Flop (didn't bet)
Seat 3: An1an1 folded before Flop
Seat 4: CichiChanMarian folded before Flop (didn't bet)
Seat 5: Rysiff (button) folded before Flop (didn't bet)
Seat 6: gig.gyty (small blind) collected ($45)



PokerStars Hand #254314010687:  Hold'em No Limit ($0.50/$1.00 USD) - 2025/01/11 15:31:16 WET [2025/01/11 10:31:16 ET]
Table 'Leocadia III' 6-max Seat #6 is the button
Seat 3: An1an1 ($100.39 in chips) is sitting out
Seat 4: CichiChanMarian ($102 in chips) is sitting out
Seat 1: Evelexy1 ($100 in chips) 
Seat 5: Rysiff ($109.99 in chips) 
Seat 6: gig.gyty ($138.02 in chips) 
Evelexy1: posts small blind $0.50
An1an1: is sitting out 
CichiChanMarian: is sitting out 
Rysiff: posts big blind $1
*** HOLE CARDS ***
An1an1 leaves the table
gig.gyty: raises $1.50 to $2.50
Evelexy1: folds 
Rysiff: folds 
Uncalled bet ($1.50) returned to gig.gyty
CichiChanMarian leaves the table
gig.gyty collected $2.50 from pot
gig.gyty: doesn't show hand 
*** SUMMARY ***
Total pot $2.50 | Rake $0 
Seat 3: An1an1
Seat 4: CichiChanMarian
Seat 1: Evelexy1 (small blind) folded before Flop
Seat 5: Rysiff (big blind) folded before Flop
Seat 6: gig.gyty (button) collected ($2.50)



PokerStars Hand #254314013907:  Hold'em No Limit ($0.50/$1.00 USD) - 2025/01/11 15:31:29 WET [2025/01/11 10:31:29 ET]
Table 'Leocadia III' 6-max Seat #5 is the button
Seat 6: gig.gyty ($139.52 in chips) is sitting out
Seat 1: Evelexy1 ($100 in chips) 
Seat 5: Rysiff ($108.99 in chips) 
Rysiff: posts small blind $0.50
gig.gyty: is sitting out 
Evelexy1: posts big blind $1
*** HOLE CARDS ***
Rysiff: folds 
Uncalled bet ($0.50) returned to Evelexy1
Evelexy1 collected $1 from pot
Evelexy1: doesn't show hand 
gig.gyty leaves the table
*** SUMMARY ***
Total pot $1 | Rake $0 
Seat 6: gig.gyty
Seat 1: Evelexy1 (big blind) collected ($1)
Seat 5: Rysiff (button) (small blind) folded before Flop



