PokerStars Hand #254316520148:  Hold'em No Limit ($0.50/$1.00 USD) - 2025/01/11 18:08:21 WET [2025/01/11 13:08:21 ET]
Table 'Montefiore III' 6-max Seat #4 is the button
Seat 1: vadjkeee ($100 in chips) is sitting out
Seat 4: michasia ($100 in chips) 
Seat 6: EyzRED ($100 in chips) 
michasia: posts small blind $0.50
EyzRED: posts big blind $1
*** HOLE CARDS ***
vadjkeee leaves the table
michasia: raises $1.80 to $2.80
Zvst joins the table at seat #1 
blackclan7 joins the table at seat #2 
worker0k joins the table at seat #3 
Avo75 joins the table at seat #5 
EyzRED: calls $1.80
*** FLOP *** [Ks 3c Ad]
EyzRED: checks 
michasia: bets $7.98
EyzRED: calls $7.98
*** TURN *** [Ks 3c Ad] [8d]
EyzRED: checks 
michasia: checks 
*** RIVER *** [Ks 3c Ad 8d] [Qh]
EyzRED: checks 
michasia: checks 
*** SHOW DOWN ***
EyzRED: shows [Td Qc] (a pair of Queens)
michasia: mucks hand 
EyzRED collected $20.56 from pot
*** SUMMARY ***
Total pot $21.56 | Rake $1 
Board [Ks 3c Ad 8d Qh]
Seat 1: vadjkeee
Seat 4: michasia (button) (small blind) mucked
Seat 6: EyzRED (big blind) showed [Td Qc] and won ($20.56) with a pair of Queens



PokerStars Hand #254316536153:  Hold'em No Limit ($0.50/$1.00 USD) - 2025/01/11 18:09:13 WET [2025/01/11 13:09:13 ET]
Table 'Montefiore III' 6-max Seat #6 is the button
Seat 1: Zvst ($100 in chips) is sitting out
Seat 2: blackclan7 ($100 in chips) is sitting out
Seat 3: worker0k ($100 in chips) is sitting out
Seat 4: michasia ($100 in chips) 
Seat 5: Avo75 ($100 in chips) 
Seat 6: EyzRED ($109.78 in chips) 
michasia: posts small blind $0.50
Avo75: posts big blind $1
*** HOLE CARDS ***
EyzRED: raises $1.50 to $2.50
michasia: folds 
Avo75: folds 
Uncalled bet ($1.50) returned to EyzRED
EyzRED collected $2.50 from pot
EyzRED: doesn't show hand 
*** SUMMARY ***
Total pot $2.50 | Rake $0 
Seat 1: Zvst
Seat 2: blackclan7
Seat 3: worker0k
Seat 4: michasia (small blind) folded before Flop
Seat 5: Avo75 (big blind) folded before Flop
Seat 6: EyzRED (button) collected ($2.50)



PokerStars Hand #254316540345:  Hold'em No Limit ($0.50/$1.00 USD) - 2025/01/11 18:09:27 WET [2025/01/11 13:09:27 ET]
Table 'Montefiore III' 6-max Seat #4 is the button
Seat 1: Zvst ($100 in chips) is sitting out
Seat 2: blackclan7 ($100 in chips) is sitting out
Seat 3: worker0k ($100 in chips) is sitting out
Seat 4: michasia ($100 in chips) 
Seat 5: Avo75 ($99 in chips) 
Seat 6: EyzRED ($111.28 in chips) 
Avo75: posts small blind $0.50
EyzRED: posts big blind $1
Zvst: sits out 
blackclan7: sits out 
worker0k: sits out 
*** HOLE CARDS ***
michasia: folds 
Avo75: raises $1 to $2
EyzRED: calls $1
*** FLOP *** [Kh 5d Td]
Avo75: bets $4
EyzRED: folds 
Uncalled bet ($4) returned to Avo75
Avo75 collected $3.80 from pot
Avo75: doesn't show hand 
*** SUMMARY ***
Total pot $4 | Rake $0.20 
Board [Kh 5d Td]
Seat 1: Zvst
Seat 2: blackclan7
Seat 3: worker0k
Seat 4: michasia (button) folded before Flop (didn't bet)
Seat 5: Avo75 (small blind) collected ($3.80)
Seat 6: EyzRED (big blind) folded on the Flop



PokerStars Hand #254316546325:  Hold'em No Limit ($0.50/$1.00 USD) - 2025/01/11 18:09:46 WET [2025/01/11 13:09:46 ET]
Table 'Montefiore III' 6-max Seat #5 is the button
Seat 2: blackclan7 ($100 in chips) is sitting out
Seat 3: worker0k ($100 in chips) is sitting out
Seat 1: Zvst ($100 in chips) 
Seat 4: michasia ($100 in chips) 
Seat 5: Avo75 ($100.80 in chips) 
Seat 6: EyzRED ($109.28 in chips) 
EyzRED: posts small blind $0.50
Zvst: posts big blind $1
blackclan7: sits out 
worker0k: sits out 
*** HOLE CARDS ***
michasia: folds 
Avo75: calls $1
EyzRED: folds 
Zvst: raises $4 to $5
Avo75: calls $4
*** FLOP *** [4h 3d As]
Zvst: checks 
Avo75: bets $7
Zvst: calls $7
*** TURN *** [4h 3d As] [Ks]
Zvst: checks 
Avo75: bets $19
Zvst: folds 
Uncalled bet ($19) returned to Avo75
Avo75 collected $23.50 from pot
Avo75: doesn't show hand 
*** SUMMARY ***
Total pot $24.50 | Rake $1 
Board [4h 3d As Ks]
Seat 2: blackclan7
Seat 3: worker0k
Seat 1: Zvst (big blind) folded on the Turn
Seat 4: michasia folded before Flop (didn't bet)
Seat 5: Avo75 (button) collected ($23.50)
Seat 6: EyzRED (small blind) folded before Flop



PokerStars Hand #254316560123:  Hold'em No Limit ($0.50/$1.00 USD) - 2025/01/11 18:10:31 WET [2025/01/11 13:10:31 ET]
Table 'Montefiore III' 6-max Seat #6 is the button
Seat 3: worker0k ($100 in chips) is sitting out
Seat 1: Zvst ($100 in chips) 
Seat 2: blackclan7 ($100 in chips) 
Seat 4: michasia ($100 in chips) 
Seat 5: Avo75 ($112.30 in chips) 
Seat 6: EyzRED ($108.78 in chips) 
Zvst: posts small blind $0.50
blackclan7: posts big blind $1
worker0k: sits out 
*** HOLE CARDS ***
michasia: folds 
Avo75: folds 
EyzRED: folds 
Zvst: raises $2 to $3
blackclan7: calls $2
*** FLOP *** [Js 6d 6s]
Zvst: bets $3
blackclan7: calls $3
*** TURN *** [Js 6d 6s] [3s]
Zvst: checks 
blackclan7: bets $5.81
Zvst: folds 
Uncalled bet ($5.81) returned to blackclan7
blackclan7 collected $11.40 from pot
blackclan7: doesn't show hand 
*** SUMMARY ***
Total pot $12 | Rake $0.60 
Board [Js 6d 6s 3s]
Seat 3: worker0k
Seat 1: Zvst (small blind) folded on the Turn
Seat 2: blackclan7 (big blind) collected ($11.40)
Seat 4: michasia folded before Flop (didn't bet)
Seat 5: Avo75 folded before Flop (didn't bet)
Seat 6: EyzRED (button) folded before Flop (didn't bet)



PokerStars Hand #254316575621:  Hold'em No Limit ($0.50/$1.00 USD) - 2025/01/11 18:11:21 WET [2025/01/11 13:11:21 ET]
Table 'Montefiore III' 6-max Seat #1 is the button
Seat 1: Zvst ($100 in chips) 
Seat 2: blackclan7 ($105.40 in chips) 
Seat 3: worker0k ($100 in chips) 
Seat 4: michasia ($100 in chips) 
Seat 5: Avo75 ($112.30 in chips) 
Seat 6: EyzRED ($108.78 in chips) 
blackclan7: posts small blind $0.50
worker0k: posts big blind $1
*** HOLE CARDS ***
michasia: raises $1.60 to $2.60
Avo75: folds 
EyzRED: folds 
Zvst: folds 
blackclan7: folds 
worker0k: folds 
Uncalled bet ($1.60) returned to michasia
michasia collected $2.50 from pot
michasia: doesn't show hand 
*** SUMMARY ***
Total pot $2.50 | Rake $0 
Seat 1: Zvst (button) folded before Flop (didn't bet)
Seat 2: blackclan7 (small blind) folded before Flop
Seat 3: worker0k (big blind) folded before Flop
Seat 4: michasia collected ($2.50)
Seat 5: Avo75 folded before Flop (didn't bet)
Seat 6: EyzRED folded before Flop (didn't bet)



PokerStars Hand #254316579673:  Hold'em No Limit ($0.50/$1.00 USD) - 2025/01/11 18:11:34 WET [2025/01/11 13:11:34 ET]
Table 'Montefiore III' 6-max Seat #2 is the button
Seat 1: Zvst ($100 in chips) 
Seat 2: blackclan7 ($104.90 in chips) 
Seat 3: worker0k ($100 in chips) 
Seat 4: michasia ($101.50 in chips) 
Seat 5: Avo75 ($112.30 in chips) 
Seat 6: EyzRED ($108.78 in chips) 
worker0k: posts small blind $0.50
michasia: posts big blind $1
*** HOLE CARDS ***
Avo75: raises $1 to $2
EyzRED: folds 
Zvst: folds 
blackclan7: folds 
worker0k: folds 
michasia: folds 
Uncalled bet ($1) returned to Avo75
Avo75 collected $2.50 from pot
Avo75: doesn't show hand 
*** SUMMARY ***
Total pot $2.50 | Rake $0 
Seat 1: Zvst folded before Flop (didn't bet)
Seat 2: blackclan7 (button) folded before Flop (didn't bet)
Seat 3: worker0k (small blind) folded before Flop
Seat 4: michasia (big blind) folded before Flop
Seat 5: Avo75 collected ($2.50)
Seat 6: EyzRED folded before Flop (didn't bet)



PokerStars Hand #254316583868:  Hold'em No Limit ($0.50/$1.00 USD) - 2025/01/11 18:11:47 WET [2025/01/11 13:11:47 ET]
Table 'Montefiore III' 6-max Seat #3 is the button
Seat 1: Zvst ($100 in chips) 
Seat 2: blackclan7 ($104.90 in chips) 
Seat 3: worker0k ($100 in chips) 
Seat 4: michasia ($100.50 in chips) 
Seat 5: Avo75 ($113.80 in chips) 
Seat 6: EyzRED ($108.78 in chips) 
michasia: posts small blind $0.50
Avo75: posts big blind $1
*** HOLE CARDS ***
EyzRED: raises $1.20 to $2.20
Zvst: folds 
blackclan7: folds 
worker0k: folds 
michasia: folds 
Avo75: calls $1.20
*** FLOP *** [5c 7c Jc]
Avo75: bets $3
EyzRED: calls $3
*** TURN *** [5c 7c Jc] [3s]
Avo75: bets $5.18
EyzRED: calls $5.18
*** RIVER *** [5c 7c Jc 3s] [9c]
Avo75: checks 
EyzRED: bets $26.87
Avo75: folds 
Uncalled bet ($26.87) returned to EyzRED
EyzRED collected $20.20 from pot
EyzRED: doesn't show hand 
*** SUMMARY ***
Total pot $21.26 | Rake $1.06 
Board [5c 7c Jc 3s 9c]
Seat 1: Zvst folded before Flop (didn't bet)
Seat 2: blackclan7 folded before Flop (didn't bet)
Seat 3: worker0k (button) folded before Flop (didn't bet)
Seat 4: michasia (small blind) folded before Flop
Seat 5: Avo75 (big blind) folded on the River
Seat 6: EyzRED collected ($20.20)



PokerStars Hand #254316602674:  Hold'em No Limit ($0.50/$1.00 USD) - 2025/01/11 18:12:48 WET [2025/01/11 13:12:48 ET]
Table 'Montefiore III' 6-max Seat #4 is the button
Seat 1: Zvst ($100 in chips) 
Seat 2: blackclan7 ($104.90 in chips) 
Seat 3: worker0k ($100 in chips) 
Seat 4: michasia ($100 in chips) 
Seat 5: Avo75 ($103.42 in chips) 
Seat 6: EyzRED ($118.60 in chips) 
Avo75: posts small blind $0.50
EyzRED: posts big blind $1
*** HOLE CARDS ***
Zvst: folds 
Zvst leaves the table
blackclan7: folds 
worker0k: folds 
michasia: folds 
Avo75: folds 
Uncalled bet ($0.50) returned to EyzRED
EyzRED collected $1 from pot
EyzRED: doesn't show hand 
*** SUMMARY ***
Total pot $1 | Rake $0 
Seat 1: Zvst folded before Flop (didn't bet)
Seat 2: blackclan7 folded before Flop (didn't bet)
Seat 3: worker0k folded before Flop (didn't bet)
Seat 4: michasia (button) folded before Flop (didn't bet)
Seat 5: Avo75 (small blind) folded before Flop
Seat 6: EyzRED (big blind) collected ($1)



PokerStars Hand #254316605599:  Hold'em No Limit ($0.50/$1.00 USD) - 2025/01/11 18:12:58 WET [2025/01/11 13:12:58 ET]
Table 'Montefiore III' 6-max Seat #5 is the button
Seat 2: blackclan7 ($104.90 in chips) is sitting out
Seat 3: worker0k ($100 in chips) is sitting out
Seat 4: michasia ($100 in chips) 
Seat 5: Avo75 ($102.92 in chips) 
Seat 6: EyzRED ($119.10 in chips) 
EyzRED: posts small blind $0.50
blackclan7: is sitting out 
worker0k: is sitting out 
michasia: posts big blind $1
*** HOLE CARDS ***
worker0k leaves the table
Avo75: raises $1 to $2
blackclan7 leaves the table
Christianzt1 joins the table at seat #3 
EyzRED: raises $7 to $9
michasia: folds 
Avo75: calls $7
*** FLOP *** [2d 5d 8d]
EyzRED: checks 
Avo75: bets $11
Pippa83 joins the table at seat #2 
whlzor joins the table at seat #1 
EyzRED: calls $11
*** TURN *** [2d 5d 8d] [Jd]
EyzRED: checks 
Avo75: bets $24
EyzRED: calls $24
*** RIVER *** [2d 5d 8d Jd] [Js]
EyzRED: checks 
Avo75: bets $30
EyzRED: calls $30
*** SHOW DOWN ***
Avo75: shows [9h Tc] (a pair of Jacks)
EyzRED: shows [Qd Qh] (a flush, Queen high)
EyzRED collected $148 from pot
*** SUMMARY ***
Total pot $149 | Rake $1 
Board [2d 5d 8d Jd Js]
Seat 2: blackclan7
Seat 3: worker0k
Seat 4: michasia (big blind) folded before Flop
Seat 5: Avo75 (button) showed [9h Tc] and lost with a pair of Jacks
Seat 6: EyzRED (small blind) showed [Qd Qh] and won ($148) with a flush, Queen high



PokerStars Hand #254316625544:  Hold'em No Limit ($0.50/$1.00 USD) - 2025/01/11 18:14:04 WET [2025/01/11 13:14:04 ET]
Table 'Montefiore III' 6-max Seat #6 is the button
Seat 1: whlzor ($100 in chips) is sitting out
Seat 2: Pippa83 ($100 in chips) is sitting out
Seat 3: Christianzt1 ($100 in chips) is sitting out
Seat 4: michasia ($100 in chips) 
Seat 5: Avo75 ($28.92 in chips) 
Seat 6: EyzRED ($193.10 in chips) 
michasia: posts small blind $0.50
Avo75: posts big blind $1
*** HOLE CARDS ***
EyzRED: raises $1.50 to $2.50
michasia: raises $9.50 to $12
Avo75: calls $11
EyzRED: calls $9.50
*** FLOP *** [Ah 2h Qd]
michasia: bets $17.50
Avo75: calls $16.92 and is all-in
EyzRED: calls $17.50
*** TURN *** [Ah 2h Qd] [9h]
michasia: checks 
EyzRED: checks 
*** RIVER *** [Ah 2h Qd 9h] [6c]
michasia: checks 
EyzRED: checks 
*** SHOW DOWN ***
michasia: shows [Ts As] (a pair of Aces)
EyzRED: shows [Jc Ac] (a pair of Aces - Queen+Jack kicker)
EyzRED collected $1.16 from side pot
Avo75: shows [Qc 2c] (two pair, Queens and Deuces)
Avo75 collected $85.76 from main pot
*** SUMMARY ***
Total pot $87.92 Main pot $85.76. Side pot $1.16. | Rake $1 
Board [Ah 2h Qd 9h 6c]
Seat 1: whlzor
Seat 2: Pippa83
Seat 3: Christianzt1
Seat 4: michasia (small blind) showed [Ts As] and lost with a pair of Aces
Seat 5: Avo75 (big blind) showed [Qc 2c] and won ($85.76) with two pair, Queens and Deuces
Seat 6: EyzRED (button) showed [Jc Ac] and won ($1.16) with a pair of Aces



PokerStars Hand #254316647305:  Hold'em No Limit ($0.50/$1.00 USD) - 2025/01/11 18:15:13 WET [2025/01/11 13:15:13 ET]
Table 'Montefiore III' 6-max Seat #4 is the button
Seat 1: whlzor ($100 in chips) is sitting out
Seat 2: Pippa83 ($100 in chips) is sitting out
Seat 3: Christianzt1 ($100 in chips) is sitting out
Seat 4: michasia ($100 in chips) 
Seat 5: Avo75 ($85.76 in chips) 
Seat 6: EyzRED ($164.76 in chips) 
Avo75: posts small blind $0.50
EyzRED: posts big blind $1
whlzor: sits out 
Pippa83: sits out 
Christianzt1: sits out 
*** HOLE CARDS ***
michasia: raises $1.80 to $2.80
Avo75: calls $2.30
EyzRED: folds 
*** FLOP *** [7s 2s Qd]
Avo75: checks 
michasia: bets $2.07
Avo75: calls $2.07
*** TURN *** [7s 2s Qd] [6s]
Avo75: checks 
michasia: bets $6.80
Avo75: calls $6.80
*** RIVER *** [7s 2s Qd 6s] [2d]
Avo75: checks 
michasia: bets $75
Avo75: folds 
Uncalled bet ($75) returned to michasia
michasia collected $23.34 from pot
michasia: doesn't show hand 
*** SUMMARY ***
Total pot $24.34 | Rake $1 
Board [7s 2s Qd 6s 2d]
Seat 1: whlzor
Seat 2: Pippa83
Seat 3: Christianzt1
Seat 4: michasia (button) collected ($23.34)
Seat 5: Avo75 (small blind) folded on the River
Seat 6: EyzRED (big blind) folded before Flop



PokerStars Hand #254316659526:  Hold'em No Limit ($0.50/$1.00 USD) - 2025/01/11 18:15:51 WET [2025/01/11 13:15:51 ET]
Table 'Montefiore III' 6-max Seat #5 is the button
Seat 2: Pippa83 ($100 in chips) is sitting out
Seat 3: Christianzt1 ($100 in chips) is sitting out
Seat 1: whlzor ($100 in chips) 
Seat 4: michasia ($111.67 in chips) 
Seat 5: Avo75 ($74.09 in chips) 
Seat 6: EyzRED ($163.76 in chips) 
EyzRED: posts small blind $0.50
whlzor: posts big blind $1
Pippa83: sits out 
Christianzt1: sits out 
*** HOLE CARDS ***
michasia: folds 
Avo75: folds 
EyzRED: folds 
Uncalled bet ($0.50) returned to whlzor
whlzor collected $1 from pot
whlzor: doesn't show hand 
*** SUMMARY ***
Total pot $1 | Rake $0 
Seat 2: Pippa83
Seat 3: Christianzt1
Seat 1: whlzor (big blind) collected ($1)
Seat 4: michasia folded before Flop (didn't bet)
Seat 5: Avo75 (button) folded before Flop (didn't bet)
Seat 6: EyzRED (small blind) folded before Flop



PokerStars Hand #254316664345:  Hold'em No Limit ($0.50/$1.00 USD) - 2025/01/11 18:16:06 WET [2025/01/11 13:16:06 ET]
Table 'Montefiore III' 6-max Seat #6 is the button
Seat 3: Christianzt1 ($100 in chips) is sitting out
Seat 1: whlzor ($100.50 in chips) 
Seat 2: Pippa83 ($100 in chips) 
Seat 4: michasia ($111.67 in chips) 
Seat 5: Avo75 ($74.09 in chips) 
Seat 6: EyzRED ($163.26 in chips) 
whlzor: posts small blind $0.50
Pippa83: posts big blind $1
Christianzt1: sits out 
*** HOLE CARDS ***
michasia: folds 
Avo75: folds 
EyzRED: raises $1.50 to $2.50
whlzor: folds 
Pippa83: calls $1.50
*** FLOP *** [Tc 2c Th]
Pippa83: checks 
EyzRED: bets $1.51
Pippa83: raises $3.49 to $5
EyzRED: folds 
Uncalled bet ($3.49) returned to Pippa83
Pippa83 collected $8.09 from pot
Pippa83: doesn't show hand 
*** SUMMARY ***
Total pot $8.52 | Rake $0.43 
Board [Tc 2c Th]
Seat 3: Christianzt1
Seat 1: whlzor (small blind) folded before Flop
Seat 2: Pippa83 (big blind) collected ($8.09)
Seat 4: michasia folded before Flop (didn't bet)
Seat 5: Avo75 folded before Flop (didn't bet)
Seat 6: EyzRED (button) folded on the Flop



PokerStars Hand #254316681235:  Hold'em No Limit ($0.50/$1.00 USD) - 2025/01/11 18:16:58 WET [2025/01/11 13:16:58 ET]
Table 'Montefiore III' 6-max Seat #1 is the button
Seat 1: whlzor ($100 in chips) 
Seat 2: Pippa83 ($104.08 in chips) 
Seat 3: Christianzt1 ($100 in chips) 
Seat 4: michasia ($111.67 in chips) 
Seat 5: Avo75 ($74.09 in chips) 
Seat 6: EyzRED ($159.25 in chips) 
Pippa83: posts small blind $0.50
Christianzt1: posts big blind $1
*** HOLE CARDS ***
michasia: raises $1.60 to $2.60
Avo75: calls $2.60
EyzRED: folds 
whlzor: calls $2.60
Pippa83: folds 
Christianzt1: calls $1.60
*** FLOP *** [2c 5h 7h]
Christianzt1: checks 
michasia: checks 
Avo75: checks 
whlzor: checks 
*** TURN *** [2c 5h 7h] [8h]
Christianzt1: checks 
michasia: checks 
Avo75: bets $6
whlzor: folds 
Christianzt1: folds 
michasia: folds 
Uncalled bet ($6) returned to Avo75
Avo75 collected $10.36 from pot
Avo75: doesn't show hand 
*** SUMMARY ***
Total pot $10.90 | Rake $0.54 
Board [2c 5h 7h 8h]
Seat 1: whlzor (button) folded on the Turn
Seat 2: Pippa83 (small blind) folded before Flop
Seat 3: Christianzt1 (big blind) folded on the Turn
Seat 4: michasia folded on the Turn
Seat 5: Avo75 collected ($10.36)
Seat 6: EyzRED folded before Flop (didn't bet)



PokerStars Hand #254316701474:  Hold'em No Limit ($0.50/$1.00 USD) - 2025/01/11 18:17:59 WET [2025/01/11 13:17:59 ET]
Table 'Montefiore III' 6-max Seat #2 is the button
Seat 1: whlzor ($100 in chips) 
Seat 2: Pippa83 ($103.58 in chips) 
Seat 3: Christianzt1 ($100 in chips) 
Seat 4: michasia ($109.07 in chips) 
Seat 5: Avo75 ($81.85 in chips) 
Seat 6: EyzRED ($159.25 in chips) 
Christianzt1: posts small blind $0.50
michasia: posts big blind $1
*** HOLE CARDS ***
Avo75: folds 
EyzRED: folds 
whlzor: folds 
Pippa83: raises $1.50 to $2.50
Christianzt1: raises $8.50 to $11
michasia: folds 
Pippa83: folds 
Uncalled bet ($8.50) returned to Christianzt1
Christianzt1 collected $6 from pot
*** SUMMARY ***
Total pot $6 | Rake $0 
Seat 1: whlzor folded before Flop (didn't bet)
Seat 2: Pippa83 (button) folded before Flop
Seat 3: Christianzt1 (small blind) collected ($6)
Seat 4: michasia (big blind) folded before Flop
Seat 5: Avo75 folded before Flop (didn't bet)
Seat 6: EyzRED folded before Flop (didn't bet)



PokerStars Hand #254316712034:  Hold'em No Limit ($0.50/$1.00 USD) - 2025/01/11 18:18:31 WET [2025/01/11 13:18:31 ET]
Table 'Montefiore III' 6-max Seat #3 is the button
Seat 1: whlzor ($100 in chips) 
Seat 2: Pippa83 ($101.08 in chips) 
Seat 3: Christianzt1 ($103.50 in chips) 
Seat 4: michasia ($108.07 in chips) 
Seat 5: Avo75 ($81.85 in chips) 
Seat 6: EyzRED ($159.25 in chips) 
michasia: posts small blind $0.50
Avo75: posts big blind $1
*** HOLE CARDS ***
EyzRED: folds 
whlzor: folds 
Pippa83: folds 
Christianzt1: folds 
michasia: folds 
Uncalled bet ($0.50) returned to Avo75
Avo75 collected $1 from pot
Avo75: doesn't show hand 
*** SUMMARY ***
Total pot $1 | Rake $0 
Seat 1: whlzor folded before Flop (didn't bet)
Seat 2: Pippa83 folded before Flop (didn't bet)
Seat 3: Christianzt1 (button) folded before Flop (didn't bet)
Seat 4: michasia (small blind) folded before Flop
Seat 5: Avo75 (big blind) collected ($1)
Seat 6: EyzRED folded before Flop (didn't bet)



PokerStars Hand #254316714866:  Hold'em No Limit ($0.50/$1.00 USD) - 2025/01/11 18:18:40 WET [2025/01/11 13:18:40 ET]
Table 'Montefiore III' 6-max Seat #4 is the button
Seat 1: whlzor ($100 in chips) 
Seat 2: Pippa83 ($101.08 in chips) 
Seat 3: Christianzt1 ($103.50 in chips) 
Seat 4: michasia ($107.57 in chips) 
Seat 5: Avo75 ($82.35 in chips) 
Seat 6: EyzRED ($159.25 in chips) 
Avo75: posts small blind $0.50
EyzRED: posts big blind $1
*** HOLE CARDS ***
whlzor: folds 
Pippa83: folds 
Christianzt1: folds 
michasia: raises $1.80 to $2.80
Avo75: calls $2.30
EyzRED: raises $10.70 to $13.50
michasia: calls $10.70
Avo75: folds 
*** FLOP *** [7c Qs 9s]
EyzRED: checks 
michasia: bets $9.34
EyzRED: folds 
Uncalled bet ($9.34) returned to michasia
michasia collected $28.31 from pot
michasia: doesn't show hand 
*** SUMMARY ***
Total pot $29.80 | Rake $1.49 
Board [7c Qs 9s]
Seat 1: whlzor folded before Flop (didn't bet)
Seat 2: Pippa83 folded before Flop (didn't bet)
Seat 3: Christianzt1 folded before Flop (didn't bet)
Seat 4: michasia (button) collected ($28.31)
Seat 5: Avo75 (small blind) folded before Flop
Seat 6: EyzRED (big blind) folded on the Flop



PokerStars Hand #254316728501:  Hold'em No Limit ($0.50/$1.00 USD) - 2025/01/11 18:19:22 WET [2025/01/11 13:19:22 ET]
Table 'Montefiore III' 6-max Seat #5 is the button
Seat 1: whlzor ($100 in chips) 
Seat 2: Pippa83 ($101.08 in chips) 
Seat 3: Christianzt1 ($103.50 in chips) 
Seat 4: michasia ($122.38 in chips) 
Seat 5: Avo75 ($79.55 in chips) 
Seat 6: EyzRED ($145.75 in chips) 
EyzRED: posts small blind $0.50
whlzor: posts big blind $1
*** HOLE CARDS ***
Pippa83: folds 
Christianzt1: folds 
michasia: raises $1.80 to $2.80
Avo75: calls $2.80
EyzRED: folds 
whlzor: calls $1.80
*** FLOP *** [6h Ks 8c]
whlzor: checks 
michasia: checks 
Avo75: bets $6
whlzor: calls $6
michasia: folds 
*** TURN *** [6h Ks 8c] [Qs]
whlzor: checks 
Avo75: bets $11
whlzor: calls $11
*** RIVER *** [6h Ks 8c Qs] [5h]
whlzor: checks 
Avo75: bets $21
whlzor: calls $21
*** SHOW DOWN ***
Avo75: shows [9s 6s] (a pair of Sixes)
whlzor: shows [Kd 9d] (a pair of Kings)
whlzor collected $82.40 from pot
*** SUMMARY ***
Total pot $84.90 | Rake $2.50 
Board [6h Ks 8c Qs 5h]
Seat 1: whlzor (big blind) showed [Kd 9d] and won ($82.40) with a pair of Kings
Seat 2: Pippa83 folded before Flop (didn't bet)
Seat 3: Christianzt1 folded before Flop (didn't bet)
Seat 4: michasia folded on the Flop
Seat 5: Avo75 (button) showed [9s 6s] and lost with a pair of Sixes
Seat 6: EyzRED (small blind) folded before Flop



PokerStars Hand #254316748275:  Hold'em No Limit ($0.50/$1.00 USD) - 2025/01/11 18:20:23 WET [2025/01/11 13:20:23 ET]
Table 'Montefiore III' 6-max Seat #6 is the button
Seat 1: whlzor ($141.60 in chips) 
Seat 2: Pippa83 ($101.08 in chips) 
Seat 3: Christianzt1 ($103.50 in chips) 
Seat 4: michasia ($119.58 in chips) 
Seat 5: Avo75 ($38.75 in chips) 
Seat 6: EyzRED ($145.25 in chips) 
whlzor: posts small blind $0.50
Pippa83: posts big blind $1
*** HOLE CARDS ***
Christianzt1: folds 
michasia: folds 
Avo75: calls $1
EyzRED: raises $2.50 to $3.50
whlzor: folds 
Pippa83: folds 
Avo75: calls $2.50
*** FLOP *** [7h 3h 4c]
Avo75: checks 
EyzRED: bets $5.74
Avo75: calls $5.74
*** TURN *** [7h 3h 4c] [3d]
Avo75: checks 
EyzRED: bets $32
Avo75: calls $29.51 and is all-in
Uncalled bet ($2.49) returned to EyzRED
*** RIVER *** [7h 3h 4c 3d] [Qs]
*** SHOW DOWN ***
Avo75: shows [3s 5c] (three of a kind, Threes)
EyzRED: shows [Ts Td] (two pair, Tens and Threes)
Avo75 collected $76.50 from pot
*** SUMMARY ***
Total pot $79 | Rake $2.50 
Board [7h 3h 4c 3d Qs]
Seat 1: whlzor (small blind) folded before Flop
Seat 2: Pippa83 (big blind) folded before Flop
Seat 3: Christianzt1 folded before Flop (didn't bet)
Seat 4: michasia folded before Flop (didn't bet)
Seat 5: Avo75 showed [3s 5c] and won ($76.50) with three of a kind, Threes
Seat 6: EyzRED (button) showed [Ts Td] and lost with two pair, Tens and Threes



PokerStars Hand #254316769712:  Hold'em No Limit ($0.50/$1.00 USD) - 2025/01/11 18:21:28 WET [2025/01/11 13:21:28 ET]
Table 'Montefiore III' 6-max Seat #1 is the button
Seat 1: whlzor ($141.10 in chips) 
Seat 2: Pippa83 ($100.08 in chips) 
Seat 3: Christianzt1 ($103.50 in chips) 
Seat 4: michasia ($119.58 in chips) 
Seat 5: Avo75 ($76.50 in chips) 
Seat 6: EyzRED ($106.50 in chips) 
Pippa83: posts small blind $0.50
Christianzt1: posts big blind $1
*** HOLE CARDS ***
michasia: folds 
Avo75: calls $1
EyzRED: folds 
whlzor: raises $4 to $5
Pippa83: folds 
Christianzt1: folds 
Avo75: calls $4
*** FLOP *** [Td Ad 4c]
Avo75: checks 
whlzor: checks 
*** TURN *** [Td Ad 4c] [Kc]
Avo75: bets $5.46
whlzor: folds 
Uncalled bet ($5.46) returned to Avo75
Avo75 collected $10.92 from pot
Avo75: doesn't show hand 
*** SUMMARY ***
Total pot $11.50 | Rake $0.58 
Board [Td Ad 4c Kc]
Seat 1: whlzor (button) folded on the Turn
Seat 2: Pippa83 (small blind) folded before Flop
Seat 3: Christianzt1 (big blind) folded before Flop
Seat 4: michasia folded before Flop (didn't bet)
Seat 5: Avo75 collected ($10.92)
Seat 6: EyzRED folded before Flop (didn't bet)



PokerStars Hand #254316781865:  Hold'em No Limit ($0.50/$1.00 USD) - 2025/01/11 18:22:04 WET [2025/01/11 13:22:04 ET]
Table 'Montefiore III' 6-max Seat #2 is the button
Seat 1: whlzor ($136.10 in chips) 
Seat 2: Pippa83 ($100 in chips) 
Seat 3: Christianzt1 ($102.50 in chips) 
Seat 4: michasia ($119.58 in chips) 
Seat 5: Avo75 ($82.42 in chips) 
Seat 6: EyzRED ($106.50 in chips) 
Christianzt1: posts small blind $0.50
michasia: posts big blind $1
*** HOLE CARDS ***
Avo75: folds 
EyzRED: folds 
whlzor: raises $2 to $3
Pippa83: folds 
Christianzt1: folds 
michasia: folds 
Uncalled bet ($2) returned to whlzor
whlzor collected $2.50 from pot
whlzor: doesn't show hand 
*** SUMMARY ***
Total pot $2.50 | Rake $0 
Seat 1: whlzor collected ($2.50)
Seat 2: Pippa83 (button) folded before Flop (didn't bet)
Seat 3: Christianzt1 (small blind) folded before Flop
Seat 4: michasia (big blind) folded before Flop
Seat 5: Avo75 folded before Flop (didn't bet)
Seat 6: EyzRED folded before Flop (didn't bet)



PokerStars Hand #254316790777:  Hold'em No Limit ($0.50/$1.00 USD) - 2025/01/11 18:22:31 WET [2025/01/11 13:22:31 ET]
Table 'Montefiore III' 6-max Seat #3 is the button
Seat 1: whlzor ($137.60 in chips) 
Seat 2: Pippa83 ($100 in chips) 
Seat 3: Christianzt1 ($102 in chips) 
Seat 4: michasia ($118.58 in chips) 
Seat 5: Avo75 ($82.42 in chips) 
Seat 6: EyzRED ($106.50 in chips) 
michasia: posts small blind $0.50
Avo75: posts big blind $1
*** HOLE CARDS ***
EyzRED: folds 
whlzor: folds 
Pippa83: raises $1.50 to $2.50
Christianzt1: folds 
michasia: folds 
Avo75: calls $1.50
*** FLOP *** [9s Ts 4c]
Avo75: checks 
Pippa83: bets $3.92
Avo75: calls $3.92
*** TURN *** [9s Ts 4c] [Qs]
Avo75: checks 
Pippa83: checks 
*** RIVER *** [9s Ts 4c Qs] [9h]
Avo75: checks 
Pippa83: checks 
*** SHOW DOWN ***
Avo75: shows [7h 6h] (a pair of Nines)
Pippa83: shows [Td Kc] (two pair, Tens and Nines)
Pippa83 collected $12.67 from pot
*** SUMMARY ***
Total pot $13.34 | Rake $0.67 
Board [9s Ts 4c Qs 9h]
Seat 1: whlzor folded before Flop (didn't bet)
Seat 2: Pippa83 showed [Td Kc] and won ($12.67) with two pair, Tens and Nines
Seat 3: Christianzt1 (button) folded before Flop (didn't bet)
Seat 4: michasia (small blind) folded before Flop
Seat 5: Avo75 (big blind) showed [7h 6h] and lost with a pair of Nines
Seat 6: EyzRED folded before Flop (didn't bet)



PokerStars Hand #254316800384:  Hold'em No Limit ($0.50/$1.00 USD) - 2025/01/11 18:23:00 WET [2025/01/11 13:23:00 ET]
Table 'Montefiore III' 6-max Seat #4 is the button
Seat 1: whlzor ($137.60 in chips) 
Seat 2: Pippa83 ($106.25 in chips) 
Seat 3: Christianzt1 ($102 in chips) 
Seat 4: michasia ($118.08 in chips) 
Seat 5: Avo75 ($76 in chips) 
Seat 6: EyzRED ($106.50 in chips) 
Avo75: posts small blind $0.50
EyzRED: posts big blind $1
*** HOLE CARDS ***
whlzor: folds 
Pippa83: raises $1.20 to $2.20
Christianzt1: folds 
michasia: folds 
Avo75: calls $1.70
EyzRED: folds 
*** FLOP *** [8s Kd Ts]
Avo75: bets $2
Pippa83: calls $2
*** TURN *** [8s Kd Ts] [Jc]
Avo75: checks 
Pippa83: checks 
*** RIVER *** [8s Kd Ts Jc] [8d]
Avo75: checks 
Pippa83: bets $5
Avo75: folds 
Uncalled bet ($5) returned to Pippa83
Pippa83 collected $8.93 from pot
Pippa83: doesn't show hand 
*** SUMMARY ***
Total pot $9.40 | Rake $0.47 
Board [8s Kd Ts Jc 8d]
Seat 1: whlzor folded before Flop (didn't bet)
Seat 2: Pippa83 collected ($8.93)
Seat 3: Christianzt1 folded before Flop (didn't bet)
Seat 4: michasia (button) folded before Flop (didn't bet)
Seat 5: Avo75 (small blind) folded on the River
Seat 6: EyzRED (big blind) folded before Flop



PokerStars Hand #254316812577:  Hold'em No Limit ($0.50/$1.00 USD) - 2025/01/11 18:23:37 WET [2025/01/11 13:23:37 ET]
Table 'Montefiore III' 6-max Seat #5 is the button
Seat 1: whlzor ($137.60 in chips) 
Seat 2: Pippa83 ($110.98 in chips) 
Seat 3: Christianzt1 ($102 in chips) 
Seat 4: michasia ($118.08 in chips) 
Seat 5: Avo75 ($71.80 in chips) 
Seat 6: EyzRED ($105.50 in chips) 
EyzRED: posts small blind $0.50
whlzor: posts big blind $1
*** HOLE CARDS ***
Pippa83: folds 
Christianzt1: folds 
michasia: folds 
Avo75: folds 
EyzRED: raises $2 to $3
whlzor: folds 
Uncalled bet ($2) returned to EyzRED
EyzRED collected $2 from pot
EyzRED: doesn't show hand 
*** SUMMARY ***
Total pot $2 | Rake $0 
Seat 1: whlzor (big blind) folded before Flop
Seat 2: Pippa83 folded before Flop (didn't bet)
Seat 3: Christianzt1 folded before Flop (didn't bet)
Seat 4: michasia folded before Flop (didn't bet)
Seat 5: Avo75 (button) folded before Flop (didn't bet)
Seat 6: EyzRED (small blind) collected ($2)



PokerStars Hand #254316818453:  Hold'em No Limit ($0.50/$1.00 USD) - 2025/01/11 18:23:55 WET [2025/01/11 13:23:55 ET]
Table 'Montefiore III' 6-max Seat #6 is the button
Seat 1: whlzor ($136.60 in chips) 
Seat 2: Pippa83 ($110.98 in chips) 
Seat 3: Christianzt1 ($102 in chips) 
Seat 4: michasia ($118.08 in chips) 
Seat 5: Avo75 ($71.80 in chips) 
Seat 6: EyzRED ($106.50 in chips) 
whlzor: posts small blind $0.50
Pippa83: posts big blind $1
*** HOLE CARDS ***
Christianzt1: folds 
michasia: folds 
Avo75: raises $2 to $3
EyzRED: folds 
whlzor: folds 
Pippa83: calls $2
*** FLOP *** [2c 2d 2h]
Pippa83: checks 
Avo75: checks 
*** TURN *** [2c 2d 2h] [3s]
Pippa83: checks 
Avo75: bets $6.18
Pippa83: folds 
Uncalled bet ($6.18) returned to Avo75
Avo75 collected $6.18 from pot
Avo75: doesn't show hand 
*** SUMMARY ***
Total pot $6.50 | Rake $0.32 
Board [2c 2d 2h 3s]
Seat 1: whlzor (small blind) folded before Flop
Seat 2: Pippa83 (big blind) folded on the Turn
Seat 3: Christianzt1 folded before Flop (didn't bet)
Seat 4: michasia folded before Flop (didn't bet)
Seat 5: Avo75 collected ($6.18)
Seat 6: EyzRED (button) folded before Flop (didn't bet)



PokerStars Hand #254316830530:  Hold'em No Limit ($0.50/$1.00 USD) - 2025/01/11 18:24:31 WET [2025/01/11 13:24:31 ET]
Table 'Montefiore III' 6-max Seat #1 is the button
Seat 1: whlzor ($136.10 in chips) 
Seat 2: Pippa83 ($107.98 in chips) 
Seat 3: Christianzt1 ($102 in chips) 
Seat 4: michasia ($118.08 in chips) 
Seat 5: Avo75 ($74.98 in chips) 
Seat 6: EyzRED ($106.50 in chips) 
Pippa83: posts small blind $0.50
Christianzt1: posts big blind $1
*** HOLE CARDS ***
michasia: folds 
Avo75: calls $1
EyzRED: folds 
whlzor: raises $4 to $5
Pippa83: folds 
Christianzt1: raises $11 to $16
Avo75: folds 
whlzor: calls $11
*** FLOP *** [Qc Tc 2c]
Christianzt1: bets $3.18
whlzor: raises $15.82 to $19
Christianzt1: folds 
Uncalled bet ($15.82) returned to whlzor
whlzor collected $37.87 from pot
whlzor: doesn't show hand 
*** SUMMARY ***
Total pot $39.86 | Rake $1.99 
Board [Qc Tc 2c]
Seat 1: whlzor (button) collected ($37.87)
Seat 2: Pippa83 (small blind) folded before Flop
Seat 3: Christianzt1 (big blind) folded on the Flop
Seat 4: michasia folded before Flop (didn't bet)
Seat 5: Avo75 folded before Flop
Seat 6: EyzRED folded before Flop (didn't bet)



PokerStars Hand #254316849313:  Hold'em No Limit ($0.50/$1.00 USD) - 2025/01/11 18:25:29 WET [2025/01/11 13:25:29 ET]
Table 'Montefiore III' 6-max Seat #2 is the button
Seat 1: whlzor ($154.79 in chips) 
Seat 2: Pippa83 ($107.48 in chips) 
Seat 3: Christianzt1 ($100 in chips) 
Seat 4: michasia ($118.08 in chips) 
Seat 5: Avo75 ($73.98 in chips) 
Seat 6: EyzRED ($106.50 in chips) 
Christianzt1: posts small blind $0.50
michasia: posts big blind $1
*** HOLE CARDS ***
Avo75: raises $2 to $3
EyzRED: folds 
whlzor: folds 
Pippa83: folds 
Christianzt1: folds 
michasia: folds 
Uncalled bet ($2) returned to Avo75
Avo75 collected $2.50 from pot
Avo75: doesn't show hand 
*** SUMMARY ***
Total pot $2.50 | Rake $0 
Seat 1: whlzor folded before Flop (didn't bet)
Seat 2: Pippa83 (button) folded before Flop (didn't bet)
Seat 3: Christianzt1 (small blind) folded before Flop
Seat 4: michasia (big blind) folded before Flop
Seat 5: Avo75 collected ($2.50)
Seat 6: EyzRED folded before Flop (didn't bet)



PokerStars Hand #254316857874:  Hold'em No Limit ($0.50/$1.00 USD) - 2025/01/11 18:25:54 WET [2025/01/11 13:25:54 ET]
Table 'Montefiore III' 6-max Seat #3 is the button
Seat 1: whlzor ($154.79 in chips) 
Seat 2: Pippa83 ($107.48 in chips) 
Seat 3: Christianzt1 ($100 in chips) 
Seat 4: michasia ($117.08 in chips) 
Seat 5: Avo75 ($75.48 in chips) 
Seat 6: EyzRED ($106.50 in chips) 
michasia: posts small blind $0.50
Avo75: posts big blind $1
*** HOLE CARDS ***
EyzRED: folds 
whlzor: folds 
Pippa83: raises $1.50 to $2.50
Christianzt1: folds 
michasia: folds 
Avo75: calls $1.50
*** FLOP *** [5h Qh Qs]
Avo75: checks 
Pippa83: bets $1.04
Avo75: calls $1.04
*** TURN *** [5h Qh Qs] [8d]
Avo75: checks 
Pippa83: bets $3.50
Avo75: folds 
Uncalled bet ($3.50) returned to Pippa83
Pippa83 collected $7.20 from pot
Pippa83: doesn't show hand 
*** SUMMARY ***
Total pot $7.58 | Rake $0.38 
Board [5h Qh Qs 8d]
Seat 1: whlzor folded before Flop (didn't bet)
Seat 2: Pippa83 collected ($7.20)
Seat 3: Christianzt1 (button) folded before Flop (didn't bet)
Seat 4: michasia (small blind) folded before Flop
Seat 5: Avo75 (big blind) folded on the Turn
Seat 6: EyzRED folded before Flop (didn't bet)



PokerStars Hand #254316867404:  Hold'em No Limit ($0.50/$1.00 USD) - 2025/01/11 18:26:24 WET [2025/01/11 13:26:24 ET]
Table 'Montefiore III' 6-max Seat #4 is the button
Seat 1: whlzor ($154.79 in chips) 
Seat 2: Pippa83 ($111.14 in chips) 
Seat 3: Christianzt1 ($100 in chips) 
Seat 4: michasia ($116.58 in chips) 
Seat 5: Avo75 ($71.94 in chips) 
Seat 6: EyzRED ($106.50 in chips) 
Avo75: posts small blind $0.50
EyzRED: posts big blind $1
*** HOLE CARDS ***
whlzor: folds 
Pippa83: folds 
Christianzt1: folds 
michasia: folds 
Avo75: raises $1 to $2
EyzRED: raises $7 to $9
Avo75: folds 
Uncalled bet ($7) returned to EyzRED
EyzRED collected $4 from pot
EyzRED: doesn't show hand 
*** SUMMARY ***
Total pot $4 | Rake $0 
Seat 1: whlzor folded before Flop (didn't bet)
Seat 2: Pippa83 folded before Flop (didn't bet)
Seat 3: Christianzt1 folded before Flop (didn't bet)
Seat 4: michasia (button) folded before Flop (didn't bet)
Seat 5: Avo75 (small blind) folded before Flop
Seat 6: EyzRED (big blind) collected ($4)



PokerStars Hand #254316873439:  Hold'em No Limit ($0.50/$1.00 USD) - 2025/01/11 18:26:42 WET [2025/01/11 13:26:42 ET]
Table 'Montefiore III' 6-max Seat #5 is the button
Seat 1: whlzor ($154.79 in chips) 
Seat 2: Pippa83 ($111.14 in chips) 
Seat 3: Christianzt1 ($100 in chips) 
Seat 4: michasia ($116.58 in chips) 
Seat 5: Avo75 ($69.94 in chips) 
Seat 6: EyzRED ($108.50 in chips) 
EyzRED: posts small blind $0.50
whlzor: posts big blind $1
*** HOLE CARDS ***
Pippa83: folds 
Christianzt1: folds 
michasia: folds 
Avo75: calls $1
EyzRED: folds 
whlzor: checks 
*** FLOP *** [8h Jh 6h]
whlzor: checks 
Avo75: checks 
*** TURN *** [8h Jh 6h] [2c]
whlzor: bets $1.57
Avo75: folds 
Uncalled bet ($1.57) returned to whlzor
whlzor collected $2.38 from pot
whlzor: doesn't show hand 
*** SUMMARY ***
Total pot $2.50 | Rake $0.12 
Board [8h Jh 6h 2c]
Seat 1: whlzor (big blind) collected ($2.38)
Seat 2: Pippa83 folded before Flop (didn't bet)
Seat 3: Christianzt1 folded before Flop (didn't bet)
Seat 4: michasia folded before Flop (didn't bet)
Seat 5: Avo75 (button) folded on the Turn
Seat 6: EyzRED (small blind) folded before Flop



PokerStars Hand #254316879818:  Hold'em No Limit ($0.50/$1.00 USD) - 2025/01/11 18:27:01 WET [2025/01/11 13:27:01 ET]
Table 'Montefiore III' 6-max Seat #6 is the button
Seat 1: whlzor ($156.17 in chips) 
Seat 2: Pippa83 ($111.14 in chips) 
Seat 3: Christianzt1 ($100 in chips) 
Seat 4: michasia ($116.58 in chips) 
Seat 5: Avo75 ($68.94 in chips) 
Seat 6: EyzRED ($108 in chips) 
whlzor: posts small blind $0.50
Pippa83: posts big blind $1
*** HOLE CARDS ***
Christianzt1: raises $1.40 to $2.40
michasia: raises $4.80 to $7.20
Avo75: folds 
EyzRED: folds 
whlzor: folds 
Pippa83: folds 
Christianzt1: folds 
Uncalled bet ($4.80) returned to michasia
michasia collected $6.30 from pot
michasia: doesn't show hand 
*** SUMMARY ***
Total pot $6.30 | Rake $0 
Seat 1: whlzor (small blind) folded before Flop
Seat 2: Pippa83 (big blind) folded before Flop
Seat 3: Christianzt1 folded before Flop
Seat 4: michasia collected ($6.30)
Seat 5: Avo75 folded before Flop (didn't bet)
Seat 6: EyzRED (button) folded before Flop (didn't bet)



PokerStars Hand #254316886138:  Hold'em No Limit ($0.50/$1.00 USD) - 2025/01/11 18:27:20 WET [2025/01/11 13:27:20 ET]
Table 'Montefiore III' 6-max Seat #1 is the button
Seat 1: whlzor ($155.67 in chips) 
Seat 2: Pippa83 ($110.14 in chips) 
Seat 3: Christianzt1 ($100 in chips) 
Seat 4: michasia ($120.48 in chips) 
Seat 5: Avo75 ($68.94 in chips) 
Seat 6: EyzRED ($108 in chips) 
Pippa83: posts small blind $0.50
Christianzt1: posts big blind $1
*** HOLE CARDS ***
michasia: folds 
Avo75: folds 
EyzRED: folds 
whlzor: folds 
Pippa83: folds 
Uncalled bet ($0.50) returned to Christianzt1
Christianzt1 collected $1 from pot
*** SUMMARY ***
Total pot $1 | Rake $0 
Seat 1: whlzor (button) folded before Flop (didn't bet)
Seat 2: Pippa83 (small blind) folded before Flop
Seat 3: Christianzt1 (big blind) collected ($1)
Seat 4: michasia folded before Flop (didn't bet)
Seat 5: Avo75 folded before Flop (didn't bet)
Seat 6: EyzRED folded before Flop (didn't bet)



PokerStars Hand #254316889884:  Hold'em No Limit ($0.50/$1.00 USD) - 2025/01/11 18:27:32 WET [2025/01/11 13:27:32 ET]
Table 'Montefiore III' 6-max Seat #2 is the button
Seat 1: whlzor ($155.67 in chips) 
Seat 2: Pippa83 ($109.64 in chips) 
Seat 3: Christianzt1 ($100.50 in chips) 
Seat 4: michasia ($120.48 in chips) 
Seat 5: Avo75 ($68.94 in chips) 
Seat 6: EyzRED ($108 in chips) 
Christianzt1: posts small blind $0.50
michasia: posts big blind $1
*** HOLE CARDS ***
Avo75: folds 
EyzRED: folds 
whlzor: folds 
Pippa83: raises $1.50 to $2.50
Christianzt1: folds 
michasia: folds 
Uncalled bet ($1.50) returned to Pippa83
Pippa83 collected $2.50 from pot
Pippa83: doesn't show hand 
*** SUMMARY ***
Total pot $2.50 | Rake $0 
Seat 1: whlzor folded before Flop (didn't bet)
Seat 2: Pippa83 (button) collected ($2.50)
Seat 3: Christianzt1 (small blind) folded before Flop
Seat 4: michasia (big blind) folded before Flop
Seat 5: Avo75 folded before Flop (didn't bet)
Seat 6: EyzRED folded before Flop (didn't bet)



PokerStars Hand #254316895845:  Hold'em No Limit ($0.50/$1.00 USD) - 2025/01/11 18:27:50 WET [2025/01/11 13:27:50 ET]
Table 'Montefiore III' 6-max Seat #3 is the button
Seat 1: whlzor ($155.67 in chips) 
Seat 2: Pippa83 ($111.14 in chips) 
Seat 3: Christianzt1 ($100 in chips) 
Seat 4: michasia ($119.48 in chips) 
Seat 5: Avo75 ($68.94 in chips) 
Seat 6: EyzRED ($108 in chips) 
michasia: posts small blind $0.50
Avo75: posts big blind $1
*** HOLE CARDS ***
EyzRED: folds 
whlzor: folds 
Pippa83: folds 
Christianzt1: raises $1.40 to $2.40
michasia: folds 
Avo75: calls $1.40
*** FLOP *** [Jh Qs 6d]
Avo75: checks 
Christianzt1: checks 
*** TURN *** [Jh Qs 6d] [6c]
Avo75: checks 
Christianzt1: checks 
*** RIVER *** [Jh Qs 6d 6c] [Ad]
Avo75: checks 
Christianzt1: checks 
*** SHOW DOWN ***
Avo75: shows [Kh 8s] (a pair of Sixes)
Christianzt1: shows [5s Js] (two pair, Jacks and Sixes)
Christianzt1 collected $5.04 from pot
*** SUMMARY ***
Total pot $5.30 | Rake $0.26 
Board [Jh Qs 6d 6c Ad]
Seat 1: whlzor folded before Flop (didn't bet)
Seat 2: Pippa83 folded before Flop (didn't bet)
Seat 3: Christianzt1 (button) showed [5s Js] and won ($5.04) with two pair, Jacks and Sixes
Seat 4: michasia (small blind) folded before Flop
Seat 5: Avo75 (big blind) showed [Kh 8s] and lost with a pair of Sixes
Seat 6: EyzRED folded before Flop (didn't bet)



PokerStars Hand #254316904131:  Hold'em No Limit ($0.50/$1.00 USD) - 2025/01/11 18:28:15 WET [2025/01/11 13:28:15 ET]
Table 'Montefiore III' 6-max Seat #4 is the button
Seat 1: whlzor ($155.67 in chips) 
Seat 2: Pippa83 ($111.14 in chips) 
Seat 3: Christianzt1 ($102.64 in chips) 
Seat 4: michasia ($118.98 in chips) 
Seat 5: Avo75 ($66.54 in chips) 
Seat 6: EyzRED ($108 in chips) 
Avo75: posts small blind $0.50
EyzRED: posts big blind $1
*** HOLE CARDS ***
whlzor: folds 
Pippa83: folds 
Christianzt1: folds 
michasia: raises $1.80 to $2.80
Avo75: calls $2.30
EyzRED: calls $1.80
*** FLOP *** [4h As 8d]
Avo75: checks 
EyzRED: checks 
michasia: checks 
*** TURN *** [4h As 8d] [4c]
Avo75: checks 
EyzRED: checks 
michasia: bets $5.32
Avo75: folds 
EyzRED: folds 
Uncalled bet ($5.32) returned to michasia
michasia collected $7.98 from pot
michasia: doesn't show hand 
*** SUMMARY ***
Total pot $8.40 | Rake $0.42 
Board [4h As 8d 4c]
Seat 1: whlzor folded before Flop (didn't bet)
Seat 2: Pippa83 folded before Flop (didn't bet)
Seat 3: Christianzt1 folded before Flop (didn't bet)
Seat 4: michasia (button) collected ($7.98)
Seat 5: Avo75 (small blind) folded on the Turn
Seat 6: EyzRED (big blind) folded on the Turn



PokerStars Hand #254316919705:  Hold'em No Limit ($0.50/$1.00 USD) - 2025/01/11 18:29:02 WET [2025/01/11 13:29:02 ET]
Table 'Montefiore III' 6-max Seat #5 is the button
Seat 1: whlzor ($155.67 in chips) 
Seat 2: Pippa83 ($111.14 in chips) 
Seat 3: Christianzt1 ($102.64 in chips) 
Seat 4: michasia ($124.16 in chips) 
Seat 5: Avo75 ($63.74 in chips) 
Seat 6: EyzRED ($105.20 in chips) 
EyzRED: posts small blind $0.50
whlzor: posts big blind $1
*** HOLE CARDS ***
Pippa83: folds 
Christianzt1: raises $1.40 to $2.40
michasia: folds 
Avo75: folds 
EyzRED: folds 
whlzor: raises $8.60 to $11
Christianzt1: folds 
Uncalled bet ($8.60) returned to whlzor
whlzor collected $5.30 from pot
whlzor: doesn't show hand 
*** SUMMARY ***
Total pot $5.30 | Rake $0 
Seat 1: whlzor (big blind) collected ($5.30)
Seat 2: Pippa83 folded before Flop (didn't bet)
Seat 3: Christianzt1 folded before Flop
Seat 4: michasia folded before Flop (didn't bet)
Seat 5: Avo75 (button) folded before Flop (didn't bet)
Seat 6: EyzRED (small blind) folded before Flop



PokerStars Hand #254316927077:  Hold'em No Limit ($0.50/$1.00 USD) - 2025/01/11 18:29:25 WET [2025/01/11 13:29:25 ET]
Table 'Montefiore III' 6-max Seat #6 is the button
Seat 1: whlzor ($158.57 in chips) 
Seat 2: Pippa83 ($111.14 in chips) 
Seat 3: Christianzt1 ($100.24 in chips) 
Seat 4: michasia ($124.16 in chips) 
Seat 5: Avo75 ($63.74 in chips) 
Seat 6: EyzRED ($104.70 in chips) 
whlzor: posts small blind $0.50
Pippa83: posts big blind $1
*** HOLE CARDS ***
Christianzt1: folds 
michasia: folds 
Avo75: calls $1
EyzRED: folds 
whlzor: folds 
Pippa83: checks 
*** FLOP *** [Td Qh 8h]
Pippa83: checks 
Avo75: checks 
*** TURN *** [Td Qh 8h] [Js]
Pippa83: checks 
Avo75: bets $2
Pippa83: folds 
Uncalled bet ($2) returned to Avo75
Avo75 collected $2.38 from pot
Avo75: doesn't show hand 
*** SUMMARY ***
Total pot $2.50 | Rake $0.12 
Board [Td Qh 8h Js]
Seat 1: whlzor (small blind) folded before Flop
Seat 2: Pippa83 (big blind) folded on the Turn
Seat 3: Christianzt1 folded before Flop (didn't bet)
Seat 4: michasia folded before Flop (didn't bet)
Seat 5: Avo75 collected ($2.38)
Seat 6: EyzRED (button) folded before Flop (didn't bet)



PokerStars Hand #254316937811:  Hold'em No Limit ($0.50/$1.00 USD) - 2025/01/11 18:29:57 WET [2025/01/11 13:29:57 ET]
Table 'Montefiore III' 6-max Seat #1 is the button
Seat 1: whlzor ($158.07 in chips) 
Seat 2: Pippa83 ($110.14 in chips) 
Seat 3: Christianzt1 ($100.24 in chips) 
Seat 4: michasia ($124.16 in chips) 
Seat 5: Avo75 ($65.12 in chips) 
Seat 6: EyzRED ($104.70 in chips) 
Pippa83: posts small blind $0.50
Christianzt1: posts big blind $1
*** HOLE CARDS ***
michasia: folds 
Avo75: folds 
EyzRED: folds 
whlzor: folds 
Pippa83: folds 
Uncalled bet ($0.50) returned to Christianzt1
Christianzt1 collected $1 from pot
*** SUMMARY ***
Total pot $1 | Rake $0 
Seat 1: whlzor (button) folded before Flop (didn't bet)
Seat 2: Pippa83 (small blind) folded before Flop
Seat 3: Christianzt1 (big blind) collected ($1)
Seat 4: michasia folded before Flop (didn't bet)
Seat 5: Avo75 folded before Flop (didn't bet)
Seat 6: EyzRED folded before Flop (didn't bet)



PokerStars Hand #254316941330:  Hold'em No Limit ($0.50/$1.00 USD) - 2025/01/11 18:30:08 WET [2025/01/11 13:30:08 ET]
Table 'Montefiore III' 6-max Seat #2 is the button
Seat 1: whlzor ($158.07 in chips) 
Seat 2: Pippa83 ($109.64 in chips) 
Seat 3: Christianzt1 ($100.74 in chips) 
Seat 4: michasia ($124.16 in chips) 
Seat 5: Avo75 ($65.12 in chips) 
Seat 6: EyzRED ($104.70 in chips) 
Christianzt1: posts small blind $0.50
michasia: posts big blind $1
*** HOLE CARDS ***
Avo75: raises $1 to $2
EyzRED: folds 
whlzor: folds 
Pippa83: folds 
Christianzt1: folds 
michasia: calls $1
*** FLOP *** [Jh 6d 9d]
michasia: checks 
Avo75: bets $4
michasia: raises $8 to $12
Avo75: folds 
Uncalled bet ($8) returned to michasia
michasia collected $11.88 from pot
michasia: doesn't show hand 
*** SUMMARY ***
Total pot $12.50 | Rake $0.62 
Board [Jh 6d 9d]
Seat 1: whlzor folded before Flop (didn't bet)
Seat 2: Pippa83 (button) folded before Flop (didn't bet)
Seat 3: Christianzt1 (small blind) folded before Flop
Seat 4: michasia (big blind) collected ($11.88)
Seat 5: Avo75 folded on the Flop
Seat 6: EyzRED folded before Flop (didn't bet)



PokerStars Hand #254316951298:  Hold'em No Limit ($0.50/$1.00 USD) - 2025/01/11 18:30:38 WET [2025/01/11 13:30:38 ET]
Table 'Montefiore III' 6-max Seat #3 is the button
Seat 1: whlzor ($158.07 in chips) 
Seat 2: Pippa83 ($109.64 in chips) 
Seat 3: Christianzt1 ($100.24 in chips) 
Seat 4: michasia ($130.04 in chips) 
Seat 5: Avo75 ($59.12 in chips) 
Seat 6: EyzRED ($104.70 in chips) 
michasia: posts small blind $0.50
Avo75: posts big blind $1
*** HOLE CARDS ***
EyzRED: folds 
whlzor: folds 
Pippa83: raises $1.50 to $2.50
Christianzt1: folds 
michasia: raises $9.50 to $12
Avo75: calls $11
Pippa83: folds 
*** FLOP *** [Tc 2d Jd]
michasia: checks 
Avo75: checks 
*** TURN *** [Tc 2d Jd] [Qd]
michasia: checks 
Avo75: checks 
*** RIVER *** [Tc 2d Jd Qd] [Qh]
michasia: checks 
Avo75: bets $7
michasia: folds 
Uncalled bet ($7) returned to Avo75
Avo75 collected $25.18 from pot
Avo75: doesn't show hand 
*** SUMMARY ***
Total pot $26.50 | Rake $1.32 
Board [Tc 2d Jd Qd Qh]
Seat 1: whlzor folded before Flop (didn't bet)
Seat 2: Pippa83 folded before Flop
Seat 3: Christianzt1 (button) folded before Flop (didn't bet)
Seat 4: michasia (small blind) folded on the River
Seat 5: Avo75 (big blind) collected ($25.18)
Seat 6: EyzRED folded before Flop (didn't bet)



PokerStars Hand #254316965142:  Hold'em No Limit ($0.50/$1.00 USD) - 2025/01/11 18:31:19 WET [2025/01/11 13:31:19 ET]
Table 'Montefiore III' 6-max Seat #4 is the button
Seat 1: whlzor ($158.07 in chips) 
Seat 2: Pippa83 ($107.14 in chips) 
Seat 3: Christianzt1 ($100.24 in chips) 
Seat 4: michasia ($118.04 in chips) 
Seat 5: Avo75 ($72.30 in chips) 
Seat 6: EyzRED ($104.70 in chips) 
Avo75: posts small blind $0.50
EyzRED: posts big blind $1
*** HOLE CARDS ***
whlzor: raises $1.50 to $2.50
Pippa83: folds 
Christianzt1: folds 
michasia: folds 
Avo75: folds 
EyzRED: folds 
Uncalled bet ($1.50) returned to whlzor
whlzor collected $2.50 from pot
whlzor: doesn't show hand 
*** SUMMARY ***
Total pot $2.50 | Rake $0 
Seat 1: whlzor collected ($2.50)
Seat 2: Pippa83 folded before Flop (didn't bet)
Seat 3: Christianzt1 folded before Flop (didn't bet)
Seat 4: michasia (button) folded before Flop (didn't bet)
Seat 5: Avo75 (small blind) folded before Flop
Seat 6: EyzRED (big blind) folded before Flop



PokerStars Hand #254316970791:  Hold'em No Limit ($0.50/$1.00 USD) - 2025/01/11 18:31:36 WET [2025/01/11 13:31:36 ET]
Table 'Montefiore III' 6-max Seat #5 is the button
Seat 1: whlzor ($159.57 in chips) 
Seat 2: Pippa83 ($107.14 in chips) 
Seat 3: Christianzt1 ($100.24 in chips) 
Seat 4: michasia ($118.04 in chips) 
Seat 5: Avo75 ($71.80 in chips) 
Seat 6: EyzRED ($103.70 in chips) 
EyzRED: posts small blind $0.50
whlzor: posts big blind $1
*** HOLE CARDS ***
Pippa83: folds 
Christianzt1: folds 
michasia: folds 
Avo75: raises $1 to $2
EyzRED: folds 
whlzor: calls $1
*** FLOP *** [4s 2d Qc]
whlzor: checks 
Avo75: bets $3
whlzor: folds 
Uncalled bet ($3) returned to Avo75
Avo75 collected $4.28 from pot
Avo75: doesn't show hand 
*** SUMMARY ***
Total pot $4.50 | Rake $0.22 
Board [4s 2d Qc]
Seat 1: whlzor (big blind) folded on the Flop
Seat 2: Pippa83 folded before Flop (didn't bet)
Seat 3: Christianzt1 folded before Flop (didn't bet)
Seat 4: michasia folded before Flop (didn't bet)
Seat 5: Avo75 (button) collected ($4.28)
Seat 6: EyzRED (small blind) folded before Flop



PokerStars Hand #254316978723:  Hold'em No Limit ($0.50/$1.00 USD) - 2025/01/11 18:32:00 WET [2025/01/11 13:32:00 ET]
Table 'Montefiore III' 6-max Seat #6 is the button
Seat 1: whlzor ($157.57 in chips) 
Seat 2: Pippa83 ($107.14 in chips) 
Seat 3: Christianzt1 ($100.24 in chips) 
Seat 4: michasia ($118.04 in chips) 
Seat 5: Avo75 ($74.08 in chips) 
Seat 6: EyzRED ($103.20 in chips) 
whlzor: posts small blind $0.50
Pippa83: posts big blind $1
*** HOLE CARDS ***
Christianzt1: folds 
michasia: raises $1.60 to $2.60
Avo75: folds 
EyzRED: folds 
whlzor: folds 
Pippa83: folds 
Uncalled bet ($1.60) returned to michasia
michasia collected $2.50 from pot
michasia: doesn't show hand 
*** SUMMARY ***
Total pot $2.50 | Rake $0 
Seat 1: whlzor (small blind) folded before Flop
Seat 2: Pippa83 (big blind) folded before Flop
Seat 3: Christianzt1 folded before Flop (didn't bet)
Seat 4: michasia collected ($2.50)
Seat 5: Avo75 folded before Flop (didn't bet)
Seat 6: EyzRED (button) folded before Flop (didn't bet)



PokerStars Hand #254316983926:  Hold'em No Limit ($0.50/$1.00 USD) - 2025/01/11 18:32:16 WET [2025/01/11 13:32:16 ET]
Table 'Montefiore III' 6-max Seat #1 is the button
Seat 1: whlzor ($157.07 in chips) 
Seat 2: Pippa83 ($106.14 in chips) 
Seat 3: Christianzt1 ($100.24 in chips) 
Seat 4: michasia ($119.54 in chips) 
Seat 5: Avo75 ($74.08 in chips) 
Seat 6: EyzRED ($103.20 in chips) 
Pippa83: posts small blind $0.50
Christianzt1: posts big blind $1
*** HOLE CARDS ***
michasia: raises $1.60 to $2.60
Avo75: calls $2.60
EyzRED: folds 
whlzor: folds 
Pippa83: folds 
Christianzt1: folds 
*** FLOP *** [Qc Qs 6d]
michasia: bets $2.10
Avo75: calls $2.10
*** TURN *** [Qc Qs 6d] [9s]
michasia: bets $12.95
Avo75: calls $12.95
*** RIVER *** [Qc Qs 6d 9s] [2h]
michasia: checks 
Avo75: bets $16
michasia: folds 
Uncalled bet ($16) returned to Avo75
Avo75 collected $34.96 from pot
Avo75: doesn't show hand 
*** SUMMARY ***
Total pot $36.80 | Rake $1.84 
Board [Qc Qs 6d 9s 2h]
Seat 1: whlzor (button) folded before Flop (didn't bet)
Seat 2: Pippa83 (small blind) folded before Flop
Seat 3: Christianzt1 (big blind) folded before Flop
Seat 4: michasia folded on the River
Seat 5: Avo75 collected ($34.96)
Seat 6: EyzRED folded before Flop (didn't bet)



PokerStars Hand #254317000064:  Hold'em No Limit ($0.50/$1.00 USD) - 2025/01/11 18:33:04 WET [2025/01/11 13:33:04 ET]
Table 'Montefiore III' 6-max Seat #2 is the button
Seat 1: whlzor ($157.07 in chips) 
Seat 2: Pippa83 ($105.64 in chips) 
Seat 3: Christianzt1 ($100 in chips) 
Seat 4: michasia ($101.89 in chips) 
Seat 5: Avo75 ($91.39 in chips) 
Seat 6: EyzRED ($103.20 in chips) 
Christianzt1: posts small blind $0.50
michasia: posts big blind $1
*** HOLE CARDS ***
Avo75: calls $1
EyzRED: folds 
whlzor: folds 
Pippa83: raises $2.50 to $3.50
Christianzt1: folds 
michasia: folds 
Avo75: calls $2.50
*** FLOP *** [Qs 4s 5h]
Avo75: checks 
Pippa83: checks 
*** TURN *** [Qs 4s 5h] [4h]
Avo75: bets $4.04
Pippa83: calls $4.04
*** RIVER *** [Qs 4s 5h 4h] [Th]
Avo75: checks 
Pippa83: checks 
*** SHOW DOWN ***
Avo75: shows [Jc Qd] (two pair, Queens and Fours)
Pippa83: mucks hand 
Avo75 collected $15.75 from pot
*** SUMMARY ***
Total pot $16.58 | Rake $0.83 
Board [Qs 4s 5h 4h Th]
Seat 1: whlzor folded before Flop (didn't bet)
Seat 2: Pippa83 (button) mucked
Seat 3: Christianzt1 (small blind) folded before Flop
Seat 4: michasia (big blind) folded before Flop
Seat 5: Avo75 showed [Jc Qd] and won ($15.75) with two pair, Queens and Fours
Seat 6: EyzRED folded before Flop (didn't bet)



PokerStars Hand #254317011322:  Hold'em No Limit ($0.50/$1.00 USD) - 2025/01/11 18:33:38 WET [2025/01/11 13:33:38 ET]
Table 'Montefiore III' 6-max Seat #3 is the button
Seat 1: whlzor ($157.07 in chips) 
Seat 2: Pippa83 ($100 in chips) 
Seat 3: Christianzt1 ($100 in chips) 
Seat 4: michasia ($100.89 in chips) 
Seat 5: Avo75 ($99.60 in chips) 
Seat 6: EyzRED ($103.20 in chips) 
michasia: posts small blind $0.50
Avo75: posts big blind $1
*** HOLE CARDS ***
EyzRED: raises $1.20 to $2.20
whlzor: folds 
Pippa83: folds 
Christianzt1: folds 
michasia: folds 
Avo75: calls $1.20
*** FLOP *** [Ks Qh 9s]
Avo75: checks 
EyzRED: bets $1.35
Avo75: calls $1.35
*** TURN *** [Ks Qh 9s] [3s]
Avo75: checks 
EyzRED: bets $5.13
Avo75: calls $5.13
*** RIVER *** [Ks Qh 9s 3s] [Jh]
Avo75: checks 
EyzRED: checks 
*** SHOW DOWN ***
Avo75: shows [Qd 5h] (a pair of Queens)
EyzRED: shows [Ah As] (a pair of Aces)
EyzRED collected $16.97 from pot
*** SUMMARY ***
Total pot $17.86 | Rake $0.89 
Board [Ks Qh 9s 3s Jh]
Seat 1: whlzor folded before Flop (didn't bet)
Seat 2: Pippa83 folded before Flop (didn't bet)
Seat 3: Christianzt1 (button) folded before Flop (didn't bet)
Seat 4: michasia (small blind) folded before Flop
Seat 5: Avo75 (big blind) showed [Qd 5h] and lost with a pair of Queens
Seat 6: EyzRED showed [Ah As] and won ($16.97) with a pair of Aces



PokerStars Hand #254317021701:  Hold'em No Limit ($0.50/$1.00 USD) - 2025/01/11 18:34:09 WET [2025/01/11 13:34:09 ET]
Table 'Montefiore III' 6-max Seat #4 is the button
Seat 1: whlzor ($157.07 in chips) 
Seat 2: Pippa83 ($100 in chips) 
Seat 3: Christianzt1 ($100 in chips) 
Seat 4: michasia ($100.39 in chips) 
Seat 5: Avo75 ($90.92 in chips) 
Seat 6: EyzRED ($111.49 in chips) 
Avo75: posts small blind $0.50
EyzRED: posts big blind $1
*** HOLE CARDS ***
whlzor: raises $1.50 to $2.50
Pippa83: folds 
Christianzt1: folds 
michasia: folds 
Avo75: folds 
EyzRED: folds 
Uncalled bet ($1.50) returned to whlzor
whlzor collected $2.50 from pot
whlzor: doesn't show hand 
*** SUMMARY ***
Total pot $2.50 | Rake $0 
Seat 1: whlzor collected ($2.50)
Seat 2: Pippa83 folded before Flop (didn't bet)
Seat 3: Christianzt1 folded before Flop (didn't bet)
Seat 4: michasia (button) folded before Flop (didn't bet)
Seat 5: Avo75 (small blind) folded before Flop
Seat 6: EyzRED (big blind) folded before Flop



PokerStars Hand #254317026798:  Hold'em No Limit ($0.50/$1.00 USD) - 2025/01/11 18:34:25 WET [2025/01/11 13:34:25 ET]
Table 'Montefiore III' 6-max Seat #5 is the button
Seat 1: whlzor ($158.57 in chips) 
Seat 2: Pippa83 ($100 in chips) 
Seat 3: Christianzt1 ($100 in chips) 
Seat 4: michasia ($100.39 in chips) 
Seat 5: Avo75 ($90.42 in chips) 
Seat 6: EyzRED ($110.49 in chips) 
EyzRED: posts small blind $0.50
whlzor: posts big blind $1
*** HOLE CARDS ***
Pippa83: raises $1 to $2
Christianzt1: folds 
michasia: folds 
Avo75: calls $2
EyzRED: folds 
whlzor: raises $9 to $11
Pippa83: folds 
Avo75: calls $9
*** FLOP *** [5s Js Jd]
whlzor: bets $7.68
Avo75: calls $7.68
*** TURN *** [5s Js Jd] [4s]
whlzor: checks 
Avo75: bets $11
whlzor: calls $11
*** RIVER *** [5s Js Jd 4s] [7d]
whlzor: checks 
Avo75: bets $29.68
whlzor: calls $29.68
*** SHOW DOWN ***
Avo75: shows [Qs Th] (a pair of Jacks)
whlzor: shows [Ts Td] (two pair, Jacks and Tens)
whlzor collected $118.72 from pot
*** SUMMARY ***
Total pot $121.22 | Rake $2.50 
Board [5s Js Jd 4s 7d]
Seat 1: whlzor (big blind) showed [Ts Td] and won ($118.72) with two pair, Jacks and Tens
Seat 2: Pippa83 folded before Flop
Seat 3: Christianzt1 folded before Flop (didn't bet)
Seat 4: michasia folded before Flop (didn't bet)
Seat 5: Avo75 (button) showed [Qs Th] and lost with a pair of Jacks
Seat 6: EyzRED (small blind) folded before Flop



PokerStars Hand #254317041956:  Hold'em No Limit ($0.50/$1.00 USD) - 2025/01/11 18:35:10 WET [2025/01/11 13:35:10 ET]
Table 'Montefiore III' 6-max Seat #6 is the button
Seat 1: whlzor ($217.93 in chips) 
Seat 2: Pippa83 ($100 in chips) 
Seat 3: Christianzt1 ($100 in chips) 
Seat 4: michasia ($100.39 in chips) 
Seat 5: Avo75 ($31.06 in chips) 
Seat 6: EyzRED ($109.99 in chips) 
whlzor: posts small blind $0.50
Pippa83: posts big blind $1
*** HOLE CARDS ***
Christianzt1: folds 
michasia: raises $1.60 to $2.60
Avo75: calls $2.60
EyzRED: folds 
whlzor: raises $10.90 to $13.50
Pippa83: raises $18.50 to $32
michasia: folds 
Avo75: calls $28.46 and is all-in
whlzor: folds 
Uncalled bet ($0.94) returned to Pippa83
*** FLOP *** [Jd 7h 3d]
*** TURN *** [Jd 7h 3d] [7d]
*** RIVER *** [Jd 7h 3d 7d] [2h]
*** SHOW DOWN ***
Pippa83: shows [Kd Ks] (two pair, Kings and Sevens)
Avo75: shows [6s 5s] (a pair of Sevens)
Pippa83 collected $75.72 from pot
*** SUMMARY ***
Total pot $78.22 | Rake $2.50 
Board [Jd 7h 3d 7d 2h]
Seat 1: whlzor (small blind) folded before Flop
Seat 2: Pippa83 (big blind) showed [Kd Ks] and won ($75.72) with two pair, Kings and Sevens
Seat 3: Christianzt1 folded before Flop (didn't bet)
Seat 4: michasia folded before Flop
Seat 5: Avo75 showed [6s 5s] and lost with a pair of Sevens
Seat 6: EyzRED (button) folded before Flop (didn't bet)



PokerStars Hand #254317055588:  Hold'em No Limit ($0.50/$1.00 USD) - 2025/01/11 18:35:51 WET [2025/01/11 13:35:51 ET]
Table 'Montefiore III' 6-max Seat #1 is the button
Seat 3: Christianzt1 ($100 in chips) is sitting out
Seat 5: Avo75 ($0 in chips) is sitting out
Seat 1: whlzor ($204.43 in chips) 
Seat 2: Pippa83 ($144.66 in chips) 
Seat 4: michasia ($100 in chips) 
Seat 6: EyzRED ($109.99 in chips) 
Pippa83: posts small blind $0.50
Christianzt1: is sitting out 
michasia: posts big blind $1
*** HOLE CARDS ***
Christianzt1 leaves the table
EyzRED: raises $1.20 to $2.20
tukeiron joins the table at seat #3 
Avo75 leaves the table
whlzor: raises $6.30 to $8.50
Pippa83: folds 
michasia: folds 
Evelexy1 joins the table at seat #5 
EyzRED: calls $6.30
*** FLOP *** [7h 5d Js]
EyzRED: checks 
whlzor: bets $5.80
EyzRED: calls $5.80
*** TURN *** [7h 5d Js] [8s]
EyzRED: bets $8.44
whlzor: calls $8.44
*** RIVER *** [7h 5d Js 8s] [9c]
EyzRED: bets $13.33
whlzor: calls $13.33
*** SHOW DOWN ***
EyzRED: shows [6c 6h] (a straight, Five to Nine)
whlzor: mucks hand 
EyzRED collected $72.64 from pot
*** SUMMARY ***
Total pot $73.64 | Rake $1 
Board [7h 5d Js 8s 9c]
Seat 3: Christianzt1
Seat 5: Avo75
Seat 1: whlzor (button) mucked
Seat 2: Pippa83 (small blind) folded before Flop
Seat 4: michasia (big blind) folded before Flop
Seat 6: EyzRED showed [6c 6h] and won ($72.64) with a straight, Five to Nine



PokerStars Hand #254317087656:  Hold'em No Limit ($0.50/$1.00 USD) - 2025/01/11 18:37:26 WET [2025/01/11 13:37:26 ET]
Table 'Montefiore III' 6-max Seat #2 is the button
Seat 3: tukeiron ($100 in chips) is sitting out
Seat 1: whlzor ($168.36 in chips) 
Seat 2: Pippa83 ($144.16 in chips) 
Seat 4: michasia ($100 in chips) 
Seat 5: Evelexy1 ($100 in chips) 
Seat 6: EyzRED ($146.56 in chips) 
michasia: posts small blind $0.50
Evelexy1: posts big blind $1
*** HOLE CARDS ***
EyzRED: folds 
whlzor: folds 
Pippa83: folds 
michasia: raises $2 to $3
Evelexy1: folds 
Uncalled bet ($2) returned to michasia
michasia collected $2 from pot
michasia: doesn't show hand 
*** SUMMARY ***
Total pot $2 | Rake $0 
Seat 3: tukeiron
Seat 1: whlzor folded before Flop (didn't bet)
Seat 2: Pippa83 (button) folded before Flop (didn't bet)
Seat 4: michasia (small blind) collected ($2)
Seat 5: Evelexy1 (big blind) folded before Flop
Seat 6: EyzRED folded before Flop (didn't bet)



PokerStars Hand #254317091897:  Hold'em No Limit ($0.50/$1.00 USD) - 2025/01/11 18:37:39 WET [2025/01/11 13:37:39 ET]
Table 'Montefiore III' 6-max Seat #4 is the button
Seat 3: tukeiron ($100 in chips) is sitting out
Seat 1: whlzor ($168.36 in chips) 
Seat 2: Pippa83 ($144.16 in chips) 
Seat 4: michasia ($101 in chips) 
Seat 5: Evelexy1 ($100 in chips) 
Seat 6: EyzRED ($146.56 in chips) 
Evelexy1: posts small blind $0.50
EyzRED: posts big blind $1
tukeiron: sits out 
*** HOLE CARDS ***
whlzor: folds 
Pippa83: folds 
michasia: raises $1.80 to $2.80
Evelexy1: folds 
EyzRED: folds 
Uncalled bet ($1.80) returned to michasia
michasia collected $2.50 from pot
michasia: doesn't show hand 
*** SUMMARY ***
Total pot $2.50 | Rake $0 
Seat 3: tukeiron
Seat 1: whlzor folded before Flop (didn't bet)
Seat 2: Pippa83 folded before Flop (didn't bet)
Seat 4: michasia (button) collected ($2.50)
Seat 5: Evelexy1 (small blind) folded before Flop
Seat 6: EyzRED (big blind) folded before Flop



PokerStars Hand #254317097725:  Hold'em No Limit ($0.50/$1.00 USD) - 2025/01/11 18:37:56 WET [2025/01/11 13:37:56 ET]
Table 'Montefiore III' 6-max Seat #5 is the button
Seat 1: whlzor ($168.36 in chips) is sitting out
Seat 2: Pippa83 ($144.16 in chips) is sitting out
Seat 3: tukeiron ($100 in chips) 
Seat 4: michasia ($102.50 in chips) 
Seat 5: Evelexy1 ($100 in chips) 
Seat 6: EyzRED ($145.56 in chips) 
EyzRED: posts small blind $0.50
whlzor: is sitting out 
Pippa83: is sitting out 
tukeiron: posts big blind $1
*** HOLE CARDS ***
michasia: folds 
Pippa83 leaves the table
Evelexy1: raises $1.50 to $2.50
EyzRED: folds 
whlzor leaves the table
bogarthump joins the table at seat #1 
tukeiron: raises $10.50 to $13
Evelexy1: folds 
Uncalled bet ($10.50) returned to tukeiron
Evelexy1 leaves the table
tukeiron collected $5.50 from pot
*** SUMMARY ***
Total pot $5.50 | Rake $0 
Seat 1: whlzor
Seat 2: Pippa83
Seat 3: tukeiron (big blind) collected ($5.50)
Seat 4: michasia folded before Flop (didn't bet)
Seat 5: Evelexy1 (button) folded before Flop
Seat 6: EyzRED (small blind) folded before Flop



PokerStars Hand #254317113840:  Hold'em No Limit ($0.50/$1.00 USD) - 2025/01/11 18:38:44 WET [2025/01/11 13:38:44 ET]
Table 'Montefiore III' 6-max Seat #1 is the button
Seat 4: michasia ($102.50 in chips) is sitting out
Seat 1: bogarthump ($100 in chips) 
Seat 3: tukeiron ($103 in chips) 
bogarthump: posts small blind $0.50
tukeiron: posts big blind $1
*** HOLE CARDS ***
michasia leaves the table
bogarthump: folds 
Uncalled bet ($0.50) returned to tukeiron
tukeiron collected $1 from pot
tukeiron: doesn't show hand 
*** SUMMARY ***
Total pot $1 | Rake $0 
Seat 4: michasia
Seat 1: bogarthump (button) (small blind) folded before Flop
Seat 3: tukeiron (big blind) collected ($1)



