PokerStars Hand #254555432131:  Hold'em No Limit ($0.50/$1.00 USD) - 2025/01/25 0:52:24 WET [2025/01/25 19:52:24 ET]
Table 'Hale-Bopp IV' 6-max Seat #3 is the button
Seat 1: Mensalao2010 ($95.43 in chips) is sitting out
Seat 2: ptolejmus ($10.21 in chips) 
Seat 3: benedi2004 ($102 in chips) 
Seat 4: adrianos1211 ($100 in chips) 
Seat 5: Silence1925 ($57.87 in chips) 
Seat 6: EasyGamerrr ($100.21 in chips) 
adrianos1211: posts small blind $0.50
Silence1925: posts big blind $1
*** HOLE CARDS ***
EasyGamerrr: folds 
ptolejmus: raises $1 to $2
benedi2004: folds 
adrianos1211: folds 
Silence1925: calls $1
*** FLOP *** [6c Kh 5s]
Silence1925: checks 
ptolejmus: bets $1.16
Silence1925: raises $7.84 to $9
ptolejmus: folds 
Uncalled bet ($7.84) returned to Silence1925
Silence1925 collected $6.48 from pot
Silence1925: doesn't show hand 
*** SUMMARY ***
Total pot $6.82 | Rake $0.34 
Board [6c Kh 5s]
Seat 1: Mensalao2010
Seat 2: ptolejmus folded on the Flop
Seat 3: benedi2004 (button) folded before Flop (didn't bet)
Seat 4: adrianos1211 (small blind) folded before Flop
Seat 5: Silence1925 (big blind) collected ($6.48)
Seat 6: EasyGamerrr folded before Flop (didn't bet)



PokerStars Hand #254555443001:  Hold'em No Limit ($0.50/$1.00 USD) - 2025/01/25 0:53:19 WET [2025/01/25 19:53:19 ET]
Table 'Hale-Bopp IV' 6-max Seat #4 is the button
Seat 1: Mensalao2010 ($95.43 in chips) is sitting out
Seat 6: EasyGamerrr ($100.21 in chips) is sitting out
Seat 2: ptolejmus ($10 in chips) 
Seat 3: benedi2004 ($102 in chips) 
Seat 4: adrianos1211 ($100 in chips) 
Seat 5: Silence1925 ($61.19 in chips) 
Silence1925: posts small blind $0.50
EasyGamerrr: is sitting out 
ptolejmus: posts big blind $1
*** HOLE CARDS ***
benedi2004: raises $2 to $3
EasyGamerrr leaves the table
adrianos1211: folds 
Silence1925: folds 
ptolejmus: folds 
Uncalled bet ($2) returned to benedi2004
benedi2004 collected $2.50 from pot
benedi2004: doesn't show hand 
nikalas22 joins the table at seat #6 
*** SUMMARY ***
Total pot $2.50 | Rake $0 
Seat 1: Mensalao2010
Seat 6: EasyGamerrr
Seat 2: ptolejmus (big blind) folded before Flop
Seat 3: benedi2004 collected ($2.50)
Seat 4: adrianos1211 (button) folded before Flop (didn't bet)
Seat 5: Silence1925 (small blind) folded before Flop



PokerStars Hand #254555446157:  Hold'em No Limit ($0.50/$1.00 USD) - 2025/01/25 0:53:34 WET [2025/01/25 19:53:34 ET]
Table 'Hale-Bopp IV' 6-max Seat #5 is the button
Seat 1: Mensalao2010 ($95.43 in chips) is sitting out
Seat 6: nikalas22 ($100 in chips) is sitting out
Seat 2: ptolejmus ($10 in chips) 
Seat 3: benedi2004 ($103.50 in chips) 
Seat 4: adrianos1211 ($100 in chips) 
Seat 5: Silence1925 ($60.69 in chips) 
ptolejmus: posts small blind $0.50
benedi2004: posts big blind $1
*** HOLE CARDS ***
adrianos1211: folds 
Silence1925: raises $1 to $2
ptolejmus: raises $8 to $10 and is all-in
benedi2004: folds 
Silence1925: calls $8
*** FLOP *** [Jh 9c 4h]
*** TURN *** [Jh 9c 4h] [7s]
*** RIVER *** [Jh 9c 4h 7s] [8c]
*** SHOW DOWN ***
ptolejmus: shows [As Jc] (a pair of Jacks)
Silence1925: shows [Td Tc] (a straight, Seven to Jack)
Silence1925 collected $20 from pot
*** SUMMARY ***
Total pot $21 | Rake $1 
Board [Jh 9c 4h 7s 8c]
Seat 1: Mensalao2010
Seat 6: nikalas22
Seat 2: ptolejmus (small blind) showed [As Jc] and lost with a pair of Jacks
Seat 3: benedi2004 (big blind) folded before Flop
Seat 4: adrianos1211 folded before Flop (didn't bet)
Seat 5: Silence1925 (button) showed [Td Tc] and won ($20) with a straight, Seven to Jack



PokerStars Hand #254555451669:  Hold'em No Limit ($0.50/$1.00 USD) - 2025/01/25 0:54:02 WET [2025/01/25 19:54:02 ET]
Table 'Hale-Bopp IV' 6-max Seat #2 is the button
Seat 1: Mensalao2010 ($95.43 in chips) is sitting out
Seat 6: nikalas22 ($100 in chips) is sitting out
Seat 2: ptolejmus ($10 in chips) 
Seat 3: benedi2004 ($102.50 in chips) 
Seat 4: adrianos1211 ($100 in chips) 
Seat 5: Silence1925 ($70.69 in chips) 
benedi2004: posts small blind $0.50
adrianos1211: posts big blind $1
nikalas22: sits out 
Mensalao2010: sits out 
*** HOLE CARDS ***
Silence1925: folds 
ptolejmus: folds 
benedi2004: raises $1 to $2
adrianos1211: folds 
Uncalled bet ($1) returned to benedi2004
benedi2004 collected $2 from pot
benedi2004: doesn't show hand 
*** SUMMARY ***
Total pot $2 | Rake $0 
Seat 1: Mensalao2010
Seat 6: nikalas22
Seat 2: ptolejmus (button) folded before Flop (didn't bet)
Seat 3: benedi2004 (small blind) collected ($2)
Seat 4: adrianos1211 (big blind) folded before Flop
Seat 5: Silence1925 folded before Flop (didn't bet)



PokerStars Hand #254555456061:  Hold'em No Limit ($0.50/$1.00 USD) - 2025/01/25 0:54:24 WET [2025/01/25 19:54:24 ET]
Table 'Hale-Bopp IV' 6-max Seat #3 is the button
Seat 1: Mensalao2010 ($95.43 in chips) is sitting out
Seat 6: nikalas22 ($100 in chips) is sitting out
Seat 2: ptolejmus ($10 in chips) 
Seat 3: benedi2004 ($103.50 in chips) 
Seat 4: adrianos1211 ($100 in chips) 
Seat 5: Silence1925 ($70.69 in chips) 
adrianos1211: posts small blind $0.50
Silence1925: posts big blind $1
nikalas22: sits out 
Mensalao2010: sits out 
*** HOLE CARDS ***
ptolejmus: folds 
benedi2004: folds 
adrianos1211: folds 
Uncalled bet ($0.50) returned to Silence1925
Silence1925 collected $1 from pot
Silence1925: doesn't show hand 
*** SUMMARY ***
Total pot $1 | Rake $0 
Seat 1: Mensalao2010
Seat 6: nikalas22
Seat 2: ptolejmus folded before Flop (didn't bet)
Seat 3: benedi2004 (button) folded before Flop (didn't bet)
Seat 4: adrianos1211 (small blind) folded before Flop
Seat 5: Silence1925 (big blind) collected ($1)



PokerStars Hand #254555459079:  Hold'em No Limit ($0.50/$1.00 USD) - 2025/01/25 0:54:40 WET [2025/01/25 19:54:40 ET]
Table 'Hale-Bopp IV' 6-max Seat #4 is the button
Seat 1: Mensalao2010 ($95.43 in chips) is sitting out
Seat 2: ptolejmus ($10 in chips) 
Seat 3: benedi2004 ($103.50 in chips) 
Seat 4: adrianos1211 ($100 in chips) 
Seat 5: Silence1925 ($71.19 in chips) 
Seat 6: nikalas22 ($100 in chips) 
Silence1925: posts small blind $0.50
nikalas22: posts big blind $1
Mensalao2010: sits out 
*** HOLE CARDS ***
ptolejmus: folds 
benedi2004: folds 
adrianos1211: folds 
Silence1925: calls $0.50
nikalas22: checks 
*** FLOP *** [Jd Ts Ac]
Silence1925: bets $2
nikalas22: calls $2
*** TURN *** [Jd Ts Ac] [3d]
Silence1925: bets $2.85
nikalas22: calls $2.85
*** RIVER *** [Jd Ts Ac 3d] [3h]
Silence1925: bets $5.56
nikalas22: calls $5.56
*** SHOW DOWN ***
Silence1925: shows [8h 7s] (a pair of Threes)
nikalas22: shows [5c As] (two pair, Aces and Threes)
nikalas22 collected $21.68 from pot
*** SUMMARY ***
Total pot $22.82 | Rake $1.14 
Board [Jd Ts Ac 3d 3h]
Seat 1: Mensalao2010
Seat 2: ptolejmus folded before Flop (didn't bet)
Seat 3: benedi2004 folded before Flop (didn't bet)
Seat 4: adrianos1211 (button) folded before Flop (didn't bet)
Seat 5: Silence1925 (small blind) showed [8h 7s] and lost with a pair of Threes
Seat 6: nikalas22 (big blind) showed [5c As] and won ($21.68) with two pair, Aces and Threes



PokerStars Hand #254555469326:  Hold'em No Limit ($0.50/$1.00 USD) - 2025/01/25 0:55:37 WET [2025/01/25 19:55:37 ET]
Table 'Hale-Bopp IV' 6-max Seat #5 is the button
Seat 1: Mensalao2010 ($95.43 in chips) 
Seat 2: ptolejmus ($10 in chips) 
Seat 3: benedi2004 ($103.50 in chips) 
Seat 4: adrianos1211 ($100 in chips) 
Seat 5: Silence1925 ($59.78 in chips) 
Seat 6: nikalas22 ($110.27 in chips) 
nikalas22: posts small blind $0.50
Mensalao2010: posts big blind $1
*** HOLE CARDS ***
ptolejmus: folds 
benedi2004: folds 
adrianos1211: folds 
Silence1925: raises $2.50 to $3.50
nikalas22: folds 
Mensalao2010: calls $2.50
*** FLOP *** [3h Js Th]
Mensalao2010: checks 
Silence1925: checks 
*** TURN *** [3h Js Th] [8s]
Mensalao2010: bets $7.12
Silence1925: calls $7.12
*** RIVER *** [3h Js Th 8s] [9c]
Mensalao2010: checks 
Silence1925: bets $10.33
Mensalao2010: calls $10.33
*** SHOW DOWN ***
Silence1925: shows [Qs 2s] (a straight, Eight to Queen)
Mensalao2010: mucks hand 
Silence1925 collected $40.28 from pot
*** SUMMARY ***
Total pot $42.40 | Rake $2.12 
Board [3h Js Th 8s 9c]
Seat 1: Mensalao2010 (big blind) mucked
Seat 2: ptolejmus folded before Flop (didn't bet)
Seat 3: benedi2004 folded before Flop (didn't bet)
Seat 4: adrianos1211 folded before Flop (didn't bet)
Seat 5: Silence1925 (button) showed [Qs 2s] and won ($40.28) with a straight, Eight to Queen
Seat 6: nikalas22 (small blind) folded before Flop



PokerStars Hand #254555475570:  Hold'em No Limit ($0.50/$1.00 USD) - 2025/01/25 0:56:17 WET [2025/01/25 19:56:17 ET]
Table 'Hale-Bopp IV' 6-max Seat #6 is the button
Seat 1: Mensalao2010 ($74.48 in chips) 
Seat 2: ptolejmus ($10 in chips) 
Seat 3: benedi2004 ($103.50 in chips) 
Seat 4: adrianos1211 ($100 in chips) 
Seat 5: Silence1925 ($79.11 in chips) 
Seat 6: nikalas22 ($109.77 in chips) 
Mensalao2010: posts small blind $0.50
ptolejmus: posts big blind $1
*** HOLE CARDS ***
benedi2004: raises $1 to $2
adrianos1211: folds 
Silence1925: folds 
nikalas22: folds 
Mensalao2010: calls $1.50
ptolejmus: calls $1
*** FLOP *** [Ts 4d 2d]
Mensalao2010: checks 
ptolejmus: checks 
benedi2004: bets $5.70
Mensalao2010: folds 
ptolejmus: folds 
Uncalled bet ($5.70) returned to benedi2004
benedi2004 collected $5.62 from pot
benedi2004: doesn't show hand 
*** SUMMARY ***
Total pot $6 | Rake $0.38 
Board [Ts 4d 2d]
Seat 1: Mensalao2010 (small blind) folded on the Flop
Seat 2: ptolejmus (big blind) folded on the Flop
Seat 3: benedi2004 collected ($5.62)
Seat 4: adrianos1211 folded before Flop (didn't bet)
Seat 5: Silence1925 folded before Flop (didn't bet)
Seat 6: nikalas22 (button) folded before Flop (didn't bet)



PokerStars Hand #254555481683:  Hold'em No Limit ($0.50/$1.00 USD) - 2025/01/25 0:56:55 WET [2025/01/25 19:56:55 ET]
Table 'Hale-Bopp IV' 6-max Seat #1 is the button
Seat 1: Mensalao2010 ($72.48 in chips) 
Seat 2: ptolejmus ($10 in chips) 
Seat 3: benedi2004 ($107.12 in chips) 
Seat 4: adrianos1211 ($100 in chips) 
Seat 5: Silence1925 ($79.11 in chips) 
Seat 6: nikalas22 ($109.77 in chips) 
ptolejmus: posts small blind $0.50
benedi2004: posts big blind $1
*** HOLE CARDS ***
adrianos1211: folds 
Silence1925: folds 
nikalas22: folds 
Mensalao2010: raises $2 to $3
ptolejmus: folds 
benedi2004: raises $7.50 to $10.50
Mensalao2010: calls $7.50
*** FLOP *** [8s 4d 6c]
benedi2004: checks 
Mensalao2010: checks 
*** TURN *** [8s 4d 6c] [3c]
benedi2004: checks 
Mensalao2010: bets $10.21
benedi2004: calls $10.21
*** RIVER *** [8s 4d 6c 3c] [7c]
benedi2004: checks 
Mensalao2010: bets $19.91
benedi2004: folds 
Uncalled bet ($19.91) returned to Mensalao2010
Mensalao2010 collected $39.82 from pot
*** SUMMARY ***
Total pot $41.92 | Rake $2.10 
Board [8s 4d 6c 3c 7c]
Seat 1: Mensalao2010 (button) collected ($39.82)
Seat 2: ptolejmus (small blind) folded before Flop
Seat 3: benedi2004 (big blind) folded on the River
Seat 4: adrianos1211 folded before Flop (didn't bet)
Seat 5: Silence1925 folded before Flop (didn't bet)
Seat 6: nikalas22 folded before Flop (didn't bet)



PokerStars Hand #254555490307:  Hold'em No Limit ($0.50/$1.00 USD) - 2025/01/25 0:57:49 WET [2025/01/25 19:57:49 ET]
Table 'Hale-Bopp IV' 6-max Seat #2 is the button
Seat 1: Mensalao2010 ($91.59 in chips) 
Seat 2: ptolejmus ($10 in chips) 
Seat 3: benedi2004 ($100 in chips) 
Seat 4: adrianos1211 ($100 in chips) 
Seat 5: Silence1925 ($79.11 in chips) 
Seat 6: nikalas22 ($109.77 in chips) 
benedi2004: posts small blind $0.50
adrianos1211: posts big blind $1
*** HOLE CARDS ***
Silence1925: raises $2.50 to $3.50
nikalas22: folds 
Mensalao2010: folds 
ptolejmus: folds 
benedi2004: calls $3
adrianos1211: folds 
*** FLOP *** [8s 9h Qc]
benedi2004: checks 
Silence1925: bets $3.80
benedi2004: folds 
Uncalled bet ($3.80) returned to Silence1925
Silence1925 collected $7.60 from pot
Silence1925: doesn't show hand 
*** SUMMARY ***
Total pot $8 | Rake $0.40 
Board [8s 9h Qc]
Seat 1: Mensalao2010 folded before Flop (didn't bet)
Seat 2: ptolejmus (button) folded before Flop (didn't bet)
Seat 3: benedi2004 (small blind) folded on the Flop
Seat 4: adrianos1211 (big blind) folded before Flop
Seat 5: Silence1925 collected ($7.60)
Seat 6: nikalas22 folded before Flop (didn't bet)



PokerStars Hand #254555494162:  Hold'em No Limit ($0.50/$1.00 USD) - 2025/01/25 0:58:12 WET [2025/01/25 19:58:12 ET]
Table 'Hale-Bopp IV' 6-max Seat #3 is the button
Seat 1: Mensalao2010 ($91.59 in chips) 
Seat 2: ptolejmus ($10 in chips) 
Seat 3: benedi2004 ($100 in chips) 
Seat 4: adrianos1211 ($100 in chips) 
Seat 5: Silence1925 ($83.21 in chips) 
Seat 6: nikalas22 ($109.77 in chips) 
adrianos1211: posts small blind $0.50
Silence1925: posts big blind $1
*** HOLE CARDS ***
nikalas22: folds 
Mensalao2010: raises $2 to $3
ptolejmus: folds 
benedi2004: folds 
adrianos1211: folds 
Silence1925: calls $2
*** FLOP *** [9d 4h 5s]
Silence1925: checks 
Mensalao2010: checks 
*** TURN *** [9d 4h 5s] [Ah]
Silence1925: checks 
Mensalao2010: checks 
*** RIVER *** [9d 4h 5s Ah] [4d]
Silence1925: checks 
Mensalao2010: bets $3.09
Silence1925: raises $12.36 to $15.45
Mensalao2010: folds 
Uncalled bet ($12.36) returned to Silence1925
Silence1925 collected $12.05 from pot
Silence1925: doesn't show hand 
*** SUMMARY ***
Total pot $12.68 | Rake $0.63 
Board [9d 4h 5s Ah 4d]
Seat 1: Mensalao2010 folded on the River
Seat 2: ptolejmus folded before Flop (didn't bet)
Seat 3: benedi2004 (button) folded before Flop (didn't bet)
Seat 4: adrianos1211 (small blind) folded before Flop
Seat 5: Silence1925 (big blind) collected ($12.05)
Seat 6: nikalas22 folded before Flop (didn't bet)



PokerStars Hand #254555500976:  Hold'em No Limit ($0.50/$1.00 USD) - 2025/01/25 0:58:55 WET [2025/01/25 19:58:55 ET]
Table 'Hale-Bopp IV' 6-max Seat #4 is the button
Seat 1: Mensalao2010 ($85.50 in chips) 
Seat 2: ptolejmus ($10 in chips) 
Seat 3: benedi2004 ($100 in chips) 
Seat 4: adrianos1211 ($100 in chips) 
Seat 5: Silence1925 ($89.17 in chips) 
Seat 6: nikalas22 ($109.77 in chips) 
Silence1925: posts small blind $0.50
nikalas22: posts big blind $1
*** HOLE CARDS ***
Mensalao2010: folds 
ptolejmus: folds 
benedi2004: raises $2 to $3
adrianos1211: folds 
Silence1925: raises $7 to $10
nikalas22: folds 
benedi2004: calls $7
*** FLOP *** [4d 5h Qc]
Silence1925: bets $12
benedi2004: calls $12
*** TURN *** [4d 5h Qc] [6h]
Silence1925: bets $16
benedi2004: calls $16
*** RIVER *** [4d 5h Qc 6h] [9h]
Silence1925: bets $51.17 and is all-in
benedi2004: folds 
Uncalled bet ($51.17) returned to Silence1925
Silence1925 collected $74.50 from pot
Silence1925: doesn't show hand 
*** SUMMARY ***
Total pot $77 | Rake $2.50 
Board [4d 5h Qc 6h 9h]
Seat 1: Mensalao2010 folded before Flop (didn't bet)
Seat 2: ptolejmus folded before Flop (didn't bet)
Seat 3: benedi2004 folded on the River
Seat 4: adrianos1211 (button) folded before Flop (didn't bet)
Seat 5: Silence1925 (small blind) collected ($74.50)
Seat 6: nikalas22 (big blind) folded before Flop



PokerStars Hand #254555513449:  Hold'em No Limit ($0.50/$1.00 USD) - 2025/01/25 1:00:12 WET [2025/01/25 20:00:12 ET]
Table 'Hale-Bopp IV' 6-max Seat #5 is the button
Seat 1: Mensalao2010 ($85.50 in chips) 
Seat 2: ptolejmus ($10 in chips) 
Seat 3: benedi2004 ($100 in chips) 
Seat 4: adrianos1211 ($100 in chips) 
Seat 5: Silence1925 ($125.67 in chips) 
Seat 6: nikalas22 ($108.77 in chips) 
nikalas22: posts small blind $0.50
Mensalao2010: posts big blind $1
*** HOLE CARDS ***
ptolejmus: folds 
benedi2004: raises $2 to $3
adrianos1211: folds 
Silence1925: folds 
nikalas22: raises $10 to $13
Mensalao2010: folds 
benedi2004: calls $10
*** FLOP *** [Kc 3c 5d]
nikalas22: bets $7.70
benedi2004: calls $7.70
*** TURN *** [Kc 3c 5d] [Jd]
nikalas22: checks 
benedi2004: checks 
*** RIVER *** [Kc 3c 5d Jd] [Qd]
nikalas22: checks 
benedi2004: checks 
*** SHOW DOWN ***
nikalas22: shows [Js Ad] (a pair of Jacks)
benedi2004: mucks hand 
nikalas22 collected $40.28 from pot
*** SUMMARY ***
Total pot $42.40 | Rake $2.12 
Board [Kc 3c 5d Jd Qd]
Seat 1: Mensalao2010 (big blind) folded before Flop
Seat 2: ptolejmus folded before Flop (didn't bet)
Seat 3: benedi2004 mucked
Seat 4: adrianos1211 folded before Flop (didn't bet)
Seat 5: Silence1925 (button) folded before Flop (didn't bet)
Seat 6: nikalas22 (small blind) showed [Js Ad] and won ($40.28) with a pair of Jacks



PokerStars Hand #254555529395:  Hold'em No Limit ($0.50/$1.00 USD) - 2025/01/25 1:01:40 WET [2025/01/25 20:01:40 ET]
Table 'Hale-Bopp IV' 6-max Seat #6 is the button
Seat 1: Mensalao2010 ($84.50 in chips) 
Seat 2: ptolejmus ($10 in chips) 
Seat 3: benedi2004 ($100 in chips) 
Seat 4: adrianos1211 ($100 in chips) 
Seat 5: Silence1925 ($125.67 in chips) 
Seat 6: nikalas22 ($128.35 in chips) 
Mensalao2010: posts small blind $0.50
ptolejmus: posts big blind $1
*** HOLE CARDS ***
benedi2004: raises $2 to $3
adrianos1211: folds 
Silence1925: folds 
nikalas22: folds 
Mensalao2010: folds 
ptolejmus: folds 
Uncalled bet ($2) returned to benedi2004
benedi2004 collected $2.50 from pot
benedi2004: doesn't show hand 
*** SUMMARY ***
Total pot $2.50 | Rake $0 
Seat 1: Mensalao2010 (small blind) folded before Flop
Seat 2: ptolejmus (big blind) folded before Flop
Seat 3: benedi2004 collected ($2.50)
Seat 4: adrianos1211 folded before Flop (didn't bet)
Seat 5: Silence1925 folded before Flop (didn't bet)
Seat 6: nikalas22 (button) folded before Flop (didn't bet)



PokerStars Hand #254555533087:  Hold'em No Limit ($0.50/$1.00 USD) - 2025/01/25 1:01:59 WET [2025/01/25 20:01:59 ET]
Table 'Hale-Bopp IV' 6-max Seat #1 is the button
Seat 1: Mensalao2010 ($84 in chips) 
Seat 2: ptolejmus ($10 in chips) 
Seat 3: benedi2004 ($101.50 in chips) 
Seat 4: adrianos1211 ($100 in chips) 
Seat 5: Silence1925 ($125.67 in chips) 
Seat 6: nikalas22 ($128.35 in chips) 
ptolejmus: posts small blind $0.50
benedi2004: posts big blind $1
*** HOLE CARDS ***
adrianos1211: folds 
Silence1925: folds 
nikalas22: folds 
Mensalao2010: folds 
ptolejmus: raises $2 to $3
benedi2004: folds 
Uncalled bet ($2) returned to ptolejmus
ptolejmus collected $2 from pot
*** SUMMARY ***
Total pot $2 | Rake $0 
Seat 1: Mensalao2010 (button) folded before Flop (didn't bet)
Seat 2: ptolejmus (small blind) collected ($2)
Seat 3: benedi2004 (big blind) folded before Flop
Seat 4: adrianos1211 folded before Flop (didn't bet)
Seat 5: Silence1925 folded before Flop (didn't bet)
Seat 6: nikalas22 folded before Flop (didn't bet)



PokerStars Hand #254555538707:  Hold'em No Limit ($0.50/$1.00 USD) - 2025/01/25 1:02:28 WET [2025/01/25 20:02:28 ET]
Table 'Hale-Bopp IV' 6-max Seat #2 is the button
Seat 1: Mensalao2010 ($84 in chips) 
Seat 2: ptolejmus ($11 in chips) 
Seat 3: benedi2004 ($100.50 in chips) 
Seat 4: adrianos1211 ($100 in chips) 
Seat 5: Silence1925 ($125.67 in chips) 
Seat 6: nikalas22 ($128.35 in chips) 
benedi2004: posts small blind $0.50
adrianos1211: posts big blind $1
*** HOLE CARDS ***
Silence1925: folds 
nikalas22: raises $1.50 to $2.50
Mensalao2010: folds 
ptolejmus: folds 
benedi2004: folds 
adrianos1211: folds 
Uncalled bet ($1.50) returned to nikalas22
nikalas22 collected $2.50 from pot
nikalas22: doesn't show hand 
*** SUMMARY ***
Total pot $2.50 | Rake $0 
Seat 1: Mensalao2010 folded before Flop (didn't bet)
Seat 2: ptolejmus (button) folded before Flop (didn't bet)
Seat 3: benedi2004 (small blind) folded before Flop
Seat 4: adrianos1211 (big blind) folded before Flop
Seat 5: Silence1925 folded before Flop (didn't bet)
Seat 6: nikalas22 collected ($2.50)



PokerStars Hand #254555543768:  Hold'em No Limit ($0.50/$1.00 USD) - 2025/01/25 1:02:54 WET [2025/01/25 20:02:54 ET]
Table 'Hale-Bopp IV' 6-max Seat #3 is the button
Seat 1: Mensalao2010 ($84 in chips) 
Seat 2: ptolejmus ($11 in chips) 
Seat 3: benedi2004 ($100 in chips) 
Seat 4: adrianos1211 ($100 in chips) 
Seat 5: Silence1925 ($125.67 in chips) 
Seat 6: nikalas22 ($129.85 in chips) 
adrianos1211: posts small blind $0.50
Silence1925: posts big blind $1
*** HOLE CARDS ***
nikalas22: folds 
Mensalao2010: folds 
ptolejmus: folds 
benedi2004: folds 
adrianos1211: folds 
Uncalled bet ($0.50) returned to Silence1925
Silence1925 collected $1 from pot
Silence1925: doesn't show hand 
*** SUMMARY ***
Total pot $1 | Rake $0 
Seat 1: Mensalao2010 folded before Flop (didn't bet)
Seat 2: ptolejmus folded before Flop (didn't bet)
Seat 3: benedi2004 (button) folded before Flop (didn't bet)
Seat 4: adrianos1211 (small blind) folded before Flop
Seat 5: Silence1925 (big blind) collected ($1)
Seat 6: nikalas22 folded before Flop (didn't bet)



PokerStars Hand #254555547350:  Hold'em No Limit ($0.50/$1.00 USD) - 2025/01/25 1:03:12 WET [2025/01/25 20:03:12 ET]
Table 'Hale-Bopp IV' 6-max Seat #4 is the button
Seat 1: Mensalao2010 ($84 in chips) 
Seat 2: ptolejmus ($11 in chips) 
Seat 3: benedi2004 ($100 in chips) 
Seat 4: adrianos1211 ($100 in chips) 
Seat 5: Silence1925 ($126.17 in chips) 
Seat 6: nikalas22 ($129.85 in chips) 
Silence1925: posts small blind $0.50
nikalas22: posts big blind $1
*** HOLE CARDS ***
Mensalao2010: folds 
ptolejmus: folds 
benedi2004: raises $2 to $3
adrianos1211: folds 
Silence1925: folds 
nikalas22: folds 
Uncalled bet ($2) returned to benedi2004
benedi2004 collected $2.50 from pot
benedi2004: doesn't show hand 
*** SUMMARY ***
Total pot $2.50 | Rake $0 
Seat 1: Mensalao2010 folded before Flop (didn't bet)
Seat 2: ptolejmus folded before Flop (didn't bet)
Seat 3: benedi2004 collected ($2.50)
Seat 4: adrianos1211 (button) folded before Flop (didn't bet)
Seat 5: Silence1925 (small blind) folded before Flop
Seat 6: nikalas22 (big blind) folded before Flop



PokerStars Hand #254555550921:  Hold'em No Limit ($0.50/$1.00 USD) - 2025/01/25 1:03:30 WET [2025/01/25 20:03:30 ET]
Table 'Hale-Bopp IV' 6-max Seat #5 is the button
Seat 1: Mensalao2010 ($84 in chips) 
Seat 2: ptolejmus ($11 in chips) 
Seat 3: benedi2004 ($101.50 in chips) 
Seat 4: adrianos1211 ($100 in chips) 
Seat 5: Silence1925 ($125.67 in chips) 
Seat 6: nikalas22 ($128.85 in chips) 
nikalas22: posts small blind $0.50
Mensalao2010: posts big blind $1
*** HOLE CARDS ***
ptolejmus: folds 
benedi2004: calls $1
adrianos1211: raises $3.50 to $4.50
Silence1925: calls $4.50
nikalas22: folds 
Mensalao2010: folds 
benedi2004: calls $3.50
*** FLOP *** [4c 4d Js]
benedi2004: checks 
adrianos1211: checks 
Silence1925: checks 
*** TURN *** [4c 4d Js] [9d]
benedi2004: checks 
adrianos1211: checks 
Silence1925: bets $7.13
benedi2004: folds 
adrianos1211: calls $7.13
*** RIVER *** [4c 4d Js 9d] [3d]
adrianos1211: checks 
Silence1925: bets $27.80
adrianos1211: calls $27.80
*** SHOW DOWN ***
Silence1925: shows [2c Kc] (a pair of Fours)
adrianos1211: shows [Td Jh] (two pair, Jacks and Fours)
adrianos1211 collected $82.36 from pot
*** SUMMARY ***
Total pot $84.86 | Rake $2.50 
Board [4c 4d Js 9d 3d]
Seat 1: Mensalao2010 (big blind) folded before Flop
Seat 2: ptolejmus folded before Flop (didn't bet)
Seat 3: benedi2004 folded on the Turn
Seat 4: adrianos1211 showed [Td Jh] and won ($82.36) with two pair, Jacks and Fours
Seat 5: Silence1925 (button) showed [2c Kc] and lost with a pair of Fours
Seat 6: nikalas22 (small blind) folded before Flop



PokerStars Hand #254555559317:  Hold'em No Limit ($0.50/$1.00 USD) - 2025/01/25 1:04:14 WET [2025/01/25 20:04:14 ET]
Table 'Hale-Bopp IV' 6-max Seat #6 is the button
Seat 1: Mensalao2010 ($83 in chips) 
Seat 2: ptolejmus ($11 in chips) 
Seat 3: benedi2004 ($100 in chips) 
Seat 4: adrianos1211 ($142.93 in chips) 
Seat 5: Silence1925 ($86.24 in chips) 
Seat 6: nikalas22 ($128.35 in chips) 
Mensalao2010: posts small blind $0.50
ptolejmus: posts big blind $1
*** HOLE CARDS ***
benedi2004: raises $1 to $2
adrianos1211: folds 
Silence1925: calls $2
nikalas22: folds 
Mensalao2010: calls $1.50
ptolejmus: folds 
*** FLOP *** [3h 8c 6h]
Mensalao2010: checks 
benedi2004: bets $6.65
Silence1925: calls $6.65
Mensalao2010: calls $6.65
*** TURN *** [3h 8c 6h] [8s]
Mensalao2010: checks 
benedi2004: checks 
Silence1925: checks 
*** RIVER *** [3h 8c 6h 8s] [Qh]
Mensalao2010: checks 
benedi2004: bets $3
Silence1925: calls $3
Mensalao2010: folds 
*** SHOW DOWN ***
benedi2004: shows [Jh Ah] (a flush, Ace high)
Silence1925: mucks hand 
benedi2004 collected $30.89 from pot
*** SUMMARY ***
Total pot $32.95 | Rake $2.06 
Board [3h 8c 6h 8s Qh]
Seat 1: Mensalao2010 (small blind) folded on the River
Seat 2: ptolejmus (big blind) folded before Flop
Seat 3: benedi2004 showed [Jh Ah] and won ($30.89) with a flush, Ace high
Seat 4: adrianos1211 folded before Flop (didn't bet)
Seat 5: Silence1925 mucked
Seat 6: nikalas22 (button) folded before Flop (didn't bet)



PokerStars Hand #254555571844:  Hold'em No Limit ($0.50/$1.00 USD) - 2025/01/25 1:05:18 WET [2025/01/25 20:05:18 ET]
Table 'Hale-Bopp IV' 6-max Seat #1 is the button
Seat 1: Mensalao2010 ($74.35 in chips) 
Seat 2: ptolejmus ($10 in chips) 
Seat 3: benedi2004 ($119.24 in chips) 
Seat 4: adrianos1211 ($142.93 in chips) 
Seat 5: Silence1925 ($74.59 in chips) 
Seat 6: nikalas22 ($128.35 in chips) 
ptolejmus: posts small blind $0.50
benedi2004: posts big blind $1
*** HOLE CARDS ***
adrianos1211: folds 
Silence1925: raises $3 to $4
nikalas22: folds 
Mensalao2010: calls $4
ptolejmus: folds 
benedi2004: calls $3
*** FLOP *** [9c 2h 7c]
benedi2004: checks 
Silence1925: bets $5
Mensalao2010: calls $5
benedi2004: calls $5
*** TURN *** [9c 2h 7c] [6h]
benedi2004: checks 
Silence1925: checks 
Mensalao2010: checks 
*** RIVER *** [9c 2h 7c 6h] [2d]
benedi2004: checks 
Silence1925: checks 
Mensalao2010: checks 
*** SHOW DOWN ***
benedi2004: shows [6d 5c] (two pair, Sixes and Deuces)
Silence1925: mucks hand 
Mensalao2010: shows [5d 6c] (two pair, Sixes and Deuces)
benedi2004 collected $12.89 from pot
Mensalao2010 collected $13.06 from pot
*** SUMMARY ***
Total pot $27.50 | Rake $1.55 
Board [9c 2h 7c 6h 2d]
Seat 1: Mensalao2010 (button) showed [5d 6c] and won ($13.06) with two pair, Sixes and Deuces
Seat 2: ptolejmus (small blind) folded before Flop
Seat 3: benedi2004 (big blind) showed [6d 5c] and won ($12.89) with two pair, Sixes and Deuces
Seat 4: adrianos1211 folded before Flop (didn't bet)
Seat 5: Silence1925 mucked
Seat 6: nikalas22 folded before Flop (didn't bet)



PokerStars Hand #254555580228:  Hold'em No Limit ($0.50/$1.00 USD) - 2025/01/25 1:06:01 WET [2025/01/25 20:06:01 ET]
Table 'Hale-Bopp IV' 6-max Seat #2 is the button
Seat 1: Mensalao2010 ($78.41 in chips) 
Seat 2: ptolejmus ($10 in chips) 
Seat 3: benedi2004 ($123.13 in chips) 
Seat 4: adrianos1211 ($142.93 in chips) 
Seat 5: Silence1925 ($65.59 in chips) 
Seat 6: nikalas22 ($128.35 in chips) 
benedi2004: posts small blind $0.50
adrianos1211: posts big blind $1
*** HOLE CARDS ***
Silence1925: raises $2 to $3
nikalas22: folds 
Mensalao2010: calls $3
ptolejmus: folds 
benedi2004: folds 
adrianos1211: folds 
*** FLOP *** [7d Td Th]
Silence1925: bets $15
Mensalao2010: folds 
Uncalled bet ($15) returned to Silence1925
Silence1925 collected $7.12 from pot
Silence1925: doesn't show hand 
*** SUMMARY ***
Total pot $7.50 | Rake $0.38 
Board [7d Td Th]
Seat 1: Mensalao2010 folded on the Flop
Seat 2: ptolejmus (button) folded before Flop (didn't bet)
Seat 3: benedi2004 (small blind) folded before Flop
Seat 4: adrianos1211 (big blind) folded before Flop
Seat 5: Silence1925 collected ($7.12)
Seat 6: nikalas22 folded before Flop (didn't bet)



PokerStars Hand #254555590498:  Hold'em No Limit ($0.50/$1.00 USD) - 2025/01/25 1:06:54 WET [2025/01/25 20:06:54 ET]
Table 'Hale-Bopp IV' 6-max Seat #3 is the button
Seat 1: Mensalao2010 ($75.41 in chips) 
Seat 2: ptolejmus ($10 in chips) 
Seat 3: benedi2004 ($122.63 in chips) 
Seat 4: adrianos1211 ($141.93 in chips) 
Seat 5: Silence1925 ($69.71 in chips) 
Seat 6: nikalas22 ($128.35 in chips) 
adrianos1211: posts small blind $0.50
Silence1925: posts big blind $1
*** HOLE CARDS ***
nikalas22: folds 
Mensalao2010: folds 
ptolejmus: folds 
benedi2004: calls $1
adrianos1211: folds 
Silence1925: checks 
*** FLOP *** [9s 2s 3h]
Silence1925: checks 
benedi2004: bets $1.19
Silence1925: folds 
Uncalled bet ($1.19) returned to benedi2004
benedi2004 collected $2.35 from pot
benedi2004: doesn't show hand 
*** SUMMARY ***
Total pot $2.50 | Rake $0.15 
Board [9s 2s 3h]
Seat 1: Mensalao2010 folded before Flop (didn't bet)
Seat 2: ptolejmus folded before Flop (didn't bet)
Seat 3: benedi2004 (button) collected ($2.35)
Seat 4: adrianos1211 (small blind) folded before Flop
Seat 5: Silence1925 (big blind) folded on the Flop
Seat 6: nikalas22 folded before Flop (didn't bet)



PokerStars Hand #254555596056:  Hold'em No Limit ($0.50/$1.00 USD) - 2025/01/25 1:07:23 WET [2025/01/25 20:07:23 ET]
Table 'Hale-Bopp IV' 6-max Seat #4 is the button
Seat 1: Mensalao2010 ($75.41 in chips) 
Seat 2: ptolejmus ($10 in chips) 
Seat 3: benedi2004 ($123.98 in chips) 
Seat 4: adrianos1211 ($141.43 in chips) 
Seat 5: Silence1925 ($68.71 in chips) 
Seat 6: nikalas22 ($128.35 in chips) 
Silence1925: posts small blind $0.50
nikalas22: posts big blind $1
*** HOLE CARDS ***
Mensalao2010: folds 
ptolejmus: folds 
benedi2004: raises $1 to $2
adrianos1211: folds 
Silence1925: raises $4 to $6
nikalas22: raises $14 to $20
benedi2004: folds 
Silence1925: calls $14
*** FLOP *** [Tc 3d Qh]
Silence1925: checks 
nikalas22: bets $10
Silence1925: calls $10
*** TURN *** [Tc 3d Qh] [7h]
Silence1925: bets $38.71 and is all-in
nikalas22: calls $38.71
*** RIVER *** [Tc 3d Qh 7h] [6s]
*** SHOW DOWN ***
Silence1925: shows [Ah 6h] (a pair of Sixes)
nikalas22: shows [Qd Qc] (three of a kind, Queens)
nikalas22 collected $136.92 from pot
*** SUMMARY ***
Total pot $139.42 | Rake $2.50 
Board [Tc 3d Qh 7h 6s]
Seat 1: Mensalao2010 folded before Flop (didn't bet)
Seat 2: ptolejmus folded before Flop (didn't bet)
Seat 3: benedi2004 folded before Flop
Seat 4: adrianos1211 (button) folded before Flop (didn't bet)
Seat 5: Silence1925 (small blind) showed [Ah 6h] and lost with a pair of Sixes
Seat 6: nikalas22 (big blind) showed [Qd Qc] and won ($136.92) with three of a kind, Queens



PokerStars Hand #254555606805:  Hold'em No Limit ($0.50/$1.00 USD) - 2025/01/25 1:08:19 WET [2025/01/25 20:08:19 ET]
Table 'Hale-Bopp IV' 6-max Seat #6 is the button
Seat 1: Mensalao2010 ($75.41 in chips) 
Seat 2: ptolejmus ($10 in chips) 
Seat 3: benedi2004 ($121.98 in chips) 
Seat 4: adrianos1211 ($141.43 in chips) 
Seat 6: nikalas22 ($196.56 in chips) 
Mensalao2010: posts small blind $0.50
Silence1925 leaves the table
ptolejmus: posts big blind $1
*** HOLE CARDS ***
benedi2004: raises $2 to $3
adrianos1211: folds 
nikalas22: folds 
Mensalao2010: calls $2.50
ptolejmus: calls $2
*** FLOP *** [9s 4h 7h]
Mensalao2010: bets $4.28
ptolejmus: folds 
benedi2004: calls $4.28
*** TURN *** [9s 4h 7h] [Tc]
Mensalao2010: checks 
benedi2004: checks 
*** RIVER *** [9s 4h 7h Tc] [Qc]
Mensalao2010: bets $8.34
benedi2004: calls $8.34
*** SHOW DOWN ***
Mensalao2010: shows [Ah 9c] (a pair of Nines)
benedi2004: shows [Jd Js] (a pair of Jacks)
benedi2004 collected $32.10 from pot
*** SUMMARY ***
Total pot $34.24 | Rake $2.14 
Board [9s 4h 7h Tc Qc]
Seat 1: Mensalao2010 (small blind) showed [Ah 9c] and lost with a pair of Nines
Seat 2: ptolejmus (big blind) folded on the Flop
Seat 3: benedi2004 showed [Jd Js] and won ($32.10) with a pair of Jacks
Seat 4: adrianos1211 folded before Flop (didn't bet)
Seat 6: nikalas22 (button) folded before Flop (didn't bet)



PokerStars Hand #254555620155:  Hold'em No Limit ($0.50/$1.00 USD) - 2025/01/25 1:09:29 WET [2025/01/25 20:09:29 ET]
Table 'Hale-Bopp IV' 6-max Seat #1 is the button
Seat 1: Mensalao2010 ($59.79 in chips) 
Seat 2: ptolejmus ($10 in chips) 
Seat 3: benedi2004 ($138.46 in chips) 
Seat 4: adrianos1211 ($141.43 in chips) 
Seat 6: nikalas22 ($196.56 in chips) 
ptolejmus: posts small blind $0.50
benedi2004: posts big blind $1
*** HOLE CARDS ***
adrianos1211: raises $2 to $3
nikalas22: folds 
Mensalao2010: folds 
ptolejmus: folds 
benedi2004: calls $2
*** FLOP *** [Ts Qd Kd]
benedi2004: checks 
adrianos1211: bets $3.09
sutata joins the table at seat #5 
benedi2004: folds 
Uncalled bet ($3.09) returned to adrianos1211
adrianos1211 collected $6.18 from pot
adrianos1211: doesn't show hand 
*** SUMMARY ***
Total pot $6.50 | Rake $0.32 
Board [Ts Qd Kd]
Seat 1: Mensalao2010 (button) folded before Flop (didn't bet)
Seat 2: ptolejmus (small blind) folded before Flop
Seat 3: benedi2004 (big blind) folded on the Flop
Seat 4: adrianos1211 collected ($6.18)
Seat 6: nikalas22 folded before Flop (didn't bet)



PokerStars Hand #254555625995:  Hold'em No Limit ($0.50/$1.00 USD) - 2025/01/25 1:10:00 WET [2025/01/25 20:10:00 ET]
Table 'Hale-Bopp IV' 6-max Seat #2 is the button
Seat 5: sutata ($100 in chips) is sitting out
Seat 1: Mensalao2010 ($59.79 in chips) 
Seat 2: ptolejmus ($10 in chips) 
Seat 3: benedi2004 ($135.46 in chips) 
Seat 4: adrianos1211 ($144.61 in chips) 
Seat 6: nikalas22 ($196.56 in chips) 
benedi2004: posts small blind $0.50
adrianos1211: posts big blind $1
sutata: sits out 
*** HOLE CARDS ***
nikalas22: raises $1.50 to $2.50
Mensalao2010: folds 
ptolejmus: folds 
benedi2004: folds 
adrianos1211: folds 
Uncalled bet ($1.50) returned to nikalas22
nikalas22 collected $2.50 from pot
nikalas22: doesn't show hand 
*** SUMMARY ***
Total pot $2.50 | Rake $0 
Seat 5: sutata
Seat 1: Mensalao2010 folded before Flop (didn't bet)
Seat 2: ptolejmus (button) folded before Flop (didn't bet)
Seat 3: benedi2004 (small blind) folded before Flop
Seat 4: adrianos1211 (big blind) folded before Flop
Seat 6: nikalas22 collected ($2.50)



PokerStars Hand #254555630711:  Hold'em No Limit ($0.50/$1.00 USD) - 2025/01/25 1:10:25 WET [2025/01/25 20:10:25 ET]
Table 'Hale-Bopp IV' 6-max Seat #3 is the button
Seat 1: Mensalao2010 ($59.79 in chips) 
Seat 2: ptolejmus ($10 in chips) 
Seat 3: benedi2004 ($134.96 in chips) 
Seat 4: adrianos1211 ($143.61 in chips) 
Seat 5: sutata ($100 in chips) 
Seat 6: nikalas22 ($198.06 in chips) 
adrianos1211: posts small blind $0.50
sutata: posts big blind $1
*** HOLE CARDS ***
nikalas22: folds 
Mensalao2010: folds 
ptolejmus: folds 
benedi2004: raises $1 to $2
adrianos1211: raises $5 to $7
sutata: folds 
benedi2004: folds 
Uncalled bet ($5) returned to adrianos1211
adrianos1211 collected $5 from pot
adrianos1211: doesn't show hand 
*** SUMMARY ***
Total pot $5 | Rake $0 
Seat 1: Mensalao2010 folded before Flop (didn't bet)
Seat 2: ptolejmus folded before Flop (didn't bet)
Seat 3: benedi2004 (button) folded before Flop
Seat 4: adrianos1211 (small blind) collected ($5)
Seat 5: sutata (big blind) folded before Flop
Seat 6: nikalas22 folded before Flop (didn't bet)



PokerStars Hand #254555633825:  Hold'em No Limit ($0.50/$1.00 USD) - 2025/01/25 1:10:41 WET [2025/01/25 20:10:41 ET]
Table 'Hale-Bopp IV' 6-max Seat #4 is the button
Seat 1: Mensalao2010 ($59.79 in chips) 
Seat 2: ptolejmus ($10 in chips) 
Seat 3: benedi2004 ($132.96 in chips) 
Seat 4: adrianos1211 ($146.61 in chips) 
Seat 5: sutata ($100 in chips) 
Seat 6: nikalas22 ($198.06 in chips) 
sutata: posts small blind $0.50
nikalas22: posts big blind $1
*** HOLE CARDS ***
Mensalao2010: raises $2 to $3
ptolejmus: folds 
benedi2004: folds 
adrianos1211: folds 
sutata: folds 
nikalas22: folds 
Uncalled bet ($2) returned to Mensalao2010
Mensalao2010 collected $2.50 from pot
*** SUMMARY ***
Total pot $2.50 | Rake $0 
Seat 1: Mensalao2010 collected ($2.50)
Seat 2: ptolejmus folded before Flop (didn't bet)
Seat 3: benedi2004 folded before Flop (didn't bet)
Seat 4: adrianos1211 (button) folded before Flop (didn't bet)
Seat 5: sutata (small blind) folded before Flop
Seat 6: nikalas22 (big blind) folded before Flop



PokerStars Hand #254555636731:  Hold'em No Limit ($0.50/$1.00 USD) - 2025/01/25 1:10:56 WET [2025/01/25 20:10:56 ET]
Table 'Hale-Bopp IV' 6-max Seat #5 is the button
Seat 1: Mensalao2010 ($61.29 in chips) 
Seat 2: ptolejmus ($10 in chips) 
Seat 3: benedi2004 ($132.96 in chips) 
Seat 4: adrianos1211 ($146.61 in chips) 
Seat 5: sutata ($100 in chips) 
Seat 6: nikalas22 ($197.06 in chips) 
nikalas22: posts small blind $0.50
Mensalao2010: posts big blind $1
*** HOLE CARDS ***
ptolejmus: folds 
benedi2004: raises $1 to $2
adrianos1211: folds 
sutata: calls $2
nikalas22: folds 
Mensalao2010: calls $1
*** FLOP *** [2h 5h 6d]
Mensalao2010: checks 
benedi2004: checks 
sutata: checks 
*** TURN *** [2h 5h 6d] [7c]
Mensalao2010: bets $3.09
benedi2004: calls $3.09
sutata: calls $3.09
*** RIVER *** [2h 5h 6d 7c] [8s]
Mensalao2010: checks 
benedi2004: bets $14.98
sutata: folds 
Mensalao2010: folds 
Uncalled bet ($14.98) returned to benedi2004
benedi2004 collected $14.78 from pot
benedi2004: doesn't show hand 
*** SUMMARY ***
Total pot $15.77 | Rake $0.99 
Board [2h 5h 6d 7c 8s]
Seat 1: Mensalao2010 (big blind) folded on the River
Seat 2: ptolejmus folded before Flop (didn't bet)
Seat 3: benedi2004 collected ($14.78)
Seat 4: adrianos1211 folded before Flop (didn't bet)
Seat 5: sutata (button) folded on the River
Seat 6: nikalas22 (small blind) folded before Flop



PokerStars Hand #254555645001:  Hold'em No Limit ($0.50/$1.00 USD) - 2025/01/25 1:11:39 WET [2025/01/25 20:11:39 ET]
Table 'Hale-Bopp IV' 6-max Seat #6 is the button
Seat 1: Mensalao2010 ($56.20 in chips) 
Seat 2: ptolejmus ($10 in chips) 
Seat 3: benedi2004 ($142.65 in chips) 
Seat 4: adrianos1211 ($146.61 in chips) 
Seat 5: sutata ($100 in chips) 
Seat 6: nikalas22 ($196.56 in chips) 
Mensalao2010: posts small blind $0.50
ptolejmus: posts big blind $1
*** HOLE CARDS ***
benedi2004: raises $1 to $2
adrianos1211: folds 
sutata: folds 
nikalas22: folds 
Mensalao2010: calls $1.50
ptolejmus: folds 
*** FLOP *** [As 5c Kd]
Mensalao2010: checks 
benedi2004: checks 
*** TURN *** [As 5c Kd] [3s]
Mensalao2010: checks 
benedi2004: bets $2.38
Mensalao2010: calls $2.38
*** RIVER *** [As 5c Kd 3s] [5s]
Mensalao2010: checks 
benedi2004: checks 
*** SHOW DOWN ***
Mensalao2010: shows [Tc Ks] (two pair, Kings and Fives)
benedi2004: shows [6h Kh] (two pair, Kings and Fives)
Mensalao2010 collected $4.64 from pot
benedi2004 collected $4.57 from pot
*** SUMMARY ***
Total pot $9.76 | Rake $0.55 
Board [As 5c Kd 3s 5s]
Seat 1: Mensalao2010 (small blind) showed [Tc Ks] and won ($4.64) with two pair, Kings and Fives
Seat 2: ptolejmus (big blind) folded before Flop
Seat 3: benedi2004 showed [6h Kh] and won ($4.57) with two pair, Kings and Fives
Seat 4: adrianos1211 folded before Flop (didn't bet)
Seat 5: sutata folded before Flop (didn't bet)
Seat 6: nikalas22 (button) folded before Flop (didn't bet)



PokerStars Hand #254555651444:  Hold'em No Limit ($0.50/$1.00 USD) - 2025/01/25 1:12:13 WET [2025/01/25 20:12:13 ET]
Table 'Hale-Bopp IV' 6-max Seat #1 is the button
Seat 1: Mensalao2010 ($56.46 in chips) 
Seat 2: ptolejmus ($10 in chips) 
Seat 3: benedi2004 ($142.84 in chips) 
Seat 4: adrianos1211 ($146.61 in chips) 
Seat 5: sutata ($100 in chips) 
Seat 6: nikalas22 ($196.56 in chips) 
ptolejmus: posts small blind $0.50
benedi2004: posts big blind $1
*** HOLE CARDS ***
adrianos1211: folds 
sutata: folds 
nikalas22: folds 
Mensalao2010: folds 
ptolejmus: folds 
Uncalled bet ($0.50) returned to benedi2004
benedi2004 collected $1 from pot
benedi2004: doesn't show hand 
*** SUMMARY ***
Total pot $1 | Rake $0 
Seat 1: Mensalao2010 (button) folded before Flop (didn't bet)
Seat 2: ptolejmus (small blind) folded before Flop
Seat 3: benedi2004 (big blind) collected ($1)
Seat 4: adrianos1211 folded before Flop (didn't bet)
Seat 5: sutata folded before Flop (didn't bet)
Seat 6: nikalas22 folded before Flop (didn't bet)



PokerStars Hand #254555655890:  Hold'em No Limit ($0.50/$1.00 USD) - 2025/01/25 1:12:36 WET [2025/01/25 20:12:36 ET]
Table 'Hale-Bopp IV' 6-max Seat #2 is the button
Seat 1: Mensalao2010 ($56.46 in chips) 
Seat 2: ptolejmus ($10 in chips) 
Seat 3: benedi2004 ($143.34 in chips) 
Seat 4: adrianos1211 ($146.61 in chips) 
Seat 5: sutata ($100 in chips) 
Seat 6: nikalas22 ($196.56 in chips) 
benedi2004: posts small blind $0.50
adrianos1211: posts big blind $1
*** HOLE CARDS ***
sutata: folds 
nikalas22: folds 
Mensalao2010: folds 
ptolejmus: folds 
benedi2004: folds 
Uncalled bet ($0.50) returned to adrianos1211
adrianos1211 collected $1 from pot
adrianos1211: doesn't show hand 
*** SUMMARY ***
Total pot $1 | Rake $0 
Seat 1: Mensalao2010 folded before Flop (didn't bet)
Seat 2: ptolejmus (button) folded before Flop (didn't bet)
Seat 3: benedi2004 (small blind) folded before Flop
Seat 4: adrianos1211 (big blind) collected ($1)
Seat 5: sutata folded before Flop (didn't bet)
Seat 6: nikalas22 folded before Flop (didn't bet)



PokerStars Hand #254555661148:  Hold'em No Limit ($0.50/$1.00 USD) - 2025/01/25 1:13:04 WET [2025/01/25 20:13:04 ET]
Table 'Hale-Bopp IV' 6-max Seat #3 is the button
Seat 1: Mensalao2010 ($56.46 in chips) 
Seat 2: ptolejmus ($10 in chips) 
Seat 3: benedi2004 ($142.84 in chips) 
Seat 4: adrianos1211 ($147.11 in chips) 
Seat 5: sutata ($100 in chips) 
Seat 6: nikalas22 ($196.56 in chips) 
adrianos1211: posts small blind $0.50
sutata: posts big blind $1
*** HOLE CARDS ***
nikalas22: raises $1.50 to $2.50
Mensalao2010: folds 
ptolejmus: folds 
benedi2004: folds 
adrianos1211: folds 
sutata: folds 
Uncalled bet ($1.50) returned to nikalas22
nikalas22 collected $2.50 from pot
nikalas22: doesn't show hand 
*** SUMMARY ***
Total pot $2.50 | Rake $0 
Seat 1: Mensalao2010 folded before Flop (didn't bet)
Seat 2: ptolejmus folded before Flop (didn't bet)
Seat 3: benedi2004 (button) folded before Flop (didn't bet)
Seat 4: adrianos1211 (small blind) folded before Flop
Seat 5: sutata (big blind) folded before Flop
Seat 6: nikalas22 collected ($2.50)



PokerStars Hand #254555666131:  Hold'em No Limit ($0.50/$1.00 USD) - 2025/01/25 1:13:31 WET [2025/01/25 20:13:31 ET]
Table 'Hale-Bopp IV' 6-max Seat #4 is the button
Seat 1: Mensalao2010 ($56.46 in chips) 
Seat 2: ptolejmus ($10 in chips) 
Seat 3: benedi2004 ($142.84 in chips) 
Seat 4: adrianos1211 ($146.61 in chips) 
Seat 5: sutata ($100 in chips) 
Seat 6: nikalas22 ($198.06 in chips) 
sutata: posts small blind $0.50
nikalas22: posts big blind $1
*** HOLE CARDS ***
Mensalao2010 has timed out
Mensalao2010: folds 
ptolejmus: folds 
benedi2004: raises $1 to $2
adrianos1211: raises $4 to $6
sutata: folds 
nikalas22: folds 
benedi2004: calls $4
*** FLOP *** [As Kd 8d]
benedi2004: checks 
adrianos1211: bets $5
benedi2004: calls $5
*** TURN *** [As Kd 8d] [Ac]
benedi2004: checks 
adrianos1211: checks 
*** RIVER *** [As Kd 8d Ac] [Jd]
benedi2004: checks 
adrianos1211: bets $13
benedi2004: calls $13
*** SHOW DOWN ***
adrianos1211: shows [9d Td] (a flush, King high)
benedi2004: mucks hand 
adrianos1211 collected $47.02 from pot
*** SUMMARY ***
Total pot $49.50 | Rake $2.48 
Board [As Kd 8d Ac Jd]
Seat 1: Mensalao2010 folded before Flop (didn't bet)
Seat 2: ptolejmus folded before Flop (didn't bet)
Seat 3: benedi2004 mucked
Seat 4: adrianos1211 (button) showed [9d Td] and won ($47.02) with a flush, King high
Seat 5: sutata (small blind) folded before Flop
Seat 6: nikalas22 (big blind) folded before Flop



PokerStars Hand #254555678198:  Hold'em No Limit ($0.50/$1.00 USD) - 2025/01/25 1:14:33 WET [2025/01/25 20:14:33 ET]
Table 'Hale-Bopp IV' 6-max Seat #5 is the button
Seat 1: Mensalao2010 ($56.46 in chips) 
Seat 2: ptolejmus ($10 in chips) 
Seat 3: benedi2004 ($118.84 in chips) 
Seat 4: adrianos1211 ($169.63 in chips) 
Seat 5: sutata ($100 in chips) 
Seat 6: nikalas22 ($197.06 in chips) 
nikalas22: posts small blind $0.50
Mensalao2010: posts big blind $1
*** HOLE CARDS ***
ptolejmus: folds 
benedi2004: folds 
benedi2004 leaves the table
adrianos1211: folds 
sutata: folds 
nikalas22: raises $2 to $3
Mensalao2010: calls $2
*** FLOP *** [9h Jc Qc]
nikalas22: checks 
Mensalao2010: checks 
*** TURN *** [9h Jc Qc] [Kh]
nikalas22: checks 
Mensalao2010: bets $5.70
nikalas22: folds 
Uncalled bet ($5.70) returned to Mensalao2010
Mensalao2010 collected $5.70 from pot
*** SUMMARY ***
Total pot $6 | Rake $0.30 
Board [9h Jc Qc Kh]
Seat 1: Mensalao2010 (big blind) collected ($5.70)
Seat 2: ptolejmus folded before Flop (didn't bet)
Seat 3: benedi2004 folded before Flop (didn't bet)
Seat 4: adrianos1211 folded before Flop (didn't bet)
Seat 5: sutata (button) folded before Flop (didn't bet)
Seat 6: nikalas22 (small blind) folded on the Turn



PokerStars Hand #254555683968:  Hold'em No Limit ($0.50/$1.00 USD) - 2025/01/25 1:15:03 WET [2025/01/25 20:15:03 ET]
Table 'Hale-Bopp IV' 6-max Seat #6 is the button
Seat 1: Mensalao2010 ($59.16 in chips) 
Seat 2: ptolejmus ($10 in chips) 
Seat 4: adrianos1211 ($169.63 in chips) 
Seat 5: sutata ($100 in chips) 
Seat 6: nikalas22 ($194.06 in chips) 
Mensalao2010: posts small blind $0.50
ptolejmus: posts big blind $1
*** HOLE CARDS ***
adrianos1211: folds 
sutata: folds 
nikalas22: folds 
Mensalao2010: raises $2 to $3
ptolejmus: folds 
Uncalled bet ($2) returned to Mensalao2010
Mensalao2010 collected $2 from pot
*** SUMMARY ***
Total pot $2 | Rake $0 
Seat 1: Mensalao2010 (small blind) collected ($2)
Seat 2: ptolejmus (big blind) folded before Flop
Seat 4: adrianos1211 folded before Flop (didn't bet)
Seat 5: sutata folded before Flop (didn't bet)
Seat 6: nikalas22 (button) folded before Flop (didn't bet)



PokerStars Hand #254555691046:  Hold'em No Limit ($0.50/$1.00 USD) - 2025/01/25 1:15:40 WET [2025/01/25 20:15:40 ET]
Table 'Hale-Bopp IV' 6-max Seat #1 is the button
Seat 1: Mensalao2010 ($60.16 in chips) 
Seat 2: ptolejmus ($10 in chips) 
Seat 4: adrianos1211 ($169.63 in chips) 
Seat 5: sutata ($100 in chips) 
Seat 6: nikalas22 ($194.06 in chips) 
ptolejmus: posts small blind $0.50
adrianos1211: posts big blind $1
*** HOLE CARDS ***
sutata: folds 
nikalas22: folds 
Mensalao2010 has timed out
Mensalao2010: folds 
ptolejmus: folds 
Uncalled bet ($0.50) returned to adrianos1211
adrianos1211 collected $1 from pot
adrianos1211: doesn't show hand 
*** SUMMARY ***
Total pot $1 | Rake $0 
Seat 1: Mensalao2010 (button) folded before Flop (didn't bet)
Seat 2: ptolejmus (small blind) folded before Flop
Seat 4: adrianos1211 (big blind) collected ($1)
Seat 5: sutata folded before Flop (didn't bet)
Seat 6: nikalas22 folded before Flop (didn't bet)



PokerStars Hand #254555697672:  Hold'em No Limit ($0.50/$1.00 USD) - 2025/01/25 1:16:14 WET [2025/01/25 20:16:14 ET]
Table 'Hale-Bopp IV' 6-max Seat #2 is the button
Seat 1: Mensalao2010 ($60.16 in chips) 
Seat 2: ptolejmus ($10 in chips) 
Seat 4: adrianos1211 ($170.13 in chips) 
Seat 5: sutata ($100 in chips) 
Seat 6: nikalas22 ($194.06 in chips) 
adrianos1211: posts small blind $0.50
sutata: posts big blind $1
*** HOLE CARDS ***
nikalas22: raises $1.50 to $2.50
Mensalao2010: calls $2.50
ptolejmus: folds 
adrianos1211: folds 
sutata: folds 
*** FLOP *** [5c 6c 6d]
nikalas22: checks 
Mensalao2010: bets $6.18
nikalas22: calls $6.18
*** TURN *** [5c 6c 6d] [Td]
nikalas22: checks 
Mensalao2010: bets $8.96
nikalas22: calls $8.96
*** RIVER *** [5c 6c 6d Td] [7h]
nikalas22: checks 
Mensalao2010: checks 
*** SHOW DOWN ***
nikalas22: shows [8d 8c] (two pair, Eights and Sixes)
Mensalao2010: mucks hand 
nikalas22 collected $34.94 from pot
*** SUMMARY ***
Total pot $36.78 | Rake $1.84 
Board [5c 6c 6d Td 7h]
Seat 1: Mensalao2010 mucked
Seat 2: ptolejmus (button) folded before Flop (didn't bet)
Seat 4: adrianos1211 (small blind) folded before Flop
Seat 5: sutata (big blind) folded before Flop
Seat 6: nikalas22 showed [8d 8c] and won ($34.94) with two pair, Eights and Sixes



PokerStars Hand #254555709998:  Hold'em No Limit ($0.50/$1.00 USD) - 2025/01/25 1:17:19 WET [2025/01/25 20:17:19 ET]
Table 'Hale-Bopp IV' 6-max Seat #4 is the button
Seat 1: Mensalao2010 ($42.52 in chips) 
Seat 2: ptolejmus ($10 in chips) 
Seat 4: adrianos1211 ($169.63 in chips) 
Seat 5: sutata ($100 in chips) 
Seat 6: nikalas22 ($211.36 in chips) 
sutata: posts small blind $0.50
nikalas22: posts big blind $1
*** HOLE CARDS ***
Mensalao2010: raises $2 to $3
ptolejmus: folds 
adrianos1211: folds 
sutata: folds 
nikalas22: calls $2
*** FLOP *** [Ac 7c 7d]
nikalas22: checks 
Mensalao2010: bets $6.18
nikalas22: calls $6.18
*** TURN *** [Ac 7c 7d] [4s]
nikalas22: checks 
Mensalao2010: bets $17.92
nikalas22: calls $17.92
*** RIVER *** [Ac 7c 7d 4s] [As]
nikalas22: bets $26.10
Mensalao2010: calls $15.42 and is all-in
Uncalled bet ($10.68) returned to nikalas22
*** SHOW DOWN ***
nikalas22: shows [Td Ad] (a full house, Aces full of Sevens)
Mensalao2010: shows [Qs 7s] (a full house, Sevens full of Aces)
nikalas22 collected $83.04 from pot
*** SUMMARY ***
Total pot $85.54 | Rake $2.50 
Board [Ac 7c 7d 4s As]
Seat 1: Mensalao2010 showed [Qs 7s] and lost with a full house, Sevens full of Aces
Seat 2: ptolejmus folded before Flop (didn't bet)
Seat 4: adrianos1211 (button) folded before Flop (didn't bet)
Seat 5: sutata (small blind) folded before Flop
Seat 6: nikalas22 (big blind) showed [Td Ad] and won ($83.04) with a full house, Aces full of Sevens



PokerStars Hand #254555719607:  Hold'em No Limit ($0.50/$1.00 USD) - 2025/01/25 1:18:10 WET [2025/01/25 20:18:10 ET]
Table 'Hale-Bopp IV' 6-max Seat #5 is the button
Seat 1: Mensalao2010 ($0 in chips) is sitting out
Seat 2: ptolejmus ($10 in chips) 
Seat 4: adrianos1211 ($169.63 in chips) 
Seat 5: sutata ($100 in chips) 
Seat 6: nikalas22 ($251.88 in chips) 
nikalas22: posts small blind $0.50
ptolejmus: posts big blind $1
*** HOLE CARDS ***
adrianos1211: folds 
sutata: folds 
nikalas22: raises $2 to $3
ptolejmus: folds 
Uncalled bet ($2) returned to nikalas22
nikalas22 collected $2 from pot
nikalas22: doesn't show hand 
*** SUMMARY ***
Total pot $2 | Rake $0 
Seat 1: Mensalao2010
Seat 2: ptolejmus (big blind) folded before Flop
Seat 4: adrianos1211 folded before Flop (didn't bet)
Seat 5: sutata (button) folded before Flop (didn't bet)
Seat 6: nikalas22 (small blind) collected ($2)



PokerStars Hand #254555723548:  Hold'em No Limit ($0.50/$1.00 USD) - 2025/01/25 1:18:31 WET [2025/01/25 20:18:31 ET]
Table 'Hale-Bopp IV' 6-max Seat #6 is the button
Seat 1: Mensalao2010 ($85.22 in chips) is sitting out
Seat 2: ptolejmus ($10 in chips) 
Seat 4: adrianos1211 ($169.63 in chips) 
Seat 5: sutata ($100 in chips) 
Seat 6: nikalas22 ($252.88 in chips) 
ptolejmus: posts small blind $0.50
adrianos1211: posts big blind $1
*** HOLE CARDS ***
sutata: raises $1.50 to $2.50
nikalas22: raises $5.50 to $8
ptolejmus: folds 
adrianos1211: folds 
sutata: calls $5.50
*** FLOP *** [Jh 3d 4s]
sutata: checks 
nikalas22: bets $4.99
sutata is disconnected 
Sadyhov V.V. joins the table at seat #3 
sutata has timed out while disconnected
sutata: folds 
Uncalled bet ($4.99) returned to nikalas22
nikalas22 collected $16.62 from pot
nikalas22: doesn't show hand 
*** SUMMARY ***
Total pot $17.50 | Rake $0.88 
Board [Jh 3d 4s]
Seat 1: Mensalao2010
Seat 2: ptolejmus (small blind) folded before Flop
Seat 4: adrianos1211 (big blind) folded before Flop
Seat 5: sutata folded on the Flop
Seat 6: nikalas22 (button) collected ($16.62)



PokerStars Hand #254555746062:  Hold'em No Limit ($0.50/$1.00 USD) - 2025/01/25 1:20:31 WET [2025/01/25 20:20:31 ET]
Table 'Hale-Bopp IV' 6-max Seat #2 is the button
Seat 3: Sadyhov V.V. ($100 in chips) is sitting out
Seat 5: sutata ($92 in chips) is sitting out
Seat 1: Mensalao2010 ($85.22 in chips) 
Seat 2: ptolejmus ($10 in chips) 
Seat 4: adrianos1211 ($168.63 in chips) 
Seat 6: nikalas22 ($261.50 in chips) 
adrianos1211: posts small blind $0.50
nikalas22: posts big blind $1
Mensalao2010: posts small & big blinds $1.50
*** HOLE CARDS ***
Mensalao2010: checks 
ptolejmus: folds 
adrianos1211: folds 
nikalas22: checks 
*** FLOP *** [4d 6s Ts]
nikalas22: checks 
Mensalao2010: checks 
*** TURN *** [4d 6s Ts] [Jh]
nikalas22: bets $2.14
Mensalao2010: calls $2.14
*** RIVER *** [4d 6s Ts Jh] [2c]
nikalas22: checks 
Mensalao2010: checks 
*** SHOW DOWN ***
nikalas22: shows [8d 9h] (high card Jack)
Mensalao2010: shows [Jc 3c] (a pair of Jacks)
Mensalao2010 collected $6.92 from pot
*** SUMMARY ***
Total pot $7.28 | Rake $0.36 
Board [4d 6s Ts Jh 2c]
Seat 3: Sadyhov V.V.
Seat 5: sutata
Seat 1: Mensalao2010 showed [Jc 3c] and won ($6.92) with a pair of Jacks
Seat 2: ptolejmus (button) folded before Flop (didn't bet)
Seat 4: adrianos1211 (small blind) folded before Flop
Seat 6: nikalas22 (big blind) showed [8d 9h] and lost with high card Jack



PokerStars Hand #254555755380:  Hold'em No Limit ($0.50/$1.00 USD) - 2025/01/25 1:21:21 WET [2025/01/25 20:21:21 ET]
Table 'Hale-Bopp IV' 6-max Seat #4 is the button
Seat 3: Sadyhov V.V. ($100 in chips) is sitting out
Seat 5: sutata ($92 in chips) is sitting out
Seat 1: Mensalao2010 ($88.50 in chips) 
Seat 2: ptolejmus ($10 in chips) 
Seat 4: adrianos1211 ($168.13 in chips) 
Seat 6: nikalas22 ($258.36 in chips) 
nikalas22: posts small blind $0.50
Mensalao2010: posts big blind $1
Sadyhov V.V.: sits out 
*** HOLE CARDS ***
ptolejmus: folds 
adrianos1211: folds 
nikalas22: raises $2 to $3
Mensalao2010: calls $2
*** FLOP *** [6h 2h Kc]
nikalas22: bets $1.71
Mensalao2010: folds 
Uncalled bet ($1.71) returned to nikalas22
nikalas22 collected $5.70 from pot
nikalas22: doesn't show hand 
*** SUMMARY ***
Total pot $6 | Rake $0.30 
Board [6h 2h Kc]
Seat 3: Sadyhov V.V.
Seat 5: sutata
Seat 1: Mensalao2010 (big blind) folded on the Flop
Seat 2: ptolejmus folded before Flop (didn't bet)
Seat 4: adrianos1211 (button) folded before Flop (didn't bet)
Seat 6: nikalas22 (small blind) collected ($5.70)



PokerStars Hand #254555761262:  Hold'em No Limit ($0.50/$1.00 USD) - 2025/01/25 1:21:52 WET [2025/01/25 20:21:52 ET]
Table 'Hale-Bopp IV' 6-max Seat #6 is the button
Seat 3: Sadyhov V.V. ($100 in chips) is sitting out
Seat 5: sutata ($92 in chips) is sitting out
Seat 1: Mensalao2010 ($85.50 in chips) 
Seat 2: ptolejmus ($10 in chips) 
Seat 4: adrianos1211 ($168.13 in chips) 
Seat 6: nikalas22 ($261.06 in chips) 
Mensalao2010: posts small blind $0.50
ptolejmus: posts big blind $1
Sadyhov V.V.: sits out 
*** HOLE CARDS ***
adrianos1211: folds 
nikalas22: folds 
Mensalao2010: raises $1 to $2
ptolejmus: calls $1
*** FLOP *** [As 3c Ac]
Mensalao2010: checks 
ptolejmus: checks 
*** TURN *** [As 3c Ac] [8s]
Mensalao2010: bets $3.80
ptolejmus: folds 
Uncalled bet ($3.80) returned to Mensalao2010
Mensalao2010 collected $3.80 from pot
*** SUMMARY ***
Total pot $4 | Rake $0.20 
Board [As 3c Ac 8s]
Seat 3: Sadyhov V.V.
Seat 5: sutata
Seat 1: Mensalao2010 (small blind) collected ($3.80)
Seat 2: ptolejmus (big blind) folded on the Turn
Seat 4: adrianos1211 folded before Flop (didn't bet)
Seat 6: nikalas22 (button) folded before Flop (didn't bet)



PokerStars Hand #254555770635:  Hold'em No Limit ($0.50/$1.00 USD) - 2025/01/25 1:22:43 WET [2025/01/25 20:22:43 ET]
Table 'Hale-Bopp IV' 6-max Seat #1 is the button
Seat 5: sutata ($92 in chips) is sitting out
Seat 1: Mensalao2010 ($87.30 in chips) 
Seat 2: ptolejmus ($10 in chips) 
Seat 3: Sadyhov V.V. ($100 in chips) 
Seat 4: adrianos1211 ($168.13 in chips) 
Seat 6: nikalas22 ($261.06 in chips) 
ptolejmus: posts small blind $0.50
Sadyhov V.V.: posts big blind $1
*** HOLE CARDS ***
adrianos1211: folds 
nikalas22: folds 
Mensalao2010: folds 
ptolejmus: raises $1 to $2
Sadyhov V.V.: calls $1
*** FLOP *** [5h 6h 7c]
ptolejmus: checks 
Sadyhov V.V.: checks 
*** TURN *** [5h 6h 7c] [4d]
ptolejmus: checks 
Sadyhov V.V.: bets $2.09
ptolejmus: folds 
Uncalled bet ($2.09) returned to Sadyhov V.V.
Sadyhov V.V. collected $3.80 from pot
Sadyhov V.V.: doesn't show hand 
*** SUMMARY ***
Total pot $4 | Rake $0.20 
Board [5h 6h 7c 4d]
Seat 5: sutata
Seat 1: Mensalao2010 (button) folded before Flop (didn't bet)
Seat 2: ptolejmus (small blind) folded on the Turn
Seat 3: Sadyhov V.V. (big blind) collected ($3.80)
Seat 4: adrianos1211 folded before Flop (didn't bet)
Seat 6: nikalas22 folded before Flop (didn't bet)



PokerStars Hand #254555781104:  Hold'em No Limit ($0.50/$1.00 USD) - 2025/01/25 1:23:39 WET [2025/01/25 20:23:39 ET]
Table 'Hale-Bopp IV' 6-max Seat #2 is the button
Seat 5: sutata ($92 in chips) is sitting out
Seat 1: Mensalao2010 ($87.30 in chips) 
Seat 2: ptolejmus ($10 in chips) 
Seat 3: Sadyhov V.V. ($101.80 in chips) 
Seat 4: adrianos1211 ($168.13 in chips) 
Seat 6: nikalas22 ($261.06 in chips) 
Sadyhov V.V.: posts small blind $0.50
adrianos1211: posts big blind $1
*** HOLE CARDS ***
nikalas22: folds 
Mensalao2010: folds 
ptolejmus: raises $1 to $2
Sadyhov V.V.: folds 
adrianos1211: calls $1
*** FLOP *** [5s 4s 8h]
adrianos1211: checks 
ptolejmus: checks 
*** TURN *** [5s 4s 8h] [5c]
adrianos1211: checks 
ptolejmus: bets $2.18
adrianos1211: folds 
Uncalled bet ($2.18) returned to ptolejmus
ptolejmus collected $4.28 from pot
*** SUMMARY ***
Total pot $4.50 | Rake $0.22 
Board [5s 4s 8h 5c]
Seat 5: sutata
Seat 1: Mensalao2010 folded before Flop (didn't bet)
Seat 2: ptolejmus (button) collected ($4.28)
Seat 3: Sadyhov V.V. (small blind) folded before Flop
Seat 4: adrianos1211 (big blind) folded on the Turn
Seat 6: nikalas22 folded before Flop (didn't bet)



PokerStars Hand #254555790773:  Hold'em No Limit ($0.50/$1.00 USD) - 2025/01/25 1:24:32 WET [2025/01/25 20:24:32 ET]
Table 'Hale-Bopp IV' 6-max Seat #3 is the button
Seat 5: sutata ($92 in chips) is sitting out
Seat 1: Mensalao2010 ($87.30 in chips) 
Seat 2: ptolejmus ($12.28 in chips) 
Seat 3: Sadyhov V.V. ($101.30 in chips) 
Seat 4: adrianos1211 ($166.13 in chips) 
Seat 6: nikalas22 ($261.06 in chips) 
adrianos1211: posts small blind $0.50
nikalas22: posts big blind $1
*** HOLE CARDS ***
Mensalao2010: folds 
ptolejmus: folds 
Sadyhov V.V.: folds 
adrianos1211: raises $2 to $3
nikalas22: calls $2
*** FLOP *** [Tc Ks 4s]
adrianos1211: checks 
nikalas22: checks 
*** TURN *** [Tc Ks 4s] [7h]
adrianos1211: checks 
nikalas22: checks 
*** RIVER *** [Tc Ks 4s 7h] [8s]
adrianos1211: bets $2.85
nikalas22: calls $2.85
*** SHOW DOWN ***
adrianos1211: shows [Ts Jc] (a pair of Tens)
nikalas22: mucks hand 
adrianos1211 collected $11.12 from pot
*** SUMMARY ***
Total pot $11.70 | Rake $0.58 
Board [Tc Ks 4s 7h 8s]
Seat 5: sutata
Seat 1: Mensalao2010 folded before Flop (didn't bet)
Seat 2: ptolejmus folded before Flop (didn't bet)
Seat 3: Sadyhov V.V. (button) folded before Flop (didn't bet)
Seat 4: adrianos1211 (small blind) showed [Ts Jc] and won ($11.12) with a pair of Tens
Seat 6: nikalas22 (big blind) mucked



PokerStars Hand #254555799325:  Hold'em No Limit ($0.50/$1.00 USD) - 2025/01/25 1:25:18 WET [2025/01/25 20:25:18 ET]
Table 'Hale-Bopp IV' 6-max Seat #4 is the button
Seat 5: sutata ($92 in chips) is sitting out
Seat 1: Mensalao2010 ($87.30 in chips) 
Seat 2: ptolejmus ($12.28 in chips) 
Seat 3: Sadyhov V.V. ($101.30 in chips) 
Seat 4: adrianos1211 ($171.40 in chips) 
Seat 6: nikalas22 ($255.21 in chips) 
nikalas22: posts small blind $0.50
Mensalao2010: posts big blind $1
*** HOLE CARDS ***
ptolejmus: raises $1 to $2
Sadyhov V.V.: folds 
adrianos1211: folds 
nikalas22: folds 
Mensalao2010: raises $1 to $3
ptolejmus: calls $1
*** FLOP *** [Ah 4c 9s]
Mensalao2010: checks 
ptolejmus: checks 
*** TURN *** [Ah 4c 9s] [6c]
Mensalao2010: checks 
ptolejmus: checks 
*** RIVER *** [Ah 4c 9s 6c] [Tc]
Mensalao2010: bets $3.09
ptolejmus: folds 
Uncalled bet ($3.09) returned to Mensalao2010
Mensalao2010 collected $6.18 from pot
*** SUMMARY ***
Total pot $6.50 | Rake $0.32 
Board [Ah 4c 9s 6c Tc]
Seat 5: sutata
Seat 1: Mensalao2010 (big blind) collected ($6.18)
Seat 2: ptolejmus folded on the River
Seat 3: Sadyhov V.V. folded before Flop (didn't bet)
Seat 4: adrianos1211 (button) folded before Flop (didn't bet)
Seat 6: nikalas22 (small blind) folded before Flop



PokerStars Hand #254555806801:  Hold'em No Limit ($0.50/$1.00 USD) - 2025/01/25 1:25:58 WET [2025/01/25 20:25:58 ET]
Table 'Hale-Bopp IV' 6-max Seat #6 is the button
Seat 5: sutata ($92 in chips) is sitting out
Seat 1: Mensalao2010 ($90.48 in chips) 
Seat 2: ptolejmus ($10 in chips) 
Seat 3: Sadyhov V.V. ($101.30 in chips) 
Seat 4: adrianos1211 ($171.40 in chips) 
Seat 6: nikalas22 ($254.71 in chips) 
Mensalao2010: posts small blind $0.50
ptolejmus: posts big blind $1
*** HOLE CARDS ***
Sadyhov V.V.: folds 
adrianos1211: folds 
nikalas22: raises $1.50 to $2.50
Mensalao2010: calls $2
ptolejmus: folds 
*** FLOP *** [6c 2s 6s]
Mensalao2010: checks 
nikalas22: checks 
*** TURN *** [6c 2s 6s] [8c]
Mensalao2010: checks 
nikalas22: bets $1.71
Mensalao2010: calls $1.71
*** RIVER *** [6c 2s 6s 8c] [5s]
Mensalao2010: checks 
nikalas22: bets $13.43
Mensalao2010: folds 
Uncalled bet ($13.43) returned to nikalas22
nikalas22 collected $8.95 from pot
nikalas22: doesn't show hand 
*** SUMMARY ***
Total pot $9.42 | Rake $0.47 
Board [6c 2s 6s 8c 5s]
Seat 5: sutata
Seat 1: Mensalao2010 (small blind) folded on the River
Seat 2: ptolejmus (big blind) folded before Flop
Seat 3: Sadyhov V.V. folded before Flop (didn't bet)
Seat 4: adrianos1211 folded before Flop (didn't bet)
Seat 6: nikalas22 (button) collected ($8.95)



PokerStars Hand #254555815896:  Hold'em No Limit ($0.50/$1.00 USD) - 2025/01/25 1:26:47 WET [2025/01/25 20:26:47 ET]
Table 'Hale-Bopp IV' 6-max Seat #1 is the button
Seat 5: sutata ($92 in chips) is sitting out
Seat 1: Mensalao2010 ($86.27 in chips) 
Seat 2: ptolejmus ($10 in chips) 
Seat 3: Sadyhov V.V. ($101.30 in chips) 
Seat 4: adrianos1211 ($171.40 in chips) 
Seat 6: nikalas22 ($259.45 in chips) 
ptolejmus: posts small blind $0.50
Sadyhov V.V.: posts big blind $1
*** HOLE CARDS ***
adrianos1211: folds 
nikalas22: folds 
adrianos1211 leaves the table
Mensalao2010: folds 
BeauParleur joins the table at seat #4 
ptolejmus: raises $1 to $2
Sadyhov V.V.: calls $1
*** FLOP *** [3s Ts 9d]
ptolejmus: bets $1.94
Sadyhov V.V.: raises $5.91 to $7.85
ptolejmus: folds 
Uncalled bet ($5.91) returned to Sadyhov V.V.
Sadyhov V.V. collected $7.49 from pot
Sadyhov V.V.: doesn't show hand 
*** SUMMARY ***
Total pot $7.88 | Rake $0.39 
Board [3s Ts 9d]
Seat 5: sutata
Seat 1: Mensalao2010 (button) folded before Flop (didn't bet)
Seat 2: ptolejmus (small blind) folded on the Flop
Seat 3: Sadyhov V.V. (big blind) collected ($7.49)
Seat 4: adrianos1211 folded before Flop (didn't bet)
Seat 6: nikalas22 folded before Flop (didn't bet)



PokerStars Hand #254555830238:  Hold'em No Limit ($0.50/$1.00 USD) - 2025/01/25 1:28:05 WET [2025/01/25 20:28:05 ET]
Table 'Hale-Bopp IV' 6-max Seat #2 is the button
Seat 5: sutata ($92 in chips) is sitting out
Seat 1: Mensalao2010 ($86.27 in chips) 
Seat 2: ptolejmus ($10 in chips) 
Seat 3: Sadyhov V.V. ($104.85 in chips) 
Seat 4: BeauParleur ($100 in chips) 
Seat 6: nikalas22 ($259.45 in chips) 
Sadyhov V.V.: posts small blind $0.50
BeauParleur: posts big blind $1
*** HOLE CARDS ***
nikalas22: raises $1.50 to $2.50
Mensalao2010: folds 
ptolejmus: folds 
Sadyhov V.V.: folds 
BeauParleur: calls $1.50
*** FLOP *** [7h 9c 4c]
BeauParleur: checks 
nikalas22: bets $3.92
BeauParleur: raises $9.80 to $13.72
nikalas22: calls $9.80
*** TURN *** [7h 9c 4c] [2d]
BeauParleur: bets $23.47
nikalas22: raises $219.76 to $243.23 and is all-in
BeauParleur: calls $60.31 and is all-in
Uncalled bet ($159.45) returned to nikalas22
*** FIRST RIVER *** [7h 9c 4c 2d] [8d]
*** SECOND RIVER *** [7h 9c 4c 2d] [Qc]
*** FIRST SHOW DOWN ***
BeauParleur: shows [2c Ac] (a pair of Deuces)
nikalas22: shows [4s 4h] (three of a kind, Fours)
nikalas22 collected $99 from pot
*** SECOND SHOW DOWN ***
BeauParleur: shows [2c Ac] (a flush, Ace high)
nikalas22: shows [4s 4h] (three of a kind, Fours)
BeauParleur collected $99 from pot
*** SUMMARY ***
Total pot $200.50 | Rake $2.50 
Hand was run twice
FIRST Board [7h 9c 4c 2d 8d]
SECOND Board [7h 9c 4c 2d Qc]
Seat 5: sutata
Seat 1: Mensalao2010 folded before Flop (didn't bet)
Seat 2: ptolejmus (button) folded before Flop (didn't bet)
Seat 3: Sadyhov V.V. (small blind) folded before Flop
Seat 4: BeauParleur (big blind) showed [2c Ac] and lost with a pair of Deuces, and won ($99) with a flush, Ace high
Seat 6: nikalas22 showed [4s 4h] and won ($99) with three of a kind, Fours, and lost with three of a kind, Fours



PokerStars Hand #254555844604:  Hold'em No Limit ($0.50/$1.00 USD) - 2025/01/25 1:29:21 WET [2025/01/25 20:29:21 ET]
Table 'Hale-Bopp IV' 6-max Seat #3 is the button
Seat 5: sutata ($92 in chips) is sitting out
Seat 1: Mensalao2010 ($86.27 in chips) 
Seat 2: ptolejmus ($10 in chips) 
Seat 3: Sadyhov V.V. ($104.35 in chips) 
Seat 4: BeauParleur ($100 in chips) 
Seat 6: nikalas22 ($258.45 in chips) 
BeauParleur: posts small blind $0.50
nikalas22: posts big blind $1
*** HOLE CARDS ***
Mensalao2010: folds 
ptolejmus: folds 
Sadyhov V.V.: folds 
BeauParleur: raises $2 to $3
nikalas22: calls $2
*** FLOP *** [4h 3d 7s]
BeauParleur: checks 
sutata leaves the table
nikalas22: checks 
*** TURN *** [4h 3d 7s] [Jh]
BeauParleur: checks 
nikalas22: checks 
*** RIVER *** [4h 3d 7s Jh] [2h]
BeauParleur: bets $1.88
nikalas22: calls $1.88
*** SHOW DOWN ***
BeauParleur: shows [6s 4s] (a pair of Fours)
nikalas22: mucks hand 
BeauParleur collected $9.27 from pot
*** SUMMARY ***
Total pot $9.76 | Rake $0.49 
Board [4h 3d 7s Jh 2h]
Seat 5: sutata
Seat 1: Mensalao2010 folded before Flop (didn't bet)
Seat 2: ptolejmus folded before Flop (didn't bet)
Seat 3: Sadyhov V.V. (button) folded before Flop (didn't bet)
Seat 4: BeauParleur (small blind) showed [6s 4s] and won ($9.27) with a pair of Fours
Seat 6: nikalas22 (big blind) mucked



PokerStars Hand #254555876889:  Hold'em No Limit ($0.50/$1.00 USD) - 2025/01/25 1:32:14 WET [2025/01/25 20:32:14 ET]
Table 'Hale-Bopp IV' 6-max Seat #3 is the button
Seat 2: ptolejmus ($10 in chips) is sitting out
Seat 1: Mensalao2010 ($82.77 in chips) 
Seat 3: Sadyhov V.V. ($102.85 in chips) 
Seat 4: BeauParleur ($109.67 in chips) 
Seat 5: xcinaz ($100 in chips) 
Seat 6: nikalas22 ($253.07 in chips) 
BeauParleur: posts small blind $0.50
xcinaz: posts big blind $1
*** HOLE CARDS ***
nikalas22: folds 
Mensalao2010: raises $1 to $2
Sadyhov V.V.: calls $2
BeauParleur: folds 
xcinaz: raises $12 to $14
Mensalao2010: folds 
Sadyhov V.V.: folds 
Uncalled bet ($12) returned to xcinaz
xcinaz collected $6.50 from pot
xcinaz: doesn't show hand 
*** SUMMARY ***
Total pot $6.50 | Rake $0 
Seat 2: ptolejmus
Seat 1: Mensalao2010 folded before Flop
Seat 3: Sadyhov V.V. (button) folded before Flop
Seat 4: BeauParleur (small blind) folded before Flop
Seat 5: xcinaz (big blind) collected ($6.50)
Seat 6: nikalas22 folded before Flop (didn't bet)



PokerStars Hand #254555886022:  Hold'em No Limit ($0.50/$1.00 USD) - 2025/01/25 1:33:02 WET [2025/01/25 20:33:02 ET]
Table 'Hale-Bopp IV' 6-max Seat #4 is the button
Seat 2: ptolejmus ($10 in chips) is sitting out
Seat 1: Mensalao2010 ($80.77 in chips) 
Seat 3: Sadyhov V.V. ($100.85 in chips) 
Seat 4: BeauParleur ($109.17 in chips) 
Seat 5: xcinaz ($104.50 in chips) 
Seat 6: nikalas22 ($253.07 in chips) 
xcinaz: posts small blind $0.50
nikalas22: posts big blind $1
*** HOLE CARDS ***
Mensalao2010: folds 
Sadyhov V.V.: folds 
BeauParleur: raises $1.50 to $2.50
xcinaz: folds 
nikalas22: calls $1.50
*** FLOP *** [2d 6h 2h]
nikalas22: checks 
BeauParleur: bets $1.72
nikalas22: folds 
Uncalled bet ($1.72) returned to BeauParleur
BeauParleur collected $5.22 from pot
BeauParleur: doesn't show hand 
*** SUMMARY ***
Total pot $5.50 | Rake $0.28 
Board [2d 6h 2h]
Seat 2: ptolejmus
Seat 1: Mensalao2010 folded before Flop (didn't bet)
Seat 3: Sadyhov V.V. folded before Flop (didn't bet)
Seat 4: BeauParleur (button) collected ($5.22)
Seat 5: xcinaz (small blind) folded before Flop
Seat 6: nikalas22 (big blind) folded on the Flop



PokerStars Hand #254555892617:  Hold'em No Limit ($0.50/$1.00 USD) - 2025/01/25 1:33:37 WET [2025/01/25 20:33:37 ET]
Table 'Hale-Bopp IV' 6-max Seat #5 is the button
Seat 2: ptolejmus ($10 in chips) is sitting out
Seat 1: Mensalao2010 ($80.77 in chips) 
Seat 3: Sadyhov V.V. ($100.85 in chips) 
Seat 4: BeauParleur ($111.89 in chips) 
Seat 5: xcinaz ($104 in chips) 
Seat 6: nikalas22 ($250.57 in chips) 
nikalas22: posts small blind $0.50
Mensalao2010: posts big blind $1
*** HOLE CARDS ***
Sadyhov V.V.: folds 
BeauParleur: folds 
xcinaz: folds 
nikalas22: raises $2 to $3
Mensalao2010: calls $2
*** FLOP *** [Qh Ac 7c]
nikalas22: bets $4.28
Mensalao2010: calls $4.28
*** TURN *** [Qh Ac 7c] [7h]
nikalas22: checks 
Mensalao2010: bets $13.83
nikalas22: folds 
Uncalled bet ($13.83) returned to Mensalao2010
Mensalao2010 collected $13.83 from pot
*** SUMMARY ***
Total pot $14.56 | Rake $0.73 
Board [Qh Ac 7c 7h]
Seat 2: ptolejmus
Seat 1: Mensalao2010 (big blind) collected ($13.83)
Seat 3: Sadyhov V.V. folded before Flop (didn't bet)
Seat 4: BeauParleur folded before Flop (didn't bet)
Seat 5: xcinaz (button) folded before Flop (didn't bet)
Seat 6: nikalas22 (small blind) folded on the Turn



PokerStars Hand #254555902552:  Hold'em No Limit ($0.50/$1.00 USD) - 2025/01/25 1:34:30 WET [2025/01/25 20:34:30 ET]
Table 'Hale-Bopp IV' 6-max Seat #6 is the button
Seat 1: Mensalao2010 ($87.32 in chips) 
Seat 2: ptolejmus ($10 in chips) 
Seat 3: Sadyhov V.V. ($100.85 in chips) 
Seat 4: BeauParleur ($111.89 in chips) 
Seat 5: xcinaz ($104 in chips) 
Seat 6: nikalas22 ($243.29 in chips) 
Mensalao2010: posts small blind $0.50
ptolejmus: posts big blind $1
*** HOLE CARDS ***
Sadyhov V.V.: raises $1.20 to $2.20
BeauParleur: folds 
xcinaz: folds 
nikalas22: folds 
Mensalao2010: folds 
ptolejmus: folds 
Uncalled bet ($1.20) returned to Sadyhov V.V.
Sadyhov V.V. collected $2.50 from pot
Sadyhov V.V.: doesn't show hand 
*** SUMMARY ***
Total pot $2.50 | Rake $0 
Seat 1: Mensalao2010 (small blind) folded before Flop
Seat 2: ptolejmus (big blind) folded before Flop
Seat 3: Sadyhov V.V. collected ($2.50)
Seat 4: BeauParleur folded before Flop (didn't bet)
Seat 5: xcinaz folded before Flop (didn't bet)
Seat 6: nikalas22 (button) folded before Flop (didn't bet)



PokerStars Hand #254555908562:  Hold'em No Limit ($0.50/$1.00 USD) - 2025/01/25 1:35:02 WET [2025/01/25 20:35:02 ET]
Table 'Hale-Bopp IV' 6-max Seat #1 is the button
Seat 1: Mensalao2010 ($86.82 in chips) 
Seat 2: ptolejmus ($10 in chips) 
Seat 3: Sadyhov V.V. ($102.35 in chips) 
Seat 4: BeauParleur ($111.89 in chips) 
Seat 5: xcinaz ($104 in chips) 
Seat 6: nikalas22 ($243.29 in chips) 
ptolejmus: posts small blind $0.50
Sadyhov V.V.: posts big blind $1
*** HOLE CARDS ***
BeauParleur: folds 
xcinaz: folds 
nikalas22: folds 
Mensalao2010: folds 
ptolejmus: raises $1 to $2
Sadyhov V.V.: calls $1
*** FLOP *** [9c 9h 8c]
ptolejmus: bets $1.03
Sadyhov V.V.: raises $8.47 to $9.50
ptolejmus: folds 
Uncalled bet ($8.47) returned to Sadyhov V.V.
Sadyhov V.V. collected $5.76 from pot
Sadyhov V.V.: doesn't show hand 
*** SUMMARY ***
Total pot $6.06 | Rake $0.30 
Board [9c 9h 8c]
Seat 1: Mensalao2010 (button) folded before Flop (didn't bet)
Seat 2: ptolejmus (small blind) folded on the Flop
Seat 3: Sadyhov V.V. (big blind) collected ($5.76)
Seat 4: BeauParleur folded before Flop (didn't bet)
Seat 5: xcinaz folded before Flop (didn't bet)
Seat 6: nikalas22 folded before Flop (didn't bet)



PokerStars Hand #254555920319:  Hold'em No Limit ($0.50/$1.00 USD) - 2025/01/25 1:36:05 WET [2025/01/25 20:36:05 ET]
Table 'Hale-Bopp IV' 6-max Seat #2 is the button
Seat 1: Mensalao2010 ($86.82 in chips) 
Seat 2: ptolejmus ($10 in chips) 
Seat 3: Sadyhov V.V. ($105.08 in chips) 
Seat 4: BeauParleur ($111.89 in chips) 
Seat 5: xcinaz ($104 in chips) 
Seat 6: nikalas22 ($243.29 in chips) 
Sadyhov V.V.: posts small blind $0.50
BeauParleur: posts big blind $1
*** HOLE CARDS ***
xcinaz: folds 
nikalas22: raises $1.50 to $2.50
Mensalao2010: folds 
ptolejmus: folds 
Sadyhov V.V.: folds 
BeauParleur: folds 
Uncalled bet ($1.50) returned to nikalas22
nikalas22 collected $2.50 from pot
nikalas22: doesn't show hand 
*** SUMMARY ***
Total pot $2.50 | Rake $0 
Seat 1: Mensalao2010 folded before Flop (didn't bet)
Seat 2: ptolejmus (button) folded before Flop (didn't bet)
Seat 3: Sadyhov V.V. (small blind) folded before Flop
Seat 4: BeauParleur (big blind) folded before Flop
Seat 5: xcinaz folded before Flop (didn't bet)
Seat 6: nikalas22 collected ($2.50)



PokerStars Hand #254555924030:  Hold'em No Limit ($0.50/$1.00 USD) - 2025/01/25 1:36:25 WET [2025/01/25 20:36:25 ET]
Table 'Hale-Bopp IV' 6-max Seat #3 is the button
Seat 1: Mensalao2010 ($86.82 in chips) 
Seat 2: ptolejmus ($10 in chips) 
Seat 3: Sadyhov V.V. ($104.58 in chips) 
Seat 4: BeauParleur ($110.89 in chips) 
Seat 5: xcinaz ($104 in chips) 
Seat 6: nikalas22 ($244.79 in chips) 
BeauParleur: posts small blind $0.50
xcinaz: posts big blind $1
*** HOLE CARDS ***
nikalas22: folds 
Mensalao2010: calls $1
ptolejmus: folds 
Sadyhov V.V.: folds 
BeauParleur: calls $0.50
xcinaz: checks 
*** FLOP *** [Ks Th 3h]
BeauParleur: checks 
xcinaz: checks 
Mensalao2010: checks 
*** TURN *** [Ks Th 3h] [3c]
BeauParleur: checks 
xcinaz: checks 
Mensalao2010: checks 
*** RIVER *** [Ks Th 3h 3c] [Jh]
BeauParleur: bets $1
xcinaz: folds 
Mensalao2010: folds 
Uncalled bet ($1) returned to BeauParleur
BeauParleur collected $2.85 from pot
BeauParleur: doesn't show hand 
*** SUMMARY ***
Total pot $3 | Rake $0.15 
Board [Ks Th 3h 3c Jh]
Seat 1: Mensalao2010 folded on the River
Seat 2: ptolejmus folded before Flop (didn't bet)
Seat 3: Sadyhov V.V. (button) folded before Flop (didn't bet)
Seat 4: BeauParleur (small blind) collected ($2.85)
Seat 5: xcinaz (big blind) folded on the River
Seat 6: nikalas22 folded before Flop (didn't bet)



PokerStars Hand #254555940297:  Hold'em No Limit ($0.50/$1.00 USD) - 2025/01/25 1:37:53 WET [2025/01/25 20:37:53 ET]
Table 'Hale-Bopp IV' 6-max Seat #4 is the button
Seat 1: Mensalao2010 ($85.82 in chips) 
Seat 2: ptolejmus ($10 in chips) 
Seat 3: Sadyhov V.V. ($104.58 in chips) 
Seat 4: BeauParleur ($112.74 in chips) 
Seat 5: xcinaz ($103 in chips) 
Seat 6: nikalas22 ($244.79 in chips) 
xcinaz: posts small blind $0.50
nikalas22: posts big blind $1
*** HOLE CARDS ***
Mensalao2010: folds 
ptolejmus: folds 
Sadyhov V.V.: folds 
BeauParleur: folds 
xcinaz: folds 
Uncalled bet ($0.50) returned to nikalas22
nikalas22 collected $1 from pot
nikalas22: doesn't show hand 
*** SUMMARY ***
Total pot $1 | Rake $0 
Seat 1: Mensalao2010 folded before Flop (didn't bet)
Seat 2: ptolejmus folded before Flop (didn't bet)
Seat 3: Sadyhov V.V. folded before Flop (didn't bet)
Seat 4: BeauParleur (button) folded before Flop (didn't bet)
Seat 5: xcinaz (small blind) folded before Flop
Seat 6: nikalas22 (big blind) collected ($1)



PokerStars Hand #254555944477:  Hold'em No Limit ($0.50/$1.00 USD) - 2025/01/25 1:38:16 WET [2025/01/25 20:38:16 ET]
Table 'Hale-Bopp IV' 6-max Seat #5 is the button
Seat 1: Mensalao2010 ($85.82 in chips) 
Seat 2: ptolejmus ($10 in chips) 
Seat 3: Sadyhov V.V. ($104.58 in chips) 
Seat 4: BeauParleur ($112.74 in chips) 
Seat 5: xcinaz ($102.50 in chips) 
Seat 6: nikalas22 ($245.29 in chips) 
nikalas22: posts small blind $0.50
Mensalao2010: posts big blind $1
*** HOLE CARDS ***
ptolejmus: folds 
Sadyhov V.V.: folds 
BeauParleur: folds 
xcinaz: raises $1.50 to $2.50
nikalas22: folds 
Mensalao2010: calls $1.50
*** FLOP *** [4c 4s 4h]
Mensalao2010: checks 
xcinaz: bets $4.44
Mensalao2010: folds 
Uncalled bet ($4.44) returned to xcinaz
xcinaz collected $5.22 from pot
xcinaz: doesn't show hand 
*** SUMMARY ***
Total pot $5.50 | Rake $0.28 
Board [4c 4s 4h]
Seat 1: Mensalao2010 (big blind) folded on the Flop
Seat 2: ptolejmus folded before Flop (didn't bet)
Seat 3: Sadyhov V.V. folded before Flop (didn't bet)
Seat 4: BeauParleur folded before Flop (didn't bet)
Seat 5: xcinaz (button) collected ($5.22)
Seat 6: nikalas22 (small blind) folded before Flop



PokerStars Hand #254555952977:  Hold'em No Limit ($0.50/$1.00 USD) - 2025/01/25 1:39:01 WET [2025/01/25 20:39:01 ET]
Table 'Hale-Bopp IV' 6-max Seat #6 is the button
Seat 1: Mensalao2010 ($83.32 in chips) 
Seat 2: ptolejmus ($10 in chips) 
Seat 3: Sadyhov V.V. ($104.58 in chips) 
Seat 4: BeauParleur ($112.74 in chips) 
Seat 5: xcinaz ($105.22 in chips) 
Seat 6: nikalas22 ($244.79 in chips) 
Mensalao2010: posts small blind $0.50
ptolejmus: posts big blind $1
*** HOLE CARDS ***
Sadyhov V.V.: raises $1.20 to $2.20
BeauParleur: folds 
xcinaz: folds 
nikalas22: folds 
Mensalao2010: folds 
ptolejmus: folds 
Uncalled bet ($1.20) returned to Sadyhov V.V.
Sadyhov V.V. collected $2.50 from pot
Sadyhov V.V.: doesn't show hand 
*** SUMMARY ***
Total pot $2.50 | Rake $0 
Seat 1: Mensalao2010 (small blind) folded before Flop
Seat 2: ptolejmus (big blind) folded before Flop
Seat 3: Sadyhov V.V. collected ($2.50)
Seat 4: BeauParleur folded before Flop (didn't bet)
Seat 5: xcinaz folded before Flop (didn't bet)
Seat 6: nikalas22 (button) folded before Flop (didn't bet)



PokerStars Hand #254555956188:  Hold'em No Limit ($0.50/$1.00 USD) - 2025/01/25 1:39:19 WET [2025/01/25 20:39:19 ET]
Table 'Hale-Bopp IV' 6-max Seat #1 is the button
Seat 1: Mensalao2010 ($82.82 in chips) 
Seat 2: ptolejmus ($10 in chips) 
Seat 3: Sadyhov V.V. ($106.08 in chips) 
Seat 4: BeauParleur ($112.74 in chips) 
Seat 5: xcinaz ($105.22 in chips) 
Seat 6: nikalas22 ($244.79 in chips) 
ptolejmus: posts small blind $0.50
Sadyhov V.V.: posts big blind $1
*** HOLE CARDS ***
BeauParleur: folds 
xcinaz: folds 
nikalas22: folds 
Mensalao2010: raises $1 to $2
ptolejmus: folds 
Sadyhov V.V.: calls $1
*** FLOP *** [Kd 9d 7h]
Sadyhov V.V.: checks 
Mensalao2010: bets $4.28
Sadyhov V.V.: folds 
Uncalled bet ($4.28) returned to Mensalao2010
Mensalao2010 collected $4.28 from pot
*** SUMMARY ***
Total pot $4.50 | Rake $0.22 
Board [Kd 9d 7h]
Seat 1: Mensalao2010 (button) collected ($4.28)
Seat 2: ptolejmus (small blind) folded before Flop
Seat 3: Sadyhov V.V. (big blind) folded on the Flop
Seat 4: BeauParleur folded before Flop (didn't bet)
Seat 5: xcinaz folded before Flop (didn't bet)
Seat 6: nikalas22 folded before Flop (didn't bet)



PokerStars Hand #254555964344:  Hold'em No Limit ($0.50/$1.00 USD) - 2025/01/25 1:40:03 WET [2025/01/25 20:40:03 ET]
Table 'Hale-Bopp IV' 6-max Seat #2 is the button
Seat 1: Mensalao2010 ($85.10 in chips) 
Seat 2: ptolejmus ($10 in chips) 
Seat 3: Sadyhov V.V. ($104.08 in chips) 
Seat 4: BeauParleur ($112.74 in chips) 
Seat 5: xcinaz ($105.22 in chips) 
Seat 6: nikalas22 ($244.79 in chips) 
Sadyhov V.V.: posts small blind $0.50
BeauParleur: posts big blind $1
*** HOLE CARDS ***
xcinaz: folds 
nikalas22: folds 
Mensalao2010: raises $1 to $2
ptolejmus: folds 
Sadyhov V.V.: folds 
BeauParleur: calls $1
*** FLOP *** [7s Td 2d]
BeauParleur: checks 
Mensalao2010: bets $4.28
BeauParleur: calls $4.28
*** TURN *** [7s Td 2d] [9s]
BeauParleur: checks 
Mensalao2010: bets $6.21
BeauParleur: folds 
Uncalled bet ($6.21) returned to Mensalao2010
Mensalao2010 collected $12.41 from pot
*** SUMMARY ***
Total pot $13.06 | Rake $0.65 
Board [7s Td 2d 9s]
Seat 1: Mensalao2010 collected ($12.41)
Seat 2: ptolejmus (button) folded before Flop (didn't bet)
Seat 3: Sadyhov V.V. (small blind) folded before Flop
Seat 4: BeauParleur (big blind) folded on the Turn
Seat 5: xcinaz folded before Flop (didn't bet)
Seat 6: nikalas22 folded before Flop (didn't bet)



PokerStars Hand #254555976812:  Hold'em No Limit ($0.50/$1.00 USD) - 2025/01/25 1:41:10 WET [2025/01/25 20:41:10 ET]
Table 'Hale-Bopp IV' 6-max Seat #3 is the button
Seat 1: Mensalao2010 ($91.23 in chips) 
Seat 2: ptolejmus ($10 in chips) 
Seat 3: Sadyhov V.V. ($103.58 in chips) 
Seat 4: BeauParleur ($106.46 in chips) 
Seat 5: xcinaz ($105.22 in chips) 
Seat 6: nikalas22 ($244.79 in chips) 
BeauParleur: posts small blind $0.50
xcinaz: posts big blind $1
*** HOLE CARDS ***
nikalas22: folds 
Mensalao2010: folds 
ptolejmus: raises $9 to $10 and is all-in
Sadyhov V.V.: folds 
BeauParleur: folds 
xcinaz: calls $9
*** FLOP *** [2s Ad 8h]
*** TURN *** [2s Ad 8h] [Jh]
*** RIVER *** [2s Ad 8h Jh] [7s]
*** SHOW DOWN ***
xcinaz: shows [Ks Ts] (high card Ace)
ptolejmus: shows [As Kd] (a pair of Aces)
ptolejmus collected $19.48 from pot
*** SUMMARY ***
Total pot $20.50 | Rake $1.02 
Board [2s Ad 8h Jh 7s]
Seat 1: Mensalao2010 folded before Flop (didn't bet)
Seat 2: ptolejmus showed [As Kd] and won ($19.48) with a pair of Aces
Seat 3: Sadyhov V.V. (button) folded before Flop (didn't bet)
Seat 4: BeauParleur (small blind) folded before Flop
Seat 5: xcinaz (big blind) showed [Ks Ts] and lost with high card Ace
Seat 6: nikalas22 folded before Flop (didn't bet)



PokerStars Hand #254555981634:  Hold'em No Limit ($0.50/$1.00 USD) - 2025/01/25 1:41:36 WET [2025/01/25 20:41:36 ET]
Table 'Hale-Bopp IV' 6-max Seat #4 is the button
Seat 1: Mensalao2010 ($91.23 in chips) 
Seat 2: ptolejmus ($19.48 in chips) 
Seat 3: Sadyhov V.V. ($103.58 in chips) 
Seat 4: BeauParleur ($105.96 in chips) 
Seat 5: xcinaz ($100 in chips) 
Seat 6: nikalas22 ($244.79 in chips) 
xcinaz: posts small blind $0.50
nikalas22: posts big blind $1
*** HOLE CARDS ***
Mensalao2010: raises $2 to $3
ptolejmus: folds 
Sadyhov V.V.: folds 
BeauParleur: folds 
xcinaz: folds 
nikalas22: calls $2
*** FLOP *** [2s Jd 6d]
nikalas22: checks 
Mensalao2010: bets $1
nikalas22: folds 
Uncalled bet ($1) returned to Mensalao2010
Mensalao2010 collected $6.18 from pot
*** SUMMARY ***
Total pot $6.50 | Rake $0.32 
Board [2s Jd 6d]
Seat 1: Mensalao2010 collected ($6.18)
Seat 2: ptolejmus folded before Flop (didn't bet)
Seat 3: Sadyhov V.V. folded before Flop (didn't bet)
Seat 4: BeauParleur (button) folded before Flop (didn't bet)
Seat 5: xcinaz (small blind) folded before Flop
Seat 6: nikalas22 (big blind) folded on the Flop



PokerStars Hand #254555990656:  Hold'em No Limit ($0.50/$1.00 USD) - 2025/01/25 1:42:25 WET [2025/01/25 20:42:25 ET]
Table 'Hale-Bopp IV' 6-max Seat #5 is the button
Seat 1: Mensalao2010 ($94.41 in chips) 
Seat 2: ptolejmus ($19.48 in chips) 
Seat 3: Sadyhov V.V. ($103.58 in chips) 
Seat 4: BeauParleur ($105.96 in chips) 
Seat 5: xcinaz ($100 in chips) 
Seat 6: nikalas22 ($241.79 in chips) 
nikalas22: posts small blind $0.50
Mensalao2010: posts big blind $1
*** HOLE CARDS ***
ptolejmus: folds 
Sadyhov V.V.: raises $1.20 to $2.20
BeauParleur: folds 
xcinaz: folds 
nikalas22: folds 
Mensalao2010: calls $1.20
*** FLOP *** [Jh 4h 8s]
Mensalao2010: checks 
Sadyhov V.V.: checks 
*** TURN *** [Jh 4h 8s] [6d]
Mensalao2010: bets $4.66
Sadyhov V.V.: folds 
Uncalled bet ($4.66) returned to Mensalao2010
Mensalao2010 collected $4.66 from pot
*** SUMMARY ***
Total pot $4.90 | Rake $0.24 
Board [Jh 4h 8s 6d]
Seat 1: Mensalao2010 (big blind) collected ($4.66)
Seat 2: ptolejmus folded before Flop (didn't bet)
Seat 3: Sadyhov V.V. folded on the Turn
Seat 4: BeauParleur folded before Flop (didn't bet)
Seat 5: xcinaz (button) folded before Flop (didn't bet)
Seat 6: nikalas22 (small blind) folded before Flop



PokerStars Hand #254556003552:  Hold'em No Limit ($0.50/$1.00 USD) - 2025/01/25 1:43:36 WET [2025/01/25 20:43:36 ET]
Table 'Hale-Bopp IV' 6-max Seat #6 is the button
Seat 1: Mensalao2010 ($96.87 in chips) 
Seat 2: ptolejmus ($19.48 in chips) 
Seat 3: Sadyhov V.V. ($101.38 in chips) 
Seat 4: BeauParleur ($105.96 in chips) 
Seat 5: xcinaz ($100 in chips) 
Seat 6: nikalas22 ($241.29 in chips) 
Mensalao2010: posts small blind $0.50
ptolejmus: posts big blind $1
*** HOLE CARDS ***
Sadyhov V.V.: folds 
BeauParleur: raises $1 to $2
xcinaz: folds 
nikalas22: folds 
Mensalao2010: raises $5 to $7
ptolejmus: folds 
BeauParleur: folds 
Uncalled bet ($5) returned to Mensalao2010
Mensalao2010 collected $5 from pot
*** SUMMARY ***
Total pot $5 | Rake $0 
Seat 1: Mensalao2010 (small blind) collected ($5)
Seat 2: ptolejmus (big blind) folded before Flop
Seat 3: Sadyhov V.V. folded before Flop (didn't bet)
Seat 4: BeauParleur folded before Flop
Seat 5: xcinaz folded before Flop (didn't bet)
Seat 6: nikalas22 (button) folded before Flop (didn't bet)



PokerStars Hand #254556009174:  Hold'em No Limit ($0.50/$1.00 USD) - 2025/01/25 1:44:06 WET [2025/01/25 20:44:06 ET]
Table 'Hale-Bopp IV' 6-max Seat #1 is the button
Seat 1: Mensalao2010 ($99.87 in chips) 
Seat 2: ptolejmus ($18.48 in chips) 
Seat 3: Sadyhov V.V. ($101.38 in chips) 
Seat 4: BeauParleur ($103.96 in chips) 
Seat 5: xcinaz ($100 in chips) 
Seat 6: nikalas22 ($241.29 in chips) 
ptolejmus: posts small blind $0.50
Sadyhov V.V.: posts big blind $1
*** HOLE CARDS ***
BeauParleur: folds 
xcinaz: raises $1 to $2
nikalas22: raises $6 to $8
Mensalao2010: calls $8
ptolejmus: folds 
Sadyhov V.V.: folds 
xcinaz: folds 
*** FLOP *** [6s 8c Ad]
nikalas22: checks 
Mensalao2010: bets $6.26
nikalas22: calls $6.26
*** TURN *** [6s 8c Ad] [Ah]
nikalas22: checks 
Mensalao2010: checks 
*** RIVER *** [6s 8c Ad Ah] [Qs]
nikalas22: checks 
Mensalao2010: checks 
*** SHOW DOWN ***
nikalas22: shows [Ac 5c] (three of a kind, Aces)
Mensalao2010: mucks hand 
nikalas22 collected $30.42 from pot
*** SUMMARY ***
Total pot $32.02 | Rake $1.60 
Board [6s 8c Ad Ah Qs]
Seat 1: Mensalao2010 (button) mucked
Seat 2: ptolejmus (small blind) folded before Flop
Seat 3: Sadyhov V.V. (big blind) folded before Flop
Seat 4: BeauParleur folded before Flop (didn't bet)
Seat 5: xcinaz folded before Flop
Seat 6: nikalas22 showed [Ac 5c] and won ($30.42) with three of a kind, Aces



PokerStars Hand #254556020119:  Hold'em No Limit ($0.50/$1.00 USD) - 2025/01/25 1:45:07 WET [2025/01/25 20:45:07 ET]
Table 'Hale-Bopp IV' 6-max Seat #2 is the button
Seat 1: Mensalao2010 ($85.61 in chips) 
Seat 2: ptolejmus ($17.98 in chips) 
Seat 3: Sadyhov V.V. ($100.38 in chips) 
Seat 4: BeauParleur ($103.96 in chips) 
Seat 5: xcinaz ($100 in chips) 
Seat 6: nikalas22 ($257.45 in chips) 
Sadyhov V.V.: posts small blind $0.50
BeauParleur: posts big blind $1
*** HOLE CARDS ***
xcinaz: folds 
nikalas22: folds 
Mensalao2010: folds 
ptolejmus: raises $1 to $2
Sadyhov V.V.: folds 
BeauParleur: raises $5 to $7
ptolejmus: folds 
Uncalled bet ($5) returned to BeauParleur
BeauParleur collected $4.50 from pot
BeauParleur: doesn't show hand 
*** SUMMARY ***
Total pot $4.50 | Rake $0 
Seat 1: Mensalao2010 folded before Flop (didn't bet)
Seat 2: ptolejmus (button) folded before Flop
Seat 3: Sadyhov V.V. (small blind) folded before Flop
Seat 4: BeauParleur (big blind) collected ($4.50)
Seat 5: xcinaz folded before Flop (didn't bet)
Seat 6: nikalas22 folded before Flop (didn't bet)



PokerStars Hand #254556025060:  Hold'em No Limit ($0.50/$1.00 USD) - 2025/01/25 1:45:34 WET [2025/01/25 20:45:34 ET]
Table 'Hale-Bopp IV' 6-max Seat #3 is the button
Seat 1: Mensalao2010 ($85.61 in chips) 
Seat 2: ptolejmus ($15.98 in chips) 
Seat 3: Sadyhov V.V. ($100 in chips) 
Seat 4: BeauParleur ($106.46 in chips) 
Seat 5: xcinaz ($100 in chips) 
Seat 6: nikalas22 ($257.45 in chips) 
BeauParleur: posts small blind $0.50
xcinaz: posts big blind $1
*** HOLE CARDS ***
nikalas22: folds 
Mensalao2010: folds 
ptolejmus: folds 
Sadyhov V.V.: folds 
BeauParleur: raises $2 to $3
xcinaz: folds 
Uncalled bet ($2) returned to BeauParleur
BeauParleur collected $2 from pot
BeauParleur: doesn't show hand 
*** SUMMARY ***
Total pot $2 | Rake $0 
Seat 1: Mensalao2010 folded before Flop (didn't bet)
Seat 2: ptolejmus folded before Flop (didn't bet)
Seat 3: Sadyhov V.V. (button) folded before Flop (didn't bet)
Seat 4: BeauParleur (small blind) collected ($2)
Seat 5: xcinaz (big blind) folded before Flop
Seat 6: nikalas22 folded before Flop (didn't bet)



PokerStars Hand #254556031058:  Hold'em No Limit ($0.50/$1.00 USD) - 2025/01/25 1:46:06 WET [2025/01/25 20:46:06 ET]
Table 'Hale-Bopp IV' 6-max Seat #4 is the button
Seat 1: Mensalao2010 ($85.61 in chips) 
Seat 2: ptolejmus ($15.98 in chips) 
Seat 3: Sadyhov V.V. ($100 in chips) 
Seat 4: BeauParleur ($107.46 in chips) 
Seat 5: xcinaz ($100 in chips) 
Seat 6: nikalas22 ($257.45 in chips) 
xcinaz: posts small blind $0.50
nikalas22: posts big blind $1
*** HOLE CARDS ***
Mensalao2010: folds 
ptolejmus: raises $1 to $2
Mensalao2010 leaves the table
Sadyhov V.V.: folds 
BeauParleur: folds 
xcinaz: raises $6 to $8
nikalas22: folds 
ptolejmus: folds 
Uncalled bet ($6) returned to xcinaz
xcinaz collected $5 from pot
xcinaz: doesn't show hand 
*** SUMMARY ***
Total pot $5 | Rake $0 
Seat 1: Mensalao2010 folded before Flop (didn't bet)
Seat 2: ptolejmus folded before Flop
Seat 3: Sadyhov V.V. folded before Flop (didn't bet)
Seat 4: BeauParleur (button) folded before Flop (didn't bet)
Seat 5: xcinaz (small blind) collected ($5)
Seat 6: nikalas22 (big blind) folded before Flop



PokerStars Hand #254556037509:  Hold'em No Limit ($0.50/$1.00 USD) - 2025/01/25 1:46:42 WET [2025/01/25 20:46:42 ET]
Table 'Hale-Bopp IV' 6-max Seat #5 is the button
Seat 2: ptolejmus ($13.98 in chips) is sitting out
Seat 3: Sadyhov V.V. ($100 in chips) 
Seat 4: BeauParleur ($107.46 in chips) 
Seat 5: xcinaz ($103 in chips) 
Seat 6: nikalas22 ($256.45 in chips) 
nikalas22: posts small blind $0.50
ptolejmus: is sitting out 
Sadyhov V.V.: posts big blind $1
*** HOLE CARDS ***
ptolejmus leaves the table
BeauParleur: folds 
xcinaz: raises $1.50 to $2.50
nikalas22: folds 
Sadyhov V.V.: calls $1.50
*** FLOP *** [Ts 3s 9s]
Sadyhov V.V.: checks 
xcinaz: bets $1.31
Sadyhov V.V.: calls $1.31
*** TURN *** [Ts 3s 9s] [Qd]
Sadyhov V.V.: checks 
xcinaz: checks 
*** RIVER *** [Ts 3s 9s Qd] [2c]
Sadyhov V.V.: bets $1.70
xcinaz: folds 
Uncalled bet ($1.70) returned to Sadyhov V.V.
Sadyhov V.V. collected $7.71 from pot
Sadyhov V.V.: doesn't show hand 
*** SUMMARY ***
Total pot $8.12 | Rake $0.41 
Board [Ts 3s 9s Qd 2c]
Seat 2: ptolejmus
Seat 3: Sadyhov V.V. (big blind) collected ($7.71)
Seat 4: BeauParleur folded before Flop (didn't bet)
Seat 5: xcinaz (button) folded on the River
Seat 6: nikalas22 (small blind) folded before Flop



PokerStars Hand #254556048998:  Hold'em No Limit ($0.50/$1.00 USD) - 2025/01/25 1:47:44 WET [2025/01/25 20:47:44 ET]
Table 'Hale-Bopp IV' 6-max Seat #6 is the button
Seat 3: Sadyhov V.V. ($103.90 in chips) 
Seat 4: BeauParleur ($107.46 in chips) 
Seat 5: xcinaz ($100 in chips) 
Seat 6: nikalas22 ($255.95 in chips) 
Sadyhov V.V.: posts small blind $0.50
BeauParleur: posts big blind $1
*** HOLE CARDS ***
xcinaz: folds 
nikalas22: raises $1.50 to $2.50
Sadyhov V.V.: folds 
BeauParleur: folds 
Uncalled bet ($1.50) returned to nikalas22
nikalas22 collected $2.50 from pot
nikalas22: doesn't show hand 
*** SUMMARY ***
Total pot $2.50 | Rake $0 
Seat 3: Sadyhov V.V. (small blind) folded before Flop
Seat 4: BeauParleur (big blind) folded before Flop
Seat 5: xcinaz folded before Flop (didn't bet)
Seat 6: nikalas22 (button) collected ($2.50)



PokerStars Hand #254556094961:  Hold'em No Limit ($0.50/$1.00 USD) - 2025/01/25 1:52:00 WET [2025/01/25 20:52:00 ET]
Table 'Hale-Bopp IV' 6-max Seat #1 is the button
Seat 1: andutu34 ($100 in chips) 
Seat 2: Manifestorr ($100 in chips) 
Seat 3: EasyGamerrr ($100.21 in chips) 
Seat 4: BeauParleur ($106.46 in chips) 
Seat 5: BoontjeM ($30.57 in chips) 
Seat 6: nastja336 ($100 in chips) 
Manifestorr: posts small blind $0.50
EasyGamerrr: posts big blind $1
*** HOLE CARDS ***
BeauParleur: folds 
BoontjeM: raises $1 to $2
nastja336: folds 
andutu34: folds 
Manifestorr: folds 
EasyGamerrr: folds 
Uncalled bet ($1) returned to BoontjeM
BoontjeM collected $2.50 from pot
BoontjeM: doesn't show hand 
*** SUMMARY ***
Total pot $2.50 | Rake $0 
Seat 1: andutu34 (button) folded before Flop (didn't bet)
Seat 2: Manifestorr (small blind) folded before Flop
Seat 3: EasyGamerrr (big blind) folded before Flop
Seat 4: BeauParleur folded before Flop (didn't bet)
Seat 5: BoontjeM collected ($2.50)
Seat 6: nastja336 folded before Flop (didn't bet)



PokerStars Hand #254556098537:  Hold'em No Limit ($0.50/$1.00 USD) - 2025/01/25 1:52:21 WET [2025/01/25 20:52:21 ET]
Table 'Hale-Bopp IV' 6-max Seat #2 is the button
Seat 1: andutu34 ($100 in chips) 
Seat 2: Manifestorr ($100 in chips) 
Seat 3: EasyGamerrr ($100 in chips) 
Seat 4: BeauParleur ($106.46 in chips) 
Seat 5: BoontjeM ($32.07 in chips) 
Seat 6: nastja336 ($100 in chips) 
EasyGamerrr: posts small blind $0.50
BeauParleur: posts big blind $1
*** HOLE CARDS ***
BoontjeM: folds 
nastja336: folds 
andutu34: raises $1.30 to $2.30
Manifestorr: folds 
EasyGamerrr: folds 
BeauParleur: folds 
Uncalled bet ($1.30) returned to andutu34
andutu34 collected $2.50 from pot
andutu34: doesn't show hand 
*** SUMMARY ***
Total pot $2.50 | Rake $0 
Seat 1: andutu34 collected ($2.50)
Seat 2: Manifestorr (button) folded before Flop (didn't bet)
Seat 3: EasyGamerrr (small blind) folded before Flop
Seat 4: BeauParleur (big blind) folded before Flop
Seat 5: BoontjeM folded before Flop (didn't bet)
Seat 6: nastja336 folded before Flop (didn't bet)



PokerStars Hand #254556100798:  Hold'em No Limit ($0.50/$1.00 USD) - 2025/01/25 1:52:33 WET [2025/01/25 20:52:33 ET]
Table 'Hale-Bopp IV' 6-max Seat #3 is the button
Seat 1: andutu34 ($101.50 in chips) 
Seat 2: Manifestorr ($100 in chips) 
Seat 3: EasyGamerrr ($100 in chips) 
Seat 4: BeauParleur ($105.46 in chips) 
Seat 5: BoontjeM ($32.07 in chips) 
Seat 6: nastja336 ($100 in chips) 
BeauParleur: posts small blind $0.50
BoontjeM: posts big blind $1
*** HOLE CARDS ***
nastja336: raises $1.50 to $2.50
andutu34: folds 
Manifestorr: folds 
EasyGamerrr: folds 
BeauParleur: raises $8.50 to $11
BoontjeM: folds 
nastja336: folds 
Uncalled bet ($8.50) returned to BeauParleur
BeauParleur collected $6 from pot
BeauParleur: doesn't show hand 
*** SUMMARY ***
Total pot $6 | Rake $0 
Seat 1: andutu34 folded before Flop (didn't bet)
Seat 2: Manifestorr folded before Flop (didn't bet)
Seat 3: EasyGamerrr (button) folded before Flop (didn't bet)
Seat 4: BeauParleur (small blind) collected ($6)
Seat 5: BoontjeM (big blind) folded before Flop
Seat 6: nastja336 folded before Flop



PokerStars Hand #254556103872:  Hold'em No Limit ($0.50/$1.00 USD) - 2025/01/25 1:52:50 WET [2025/01/25 20:52:50 ET]
Table 'Hale-Bopp IV' 6-max Seat #4 is the button
Seat 1: andutu34 ($101.50 in chips) 
Seat 2: Manifestorr ($100 in chips) 
Seat 3: EasyGamerrr ($100 in chips) 
Seat 4: BeauParleur ($108.96 in chips) 
Seat 5: BoontjeM ($31.07 in chips) 
Seat 6: nastja336 ($100 in chips) 
BoontjeM: posts small blind $0.50
nastja336: posts big blind $1
*** HOLE CARDS ***
andutu34: folds 
Manifestorr: folds 
EasyGamerrr: folds 
BeauParleur has timed out
BeauParleur: folds 
BoontjeM: raises $2 to $3
nastja336: calls $2
*** FLOP *** [Td 6h 3h]
BoontjeM: bets $4
nastja336: folds 
Uncalled bet ($4) returned to BoontjeM
BoontjeM collected $5.70 from pot
*** SUMMARY ***
Total pot $6 | Rake $0.30 
Board [Td 6h 3h]
Seat 1: andutu34 folded before Flop (didn't bet)
Seat 2: Manifestorr folded before Flop (didn't bet)
Seat 3: EasyGamerrr folded before Flop (didn't bet)
Seat 4: BeauParleur (button) folded before Flop (didn't bet)
Seat 5: BoontjeM (small blind) collected ($5.70)
Seat 6: nastja336 (big blind) folded on the Flop



PokerStars Hand #254556109870:  Hold'em No Limit ($0.50/$1.00 USD) - 2025/01/25 1:53:24 WET [2025/01/25 20:53:24 ET]
Table 'Hale-Bopp IV' 6-max Seat #5 is the button
Seat 1: andutu34 ($101.50 in chips) 
Seat 2: Manifestorr ($100 in chips) 
Seat 3: EasyGamerrr ($100 in chips) 
Seat 4: BeauParleur ($108.96 in chips) 
Seat 5: BoontjeM ($33.77 in chips) 
Seat 6: nastja336 ($100 in chips) 
nastja336: posts small blind $0.50
andutu34: posts big blind $1
*** HOLE CARDS ***
Manifestorr: folds 
EasyGamerrr: folds 
BeauParleur: folds 
BoontjeM: folds 
nastja336: folds 
Uncalled bet ($0.50) returned to andutu34
andutu34 collected $1 from pot
andutu34: doesn't show hand 
*** SUMMARY ***
Total pot $1 | Rake $0 
Seat 1: andutu34 (big blind) collected ($1)
Seat 2: Manifestorr folded before Flop (didn't bet)
Seat 3: EasyGamerrr folded before Flop (didn't bet)
Seat 4: BeauParleur folded before Flop (didn't bet)
Seat 5: BoontjeM (button) folded before Flop (didn't bet)
Seat 6: nastja336 (small blind) folded before Flop



PokerStars Hand #254556111653:  Hold'em No Limit ($0.50/$1.00 USD) - 2025/01/25 1:53:34 WET [2025/01/25 20:53:34 ET]
Table 'Hale-Bopp IV' 6-max Seat #6 is the button
Seat 1: andutu34 ($102 in chips) 
Seat 2: Manifestorr ($100 in chips) 
Seat 3: EasyGamerrr ($100 in chips) 
Seat 4: BeauParleur ($108.96 in chips) 
Seat 5: BoontjeM ($33.77 in chips) 
Seat 6: nastja336 ($100 in chips) 
andutu34: posts small blind $0.50
Manifestorr: posts big blind $1
*** HOLE CARDS ***
EasyGamerrr: folds 
BeauParleur: raises $1.25 to $2.25
BoontjeM: folds 
nastja336: folds 
andutu34: folds 
Manifestorr: raises $9.75 to $12
BeauParleur: folds 
Uncalled bet ($9.75) returned to Manifestorr
Manifestorr collected $5 from pot
*** SUMMARY ***
Total pot $5 | Rake $0 
Seat 1: andutu34 (small blind) folded before Flop
Seat 2: Manifestorr (big blind) collected ($5)
Seat 3: EasyGamerrr folded before Flop (didn't bet)
Seat 4: BeauParleur folded before Flop
Seat 5: BoontjeM folded before Flop (didn't bet)
Seat 6: nastja336 (button) folded before Flop (didn't bet)



PokerStars Hand #254556115496:  Hold'em No Limit ($0.50/$1.00 USD) - 2025/01/25 1:53:57 WET [2025/01/25 20:53:57 ET]
Table 'Hale-Bopp IV' 6-max Seat #1 is the button
Seat 1: andutu34 ($101.50 in chips) 
Seat 2: Manifestorr ($102.75 in chips) 
Seat 3: EasyGamerrr ($100 in chips) 
Seat 4: BeauParleur ($106.71 in chips) 
Seat 5: BoontjeM ($33.77 in chips) 
Seat 6: nastja336 ($100 in chips) 
Manifestorr: posts small blind $0.50
EasyGamerrr: posts big blind $1
*** HOLE CARDS ***
BeauParleur: folds 
BoontjeM: folds 
nastja336: folds 
andutu34: folds 
Manifestorr: folds 
Uncalled bet ($0.50) returned to EasyGamerrr
EasyGamerrr collected $1 from pot
EasyGamerrr: doesn't show hand 
*** SUMMARY ***
Total pot $1 | Rake $0 
Seat 1: andutu34 (button) folded before Flop (didn't bet)
Seat 2: Manifestorr (small blind) folded before Flop
Seat 3: EasyGamerrr (big blind) collected ($1)
Seat 4: BeauParleur folded before Flop (didn't bet)
Seat 5: BoontjeM folded before Flop (didn't bet)
Seat 6: nastja336 folded before Flop (didn't bet)



PokerStars Hand #254556117966:  Hold'em No Limit ($0.50/$1.00 USD) - 2025/01/25 1:54:11 WET [2025/01/25 20:54:11 ET]
Table 'Hale-Bopp IV' 6-max Seat #2 is the button
Seat 1: andutu34 ($101.50 in chips) 
Seat 2: Manifestorr ($102.25 in chips) 
Seat 3: EasyGamerrr ($100.50 in chips) 
Seat 4: BeauParleur ($106.71 in chips) 
Seat 5: BoontjeM ($33.77 in chips) 
Seat 6: nastja336 ($100 in chips) 
EasyGamerrr: posts small blind $0.50
BeauParleur: posts big blind $1
*** HOLE CARDS ***
BoontjeM: folds 
nastja336: raises $1.50 to $2.50
andutu34: folds 
Manifestorr: folds 
EasyGamerrr: folds 
BeauParleur: folds 
Uncalled bet ($1.50) returned to nastja336
nastja336 collected $2.50 from pot
nastja336: doesn't show hand 
*** SUMMARY ***
Total pot $2.50 | Rake $0 
Seat 1: andutu34 folded before Flop (didn't bet)
Seat 2: Manifestorr (button) folded before Flop (didn't bet)
Seat 3: EasyGamerrr (small blind) folded before Flop
Seat 4: BeauParleur (big blind) folded before Flop
Seat 5: BoontjeM folded before Flop (didn't bet)
Seat 6: nastja336 collected ($2.50)



PokerStars Hand #254556121065:  Hold'em No Limit ($0.50/$1.00 USD) - 2025/01/25 1:54:29 WET [2025/01/25 20:54:29 ET]
Table 'Hale-Bopp IV' 6-max Seat #3 is the button
Seat 1: andutu34 ($101.50 in chips) 
Seat 2: Manifestorr ($102.25 in chips) 
Seat 3: EasyGamerrr ($100 in chips) 
Seat 4: BeauParleur ($105.71 in chips) 
Seat 5: BoontjeM ($33.77 in chips) 
Seat 6: nastja336 ($101.50 in chips) 
BeauParleur: posts small blind $0.50
BoontjeM: posts big blind $1
*** HOLE CARDS ***
nastja336: folds 
andutu34: folds 
Manifestorr: folds 
EasyGamerrr: folds 
BeauParleur: raises $2 to $3
BoontjeM: calls $2
*** FLOP *** [Ad 4d 6c]
BeauParleur: checks 
BoontjeM: checks 
*** TURN *** [Ad 4d 6c] [3s]
BeauParleur: bets $4.28
BoontjeM: folds 
Uncalled bet ($4.28) returned to BeauParleur
BeauParleur collected $5.70 from pot
BeauParleur: doesn't show hand 
*** SUMMARY ***
Total pot $6 | Rake $0.30 
Board [Ad 4d 6c 3s]
Seat 1: andutu34 folded before Flop (didn't bet)
Seat 2: Manifestorr folded before Flop (didn't bet)
Seat 3: EasyGamerrr (button) folded before Flop (didn't bet)
Seat 4: BeauParleur (small blind) collected ($5.70)
Seat 5: BoontjeM (big blind) folded on the Turn
Seat 6: nastja336 folded before Flop (didn't bet)



PokerStars Hand #254556126931:  Hold'em No Limit ($0.50/$1.00 USD) - 2025/01/25 1:55:03 WET [2025/01/25 20:55:03 ET]
Table 'Hale-Bopp IV' 6-max Seat #4 is the button
Seat 1: andutu34 ($101.50 in chips) 
Seat 2: Manifestorr ($102.25 in chips) 
Seat 3: EasyGamerrr ($100 in chips) 
Seat 4: BeauParleur ($108.41 in chips) 
Seat 5: BoontjeM ($30.77 in chips) 
Seat 6: nastja336 ($101.50 in chips) 
BoontjeM: posts small blind $0.50
nastja336: posts big blind $1
*** HOLE CARDS ***
andutu34: folds 
Manifestorr: folds 
EasyGamerrr: folds 
BeauParleur: folds 
BoontjeM: folds 
Uncalled bet ($0.50) returned to nastja336
nastja336 collected $1 from pot
nastja336: doesn't show hand 
*** SUMMARY ***
Total pot $1 | Rake $0 
Seat 1: andutu34 folded before Flop (didn't bet)
Seat 2: Manifestorr folded before Flop (didn't bet)
Seat 3: EasyGamerrr folded before Flop (didn't bet)
Seat 4: BeauParleur (button) folded before Flop (didn't bet)
Seat 5: BoontjeM (small blind) folded before Flop
Seat 6: nastja336 (big blind) collected ($1)



PokerStars Hand #254556128935:  Hold'em No Limit ($0.50/$1.00 USD) - 2025/01/25 1:55:15 WET [2025/01/25 20:55:15 ET]
Table 'Hale-Bopp IV' 6-max Seat #5 is the button
Seat 1: andutu34 ($101.50 in chips) 
Seat 2: Manifestorr ($102.25 in chips) 
Seat 3: EasyGamerrr ($100 in chips) 
Seat 4: BeauParleur ($108.41 in chips) 
Seat 5: BoontjeM ($30.27 in chips) 
Seat 6: nastja336 ($102 in chips) 
nastja336: posts small blind $0.50
andutu34: posts big blind $1
*** HOLE CARDS ***
Manifestorr: folds 
EasyGamerrr: folds 
BeauParleur: folds 
BoontjeM: calls $1
nastja336: folds 
andutu34: checks 
*** FLOP *** [Th Tc 4h]
andutu34: checks 
BoontjeM: bets $2
andutu34: folds 
Uncalled bet ($2) returned to BoontjeM
BoontjeM collected $2.38 from pot
*** SUMMARY ***
Total pot $2.50 | Rake $0.12 
Board [Th Tc 4h]
Seat 1: andutu34 (big blind) folded on the Flop
Seat 2: Manifestorr folded before Flop (didn't bet)
Seat 3: EasyGamerrr folded before Flop (didn't bet)
Seat 4: BeauParleur folded before Flop (didn't bet)
Seat 5: BoontjeM (button) collected ($2.38)
Seat 6: nastja336 (small blind) folded before Flop



PokerStars Hand #254556133648:  Hold'em No Limit ($0.50/$1.00 USD) - 2025/01/25 1:55:50 WET [2025/01/25 20:55:50 ET]
Table 'Hale-Bopp IV' 6-max Seat #6 is the button
Seat 1: andutu34 ($100.50 in chips) 
Seat 2: Manifestorr ($102.25 in chips) 
Seat 3: EasyGamerrr ($100 in chips) 
Seat 4: BeauParleur ($108.41 in chips) 
Seat 5: BoontjeM ($31.65 in chips) 
Seat 6: nastja336 ($101.50 in chips) 
andutu34: posts small blind $0.50
Manifestorr: posts big blind $1
*** HOLE CARDS ***
EasyGamerrr: folds 
BeauParleur: folds 
BoontjeM: folds 
nastja336: raises $1.50 to $2.50
andutu34: folds 
Manifestorr: folds 
Uncalled bet ($1.50) returned to nastja336
nastja336 collected $2.50 from pot
nastja336: doesn't show hand 
*** SUMMARY ***
Total pot $2.50 | Rake $0 
Seat 1: andutu34 (small blind) folded before Flop
Seat 2: Manifestorr (big blind) folded before Flop
Seat 3: EasyGamerrr folded before Flop (didn't bet)
Seat 4: BeauParleur folded before Flop (didn't bet)
Seat 5: BoontjeM folded before Flop (didn't bet)
Seat 6: nastja336 (button) collected ($2.50)



PokerStars Hand #254556138675:  Hold'em No Limit ($0.50/$1.00 USD) - 2025/01/25 1:56:28 WET [2025/01/25 20:56:28 ET]
Table 'Hale-Bopp IV' 6-max Seat #1 is the button
Seat 1: andutu34 ($100 in chips) 
Seat 2: Manifestorr ($101.25 in chips) 
Seat 3: EasyGamerrr ($100 in chips) 
Seat 4: BeauParleur ($108.41 in chips) 
Seat 5: BoontjeM ($31.65 in chips) 
Seat 6: nastja336 ($103 in chips) 
Manifestorr: posts small blind $0.50
EasyGamerrr: posts big blind $1
*** HOLE CARDS ***
BeauParleur: raises $1 to $2
BoontjeM: raises $2 to $4
nastja336: folds 
andutu34: folds 
Manifestorr: folds 
EasyGamerrr: folds 
BeauParleur: raises $39.50 to $43.50
BoontjeM: calls $27.65 and is all-in
Uncalled bet ($11.85) returned to BeauParleur
*** FLOP *** [6d 3d 3h]
*** TURN *** [6d 3d 3h] [5d]
*** RIVER *** [6d 3d 3h 5d] [Ac]
*** SHOW DOWN ***
BeauParleur: shows [Th Tc] (two pair, Tens and Threes)
BoontjeM: shows [As Ts] (two pair, Aces and Threes)
BoontjeM collected $62.30 from pot
*** SUMMARY ***
Total pot $64.80 | Rake $2.50 
Board [6d 3d 3h 5d Ac]
Seat 1: andutu34 (button) folded before Flop (didn't bet)
Seat 2: Manifestorr (small blind) folded before Flop
Seat 3: EasyGamerrr (big blind) folded before Flop
Seat 4: BeauParleur showed [Th Tc] and lost with two pair, Tens and Threes
Seat 5: BoontjeM showed [As Ts] and won ($62.30) with two pair, Aces and Threes
Seat 6: nastja336 folded before Flop (didn't bet)



PokerStars Hand #254556145490:  Hold'em No Limit ($0.50/$1.00 USD) - 2025/01/25 1:57:19 WET [2025/01/25 20:57:19 ET]
Table 'Hale-Bopp IV' 6-max Seat #2 is the button
Seat 1: andutu34 ($100 in chips) 
Seat 2: Manifestorr ($100.75 in chips) 
Seat 3: EasyGamerrr ($100 in chips) 
Seat 4: BeauParleur ($100 in chips) 
Seat 5: BoontjeM ($62.30 in chips) 
Seat 6: nastja336 ($103 in chips) 
EasyGamerrr: posts small blind $0.50
BeauParleur: posts big blind $1
*** HOLE CARDS ***
BoontjeM: raises $1 to $2
nastja336: folds 
andutu34: folds 
Manifestorr: raises $4.50 to $6.50
EasyGamerrr: folds 
BeauParleur: folds 
BoontjeM: calls $4.50
*** FLOP *** [Td 3d 2d]
BoontjeM: checks 
Manifestorr: checks 
*** TURN *** [Td 3d 2d] [Kc]
BoontjeM: checks 
Manifestorr: bets $6.89
BoontjeM: folds 
Uncalled bet ($6.89) returned to Manifestorr
Manifestorr collected $13.78 from pot
*** SUMMARY ***
Total pot $14.50 | Rake $0.72 
Board [Td 3d 2d Kc]
Seat 1: andutu34 folded before Flop (didn't bet)
Seat 2: Manifestorr (button) collected ($13.78)
Seat 3: EasyGamerrr (small blind) folded before Flop
Seat 4: BeauParleur (big blind) folded before Flop
Seat 5: BoontjeM folded on the Turn
Seat 6: nastja336 folded before Flop (didn't bet)



PokerStars Hand #254556152476:  Hold'em No Limit ($0.50/$1.00 USD) - 2025/01/25 1:58:11 WET [2025/01/25 20:58:11 ET]
Table 'Hale-Bopp IV' 6-max Seat #3 is the button
Seat 1: andutu34 ($100 in chips) 
Seat 2: Manifestorr ($108.03 in chips) 
Seat 3: EasyGamerrr ($100 in chips) 
Seat 4: BeauParleur ($100 in chips) 
Seat 5: BoontjeM ($55.80 in chips) 
Seat 6: nastja336 ($103 in chips) 
BeauParleur: posts small blind $0.50
BoontjeM: posts big blind $1
*** HOLE CARDS ***
nastja336: folds 
andutu34: folds 
Manifestorr: raises $1.20 to $2.20
EasyGamerrr: folds 
BeauParleur: folds 
BoontjeM: folds 
Uncalled bet ($1.20) returned to Manifestorr
Manifestorr collected $2.50 from pot
*** SUMMARY ***
Total pot $2.50 | Rake $0 
Seat 1: andutu34 folded before Flop (didn't bet)
Seat 2: Manifestorr collected ($2.50)
Seat 3: EasyGamerrr (button) folded before Flop (didn't bet)
Seat 4: BeauParleur (small blind) folded before Flop
Seat 5: BoontjeM (big blind) folded before Flop
Seat 6: nastja336 folded before Flop (didn't bet)



PokerStars Hand #254556154799:  Hold'em No Limit ($0.50/$1.00 USD) - 2025/01/25 1:58:28 WET [2025/01/25 20:58:28 ET]
Table 'Hale-Bopp IV' 6-max Seat #4 is the button
Seat 1: andutu34 ($100 in chips) 
Seat 2: Manifestorr ($109.53 in chips) 
Seat 3: EasyGamerrr ($100 in chips) 
Seat 4: BeauParleur ($100 in chips) 
Seat 5: BoontjeM ($54.80 in chips) 
Seat 6: nastja336 ($103 in chips) 
BoontjeM: posts small blind $0.50
nastja336: posts big blind $1
*** HOLE CARDS ***
andutu34: folds 
Manifestorr: raises $1.20 to $2.20
EasyGamerrr: folds 
BeauParleur: folds 
BoontjeM: calls $1.70
nastja336: folds 
*** FLOP *** [Jh Kh Ah]
BoontjeM: bets $3
Manifestorr: folds 
Uncalled bet ($3) returned to BoontjeM
BoontjeM collected $5.13 from pot
*** SUMMARY ***
Total pot $5.40 | Rake $0.27 
Board [Jh Kh Ah]
Seat 1: andutu34 folded before Flop (didn't bet)
Seat 2: Manifestorr folded on the Flop
Seat 3: EasyGamerrr folded before Flop (didn't bet)
Seat 4: BeauParleur (button) folded before Flop (didn't bet)
Seat 5: BoontjeM (small blind) collected ($5.13)
Seat 6: nastja336 (big blind) folded before Flop



PokerStars Hand #254556157708:  Hold'em No Limit ($0.50/$1.00 USD) - 2025/01/25 1:58:50 WET [2025/01/25 20:58:50 ET]
Table 'Hale-Bopp IV' 6-max Seat #5 is the button
Seat 1: andutu34 ($100 in chips) 
Seat 2: Manifestorr ($107.33 in chips) 
Seat 3: EasyGamerrr ($100 in chips) 
Seat 4: BeauParleur ($100 in chips) 
Seat 5: BoontjeM ($57.73 in chips) 
Seat 6: nastja336 ($102 in chips) 
nastja336: posts small blind $0.50
andutu34: posts big blind $1
*** HOLE CARDS ***
Manifestorr: folds 
EasyGamerrr: folds 
BeauParleur: folds 
BoontjeM: raises $1 to $2
nastja336: folds 
andutu34: calls $1
*** FLOP *** [2d Th 7d]
andutu34: checks 
BoontjeM: bets $3
andutu34: calls $3
*** TURN *** [2d Th 7d] [Ad]
andutu34: checks 
BoontjeM: checks 
*** RIVER *** [2d Th 7d Ad] [Td]
andutu34: bets $7.49
BoontjeM: calls $7.49
*** SHOW DOWN ***
andutu34: shows [Ah Jd] (a flush, Ace high)
BoontjeM: mucks hand 
andutu34 collected $24.21 from pot
*** SUMMARY ***
Total pot $25.48 | Rake $1.27 
Board [2d Th 7d Ad Td]
Seat 1: andutu34 (big blind) showed [Ah Jd] and won ($24.21) with a flush, Ace high
Seat 2: Manifestorr folded before Flop (didn't bet)
Seat 3: EasyGamerrr folded before Flop (didn't bet)
Seat 4: BeauParleur folded before Flop (didn't bet)
Seat 5: BoontjeM (button) mucked
Seat 6: nastja336 (small blind) folded before Flop



PokerStars Hand #254556162940:  Hold'em No Limit ($0.50/$1.00 USD) - 2025/01/25 1:59:29 WET [2025/01/25 20:59:29 ET]
Table 'Hale-Bopp IV' 6-max Seat #6 is the button
Seat 1: andutu34 ($111.72 in chips) 
Seat 2: Manifestorr ($107.33 in chips) 
Seat 3: EasyGamerrr ($100 in chips) 
Seat 4: BeauParleur ($100 in chips) 
Seat 5: BoontjeM ($45.24 in chips) 
Seat 6: nastja336 ($101.50 in chips) 
andutu34: posts small blind $0.50
Manifestorr: posts big blind $1
*** HOLE CARDS ***
EasyGamerrr: folds 
BeauParleur: folds 
BoontjeM: folds 
nastja336: raises $1.50 to $2.50
andutu34: raises $8.70 to $11.20
Manifestorr: folds 
nastja336: folds 
Uncalled bet ($8.70) returned to andutu34
andutu34 collected $6 from pot
andutu34: doesn't show hand 
*** SUMMARY ***
Total pot $6 | Rake $0 
Seat 1: andutu34 (small blind) collected ($6)
Seat 2: Manifestorr (big blind) folded before Flop
Seat 3: EasyGamerrr folded before Flop (didn't bet)
Seat 4: BeauParleur folded before Flop (didn't bet)
Seat 5: BoontjeM folded before Flop (didn't bet)
Seat 6: nastja336 (button) folded before Flop



PokerStars Hand #254556167011:  Hold'em No Limit ($0.50/$1.00 USD) - 2025/01/25 1:59:58 WET [2025/01/25 20:59:58 ET]
Table 'Hale-Bopp IV' 6-max Seat #1 is the button
Seat 1: andutu34 ($115.22 in chips) 
Seat 2: Manifestorr ($106.33 in chips) 
Seat 3: EasyGamerrr ($100 in chips) 
Seat 4: BeauParleur ($100 in chips) 
Seat 5: BoontjeM ($45.24 in chips) 
Seat 6: nastja336 ($100 in chips) 
Manifestorr: posts small blind $0.50
EasyGamerrr: posts big blind $1
*** HOLE CARDS ***
BeauParleur: raises $1 to $2
BoontjeM: folds 
nastja336: folds 
andutu34: folds 
Manifestorr: raises $8 to $10
EasyGamerrr: folds 
BeauParleur: calls $8
*** FLOP *** [Ad Jd 8h]
Manifestorr: checks 
BeauParleur: bets $9.98
Manifestorr: calls $9.98
*** TURN *** [Ad Jd 8h] [6d]
Manifestorr: checks 
BeauParleur: bets $22.50
Manifestorr: folds 
Uncalled bet ($22.50) returned to BeauParleur
BeauParleur collected $38.91 from pot
BeauParleur: doesn't show hand 
*** SUMMARY ***
Total pot $40.96 | Rake $2.05 
Board [Ad Jd 8h 6d]
Seat 1: andutu34 (button) folded before Flop (didn't bet)
Seat 2: Manifestorr (small blind) folded on the Turn
Seat 3: EasyGamerrr (big blind) folded before Flop
Seat 4: BeauParleur collected ($38.91)
Seat 5: BoontjeM folded before Flop (didn't bet)
Seat 6: nastja336 folded before Flop (didn't bet)



PokerStars Hand #254556178325:  Hold'em No Limit ($0.50/$1.00 USD) - 2025/01/25 2:01:16 WET [2025/01/25 21:01:16 ET]
Table 'Hale-Bopp IV' 6-max Seat #2 is the button
Seat 1: andutu34 ($115.22 in chips) 
Seat 2: Manifestorr ($100 in chips) 
Seat 3: EasyGamerrr ($100 in chips) 
Seat 4: BeauParleur ($118.93 in chips) 
Seat 5: BoontjeM ($45.24 in chips) 
Seat 6: nastja336 ($100 in chips) 
EasyGamerrr: posts small blind $0.50
BeauParleur: posts big blind $1
*** HOLE CARDS ***
BoontjeM: folds 
nastja336: raises $1.50 to $2.50
andutu34: folds 
Manifestorr: folds 
EasyGamerrr: folds 
BeauParleur: folds 
Uncalled bet ($1.50) returned to nastja336
nastja336 collected $2.50 from pot
nastja336: doesn't show hand 
*** SUMMARY ***
Total pot $2.50 | Rake $0 
Seat 1: andutu34 folded before Flop (didn't bet)
Seat 2: Manifestorr (button) folded before Flop (didn't bet)
Seat 3: EasyGamerrr (small blind) folded before Flop
Seat 4: BeauParleur (big blind) folded before Flop
Seat 5: BoontjeM folded before Flop (didn't bet)
Seat 6: nastja336 collected ($2.50)



PokerStars Hand #254556181661:  Hold'em No Limit ($0.50/$1.00 USD) - 2025/01/25 2:01:35 WET [2025/01/25 21:01:35 ET]
Table 'Hale-Bopp IV' 6-max Seat #3 is the button
Seat 1: andutu34 ($115.22 in chips) 
Seat 2: Manifestorr ($100 in chips) 
Seat 3: EasyGamerrr ($100 in chips) 
Seat 4: BeauParleur ($117.93 in chips) 
Seat 5: BoontjeM ($45.24 in chips) 
Seat 6: nastja336 ($101.50 in chips) 
BeauParleur: posts small blind $0.50
BoontjeM: posts big blind $1
*** HOLE CARDS ***
nastja336: folds 
andutu34: folds 
Manifestorr: folds 
EasyGamerrr: folds 
BeauParleur: folds 
Uncalled bet ($0.50) returned to BoontjeM
BoontjeM collected $1 from pot
*** SUMMARY ***
Total pot $1 | Rake $0 
Seat 1: andutu34 folded before Flop (didn't bet)
Seat 2: Manifestorr folded before Flop (didn't bet)
Seat 3: EasyGamerrr (button) folded before Flop (didn't bet)
Seat 4: BeauParleur (small blind) folded before Flop
Seat 5: BoontjeM (big blind) collected ($1)
Seat 6: nastja336 folded before Flop (didn't bet)



PokerStars Hand #254556187058:  Hold'em No Limit ($0.50/$1.00 USD) - 2025/01/25 2:02:08 WET [2025/01/25 21:02:08 ET]
Table 'Hale-Bopp IV' 6-max Seat #4 is the button
Seat 1: andutu34 ($115.22 in chips) 
Seat 2: Manifestorr ($100 in chips) 
Seat 3: EasyGamerrr ($100 in chips) 
Seat 4: BeauParleur ($117.43 in chips) 
Seat 5: BoontjeM ($45.74 in chips) 
Seat 6: nastja336 ($101.50 in chips) 
BoontjeM: posts small blind $0.50
nastja336: posts big blind $1
*** HOLE CARDS ***
andutu34: folds 
Manifestorr: folds 
EasyGamerrr: folds 
BeauParleur: folds 
BoontjeM: calls $0.50
nastja336: checks 
*** FLOP *** [Jc Ah Kc]
BoontjeM: checks 
nastja336: checks 
*** TURN *** [Jc Ah Kc] [Kd]
BoontjeM: checks 
nastja336: checks 
*** RIVER *** [Jc Ah Kc Kd] [Tc]
BoontjeM: checks 
nastja336: checks 
*** SHOW DOWN ***
BoontjeM: shows [8h 3h] (a pair of Kings)
nastja336: shows [7h 4s] (a pair of Kings)
BoontjeM collected $0.95 from pot
nastja336 collected $0.95 from pot
*** SUMMARY ***
Total pot $2 | Rake $0.10 
Board [Jc Ah Kc Kd Tc]
Seat 1: andutu34 folded before Flop (didn't bet)
Seat 2: Manifestorr folded before Flop (didn't bet)
Seat 3: EasyGamerrr folded before Flop (didn't bet)
Seat 4: BeauParleur (button) folded before Flop (didn't bet)
Seat 5: BoontjeM (small blind) showed [8h 3h] and won ($0.95) with a pair of Kings
Seat 6: nastja336 (big blind) showed [7h 4s] and won ($0.95) with a pair of Kings



PokerStars Hand #254556192533:  Hold'em No Limit ($0.50/$1.00 USD) - 2025/01/25 2:02:41 WET [2025/01/25 21:02:41 ET]
Table 'Hale-Bopp IV' 6-max Seat #5 is the button
Seat 1: andutu34 ($115.22 in chips) 
Seat 2: Manifestorr ($100 in chips) 
Seat 3: EasyGamerrr ($100 in chips) 
Seat 4: BeauParleur ($117.43 in chips) 
Seat 5: BoontjeM ($45.69 in chips) 
Seat 6: nastja336 ($101.45 in chips) 
nastja336: posts small blind $0.50
andutu34: posts big blind $1
*** HOLE CARDS ***
Manifestorr: raises $1.20 to $2.20
EasyGamerrr: folds 
BeauParleur: folds 
BoontjeM: folds 
nastja336: folds 
andutu34: folds 
Uncalled bet ($1.20) returned to Manifestorr
Manifestorr collected $2.50 from pot
*** SUMMARY ***
Total pot $2.50 | Rake $0 
Seat 1: andutu34 (big blind) folded before Flop
Seat 2: Manifestorr collected ($2.50)
Seat 3: EasyGamerrr folded before Flop (didn't bet)
Seat 4: BeauParleur folded before Flop (didn't bet)
Seat 5: BoontjeM (button) folded before Flop (didn't bet)
Seat 6: nastja336 (small blind) folded before Flop



PokerStars Hand #254556194955:  Hold'em No Limit ($0.50/$1.00 USD) - 2025/01/25 2:02:55 WET [2025/01/25 21:02:55 ET]
Table 'Hale-Bopp IV' 6-max Seat #6 is the button
Seat 1: andutu34 ($114.22 in chips) 
Seat 2: Manifestorr ($101.50 in chips) 
Seat 3: EasyGamerrr ($100 in chips) 
Seat 4: BeauParleur ($117.43 in chips) 
Seat 5: BoontjeM ($45.69 in chips) 
Seat 6: nastja336 ($100.95 in chips) 
andutu34: posts small blind $0.50
Manifestorr: posts big blind $1
*** HOLE CARDS ***
EasyGamerrr: folds 
BeauParleur: folds 
BoontjeM: folds 
nastja336: raises $1.50 to $2.50
andutu34: folds 
Manifestorr: folds 
Uncalled bet ($1.50) returned to nastja336
nastja336 collected $2.50 from pot
nastja336: doesn't show hand 
*** SUMMARY ***
Total pot $2.50 | Rake $0 
Seat 1: andutu34 (small blind) folded before Flop
Seat 2: Manifestorr (big blind) folded before Flop
Seat 3: EasyGamerrr folded before Flop (didn't bet)
Seat 4: BeauParleur folded before Flop (didn't bet)
Seat 5: BoontjeM folded before Flop (didn't bet)
Seat 6: nastja336 (button) collected ($2.50)



PokerStars Hand #254556197168:  Hold'em No Limit ($0.50/$1.00 USD) - 2025/01/25 2:03:08 WET [2025/01/25 21:03:08 ET]
Table 'Hale-Bopp IV' 6-max Seat #1 is the button
Seat 1: andutu34 ($113.72 in chips) 
Seat 2: Manifestorr ($100.50 in chips) 
Seat 3: EasyGamerrr ($100 in chips) 
Seat 4: BeauParleur ($117.43 in chips) 
Seat 5: BoontjeM ($45.69 in chips) 
Seat 6: nastja336 ($102.45 in chips) 
Manifestorr: posts small blind $0.50
EasyGamerrr: posts big blind $1
*** HOLE CARDS ***
BeauParleur: folds 
BoontjeM: raises $1 to $2
nastja336: folds 
andutu34: folds 
Manifestorr: folds 
EasyGamerrr: folds 
Uncalled bet ($1) returned to BoontjeM
BoontjeM collected $2.50 from pot
*** SUMMARY ***
Total pot $2.50 | Rake $0 
Seat 1: andutu34 (button) folded before Flop (didn't bet)
Seat 2: Manifestorr (small blind) folded before Flop
Seat 3: EasyGamerrr (big blind) folded before Flop
Seat 4: BeauParleur folded before Flop (didn't bet)
Seat 5: BoontjeM collected ($2.50)
Seat 6: nastja336 folded before Flop (didn't bet)



PokerStars Hand #254556200450:  Hold'em No Limit ($0.50/$1.00 USD) - 2025/01/25 2:03:28 WET [2025/01/25 21:03:28 ET]
Table 'Hale-Bopp IV' 6-max Seat #2 is the button
Seat 1: andutu34 ($113.72 in chips) 
Seat 2: Manifestorr ($100 in chips) 
Seat 3: EasyGamerrr ($100 in chips) 
Seat 4: BeauParleur ($117.43 in chips) 
Seat 5: BoontjeM ($47.19 in chips) 
Seat 6: nastja336 ($102.45 in chips) 
EasyGamerrr: posts small blind $0.50
BeauParleur: posts big blind $1
*** HOLE CARDS ***
BoontjeM: raises $1 to $2
nastja336: folds 
andutu34: folds 
Manifestorr: folds 
EasyGamerrr: folds 
BeauParleur: folds 
Uncalled bet ($1) returned to BoontjeM
BoontjeM collected $2.50 from pot
*** SUMMARY ***
Total pot $2.50 | Rake $0 
Seat 1: andutu34 folded before Flop (didn't bet)
Seat 2: Manifestorr (button) folded before Flop (didn't bet)
Seat 3: EasyGamerrr (small blind) folded before Flop
Seat 4: BeauParleur (big blind) folded before Flop
Seat 5: BoontjeM collected ($2.50)
Seat 6: nastja336 folded before Flop (didn't bet)



PokerStars Hand #254556203037:  Hold'em No Limit ($0.50/$1.00 USD) - 2025/01/25 2:03:43 WET [2025/01/25 21:03:43 ET]
Table 'Hale-Bopp IV' 6-max Seat #3 is the button
Seat 1: andutu34 ($113.72 in chips) 
Seat 2: Manifestorr ($100 in chips) 
Seat 3: EasyGamerrr ($100 in chips) 
Seat 4: BeauParleur ($116.43 in chips) 
Seat 5: BoontjeM ($48.69 in chips) 
Seat 6: nastja336 ($102.45 in chips) 
BeauParleur: posts small blind $0.50
BoontjeM: posts big blind $1
*** HOLE CARDS ***
nastja336: folds 
andutu34: folds 
Manifestorr: raises $1.20 to $2.20
EasyGamerrr: raises $4.80 to $7
BeauParleur: folds 
BoontjeM: folds 
Manifestorr: folds 
Uncalled bet ($4.80) returned to EasyGamerrr
EasyGamerrr collected $5.90 from pot
EasyGamerrr: doesn't show hand 
*** SUMMARY ***
Total pot $5.90 | Rake $0 
Seat 1: andutu34 folded before Flop (didn't bet)
Seat 2: Manifestorr folded before Flop
Seat 3: EasyGamerrr (button) collected ($5.90)
Seat 4: BeauParleur (small blind) folded before Flop
Seat 5: BoontjeM (big blind) folded before Flop
Seat 6: nastja336 folded before Flop (didn't bet)



PokerStars Hand #254556206548:  Hold'em No Limit ($0.50/$1.00 USD) - 2025/01/25 2:04:04 WET [2025/01/25 21:04:04 ET]
Table 'Hale-Bopp IV' 6-max Seat #4 is the button
Seat 1: andutu34 ($113.72 in chips) 
Seat 2: Manifestorr ($100 in chips) 
Seat 3: EasyGamerrr ($103.70 in chips) 
Seat 4: BeauParleur ($115.93 in chips) 
Seat 5: BoontjeM ($47.69 in chips) 
Seat 6: nastja336 ($102.45 in chips) 
BoontjeM: posts small blind $0.50
nastja336: posts big blind $1
*** HOLE CARDS ***
andutu34: folds 
Manifestorr: raises $1.20 to $2.20
EasyGamerrr: raises $4.80 to $7
BeauParleur: folds 
BoontjeM: folds 
nastja336: folds 
Manifestorr: raises $16 to $23
EasyGamerrr: folds 
Uncalled bet ($16) returned to Manifestorr
Manifestorr collected $15.50 from pot
*** SUMMARY ***
Total pot $15.50 | Rake $0 
Seat 1: andutu34 folded before Flop (didn't bet)
Seat 2: Manifestorr collected ($15.50)
Seat 3: EasyGamerrr folded before Flop
Seat 4: BeauParleur (button) folded before Flop (didn't bet)
Seat 5: BoontjeM (small blind) folded before Flop
Seat 6: nastja336 (big blind) folded before Flop



PokerStars Hand #254556211749:  Hold'em No Limit ($0.50/$1.00 USD) - 2025/01/25 2:04:35 WET [2025/01/25 21:04:35 ET]
Table 'Hale-Bopp IV' 6-max Seat #5 is the button
Seat 1: andutu34 ($113.72 in chips) 
Seat 2: Manifestorr ($108.50 in chips) 
Seat 3: EasyGamerrr ($100 in chips) 
Seat 4: BeauParleur ($115.93 in chips) 
Seat 5: BoontjeM ($47.19 in chips) 
Seat 6: nastja336 ($101.45 in chips) 
nastja336: posts small blind $0.50
andutu34: posts big blind $1
*** HOLE CARDS ***
Manifestorr: raises $1.20 to $2.20
EasyGamerrr: raises $4.80 to $7
BeauParleur: folds 
BoontjeM: folds 
nastja336: folds 
andutu34: folds 
Manifestorr: raises $16 to $23
EasyGamerrr: raises $77 to $100 and is all-in
Manifestorr: folds 
Uncalled bet ($77) returned to EasyGamerrr
EasyGamerrr collected $47.50 from pot
EasyGamerrr: doesn't show hand 
*** SUMMARY ***
Total pot $47.50 | Rake $0 
Seat 1: andutu34 (big blind) folded before Flop
Seat 2: Manifestorr folded before Flop
Seat 3: EasyGamerrr collected ($47.50)
Seat 4: BeauParleur folded before Flop (didn't bet)
Seat 5: BoontjeM (button) folded before Flop (didn't bet)
Seat 6: nastja336 (small blind) folded before Flop



PokerStars Hand #254556218713:  Hold'em No Limit ($0.50/$1.00 USD) - 2025/01/25 2:05:16 WET [2025/01/25 21:05:16 ET]
Table 'Hale-Bopp IV' 6-max Seat #6 is the button
Seat 1: andutu34 ($112.72 in chips) 
Seat 2: Manifestorr ($100 in chips) 
Seat 3: EasyGamerrr ($124.50 in chips) 
Seat 4: BeauParleur ($115.93 in chips) 
Seat 5: BoontjeM ($47.19 in chips) 
Seat 6: nastja336 ($100.95 in chips) 
andutu34: posts small blind $0.50
Manifestorr: posts big blind $1
*** HOLE CARDS ***
EasyGamerrr: raises $1 to $2
BeauParleur: raises $4.50 to $6.50
BoontjeM: folds 
nastja336: folds 
andutu34: folds 
Manifestorr: folds 
EasyGamerrr: calls $4.50
*** FLOP *** [3s Kh 3h]
EasyGamerrr: checks 
BeauParleur: bets $4.55
EasyGamerrr: folds 
Uncalled bet ($4.55) returned to BeauParleur
BeauParleur collected $13.78 from pot
BeauParleur: doesn't show hand 
*** SUMMARY ***
Total pot $14.50 | Rake $0.72 
Board [3s Kh 3h]
Seat 1: andutu34 (small blind) folded before Flop
Seat 2: Manifestorr (big blind) folded before Flop
Seat 3: EasyGamerrr folded on the Flop
Seat 4: BeauParleur collected ($13.78)
Seat 5: BoontjeM folded before Flop (didn't bet)
Seat 6: nastja336 (button) folded before Flop (didn't bet)



PokerStars Hand #254556226374:  Hold'em No Limit ($0.50/$1.00 USD) - 2025/01/25 2:06:00 WET [2025/01/25 21:06:00 ET]
Table 'Hale-Bopp IV' 6-max Seat #1 is the button
Seat 1: andutu34 ($112.22 in chips) 
Seat 2: Manifestorr ($100 in chips) 
Seat 3: EasyGamerrr ($118 in chips) 
Seat 4: BeauParleur ($123.21 in chips) 
Seat 5: BoontjeM ($47.19 in chips) 
Seat 6: nastja336 ($100.95 in chips) 
Manifestorr: posts small blind $0.50
EasyGamerrr: posts big blind $1
*** HOLE CARDS ***
BeauParleur: folds 
BoontjeM: calls $1
nastja336: folds 
andutu34: raises $3 to $4
Manifestorr: folds 
EasyGamerrr: folds 
BoontjeM: calls $3
*** FLOP *** [9s Tc Td]
BoontjeM: checks 
andutu34: bets $2.26
BoontjeM: folds 
Uncalled bet ($2.26) returned to andutu34
andutu34 collected $9.02 from pot
andutu34: doesn't show hand 
*** SUMMARY ***
Total pot $9.50 | Rake $0.48 
Board [9s Tc Td]
Seat 1: andutu34 (button) collected ($9.02)
Seat 2: Manifestorr (small blind) folded before Flop
Seat 3: EasyGamerrr (big blind) folded before Flop
Seat 4: BeauParleur folded before Flop (didn't bet)
Seat 5: BoontjeM folded on the Flop
Seat 6: nastja336 folded before Flop (didn't bet)



PokerStars Hand #254556232109:  Hold'em No Limit ($0.50/$1.00 USD) - 2025/01/25 2:06:35 WET [2025/01/25 21:06:35 ET]
Table 'Hale-Bopp IV' 6-max Seat #2 is the button
Seat 1: andutu34 ($117.24 in chips) 
Seat 2: Manifestorr ($100 in chips) 
Seat 3: EasyGamerrr ($117 in chips) 
Seat 4: BeauParleur ($123.21 in chips) 
Seat 5: BoontjeM ($43.19 in chips) 
Seat 6: nastja336 ($100.95 in chips) 
EasyGamerrr: posts small blind $0.50
BeauParleur: posts big blind $1
*** HOLE CARDS ***
BoontjeM: folds 
nastja336: folds 
andutu34: raises $1.30 to $2.30
Manifestorr: raises $5.70 to $8
EasyGamerrr: folds 
BeauParleur: folds 
andutu34: calls $5.70
*** FLOP *** [5c Qd 3d]
andutu34: checks 
Manifestorr: bets $5.48
andutu34: calls $5.48
*** TURN *** [5c Qd 3d] [3h]
andutu34: checks 
Manifestorr: bets $20.28
andutu34: calls $20.28
*** RIVER *** [5c Qd 3d 3h] [Ad]
andutu34: checks 
Manifestorr: bets $66.24 and is all-in
andutu34: folds 
Uncalled bet ($66.24) returned to Manifestorr
Manifestorr collected $66.52 from pot
*** SUMMARY ***
Total pot $69.02 | Rake $2.50 
Board [5c Qd 3d 3h Ad]
Seat 1: andutu34 folded on the River
Seat 2: Manifestorr (button) collected ($66.52)
Seat 3: EasyGamerrr (small blind) folded before Flop
Seat 4: BeauParleur (big blind) folded before Flop
Seat 5: BoontjeM folded before Flop (didn't bet)
Seat 6: nastja336 folded before Flop (didn't bet)



PokerStars Hand #254556242766:  Hold'em No Limit ($0.50/$1.00 USD) - 2025/01/25 2:07:38 WET [2025/01/25 21:07:38 ET]
Table 'Hale-Bopp IV' 6-max Seat #3 is the button
Seat 1: andutu34 ($100 in chips) 
Seat 2: Manifestorr ($132.76 in chips) 
Seat 3: EasyGamerrr ($116.50 in chips) 
Seat 4: BeauParleur ($122.21 in chips) 
Seat 5: BoontjeM ($43.19 in chips) 
Seat 6: nastja336 ($100.95 in chips) 
BeauParleur: posts small blind $0.50
BoontjeM: posts big blind $1
*** HOLE CARDS ***
nastja336: raises $1.50 to $2.50
andutu34: folds 
Manifestorr: folds 
EasyGamerrr: folds 
BeauParleur: folds 
BoontjeM: folds 
Uncalled bet ($1.50) returned to nastja336
nastja336 collected $2.50 from pot
nastja336: doesn't show hand 
*** SUMMARY ***
Total pot $2.50 | Rake $0 
Seat 1: andutu34 folded before Flop (didn't bet)
Seat 2: Manifestorr folded before Flop (didn't bet)
Seat 3: EasyGamerrr (button) folded before Flop (didn't bet)
Seat 4: BeauParleur (small blind) folded before Flop
Seat 5: BoontjeM (big blind) folded before Flop
Seat 6: nastja336 collected ($2.50)



PokerStars Hand #254556244912:  Hold'em No Limit ($0.50/$1.00 USD) - 2025/01/25 2:07:51 WET [2025/01/25 21:07:51 ET]
Table 'Hale-Bopp IV' 6-max Seat #4 is the button
Seat 1: andutu34 ($100 in chips) 
Seat 2: Manifestorr ($132.76 in chips) 
Seat 3: EasyGamerrr ($116.50 in chips) 
Seat 4: BeauParleur ($121.71 in chips) 
Seat 5: BoontjeM ($42.19 in chips) 
Seat 6: nastja336 ($102.45 in chips) 
BoontjeM: posts small blind $0.50
nastja336: posts big blind $1
*** HOLE CARDS ***
andutu34: folds 
Manifestorr: folds 
EasyGamerrr: folds 
andutu34 leaves the table
BeauParleur: folds 
BoontjeM: raises $1 to $2
nastja336: calls $1
*** FLOP *** [5h 7h Jd]
Mr_Dick666 joins the table at seat #1 
BoontjeM: checks 
nastja336: bets $1.25
BoontjeM: calls $1.25
*** TURN *** [5h 7h Jd] [4d]
BoontjeM: checks 
nastja336: bets $2.04
BoontjeM: folds 
Uncalled bet ($2.04) returned to nastja336
nastja336 collected $6.18 from pot
nastja336: doesn't show hand 
*** SUMMARY ***
Total pot $6.50 | Rake $0.32 
Board [5h 7h Jd 4d]
Seat 1: andutu34 folded before Flop (didn't bet)
Seat 2: Manifestorr folded before Flop (didn't bet)
Seat 3: EasyGamerrr folded before Flop (didn't bet)
Seat 4: BeauParleur (button) folded before Flop (didn't bet)
Seat 5: BoontjeM (small blind) folded on the Turn
Seat 6: nastja336 (big blind) collected ($6.18)



PokerStars Hand #254556250323:  Hold'em No Limit ($0.50/$1.00 USD) - 2025/01/25 2:08:22 WET [2025/01/25 21:08:22 ET]
Table 'Hale-Bopp IV' 6-max Seat #5 is the button
Seat 1: Mr_Dick666 ($100 in chips) 
Seat 2: Manifestorr ($132.76 in chips) 
Seat 3: EasyGamerrr ($116.50 in chips) 
Seat 4: BeauParleur ($121.71 in chips) 
Seat 5: BoontjeM ($38.94 in chips) 
Seat 6: nastja336 ($105.38 in chips) 
nastja336: posts small blind $0.50
Mr_Dick666: posts big blind $1
*** HOLE CARDS ***
Manifestorr: folds 
EasyGamerrr: folds 
BeauParleur: folds 
BoontjeM: raises $2 to $3
nastja336: folds 
Mr_Dick666: folds 
Uncalled bet ($2) returned to BoontjeM
BoontjeM collected $2.50 from pot
*** SUMMARY ***
Total pot $2.50 | Rake $0 
Seat 1: Mr_Dick666 (big blind) folded before Flop
Seat 2: Manifestorr folded before Flop (didn't bet)
Seat 3: EasyGamerrr folded before Flop (didn't bet)
Seat 4: BeauParleur folded before Flop (didn't bet)
Seat 5: BoontjeM (button) collected ($2.50)
Seat 6: nastja336 (small blind) folded before Flop



PokerStars Hand #254556252670:  Hold'em No Limit ($0.50/$1.00 USD) - 2025/01/25 2:08:36 WET [2025/01/25 21:08:36 ET]
Table 'Hale-Bopp IV' 6-max Seat #6 is the button
Seat 1: Mr_Dick666 ($100 in chips) 
Seat 2: Manifestorr ($132.76 in chips) 
Seat 3: EasyGamerrr ($116.50 in chips) 
Seat 4: BeauParleur ($121.71 in chips) 
Seat 5: BoontjeM ($40.44 in chips) 
Seat 6: nastja336 ($104.88 in chips) 
Mr_Dick666: posts small blind $0.50
Manifestorr: posts big blind $1
*** HOLE CARDS ***
EasyGamerrr: folds 
BeauParleur: raises $1 to $2
BoontjeM: folds 
nastja336: folds 
Mr_Dick666: folds 
Manifestorr: folds 
Uncalled bet ($1) returned to BeauParleur
BeauParleur collected $2.50 from pot
BeauParleur: doesn't show hand 
*** SUMMARY ***
Total pot $2.50 | Rake $0 
Seat 1: Mr_Dick666 (small blind) folded before Flop
Seat 2: Manifestorr (big blind) folded before Flop
Seat 3: EasyGamerrr folded before Flop (didn't bet)
Seat 4: BeauParleur collected ($2.50)
Seat 5: BoontjeM folded before Flop (didn't bet)
Seat 6: nastja336 (button) folded before Flop (didn't bet)



PokerStars Hand #254556256244:  Hold'em No Limit ($0.50/$1.00 USD) - 2025/01/25 2:08:57 WET [2025/01/25 21:08:57 ET]
Table 'Hale-Bopp IV' 6-max Seat #1 is the button
Seat 1: Mr_Dick666 ($100 in chips) 
Seat 2: Manifestorr ($131.76 in chips) 
Seat 3: EasyGamerrr ($116.50 in chips) 
Seat 4: BeauParleur ($123.21 in chips) 
Seat 5: BoontjeM ($40.44 in chips) 
Seat 6: nastja336 ($104.88 in chips) 
Manifestorr: posts small blind $0.50
EasyGamerrr: posts big blind $1
*** HOLE CARDS ***
BeauParleur: raises $1 to $2
BoontjeM: folds 
nastja336: raises $5.50 to $7.50
Mr_Dick666: folds 
Manifestorr: folds 
EasyGamerrr: folds 
BeauParleur: folds 
Uncalled bet ($5.50) returned to nastja336
nastja336 collected $5.50 from pot
nastja336: doesn't show hand 
*** SUMMARY ***
Total pot $5.50 | Rake $0 
Seat 1: Mr_Dick666 (button) folded before Flop (didn't bet)
Seat 2: Manifestorr (small blind) folded before Flop
Seat 3: EasyGamerrr (big blind) folded before Flop
Seat 4: BeauParleur folded before Flop
Seat 5: BoontjeM folded before Flop (didn't bet)
Seat 6: nastja336 collected ($5.50)



PokerStars Hand #254556259680:  Hold'em No Limit ($0.50/$1.00 USD) - 2025/01/25 2:09:17 WET [2025/01/25 21:09:17 ET]
Table 'Hale-Bopp IV' 6-max Seat #2 is the button
Seat 1: Mr_Dick666 ($100 in chips) 
Seat 2: Manifestorr ($131.26 in chips) 
Seat 3: EasyGamerrr ($115.50 in chips) 
Seat 4: BeauParleur ($121.21 in chips) 
Seat 5: BoontjeM ($40.44 in chips) 
Seat 6: nastja336 ($108.38 in chips) 
EasyGamerrr: posts small blind $0.50
BeauParleur: posts big blind $1
*** HOLE CARDS ***
BoontjeM: folds 
nastja336: folds 
Mr_Dick666: raises $1.50 to $2.50
Manifestorr: folds 
EasyGamerrr: folds 
BeauParleur: folds 
Uncalled bet ($1.50) returned to Mr_Dick666
Mr_Dick666 collected $2.50 from pot
Mr_Dick666: doesn't show hand 
*** SUMMARY ***
Total pot $2.50 | Rake $0 
Seat 1: Mr_Dick666 collected ($2.50)
Seat 2: Manifestorr (button) folded before Flop (didn't bet)
Seat 3: EasyGamerrr (small blind) folded before Flop
Seat 4: BeauParleur (big blind) folded before Flop
Seat 5: BoontjeM folded before Flop (didn't bet)
Seat 6: nastja336 folded before Flop (didn't bet)



PokerStars Hand #254556264501:  Hold'em No Limit ($0.50/$1.00 USD) - 2025/01/25 2:09:46 WET [2025/01/25 21:09:46 ET]
Table 'Hale-Bopp IV' 6-max Seat #3 is the button
Seat 1: Mr_Dick666 ($101.50 in chips) 
Seat 2: Manifestorr ($131.26 in chips) 
Seat 3: EasyGamerrr ($115 in chips) 
Seat 4: BeauParleur ($120.21 in chips) 
Seat 5: BoontjeM ($40.44 in chips) 
Seat 6: nastja336 ($108.38 in chips) 
BeauParleur: posts small blind $0.50
BoontjeM: posts big blind $1
*** HOLE CARDS ***
nastja336: folds 
Mr_Dick666: folds 
Manifestorr: raises $1.20 to $2.20
EasyGamerrr: folds 
BeauParleur: folds 
BoontjeM: folds 
Uncalled bet ($1.20) returned to Manifestorr
Manifestorr collected $2.50 from pot
*** SUMMARY ***
Total pot $2.50 | Rake $0 
Seat 1: Mr_Dick666 folded before Flop (didn't bet)
Seat 2: Manifestorr collected ($2.50)
Seat 3: EasyGamerrr (button) folded before Flop (didn't bet)
Seat 4: BeauParleur (small blind) folded before Flop
Seat 5: BoontjeM (big blind) folded before Flop
Seat 6: nastja336 folded before Flop (didn't bet)



PokerStars Hand #254556268225:  Hold'em No Limit ($0.50/$1.00 USD) - 2025/01/25 2:10:09 WET [2025/01/25 21:10:09 ET]
Table 'Hale-Bopp IV' 6-max Seat #4 is the button
Seat 1: Mr_Dick666 ($101.50 in chips) 
Seat 2: Manifestorr ($132.76 in chips) 
Seat 3: EasyGamerrr ($115 in chips) 
Seat 4: BeauParleur ($119.71 in chips) 
Seat 5: BoontjeM ($39.44 in chips) 
Seat 6: nastja336 ($108.38 in chips) 
BoontjeM: posts small blind $0.50
nastja336: posts big blind $1
*** HOLE CARDS ***
Mr_Dick666: folds 
Manifestorr: folds 
EasyGamerrr: raises $1.50 to $2.50
BeauParleur: folds 
BoontjeM: folds 
nastja336: folds 
Uncalled bet ($1.50) returned to EasyGamerrr
EasyGamerrr collected $2.50 from pot
EasyGamerrr: doesn't show hand 
*** SUMMARY ***
Total pot $2.50 | Rake $0 
Seat 1: Mr_Dick666 folded before Flop (didn't bet)
Seat 2: Manifestorr folded before Flop (didn't bet)
Seat 3: EasyGamerrr collected ($2.50)
Seat 4: BeauParleur (button) folded before Flop (didn't bet)
Seat 5: BoontjeM (small blind) folded before Flop
Seat 6: nastja336 (big blind) folded before Flop



PokerStars Hand #254556272722:  Hold'em No Limit ($0.50/$1.00 USD) - 2025/01/25 2:10:36 WET [2025/01/25 21:10:36 ET]
Table 'Hale-Bopp IV' 6-max Seat #5 is the button
Seat 1: Mr_Dick666 ($101.50 in chips) 
Seat 2: Manifestorr ($132.76 in chips) 
Seat 3: EasyGamerrr ($116.50 in chips) 
Seat 4: BeauParleur ($119.71 in chips) 
Seat 5: BoontjeM ($38.94 in chips) 
Seat 6: nastja336 ($107.38 in chips) 
nastja336: posts small blind $0.50
Mr_Dick666: posts big blind $1
*** HOLE CARDS ***
Manifestorr: folds 
EasyGamerrr: folds 
BeauParleur: folds 
BoontjeM: raises $1 to $2
nastja336: folds 
Mr_Dick666: folds 
Uncalled bet ($1) returned to BoontjeM
BoontjeM collected $2.50 from pot
*** SUMMARY ***
Total pot $2.50 | Rake $0 
Seat 1: Mr_Dick666 (big blind) folded before Flop
Seat 2: Manifestorr folded before Flop (didn't bet)
Seat 3: EasyGamerrr folded before Flop (didn't bet)
Seat 4: BeauParleur folded before Flop (didn't bet)
Seat 5: BoontjeM (button) collected ($2.50)
Seat 6: nastja336 (small blind) folded before Flop



PokerStars Hand #254556276266:  Hold'em No Limit ($0.50/$1.00 USD) - 2025/01/25 2:10:57 WET [2025/01/25 21:10:57 ET]
Table 'Hale-Bopp IV' 6-max Seat #6 is the button
Seat 1: Mr_Dick666 ($100.50 in chips) 
Seat 2: Manifestorr ($132.76 in chips) 
Seat 3: EasyGamerrr ($116.50 in chips) 
Seat 4: BeauParleur ($119.71 in chips) 
Seat 5: BoontjeM ($40.44 in chips) 
Seat 6: nastja336 ($106.88 in chips) 
Mr_Dick666: posts small blind $0.50
Manifestorr: posts big blind $1
*** HOLE CARDS ***
EasyGamerrr: raises $1 to $2
BeauParleur: folds 
BoontjeM: calls $2
nastja336: folds 
Mr_Dick666: folds 
Manifestorr: raises $13 to $15
EasyGamerrr: folds 
BoontjeM: folds 
Uncalled bet ($13) returned to Manifestorr
Manifestorr collected $6.50 from pot
*** SUMMARY ***
Total pot $6.50 | Rake $0 
Seat 1: Mr_Dick666 (small blind) folded before Flop
Seat 2: Manifestorr (big blind) collected ($6.50)
Seat 3: EasyGamerrr folded before Flop
Seat 4: BeauParleur folded before Flop (didn't bet)
Seat 5: BoontjeM folded before Flop
Seat 6: nastja336 (button) folded before Flop (didn't bet)



PokerStars Hand #254556279008:  Hold'em No Limit ($0.50/$1.00 USD) - 2025/01/25 2:11:14 WET [2025/01/25 21:11:14 ET]
Table 'Hale-Bopp IV' 6-max Seat #1 is the button
Seat 1: Mr_Dick666 ($100 in chips) 
Seat 2: Manifestorr ($137.26 in chips) 
Seat 3: EasyGamerrr ($114.50 in chips) 
Seat 4: BeauParleur ($119.71 in chips) 
Seat 5: BoontjeM ($38.44 in chips) 
Seat 6: nastja336 ($106.88 in chips) 
Manifestorr: posts small blind $0.50
EasyGamerrr: posts big blind $1
*** HOLE CARDS ***
BeauParleur: folds 
BoontjeM: raises $1 to $2
nastja336: raises $4 to $6
Mr_Dick666: folds 
Manifestorr: folds 
EasyGamerrr: folds 
BoontjeM: calls $4
*** FLOP *** [Kh Qs 8d]
BoontjeM: bets $6.41
nastja336: calls $6.41
*** TURN *** [Kh Qs 8d] [4h]
BoontjeM: bets $12.50
nastja336: calls $12.50
*** RIVER *** [Kh Qs 8d 4h] [8c]
BoontjeM: bets $13.53 and is all-in
nastja336: folds 
Uncalled bet ($13.53) returned to BoontjeM
BoontjeM collected $48.82 from pot
*** SUMMARY ***
Total pot $51.32 | Rake $2.50 
Board [Kh Qs 8d 4h 8c]
Seat 1: Mr_Dick666 (button) folded before Flop (didn't bet)
Seat 2: Manifestorr (small blind) folded before Flop
Seat 3: EasyGamerrr (big blind) folded before Flop
Seat 4: BeauParleur folded before Flop (didn't bet)
Seat 5: BoontjeM collected ($48.82)
Seat 6: nastja336 folded on the River



PokerStars Hand #254556287299:  Hold'em No Limit ($0.50/$1.00 USD) - 2025/01/25 2:12:03 WET [2025/01/25 21:12:03 ET]
Table 'Hale-Bopp IV' 6-max Seat #2 is the button
Seat 1: Mr_Dick666 ($100 in chips) 
Seat 2: Manifestorr ($136.76 in chips) 
Seat 3: EasyGamerrr ($113.50 in chips) 
Seat 4: BeauParleur ($119.71 in chips) 
Seat 5: BoontjeM ($62.35 in chips) 
Seat 6: nastja336 ($100 in chips) 
EasyGamerrr: posts small blind $0.50
BeauParleur: posts big blind $1
*** HOLE CARDS ***
BoontjeM: raises $1 to $2
nastja336: folds 
Mr_Dick666: folds 
Manifestorr: folds 
EasyGamerrr: folds 
BeauParleur: calls $1
*** FLOP *** [6h 2d Kc]
BeauParleur: checks 
BoontjeM: checks 
*** TURN *** [6h 2d Kc] [5c]
BeauParleur: bets $7.50
BoontjeM: folds 
Uncalled bet ($7.50) returned to BeauParleur
BeauParleur collected $4.28 from pot
BeauParleur: doesn't show hand 
*** SUMMARY ***
Total pot $4.50 | Rake $0.22 
Board [6h 2d Kc 5c]
Seat 1: Mr_Dick666 folded before Flop (didn't bet)
Seat 2: Manifestorr (button) folded before Flop (didn't bet)
Seat 3: EasyGamerrr (small blind) folded before Flop
Seat 4: BeauParleur (big blind) collected ($4.28)
Seat 5: BoontjeM folded on the Turn
Seat 6: nastja336 folded before Flop (didn't bet)



PokerStars Hand #254556294820:  Hold'em No Limit ($0.50/$1.00 USD) - 2025/01/25 2:12:49 WET [2025/01/25 21:12:49 ET]
Table 'Hale-Bopp IV' 6-max Seat #3 is the button
Seat 1: Mr_Dick666 ($100 in chips) 
Seat 2: Manifestorr ($136.76 in chips) 
Seat 3: EasyGamerrr ($113 in chips) 
Seat 4: BeauParleur ($121.99 in chips) 
Seat 5: BoontjeM ($60.35 in chips) 
Seat 6: nastja336 ($100 in chips) 
BeauParleur: posts small blind $0.50
BoontjeM: posts big blind $1
*** HOLE CARDS ***
nastja336: raises $1.50 to $2.50
Mr_Dick666: folds 
Manifestorr: folds 
EasyGamerrr: folds 
BeauParleur: folds 
BoontjeM: calls $1.50
*** FLOP *** [4d Qs 2s]
BoontjeM: bets $4
nastja336: folds 
Uncalled bet ($4) returned to BoontjeM
BoontjeM collected $5.22 from pot
*** SUMMARY ***
Total pot $5.50 | Rake $0.28 
Board [4d Qs 2s]
Seat 1: Mr_Dick666 folded before Flop (didn't bet)
Seat 2: Manifestorr folded before Flop (didn't bet)
Seat 3: EasyGamerrr (button) folded before Flop (didn't bet)
Seat 4: BeauParleur (small blind) folded before Flop
Seat 5: BoontjeM (big blind) collected ($5.22)
Seat 6: nastja336 folded on the Flop



PokerStars Hand #254556297959:  Hold'em No Limit ($0.50/$1.00 USD) - 2025/01/25 2:13:08 WET [2025/01/25 21:13:08 ET]
Table 'Hale-Bopp IV' 6-max Seat #4 is the button
Seat 1: Mr_Dick666 ($100 in chips) 
Seat 2: Manifestorr ($136.76 in chips) 
Seat 3: EasyGamerrr ($113 in chips) 
Seat 4: BeauParleur ($121.49 in chips) 
Seat 5: BoontjeM ($63.07 in chips) 
Seat 6: nastja336 ($100 in chips) 
BoontjeM: posts small blind $0.50
nastja336: posts big blind $1
*** HOLE CARDS ***
Mr_Dick666: folds 
Manifestorr: folds 
EasyGamerrr: folds 
BeauParleur: raises $1.50 to $2.50
BoontjeM: raises $1.50 to $4
nastja336: folds 
BeauParleur: folds 
Uncalled bet ($1.50) returned to BoontjeM
BoontjeM collected $6 from pot
*** SUMMARY ***
Total pot $6 | Rake $0 
Seat 1: Mr_Dick666 folded before Flop (didn't bet)
Seat 2: Manifestorr folded before Flop (didn't bet)
Seat 3: EasyGamerrr folded before Flop (didn't bet)
Seat 4: BeauParleur (button) folded before Flop
Seat 5: BoontjeM (small blind) collected ($6)
Seat 6: nastja336 (big blind) folded before Flop



PokerStars Hand #254556302219:  Hold'em No Limit ($0.50/$1.00 USD) - 2025/01/25 2:13:34 WET [2025/01/25 21:13:34 ET]
Table 'Hale-Bopp IV' 6-max Seat #5 is the button
Seat 1: Mr_Dick666 ($100 in chips) 
Seat 2: Manifestorr ($136.76 in chips) 
Seat 3: EasyGamerrr ($113 in chips) 
Seat 4: BeauParleur ($118.99 in chips) 
Seat 5: BoontjeM ($66.57 in chips) 
Seat 6: nastja336 ($100 in chips) 
nastja336: posts small blind $0.50
Mr_Dick666: posts big blind $1
*** HOLE CARDS ***
Manifestorr: folds 
EasyGamerrr: folds 
BeauParleur: folds 
BoontjeM: folds 
nastja336: folds 
Uncalled bet ($0.50) returned to Mr_Dick666
Mr_Dick666 collected $1 from pot
Mr_Dick666: doesn't show hand 
*** SUMMARY ***
Total pot $1 | Rake $0 
Seat 1: Mr_Dick666 (big blind) collected ($1)
Seat 2: Manifestorr folded before Flop (didn't bet)
Seat 3: EasyGamerrr folded before Flop (didn't bet)
Seat 4: BeauParleur folded before Flop (didn't bet)
Seat 5: BoontjeM (button) folded before Flop (didn't bet)
Seat 6: nastja336 (small blind) folded before Flop



PokerStars Hand #254556303809:  Hold'em No Limit ($0.50/$1.00 USD) - 2025/01/25 2:13:44 WET [2025/01/25 21:13:44 ET]
Table 'Hale-Bopp IV' 6-max Seat #6 is the button
Seat 1: Mr_Dick666 ($100.50 in chips) 
Seat 2: Manifestorr ($136.76 in chips) 
Seat 3: EasyGamerrr ($113 in chips) 
Seat 4: BeauParleur ($118.99 in chips) 
Seat 5: BoontjeM ($66.57 in chips) 
Seat 6: nastja336 ($100 in chips) 
Mr_Dick666: posts small blind $0.50
Manifestorr: posts big blind $1
*** HOLE CARDS ***
EasyGamerrr: folds 
BeauParleur: folds 
BoontjeM: calls $1
nastja336: folds 
Mr_Dick666: folds 
Manifestorr: raises $4 to $5
BoontjeM: folds 
Uncalled bet ($4) returned to Manifestorr
Manifestorr collected $2.50 from pot
*** SUMMARY ***
Total pot $2.50 | Rake $0 
Seat 1: Mr_Dick666 (small blind) folded before Flop
Seat 2: Manifestorr (big blind) collected ($2.50)
Seat 3: EasyGamerrr folded before Flop (didn't bet)
Seat 4: BeauParleur folded before Flop (didn't bet)
Seat 5: BoontjeM folded before Flop
Seat 6: nastja336 (button) folded before Flop (didn't bet)



PokerStars Hand #254556308612:  Hold'em No Limit ($0.50/$1.00 USD) - 2025/01/25 2:14:12 WET [2025/01/25 21:14:12 ET]
Table 'Hale-Bopp IV' 6-max Seat #1 is the button
Seat 1: Mr_Dick666 ($100 in chips) 
Seat 2: Manifestorr ($138.26 in chips) 
Seat 3: EasyGamerrr ($113 in chips) 
Seat 4: BeauParleur ($118.99 in chips) 
Seat 5: BoontjeM ($65.57 in chips) 
Seat 6: nastja336 ($100 in chips) 
Manifestorr: posts small blind $0.50
EasyGamerrr: posts big blind $1
*** HOLE CARDS ***
BeauParleur: folds 
BoontjeM: raises $1 to $2
nastja336: raises $4 to $6
Mr_Dick666: folds 
Manifestorr: folds 
EasyGamerrr: folds 
BoontjeM: folds 
Uncalled bet ($4) returned to nastja336
nastja336 collected $5.50 from pot
nastja336: doesn't show hand 
*** SUMMARY ***
Total pot $5.50 | Rake $0 
Seat 1: Mr_Dick666 (button) folded before Flop (didn't bet)
Seat 2: Manifestorr (small blind) folded before Flop
Seat 3: EasyGamerrr (big blind) folded before Flop
Seat 4: BeauParleur folded before Flop (didn't bet)
Seat 5: BoontjeM folded before Flop
Seat 6: nastja336 collected ($5.50)



PokerStars Hand #254556315227:  Hold'em No Limit ($0.50/$1.00 USD) - 2025/01/25 2:14:52 WET [2025/01/25 21:14:52 ET]
Table 'Hale-Bopp IV' 6-max Seat #2 is the button
Seat 1: Mr_Dick666 ($100 in chips) 
Seat 2: Manifestorr ($137.76 in chips) 
Seat 3: EasyGamerrr ($112 in chips) 
Seat 4: BeauParleur ($118.99 in chips) 
Seat 5: BoontjeM ($63.57 in chips) 
Seat 6: nastja336 ($103.50 in chips) 
EasyGamerrr: posts small blind $0.50
BeauParleur: posts big blind $1
*** HOLE CARDS ***
BoontjeM: folds 
nastja336: folds 
Mr_Dick666: folds 
Manifestorr: folds 
EasyGamerrr: folds 
Uncalled bet ($0.50) returned to BeauParleur
BeauParleur collected $1 from pot
BeauParleur: doesn't show hand 
*** SUMMARY ***
Total pot $1 | Rake $0 
Seat 1: Mr_Dick666 folded before Flop (didn't bet)
Seat 2: Manifestorr (button) folded before Flop (didn't bet)
Seat 3: EasyGamerrr (small blind) folded before Flop
Seat 4: BeauParleur (big blind) collected ($1)
Seat 5: BoontjeM folded before Flop (didn't bet)
Seat 6: nastja336 folded before Flop (didn't bet)



PokerStars Hand #254556317284:  Hold'em No Limit ($0.50/$1.00 USD) - 2025/01/25 2:15:05 WET [2025/01/25 21:15:05 ET]
Table 'Hale-Bopp IV' 6-max Seat #3 is the button
Seat 1: Mr_Dick666 ($100 in chips) 
Seat 2: Manifestorr ($137.76 in chips) 
Seat 3: EasyGamerrr ($111.50 in chips) 
Seat 4: BeauParleur ($119.49 in chips) 
Seat 5: BoontjeM ($63.57 in chips) 
Seat 6: nastja336 ($103.50 in chips) 
BeauParleur: posts small blind $0.50
BoontjeM: posts big blind $1
*** HOLE CARDS ***
nastja336: folds 
Mr_Dick666: folds 
Manifestorr: raises $1.20 to $2.20
EasyGamerrr: folds 
BeauParleur: folds 
BoontjeM: calls $1.20
*** FLOP *** [3h 7h Ad]
BoontjeM: checks 
Manifestorr: bets $3.50
BoontjeM: folds 
Uncalled bet ($3.50) returned to Manifestorr
Manifestorr collected $4.66 from pot
*** SUMMARY ***
Total pot $4.90 | Rake $0.24 
Board [3h 7h Ad]
Seat 1: Mr_Dick666 folded before Flop (didn't bet)
Seat 2: Manifestorr collected ($4.66)
Seat 3: EasyGamerrr (button) folded before Flop (didn't bet)
Seat 4: BeauParleur (small blind) folded before Flop
Seat 5: BoontjeM (big blind) folded on the Flop
Seat 6: nastja336 folded before Flop (didn't bet)



PokerStars Hand #254556396616:  Hold'em No Limit ($0.50/$1.00 USD) - 2025/01/25 2:23:16 WET [2025/01/25 21:23:16 ET]
Table 'Hale-Bopp IV' 6-max Seat #6 is the button
Seat 5: BoontjeM ($0 in chips) is sitting out
Seat 1: BumHuntKing ($100 in chips) 
Seat 2: Mr_Dick666 ($140.87 in chips) 
Seat 6: Mensalao2010 ($87.41 in chips) 
BumHuntKing: posts small blind $0.50
Mr_Dick666: posts big blind $1
*** HOLE CARDS ***
Mensalao2010: raises $2.50 to $3.50
BumHuntKing: folds 
Mr_Dick666: calls $2.50
*** FLOP *** [3s 9s 9c]
Mr_Dick666: checks 
Mensalao2010: bets $7.12
Mr_Dick666: folds 
Uncalled bet ($7.12) returned to Mensalao2010
Mensalao2010 collected $7.12 from pot
*** SUMMARY ***
Total pot $7.50 | Rake $0.38 
Board [3s 9s 9c]
Seat 5: BoontjeM
Seat 1: BumHuntKing (small blind) folded before Flop
Seat 2: Mr_Dick666 (big blind) folded on the Flop
Seat 6: Mensalao2010 (button) collected ($7.12)



PokerStars Hand #254556401645:  Hold'em No Limit ($0.50/$1.00 USD) - 2025/01/25 2:23:48 WET [2025/01/25 21:23:48 ET]
Table 'Hale-Bopp IV' 6-max Seat #1 is the button
Seat 5: BoontjeM ($0 in chips) is sitting out
Seat 1: BumHuntKing ($100 in chips) 
Seat 2: Mr_Dick666 ($137.37 in chips) 
Seat 6: Mensalao2010 ($91.03 in chips) 
Mr_Dick666: posts small blind $0.50
Mensalao2010: posts big blind $1
*** HOLE CARDS ***
BumHuntKing: raises $1.50 to $2.50
Mr_Dick666: folds 
Mensalao2010: raises $7.50 to $10
BumHuntKing: folds 
Uncalled bet ($7.50) returned to Mensalao2010
Mensalao2010 collected $5.50 from pot
Mensalao2010: doesn't show hand 
*** SUMMARY ***
Total pot $5.50 | Rake $0 
Seat 5: BoontjeM
Seat 1: BumHuntKing (button) folded before Flop
Seat 2: Mr_Dick666 (small blind) folded before Flop
Seat 6: Mensalao2010 (big blind) collected ($5.50)



PokerStars Hand #254556404403:  Hold'em No Limit ($0.50/$1.00 USD) - 2025/01/25 2:24:05 WET [2025/01/25 21:24:05 ET]
Table 'Hale-Bopp IV' 6-max Seat #2 is the button
Seat 5: BoontjeM ($0 in chips) is sitting out
Seat 1: BumHuntKing ($100 in chips) 
Seat 2: Mr_Dick666 ($136.87 in chips) 
Seat 6: Mensalao2010 ($94.03 in chips) 
Mensalao2010: posts small blind $0.50
BumHuntKing: posts big blind $1
*** HOLE CARDS ***
Mr_Dick666: raises $1.50 to $2.50
Mensalao2010: folds 
BumHuntKing: folds 
Uncalled bet ($1.50) returned to Mr_Dick666
Mr_Dick666 collected $2.50 from pot
Mr_Dick666: doesn't show hand 
*** SUMMARY ***
Total pot $2.50 | Rake $0 
Seat 5: BoontjeM
Seat 1: BumHuntKing (big blind) folded before Flop
Seat 2: Mr_Dick666 (button) collected ($2.50)
Seat 6: Mensalao2010 (small blind) folded before Flop



PokerStars Hand #254556406024:  Hold'em No Limit ($0.50/$1.00 USD) - 2025/01/25 2:24:16 WET [2025/01/25 21:24:16 ET]
Table 'Hale-Bopp IV' 6-max Seat #6 is the button
Seat 5: BoontjeM ($0 in chips) is sitting out
Seat 1: BumHuntKing ($100 in chips) 
Seat 2: Mr_Dick666 ($138.37 in chips) 
Seat 6: Mensalao2010 ($93.53 in chips) 
BumHuntKing: posts small blind $0.50
Mr_Dick666: posts big blind $1
*** HOLE CARDS ***
Mensalao2010: raises $1 to $2
BumHuntKing: folds 
Mr_Dick666: calls $1
*** FLOP *** [Jd Ad 5c]
Mr_Dick666: checks 
Mensalao2010: bets $2.14
Mr_Dick666: folds 
Uncalled bet ($2.14) returned to Mensalao2010
Mensalao2010 collected $4.28 from pot
*** SUMMARY ***
Total pot $4.50 | Rake $0.22 
Board [Jd Ad 5c]
Seat 5: BoontjeM
Seat 1: BumHuntKing (small blind) folded before Flop
Seat 2: Mr_Dick666 (big blind) folded on the Flop
Seat 6: Mensalao2010 (button) collected ($4.28)



PokerStars Hand #254556408770:  Hold'em No Limit ($0.50/$1.00 USD) - 2025/01/25 2:24:33 WET [2025/01/25 21:24:33 ET]
Table 'Hale-Bopp IV' 6-max Seat #1 is the button
Seat 5: BoontjeM ($0 in chips) is sitting out
Seat 1: BumHuntKing ($100 in chips) 
Seat 2: Mr_Dick666 ($136.37 in chips) 
Seat 6: Mensalao2010 ($95.81 in chips) 
Mr_Dick666: posts small blind $0.50
Mensalao2010: posts big blind $1
*** HOLE CARDS ***
BumHuntKing: raises $1.50 to $2.50
Mr_Dick666: folds 
Mensalao2010: folds 
Uncalled bet ($1.50) returned to BumHuntKing
BumHuntKing collected $2.50 from pot
BumHuntKing: doesn't show hand 
*** SUMMARY ***
Total pot $2.50 | Rake $0 
Seat 5: BoontjeM
Seat 1: BumHuntKing (button) collected ($2.50)
Seat 2: Mr_Dick666 (small blind) folded before Flop
Seat 6: Mensalao2010 (big blind) folded before Flop



PokerStars Hand #254556413018:  Hold'em No Limit ($0.50/$1.00 USD) - 2025/01/25 2:25:01 WET [2025/01/25 21:25:01 ET]
Table 'Hale-Bopp IV' 6-max Seat #2 is the button
Seat 5: BoontjeM ($0 in chips) is sitting out
Seat 1: BumHuntKing ($101.50 in chips) 
Seat 2: Mr_Dick666 ($135.87 in chips) 
Seat 6: Mensalao2010 ($94.81 in chips) 
Mensalao2010: posts small blind $0.50
BumHuntKing: posts big blind $1
*** HOLE CARDS ***
Mr_Dick666: raises $1.50 to $2.50
Mensalao2010: folds 
BumHuntKing: folds 
Uncalled bet ($1.50) returned to Mr_Dick666
Mr_Dick666 collected $2.50 from pot
Mr_Dick666: doesn't show hand 
*** SUMMARY ***
Total pot $2.50 | Rake $0 
Seat 5: BoontjeM
Seat 1: BumHuntKing (big blind) folded before Flop
Seat 2: Mr_Dick666 (button) collected ($2.50)
Seat 6: Mensalao2010 (small blind) folded before Flop



PokerStars Hand #254556414518:  Hold'em No Limit ($0.50/$1.00 USD) - 2025/01/25 2:25:10 WET [2025/01/25 21:25:10 ET]
Table 'Hale-Bopp IV' 6-max Seat #6 is the button
Seat 5: BoontjeM ($0 in chips) is sitting out
Seat 1: BumHuntKing ($100.50 in chips) 
Seat 2: Mr_Dick666 ($137.37 in chips) 
Seat 6: Mensalao2010 ($94.31 in chips) 
BumHuntKing: posts small blind $0.50
Mr_Dick666: posts big blind $1
*** HOLE CARDS ***
Mensalao2010: folds 
BumHuntKing: folds 
Uncalled bet ($0.50) returned to Mr_Dick666
Mr_Dick666 collected $1 from pot
Mr_Dick666: doesn't show hand 
*** SUMMARY ***
Total pot $1 | Rake $0 
Seat 5: BoontjeM
Seat 1: BumHuntKing (small blind) folded before Flop
Seat 2: Mr_Dick666 (big blind) collected ($1)
Seat 6: Mensalao2010 (button) folded before Flop (didn't bet)



PokerStars Hand #254556415792:  Hold'em No Limit ($0.50/$1.00 USD) - 2025/01/25 2:25:19 WET [2025/01/25 21:25:19 ET]
Table 'Hale-Bopp IV' 6-max Seat #1 is the button
Seat 5: BoontjeM ($0 in chips) is sitting out
Seat 1: BumHuntKing ($100 in chips) 
Seat 2: Mr_Dick666 ($137.87 in chips) 
Seat 6: Mensalao2010 ($94.31 in chips) 
Mr_Dick666: posts small blind $0.50
Mensalao2010: posts big blind $1
*** HOLE CARDS ***
BumHuntKing: folds 
Mr_Dick666: raises $1.50 to $2.50
Mensalao2010: calls $1.50
*** FLOP *** [Jh 8d Kh]
Mr_Dick666: checks 
Mensalao2010: checks 
*** TURN *** [Jh 8d Kh] [Kc]
Mr_Dick666: checks 
Mensalao2010: checks 
*** RIVER *** [Jh 8d Kh Kc] [3d]
Mr_Dick666: bets $3.56
Mensalao2010: folds 
Uncalled bet ($3.56) returned to Mr_Dick666
Mr_Dick666 collected $4.75 from pot
Mr_Dick666: doesn't show hand 
*** SUMMARY ***
Total pot $5 | Rake $0.25 
Board [Jh 8d Kh Kc 3d]
Seat 5: BoontjeM
Seat 1: BumHuntKing (button) folded before Flop (didn't bet)
Seat 2: Mr_Dick666 (small blind) collected ($4.75)
Seat 6: Mensalao2010 (big blind) folded on the River



PokerStars Hand #254556422977:  Hold'em No Limit ($0.50/$1.00 USD) - 2025/01/25 2:26:05 WET [2025/01/25 21:26:05 ET]
Table 'Hale-Bopp IV' 6-max Seat #2 is the button
Seat 5: BoontjeM ($0 in chips) is sitting out
Seat 1: BumHuntKing ($100 in chips) 
Seat 2: Mr_Dick666 ($140.12 in chips) 
Seat 6: Mensalao2010 ($91.81 in chips) 
Mensalao2010: posts small blind $0.50
BumHuntKing: posts big blind $1
*** HOLE CARDS ***
Mr_Dick666: folds 
Mensalao2010: calls $0.50
BumHuntKing: raises $2.50 to $3.50
Mensalao2010: folds 
Uncalled bet ($2.50) returned to BumHuntKing
BumHuntKing collected $2 from pot
BumHuntKing: doesn't show hand 
*** SUMMARY ***
Total pot $2 | Rake $0 
Seat 5: BoontjeM
Seat 1: BumHuntKing (big blind) collected ($2)
Seat 2: Mr_Dick666 (button) folded before Flop (didn't bet)
Seat 6: Mensalao2010 (small blind) folded before Flop



PokerStars Hand #254556425509:  Hold'em No Limit ($0.50/$1.00 USD) - 2025/01/25 2:26:21 WET [2025/01/25 21:26:21 ET]
Table 'Hale-Bopp IV' 6-max Seat #6 is the button
Seat 5: BoontjeM ($0 in chips) is sitting out
Seat 1: BumHuntKing ($101 in chips) 
Seat 2: Mr_Dick666 ($140.12 in chips) 
Seat 6: Mensalao2010 ($90.81 in chips) 
BumHuntKing: posts small blind $0.50
Mr_Dick666: posts big blind $1
*** HOLE CARDS ***
Mensalao2010: raises $1 to $2
BumHuntKing: raises $9 to $11
Mr_Dick666: folds 
Mensalao2010: folds 
Uncalled bet ($9) returned to BumHuntKing
BumHuntKing collected $5 from pot
BumHuntKing: doesn't show hand 
*** SUMMARY ***
Total pot $5 | Rake $0 
Seat 5: BoontjeM
Seat 1: BumHuntKing (small blind) collected ($5)
Seat 2: Mr_Dick666 (big blind) folded before Flop
Seat 6: Mensalao2010 (button) folded before Flop



PokerStars Hand #254556428974:  Hold'em No Limit ($0.50/$1.00 USD) - 2025/01/25 2:26:43 WET [2025/01/25 21:26:43 ET]
Table 'Hale-Bopp IV' 6-max Seat #1 is the button
Seat 5: BoontjeM ($0 in chips) is sitting out
Seat 1: BumHuntKing ($104 in chips) 
Seat 2: Mr_Dick666 ($139.12 in chips) 
Seat 6: Mensalao2010 ($88.81 in chips) 
Mr_Dick666: posts small blind $0.50
Mensalao2010: posts big blind $1
*** HOLE CARDS ***
BumHuntKing: raises $1.50 to $2.50
Mr_Dick666: folds 
Tibibacsi joins the table at seat #3 
Mensalao2010: calls $1.50
*** FLOP *** [8d 8h Qs]
Mensalao2010: checks 
BumHuntKing: bets $1.72
Mensalao2010: calls $1.72
*** TURN *** [8d 8h Qs] [4h]
Mensalao2010: checks 
BumHuntKing: checks 
*** RIVER *** [8d 8h Qs 4h] [7d]
Mensalao2010: bets $8.49
BumHuntKing: folds 
Uncalled bet ($8.49) returned to Mensalao2010
Mensalao2010 collected $8.49 from pot
*** SUMMARY ***
Total pot $8.94 | Rake $0.45 
Board [8d 8h Qs 4h 7d]
Seat 5: BoontjeM
Seat 1: BumHuntKing (button) folded on the River
Seat 2: Mr_Dick666 (small blind) folded before Flop
Seat 6: Mensalao2010 (big blind) collected ($8.49)



PokerStars Hand #254556439757:  Hold'em No Limit ($0.50/$1.00 USD) - 2025/01/25 2:27:53 WET [2025/01/25 21:27:53 ET]
Table 'Hale-Bopp IV' 6-max Seat #2 is the button
Seat 3: Tibibacsi ($100 in chips) is sitting out
Seat 5: BoontjeM ($0 in chips) is sitting out
Seat 1: BumHuntKing ($100 in chips) 
Seat 2: Mr_Dick666 ($138.62 in chips) 
Seat 6: Mensalao2010 ($93.08 in chips) 
Mensalao2010: posts small blind $0.50
BumHuntKing: posts big blind $1
*** HOLE CARDS ***
Mr_Dick666: raises $1.50 to $2.50
Mensalao2010: folds 
BumHuntKing: folds 
Uncalled bet ($1.50) returned to Mr_Dick666
Mr_Dick666 collected $2.50 from pot
Mr_Dick666: doesn't show hand 
*** SUMMARY ***
Total pot $2.50 | Rake $0 
Seat 3: Tibibacsi
Seat 5: BoontjeM
Seat 1: BumHuntKing (big blind) folded before Flop
Seat 2: Mr_Dick666 (button) collected ($2.50)
Seat 6: Mensalao2010 (small blind) folded before Flop



PokerStars Hand #254556442773:  Hold'em No Limit ($0.50/$1.00 USD) - 2025/01/25 2:28:12 WET [2025/01/25 21:28:12 ET]
Table 'Hale-Bopp IV' 6-max Seat #6 is the button
Seat 3: Tibibacsi ($100 in chips) is sitting out
Seat 5: BoontjeM ($0 in chips) is sitting out
Seat 1: BumHuntKing ($100 in chips) 
Seat 2: Mr_Dick666 ($140.12 in chips) 
Seat 6: Mensalao2010 ($92.58 in chips) 
BumHuntKing: posts small blind $0.50
Mr_Dick666: posts big blind $1
Tibibacsi: sits out 
*** HOLE CARDS ***
Mensalao2010: folds 
BumHuntKing: raises $2 to $3
Mr_Dick666: calls $2
*** FLOP *** [4h 5d Qc]
BumHuntKing: bets $4.28
Mr_Dick666: calls $4.28
*** TURN *** [4h 5d Qc] [8s]
BumHuntKing: checks 
Mr_Dick666: checks 
*** RIVER *** [4h 5d Qc 8s] [Ac]
BumHuntKing: bets $4.56
Mr_Dick666: folds 
Uncalled bet ($4.56) returned to BumHuntKing
BumHuntKing collected $13.83 from pot
BumHuntKing: doesn't show hand 
*** SUMMARY ***
Total pot $14.56 | Rake $0.73 
Board [4h 5d Qc 8s Ac]
Seat 3: Tibibacsi
Seat 5: BoontjeM
Seat 1: BumHuntKing (small blind) collected ($13.83)
Seat 2: Mr_Dick666 (big blind) folded on the River
Seat 6: Mensalao2010 (button) folded before Flop (didn't bet)



PokerStars Hand #254556454283:  Hold'em No Limit ($0.50/$1.00 USD) - 2025/01/25 2:29:28 WET [2025/01/25 21:29:28 ET]
Table 'Hale-Bopp IV' 6-max Seat #1 is the button
Seat 5: BoontjeM ($0 in chips) is sitting out
Seat 1: BumHuntKing ($106.55 in chips) 
Seat 2: Mr_Dick666 ($132.84 in chips) 
Seat 3: Tibibacsi ($100 in chips) 
Seat 6: Mensalao2010 ($92.58 in chips) 
Mr_Dick666: posts small blind $0.50
Tibibacsi: posts big blind $1
*** HOLE CARDS ***
7bekon7 joins the table at seat #4 
Mensalao2010: folds 
BumHuntKing: raises $1.50 to $2.50
Mr_Dick666: folds 
Tibibacsi: calls $1.50
*** FLOP *** [4h 9c 3d]
BoontjeM leaves the table
Tibibacsi: checks 
7bekon7 leaves the table
BumHuntKing: bets $3.92
Tibibacsi: calls $3.92
*** TURN *** [4h 9c 3d] [7c]
Tibibacsi: checks 
BumHuntKing: bets $9.50
Tibibacsi: raises $19 to $28.50
BumHuntKing: folds 
Uncalled bet ($19) returned to Tibibacsi
Tibibacsi collected $31.34 from pot
Tibibacsi: doesn't show hand 
*** SUMMARY ***
Total pot $32.34 | Rake $1 
Board [4h 9c 3d 7c]
Seat 5: BoontjeM
Seat 1: BumHuntKing (button) folded on the Turn
Seat 2: Mr_Dick666 (small blind) folded before Flop
Seat 3: Tibibacsi (big blind) collected ($31.34)
Seat 6: Mensalao2010 folded before Flop (didn't bet)



PokerStars Hand #254556467826:  Hold'em No Limit ($0.50/$1.00 USD) - 2025/01/25 2:30:55 WET [2025/01/25 21:30:55 ET]
Table 'Hale-Bopp IV' 6-max Seat #2 is the button
Seat 1: BumHuntKing ($100 in chips) 
Seat 2: Mr_Dick666 ($132.34 in chips) 
Seat 3: Tibibacsi ($115.42 in chips) 
Seat 6: Mensalao2010 ($92.58 in chips) 
Tibibacsi: posts small blind $0.50
Mensalao2010: posts big blind $1
*** HOLE CARDS ***
BumHuntKing: folds 
Mr_Dick666: folds 
Tibibacsi: folds 
Uncalled bet ($0.50) returned to Mensalao2010
Mensalao2010 collected $1 from pot
*** SUMMARY ***
Total pot $1 | Rake $0 
Seat 1: BumHuntKing folded before Flop (didn't bet)
Seat 2: Mr_Dick666 (button) folded before Flop (didn't bet)
Seat 3: Tibibacsi (small blind) folded before Flop
Seat 6: Mensalao2010 (big blind) collected ($1)



PokerStars Hand #254556469539:  Hold'em No Limit ($0.50/$1.00 USD) - 2025/01/25 2:31:07 WET [2025/01/25 21:31:07 ET]
Table 'Hale-Bopp IV' 6-max Seat #3 is the button
Seat 1: BumHuntKing ($100 in chips) 
Seat 2: Mr_Dick666 ($132.34 in chips) 
Seat 3: Tibibacsi ($114.92 in chips) 
Seat 6: Mensalao2010 ($93.08 in chips) 
Mensalao2010: posts small blind $0.50
BumHuntKing: posts big blind $1
*** HOLE CARDS ***
Mr_Dick666: raises $1.50 to $2.50
Tibibacsi: folds 
Mensalao2010: calls $2
BumHuntKing: calls $1.50
*** FLOP *** [7c 3s 7s]
Mensalao2010: checks 
BumHuntKing: checks 
Mr_Dick666: checks 
*** TURN *** [7c 3s 7s] [8s]
Mensalao2010: bets $3.56
BumHuntKing: calls $3.56
Mr_Dick666: calls $3.56
*** RIVER *** [7c 3s 7s 8s] [Ks]
Mensalao2010: checks 
BumHuntKing: checks 
Mr_Dick666: checks 
*** SHOW DOWN ***
Mensalao2010: shows [7h 6h] (three of a kind, Sevens)
BumHuntKing: shows [5c 5s] (a flush, King high)
Mr_Dick666: shows [Qh Js] (a flush, King high - Jack higher)
Mr_Dick666 collected $17.27 from pot
*** SUMMARY ***
Total pot $18.18 | Rake $0.91 
Board [7c 3s 7s 8s Ks]
Seat 1: BumHuntKing (big blind) showed [5c 5s] and lost with a flush, King high
Seat 2: Mr_Dick666 showed [Qh Js] and won ($17.27) with a flush, King high
Seat 3: Tibibacsi (button) folded before Flop (didn't bet)
Seat 6: Mensalao2010 (small blind) showed [7h 6h] and lost with three of a kind, Sevens



PokerStars Hand #254556479364:  Hold'em No Limit ($0.50/$1.00 USD) - 2025/01/25 2:32:11 WET [2025/01/25 21:32:11 ET]
Table 'Hale-Bopp IV' 6-max Seat #6 is the button
Seat 1: BumHuntKing ($100 in chips) 
Seat 2: Mr_Dick666 ($143.55 in chips) 
Seat 3: Tibibacsi ($114.92 in chips) 
Seat 6: Mensalao2010 ($87.02 in chips) 
BumHuntKing: posts small blind $0.50
Mr_Dick666: posts big blind $1
*** HOLE CARDS ***
Tibibacsi: folds 
Mensalao2010: raises $1 to $2
BumHuntKing: folds 
Mr_Dick666: calls $1
*** FLOP *** [4h Jh 3s]
Mr_Dick666: checks 
Mensalao2010: bets $2.14
Mr_Dick666: calls $2.14
*** TURN *** [4h Jh 3s] [Qc]
Mr_Dick666: checks 
Mensalao2010: checks 
*** RIVER *** [4h Jh 3s Qc] [2s]
Mr_Dick666: bets $2.75
Mensalao2010: calls $2.75
*** SHOW DOWN ***
Mr_Dick666: shows [5h 5d] (a pair of Fives)
Mensalao2010: mucks hand 
Mr_Dick666 collected $13.57 from pot
*** SUMMARY ***
Total pot $14.28 | Rake $0.71 
Board [4h Jh 3s Qc 2s]
Seat 1: BumHuntKing (small blind) folded before Flop
Seat 2: Mr_Dick666 (big blind) showed [5h 5d] and won ($13.57) with a pair of Fives
Seat 3: Tibibacsi folded before Flop (didn't bet)
Seat 6: Mensalao2010 (button) mucked



PokerStars Hand #254556488305:  Hold'em No Limit ($0.50/$1.00 USD) - 2025/01/25 2:33:10 WET [2025/01/25 21:33:10 ET]
Table 'Hale-Bopp IV' 6-max Seat #1 is the button
Seat 1: BumHuntKing ($100 in chips) 
Seat 2: Mr_Dick666 ($150.23 in chips) 
Seat 3: Tibibacsi ($114.92 in chips) 
Seat 6: Mensalao2010 ($80.13 in chips) 
Mr_Dick666: posts small blind $0.50
Tibibacsi: posts big blind $1
*** HOLE CARDS ***
Mensalao2010: folds 
BumHuntKing: raises $1.50 to $2.50
Mr_Dick666: folds 
Tibibacsi: folds 
Uncalled bet ($1.50) returned to BumHuntKing
BumHuntKing collected $2.50 from pot
BumHuntKing: doesn't show hand 
michfosh2k joins the table at seat #4 
michfosh2k is disconnected 
*** SUMMARY ***
Total pot $2.50 | Rake $0 
Seat 1: BumHuntKing (button) collected ($2.50)
Seat 2: Mr_Dick666 (small blind) folded before Flop
Seat 3: Tibibacsi (big blind) folded before Flop
Seat 6: Mensalao2010 folded before Flop (didn't bet)



PokerStars Hand #254556491869:  Hold'em No Limit ($0.50/$1.00 USD) - 2025/01/25 2:33:33 WET [2025/01/25 21:33:33 ET]
Table 'Hale-Bopp IV' 6-max Seat #2 is the button
Seat 1: BumHuntKing ($101.50 in chips) 
Seat 2: Mr_Dick666 ($149.73 in chips) 
Seat 3: Tibibacsi ($113.92 in chips) 
Seat 4: michfosh2k ($10 in chips) 
Seat 6: Mensalao2010 ($80.13 in chips) 
Tibibacsi: posts small blind $0.50
michfosh2k: posts big blind $1
*** HOLE CARDS ***
nastja336 joins the table at seat #5 
Mensalao2010: folds 
BumHuntKing: folds 
Mr_Dick666: folds 
Tibibacsi: raises $9.50 to $10.50
michfosh2k: calls $9 and is all-in
Uncalled bet ($0.50) returned to Tibibacsi
*** FLOP *** [Tc Th 3h]
*** TURN *** [Tc Th 3h] [9d]
*** RIVER *** [Tc Th 3h 9d] [8d]
*** SHOW DOWN ***
Tibibacsi: shows [Ts Ah] (three of a kind, Tens)
michfosh2k: shows [Js Ac] (a pair of Tens)
Tibibacsi collected $19 from pot
*** SUMMARY ***
Total pot $20 | Rake $1 
Board [Tc Th 3h 9d 8d]
Seat 1: BumHuntKing folded before Flop (didn't bet)
Seat 2: Mr_Dick666 (button) folded before Flop (didn't bet)
Seat 3: Tibibacsi (small blind) showed [Ts Ah] and won ($19) with three of a kind, Tens
Seat 4: michfosh2k (big blind) showed [Js Ac] and lost with a pair of Tens
Seat 6: Mensalao2010 folded before Flop (didn't bet)



PokerStars Hand #254556496863:  Hold'em No Limit ($0.50/$1.00 USD) - 2025/01/25 2:34:06 WET [2025/01/25 21:34:06 ET]
Table 'Hale-Bopp IV' 6-max Seat #3 is the button
Seat 4: michfosh2k ($0 in chips) is sitting out
Seat 5: nastja336 ($109.22 in chips) is sitting out
Seat 1: BumHuntKing ($101.50 in chips) 
Seat 2: Mr_Dick666 ($149.73 in chips) 
Seat 3: Tibibacsi ($122.92 in chips) 
Seat 6: Mensalao2010 ($80.13 in chips) 
Mensalao2010: posts small blind $0.50
BumHuntKing: posts big blind $1
*** HOLE CARDS ***
Mr_Dick666: folds 
Tibibacsi: raises $1.50 to $2.50
Mensalao2010: folds 
BumHuntKing: folds 
Uncalled bet ($1.50) returned to Tibibacsi
michfosh2k leaves the table
Tibibacsi collected $2.50 from pot
Tibibacsi: doesn't show hand 
*** SUMMARY ***
Total pot $2.50 | Rake $0 
Seat 4: michfosh2k
Seat 5: nastja336
Seat 1: BumHuntKing (big blind) folded before Flop
Seat 2: Mr_Dick666 folded before Flop (didn't bet)
Seat 3: Tibibacsi (button) collected ($2.50)
Seat 6: Mensalao2010 (small blind) folded before Flop



PokerStars Hand #254556498804:  Hold'em No Limit ($0.50/$1.00 USD) - 2025/01/25 2:34:19 WET [2025/01/25 21:34:19 ET]
Table 'Hale-Bopp IV' 6-max Seat #6 is the button
Seat 5: nastja336 ($109.22 in chips) is sitting out
Seat 1: BumHuntKing ($100.50 in chips) 
Seat 2: Mr_Dick666 ($149.73 in chips) 
Seat 3: Tibibacsi ($124.42 in chips) 
Seat 6: Mensalao2010 ($79.63 in chips) 
BumHuntKing: posts small blind $0.50
Mr_Dick666: posts big blind $1
nastja336: sits out 
*** HOLE CARDS ***
Tibibacsi: folds 
Mensalao2010: folds 
BumHuntKing: raises $2 to $3
Mr_Dick666: folds 
Uncalled bet ($2) returned to BumHuntKing
BumHuntKing collected $2 from pot
BumHuntKing: doesn't show hand 
*** SUMMARY ***
Total pot $2 | Rake $0 
Seat 5: nastja336
Seat 1: BumHuntKing (small blind) collected ($2)
Seat 2: Mr_Dick666 (big blind) folded before Flop
Seat 3: Tibibacsi folded before Flop (didn't bet)
Seat 6: Mensalao2010 (button) folded before Flop (didn't bet)



PokerStars Hand #254556501669:  Hold'em No Limit ($0.50/$1.00 USD) - 2025/01/25 2:34:38 WET [2025/01/25 21:34:38 ET]
Table 'Hale-Bopp IV' 6-max Seat #1 is the button
Seat 5: nastja336 ($109.22 in chips) is sitting out
Seat 1: BumHuntKing ($101.50 in chips) 
Seat 2: Mr_Dick666 ($148.73 in chips) 
Seat 3: Tibibacsi ($124.42 in chips) 
Seat 6: Mensalao2010 ($79.63 in chips) 
Mr_Dick666: posts small blind $0.50
Tibibacsi: posts big blind $1
nastja336: sits out 
*** HOLE CARDS ***
Mensalao2010: folds 
BumHuntKing: raises $1.50 to $2.50
Mr_Dick666: folds 
Tibibacsi: folds 
Uncalled bet ($1.50) returned to BumHuntKing
BumHuntKing collected $2.50 from pot
BumHuntKing: doesn't show hand 
*** SUMMARY ***
Total pot $2.50 | Rake $0 
Seat 5: nastja336
Seat 1: BumHuntKing (button) collected ($2.50)
Seat 2: Mr_Dick666 (small blind) folded before Flop
Seat 3: Tibibacsi (big blind) folded before Flop
Seat 6: Mensalao2010 folded before Flop (didn't bet)



PokerStars Hand #254556504283:  Hold'em No Limit ($0.50/$1.00 USD) - 2025/01/25 2:34:55 WET [2025/01/25 21:34:55 ET]
Table 'Hale-Bopp IV' 6-max Seat #2 is the button
Seat 1: BumHuntKing ($103 in chips) 
Seat 2: Mr_Dick666 ($148.23 in chips) 
Seat 3: Tibibacsi ($123.42 in chips) 
Seat 5: nastja336 ($109.22 in chips) 
Seat 6: Mensalao2010 ($79.63 in chips) 
Tibibacsi: posts small blind $0.50
nastja336: posts big blind $1
*** HOLE CARDS ***
Mensalao2010: folds 
BumHuntKing: raises $1.20 to $2.20
Mr_Dick666: folds 
Tibibacsi: folds 
nastja336: calls $1.20
*** FLOP *** [7d 8d Kh]
nastja336: checks 
BumHuntKing: bets $1.54
nastja336: folds 
Uncalled bet ($1.54) returned to BumHuntKing
BumHuntKing collected $4.66 from pot
BumHuntKing: doesn't show hand 
*** SUMMARY ***
Total pot $4.90 | Rake $0.24 
Board [7d 8d Kh]
Seat 1: BumHuntKing collected ($4.66)
Seat 2: Mr_Dick666 (button) folded before Flop (didn't bet)
Seat 3: Tibibacsi (small blind) folded before Flop
Seat 5: nastja336 (big blind) folded on the Flop
Seat 6: Mensalao2010 folded before Flop (didn't bet)



PokerStars Hand #254556509795:  Hold'em No Limit ($0.50/$1.00 USD) - 2025/01/25 2:35:32 WET [2025/01/25 21:35:32 ET]
Table 'Hale-Bopp IV' 6-max Seat #3 is the button
Seat 1: BumHuntKing ($105.46 in chips) 
Seat 2: Mr_Dick666 ($148.23 in chips) 
Seat 3: Tibibacsi ($122.92 in chips) 
Seat 5: nastja336 ($107.02 in chips) 
Seat 6: Mensalao2010 ($79.63 in chips) 
nastja336: posts small blind $0.50
Mensalao2010: posts big blind $1
*** HOLE CARDS ***
BumHuntKing: folds 
Mr_Dick666: folds 
Tibibacsi: raises $1.50 to $2.50
nastja336: folds 
Mensalao2010: calls $1.50
*** FLOP *** [9h Kh Ts]
Mensalao2010: checks 
Tibibacsi: bets $1.31
Mensalao2010: folds 
Uncalled bet ($1.31) returned to Tibibacsi
Tibibacsi collected $5.22 from pot
Tibibacsi: doesn't show hand 
*** SUMMARY ***
Total pot $5.50 | Rake $0.28 
Board [9h Kh Ts]
Seat 1: BumHuntKing folded before Flop (didn't bet)
Seat 2: Mr_Dick666 folded before Flop (didn't bet)
Seat 3: Tibibacsi (button) collected ($5.22)
Seat 5: nastja336 (small blind) folded before Flop
Seat 6: Mensalao2010 (big blind) folded on the Flop



PokerStars Hand #254556514326:  Hold'em No Limit ($0.50/$1.00 USD) - 2025/01/25 2:36:01 WET [2025/01/25 21:36:01 ET]
Table 'Hale-Bopp IV' 6-max Seat #5 is the button
Seat 1: BumHuntKing ($105.46 in chips) 
Seat 2: Mr_Dick666 ($148.23 in chips) 
Seat 3: Tibibacsi ($125.64 in chips) 
Seat 5: nastja336 ($106.52 in chips) 
Seat 6: Mensalao2010 ($77.13 in chips) 
Mensalao2010: posts small blind $0.50
BumHuntKing: posts big blind $1
*** HOLE CARDS ***
Mr_Dick666: folds 
Tibibacsi: folds 
nastja336: raises $1.50 to $2.50
Mensalao2010: folds 
BumHuntKing: calls $1.50
*** FLOP *** [2d 8h 3s]
BumHuntKing: checks 
nastja336: bets $1.72
BumHuntKing: raises $6.02 to $7.74
nastja336: folds 
Uncalled bet ($6.02) returned to BumHuntKing
BumHuntKing collected $8.49 from pot
BumHuntKing: doesn't show hand 
*** SUMMARY ***
Total pot $8.94 | Rake $0.45 
Board [2d 8h 3s]
Seat 1: BumHuntKing (big blind) collected ($8.49)
Seat 2: Mr_Dick666 folded before Flop (didn't bet)
Seat 3: Tibibacsi folded before Flop (didn't bet)
Seat 5: nastja336 (button) folded on the Flop
Seat 6: Mensalao2010 (small blind) folded before Flop



PokerStars Hand #254556524685:  Hold'em No Limit ($0.50/$1.00 USD) - 2025/01/25 2:37:09 WET [2025/01/25 21:37:09 ET]
Table 'Hale-Bopp IV' 6-max Seat #6 is the button
Seat 1: BumHuntKing ($109.73 in chips) 
Seat 2: Mr_Dick666 ($148.23 in chips) 
Seat 3: Tibibacsi ($125.64 in chips) 
Seat 5: nastja336 ($102.30 in chips) 
Seat 6: Mensalao2010 ($76.63 in chips) 
BumHuntKing: posts small blind $0.50
Mr_Dick666: posts big blind $1
*** HOLE CARDS ***
Tibibacsi: folds 
nastja336: folds 
Mensalao2010: raises $1 to $2
BumHuntKing: raises $9 to $11
Mr_Dick666: folds 
Mensalao2010: folds 
Uncalled bet ($9) returned to BumHuntKing
BumHuntKing collected $5 from pot
BumHuntKing: doesn't show hand 
*** SUMMARY ***
Total pot $5 | Rake $0 
Seat 1: BumHuntKing (small blind) collected ($5)
Seat 2: Mr_Dick666 (big blind) folded before Flop
Seat 3: Tibibacsi folded before Flop (didn't bet)
Seat 5: nastja336 folded before Flop (didn't bet)
Seat 6: Mensalao2010 (button) folded before Flop



PokerStars Hand #254556527234:  Hold'em No Limit ($0.50/$1.00 USD) - 2025/01/25 2:37:25 WET [2025/01/25 21:37:25 ET]
Table 'Hale-Bopp IV' 6-max Seat #1 is the button
Seat 1: BumHuntKing ($112.73 in chips) 
Seat 2: Mr_Dick666 ($147.23 in chips) 
Seat 3: Tibibacsi ($125.64 in chips) 
Seat 5: nastja336 ($102.30 in chips) 
Seat 6: Mensalao2010 ($74.63 in chips) 
Mr_Dick666: posts small blind $0.50
Tibibacsi: posts big blind $1
*** HOLE CARDS ***
nastja336: folds 
nastja336 leaves the table
Mensalao2010: folds 
BumHuntKing: raises $1.50 to $2.50
Mr_Dick666: raises $9.50 to $12
Tibibacsi: folds 
BumHuntKing: folds 
Uncalled bet ($9.50) returned to Mr_Dick666
Mr_Dick666 collected $6 from pot
Mr_Dick666: doesn't show hand 
*** SUMMARY ***
Total pot $6 | Rake $0 
Seat 1: BumHuntKing (button) folded before Flop
Seat 2: Mr_Dick666 (small blind) collected ($6)
Seat 3: Tibibacsi (big blind) folded before Flop
Seat 5: nastja336 folded before Flop (didn't bet)
Seat 6: Mensalao2010 folded before Flop (didn't bet)



PokerStars Hand #254556531023:  Hold'em No Limit ($0.50/$1.00 USD) - 2025/01/25 2:37:50 WET [2025/01/25 21:37:50 ET]
Table 'Hale-Bopp IV' 6-max Seat #2 is the button
Seat 1: BumHuntKing ($110.23 in chips) 
Seat 2: Mr_Dick666 ($150.73 in chips) 
Seat 3: Tibibacsi ($124.64 in chips) 
Seat 6: Mensalao2010 ($74.63 in chips) 
Tibibacsi: posts small blind $0.50
Mensalao2010: posts big blind $1
*** HOLE CARDS ***
BumHuntKing: folds 
Mr_Dick666: folds 
Tibibacsi: raises $2 to $3
Mensalao2010: folds 
Uncalled bet ($2) returned to Tibibacsi
Tibibacsi collected $2 from pot
Tibibacsi: doesn't show hand 
*** SUMMARY ***
Total pot $2 | Rake $0 
Seat 1: BumHuntKing folded before Flop (didn't bet)
Seat 2: Mr_Dick666 (button) folded before Flop (didn't bet)
Seat 3: Tibibacsi (small blind) collected ($2)
Seat 6: Mensalao2010 (big blind) folded before Flop



PokerStars Hand #254556533722:  Hold'em No Limit ($0.50/$1.00 USD) - 2025/01/25 2:38:08 WET [2025/01/25 21:38:08 ET]
Table 'Hale-Bopp IV' 6-max Seat #3 is the button
Seat 1: BumHuntKing ($110.23 in chips) 
Seat 2: Mr_Dick666 ($150.73 in chips) 
Seat 3: Tibibacsi ($125.64 in chips) 
Seat 6: Mensalao2010 ($73.63 in chips) 
Mensalao2010: posts small blind $0.50
BumHuntKing: posts big blind $1
*** HOLE CARDS ***
Mr_Dick666: folds 
Tibibacsi: folds 
50CandyJoe joins the table at seat #4 
nastja336 joins the table at seat #5 
Mensalao2010: raises $2 to $3
BumHuntKing: raises $6 to $9
Mensalao2010: calls $6
*** FLOP *** [8s 4c 5d]
Mensalao2010: checks 
BumHuntKing: bets $4.28
Mensalao2010: calls $4.28
*** TURN *** [8s 4c 5d] [9s]
Mensalao2010: checks 
BumHuntKing: checks 
*** RIVER *** [8s 4c 5d 9s] [9h]
Mensalao2010: bets $25.56
BumHuntKing: folds 
Uncalled bet ($25.56) returned to Mensalao2010
Mensalao2010 collected $25.56 from pot
Mensalao2010: doesn't show hand 
*** SUMMARY ***
Total pot $26.56 | Rake $1 
Board [8s 4c 5d 9s 9h]
Seat 1: BumHuntKing (big blind) folded on the River
Seat 2: Mr_Dick666 folded before Flop (didn't bet)
Seat 3: Tibibacsi (button) folded before Flop (didn't bet)
Seat 6: Mensalao2010 (small blind) collected ($25.56)



PokerStars Hand #254556542801:  Hold'em No Limit ($0.50/$1.00 USD) - 2025/01/25 2:39:06 WET [2025/01/25 21:39:06 ET]
Table 'Hale-Bopp IV' 6-max Seat #6 is the button
Seat 4: 50CandyJoe ($100 in chips) is sitting out
Seat 5: nastja336 ($102.30 in chips) is sitting out
Seat 1: BumHuntKing ($100 in chips) 
Seat 2: Mr_Dick666 ($150.73 in chips) 
Seat 3: Tibibacsi ($125.64 in chips) 
Seat 6: Mensalao2010 ($88.91 in chips) 
BumHuntKing: posts small blind $0.50
Mr_Dick666: posts big blind $1
50CandyJoe: sits out 
nastja336: sits out 
*** HOLE CARDS ***
Tibibacsi: raises $1.50 to $2.50
Mensalao2010: calls $2.50
BumHuntKing: folds 
Mr_Dick666: folds 
*** FLOP *** [8d Qs 3c]
Tibibacsi: bets $1.55
Mensalao2010: calls $1.55
*** TURN *** [8d Qs 3c] [6c]
Tibibacsi: bets $4.56
Mensalao2010: folds 
Uncalled bet ($4.56) returned to Tibibacsi
Tibibacsi collected $9.12 from pot
Tibibacsi: doesn't show hand 
*** SUMMARY ***
Total pot $9.60 | Rake $0.48 
Board [8d Qs 3c 6c]
Seat 4: 50CandyJoe
Seat 5: nastja336
Seat 1: BumHuntKing (small blind) folded before Flop
Seat 2: Mr_Dick666 (big blind) folded before Flop
Seat 3: Tibibacsi collected ($9.12)
Seat 6: Mensalao2010 (button) folded on the Turn



PokerStars Hand #254556547742:  Hold'em No Limit ($0.50/$1.00 USD) - 2025/01/25 2:39:39 WET [2025/01/25 21:39:39 ET]
Table 'Hale-Bopp IV' 6-max Seat #1 is the button
Seat 4: 50CandyJoe ($100 in chips) is sitting out
Seat 5: nastja336 ($102.30 in chips) is sitting out
Seat 1: BumHuntKing ($100 in chips) 
Seat 2: Mr_Dick666 ($149.73 in chips) 
Seat 3: Tibibacsi ($130.71 in chips) 
Seat 6: Mensalao2010 ($84.86 in chips) 
Mr_Dick666: posts small blind $0.50
Tibibacsi: posts big blind $1
50CandyJoe: sits out 
nastja336: sits out 
*** HOLE CARDS ***
Mensalao2010: raises $1 to $2
BumHuntKing: raises $5.50 to $7.50
Mr_Dick666: folds 
Tibibacsi: folds 
Mensalao2010: calls $5.50
*** FLOP *** [4s 6s 9d]
Mensalao2010: checks 
BumHuntKing: bets $3.92
Mensalao2010: calls $3.92
*** TURN *** [4s 6s 9d] [Jh]
Mensalao2010: checks 
BumHuntKing: checks 
*** RIVER *** [4s 6s 9d Jh] [5s]
Mensalao2010: checks 
BumHuntKing: checks 
*** SHOW DOWN ***
Mensalao2010: shows [8h 8d] (a pair of Eights)
BumHuntKing: mucks hand 
Mensalao2010 collected $23.34 from pot
*** SUMMARY ***
Total pot $24.34 | Rake $1 
Board [4s 6s 9d Jh 5s]
Seat 4: 50CandyJoe
Seat 5: nastja336
Seat 1: BumHuntKing (button) mucked
Seat 2: Mr_Dick666 (small blind) folded before Flop
Seat 3: Tibibacsi (big blind) folded before Flop
Seat 6: Mensalao2010 showed [8h 8d] and won ($23.34) with a pair of Eights



PokerStars Hand #254556555247:  Hold'em No Limit ($0.50/$1.00 USD) - 2025/01/25 2:40:28 WET [2025/01/25 21:40:28 ET]
Table 'Hale-Bopp IV' 6-max Seat #2 is the button
Seat 5: nastja336 ($102.30 in chips) is sitting out
Seat 1: BumHuntKing ($100 in chips) 
Seat 2: Mr_Dick666 ($149.23 in chips) 
Seat 3: Tibibacsi ($129.71 in chips) 
Seat 4: 50CandyJoe ($100 in chips) 
Seat 6: Mensalao2010 ($96.78 in chips) 
Tibibacsi: posts small blind $0.50
50CandyJoe: posts big blind $1
nastja336: sits out 
*** HOLE CARDS ***
Mensalao2010: folds 
BumHuntKing: folds 
Mr_Dick666: folds 
Tibibacsi: folds 
Uncalled bet ($0.50) returned to 50CandyJoe
50CandyJoe collected $1 from pot
50CandyJoe: doesn't show hand 
*** SUMMARY ***
Total pot $1 | Rake $0 
Seat 5: nastja336
Seat 1: BumHuntKing folded before Flop (didn't bet)
Seat 2: Mr_Dick666 (button) folded before Flop (didn't bet)
Seat 3: Tibibacsi (small blind) folded before Flop
Seat 4: 50CandyJoe (big blind) collected ($1)
Seat 6: Mensalao2010 folded before Flop (didn't bet)



PokerStars Hand #254556557828:  Hold'em No Limit ($0.50/$1.00 USD) - 2025/01/25 2:40:45 WET [2025/01/25 21:40:45 ET]
Table 'Hale-Bopp IV' 6-max Seat #3 is the button
Seat 1: BumHuntKing ($100 in chips) 
Seat 2: Mr_Dick666 ($149.23 in chips) 
Seat 3: Tibibacsi ($129.21 in chips) 
Seat 4: 50CandyJoe ($100.50 in chips) 
Seat 5: nastja336 ($102.30 in chips) 
Seat 6: Mensalao2010 ($96.78 in chips) 
50CandyJoe: posts small blind $0.50
nastja336: posts big blind $1
*** HOLE CARDS ***
Mensalao2010: folds 
BumHuntKing: folds 
Mr_Dick666: raises $1.50 to $2.50
Mensalao2010 leaves the table
Tibibacsi: folds 
50CandyJoe: folds 
nastja336: calls $1.50
*** FLOP *** [2c Tc Ad]
nastja336: checks 
Mr_Dick666: checks 
*** TURN *** [2c Tc Ad] [8d]
nastja336: checks 
Mr_Dick666: checks 
*** RIVER *** [2c Tc Ad 8d] [Qs]
nastja336: bets $3.45
Mr_Dick666: raises $9.09 to $12.54
nastja336: raises $37.62 to $50.16
Mr_Dick666: folds 
Uncalled bet ($37.62) returned to nastja336
nastja336 collected $29.05 from pot
nastja336: doesn't show hand 
*** SUMMARY ***
Total pot $30.58 | Rake $1.53 
Board [2c Tc Ad 8d Qs]
Seat 1: BumHuntKing folded before Flop (didn't bet)
Seat 2: Mr_Dick666 folded on the River
Seat 3: Tibibacsi (button) folded before Flop (didn't bet)
Seat 4: 50CandyJoe (small blind) folded before Flop
Seat 5: nastja336 (big blind) collected ($29.05)
Seat 6: Mensalao2010 folded before Flop (didn't bet)



PokerStars Hand #254556571467:  Hold'em No Limit ($0.50/$1.00 USD) - 2025/01/25 2:42:16 WET [2025/01/25 21:42:16 ET]
Table 'Hale-Bopp IV' 6-max Seat #4 is the button
Seat 1: BumHuntKing ($100 in chips) 
Seat 2: Mr_Dick666 ($134.19 in chips) 
Seat 3: Tibibacsi ($129.21 in chips) 
Seat 4: 50CandyJoe ($100 in chips) 
Seat 5: nastja336 ($116.31 in chips) 
nastja336: posts small blind $0.50
BumHuntKing: posts big blind $1
*** HOLE CARDS ***
Mr_Dick666: folds 
Tibibacsi: raises $1.50 to $2.50
50CandyJoe: folds 
nastja336: folds 
BumHuntKing: calls $1.50
*** FLOP *** [7h Jd Ts]
BumHuntKing: checks 
Tibibacsi: checks 
*** TURN *** [7h Jd Ts] [6c]
BumHuntKing: checks 
Tibibacsi: bets $3.92
BumHuntKing: folds 
Uncalled bet ($3.92) returned to Tibibacsi
Tibibacsi collected $5.22 from pot
Tibibacsi: doesn't show hand 
*** SUMMARY ***
Total pot $5.50 | Rake $0.28 
Board [7h Jd Ts 6c]
Seat 1: BumHuntKing (big blind) folded on the Turn
Seat 2: Mr_Dick666 folded before Flop (didn't bet)
Seat 3: Tibibacsi collected ($5.22)
Seat 4: 50CandyJoe (button) folded before Flop (didn't bet)
Seat 5: nastja336 (small blind) folded before Flop



PokerStars Hand #254556582412:  Hold'em No Limit ($0.50/$1.00 USD) - 2025/01/25 2:43:27 WET [2025/01/25 21:43:27 ET]
Table 'Hale-Bopp IV' 6-max Seat #5 is the button
Seat 2: Mr_Dick666 ($134.19 in chips) is sitting out
Seat 3: Tibibacsi ($131.93 in chips) is sitting out
Seat 1: BumHuntKing ($100 in chips) 
Seat 4: 50CandyJoe ($100 in chips) 
Seat 5: nastja336 ($115.81 in chips) 
BumHuntKing: posts small blind $0.50
Mr_Dick666: is sitting out 
Tibibacsi: is sitting out 
50CandyJoe: posts big blind $1
*** HOLE CARDS ***
nastja336: folds 
Tibibacsi leaves the table
nastja336 leaves the table
BumHuntKing: folds 
Uncalled bet ($0.50) returned to 50CandyJoe
50CandyJoe collected $1 from pot
50CandyJoe: doesn't show hand 
Mr_Dick666 leaves the table
*** SUMMARY ***
Total pot $1 | Rake $0 
Seat 2: Mr_Dick666
Seat 3: Tibibacsi
Seat 1: BumHuntKing (small blind) folded before Flop
Seat 4: 50CandyJoe (big blind) collected ($1)
Seat 5: nastja336 (button) folded before Flop (didn't bet)



PokerStars Hand #254556583519:  Hold'em No Limit ($0.50/$1.00 USD) - 2025/01/25 2:43:34 WET [2025/01/25 21:43:34 ET]
Table 'Hale-Bopp IV' 6-max Seat #4 is the button
Seat 1: BumHuntKing ($100 in chips) 
Seat 4: 50CandyJoe ($100.50 in chips) 
50CandyJoe: posts small blind $0.50
BumHuntKing: posts big blind $1
*** HOLE CARDS ***
50CandyJoe: raises $1.50 to $2.50
BumHuntKing: calls $1.50
*** FLOP *** [6c Ks Js]
BumHuntKing: checks 
50CandyJoe: bets $1.57
BumHuntKing: raises $7.89 to $9.46
50CandyJoe: folds 
Uncalled bet ($7.89) returned to BumHuntKing
BumHuntKing collected $7.73 from pot
BumHuntKing: doesn't show hand 
*** SUMMARY ***
Total pot $8.14 | Rake $0.41 
Board [6c Ks Js]
Seat 1: BumHuntKing (big blind) collected ($7.73)
Seat 4: 50CandyJoe (button) (small blind) folded on the Flop



PokerStars Hand #254556589913:  Hold'em No Limit ($0.50/$1.00 USD) - 2025/01/25 2:44:16 WET [2025/01/25 21:44:16 ET]
Table 'Hale-Bopp IV' 6-max Seat #1 is the button
Seat 1: BumHuntKing ($103.66 in chips) 
Seat 4: 50CandyJoe ($100 in chips) 
BumHuntKing: posts small blind $0.50
50CandyJoe: posts big blind $1
*** HOLE CARDS ***
BumHuntKing: folds 
Uncalled bet ($0.50) returned to 50CandyJoe
50CandyJoe collected $1 from pot
50CandyJoe: doesn't show hand 
*** SUMMARY ***
Total pot $1 | Rake $0 
Seat 1: BumHuntKing (button) (small blind) folded before Flop
Seat 4: 50CandyJoe (big blind) collected ($1)



