PokerStars Hand #254552624083:  Hold'em No Limit ($0.50/$1.00 USD) - 2025/01/25 21:43:31 WET [2025/01/25 16:43:31 ET]
Table 'Concordia V' 6-max Seat #1 is the button
Seat 1: ImaPeppaPig ($100 in chips) 
Seat 5: nikalas22 ($102.68 in chips) 
Seat 6: mariofcd ($100 in chips) 
nikalas22: posts small blind $0.50
mariofcd: posts big blind $1
*** HOLE CARDS ***
ImaPeppaPig: folds 
nikalas22: folds 
Uncalled bet ($0.50) returned to mariofcd
mariofcd collected $1 from pot
mariofcd: doesn't show hand 
*** SUMMARY ***
Total pot $1 | Rake $0 
Seat 1: ImaPeppaPig (button) folded before Flop (didn't bet)
Seat 5: nikalas22 (small blind) folded before Flop
Seat 6: mariofcd (big blind) collected ($1)



PokerStars Hand #254552627111:  Hold'em No Limit ($0.50/$1.00 USD) - 2025/01/25 21:43:41 WET [2025/01/25 16:43:41 ET]
Table 'Concordia V' 6-max Seat #5 is the button
Seat 1: ImaPeppaPig ($100 in chips) 
Seat 5: nikalas22 ($102.18 in chips) 
Seat 6: mariofcd ($100.50 in chips) 
mariofcd: posts small blind $0.50
ImaPeppaPig: posts big blind $1
*** HOLE CARDS ***
nikalas22: raises $1.50 to $2.50
mariofcd: folds 
ImaPeppaPig: folds 
Uncalled bet ($1.50) returned to nikalas22
nikalas22 collected $2.50 from pot
nikalas22: doesn't show hand 
*** SUMMARY ***
Total pot $2.50 | Rake $0 
Seat 1: ImaPeppaPig (big blind) folded before Flop
Seat 5: nikalas22 (button) collected ($2.50)
Seat 6: mariofcd (small blind) folded before Flop



PokerStars Hand #254552632678:  Hold'em No Limit ($0.50/$1.00 USD) - 2025/01/25 21:44:01 WET [2025/01/25 16:44:01 ET]
Table 'Concordia V' 6-max Seat #6 is the button
Seat 1: ImaPeppaPig ($100 in chips) 
Seat 5: nikalas22 ($103.68 in chips) 
Seat 6: mariofcd ($100 in chips) 
ImaPeppaPig: posts small blind $0.50
nikalas22: posts big blind $1
*** HOLE CARDS ***
mariofcd: raises $1.45 to $2.45
ImaPeppaPig: folds 
nikalas22: calls $1.45
*** FLOP *** [9d 3s 3d]
nikalas22: checks 
mariofcd: checks 
*** TURN *** [9d 3s 3d] [2d]
nikalas22: checks 
mariofcd: checks 
*** RIVER *** [9d 3s 3d 2d] [9c]
nikalas22: checks 
mariofcd: checks 
*** SHOW DOWN ***
nikalas22: shows [5s Ac] (two pair, Nines and Threes)
mariofcd: mucks hand 
nikalas22 collected $5.13 from pot
*** SUMMARY ***
Total pot $5.40 | Rake $0.27 
Board [9d 3s 3d 2d 9c]
Seat 1: ImaPeppaPig (small blind) folded before Flop
Seat 5: nikalas22 (big blind) showed [5s Ac] and won ($5.13) with two pair, Nines and Threes
Seat 6: mariofcd (button) mucked



PokerStars Hand #254552646708:  Hold'em No Limit ($0.50/$1.00 USD) - 2025/01/25 21:44:48 WET [2025/01/25 16:44:48 ET]
Table 'Concordia V' 6-max Seat #5 is the button
Seat 6: mariofcd ($100 in chips) is sitting out
Seat 1: ImaPeppaPig ($100 in chips) 
Seat 5: nikalas22 ($106.36 in chips) 
nikalas22: posts small blind $0.50
mariofcd: is sitting out 
ImaPeppaPig: posts big blind $1
*** HOLE CARDS ***
nikalas22: raises $1.50 to $2.50
ImaPeppaPig: calls $1.50
*** FLOP *** [2h 9d Jd]
ImaPeppaPig: checks 
mariofcd leaves the table
nikalas22: bets $3.56
ImaPeppaPig: calls $3.56
*** TURN *** [2h 9d Jd] [6s]
ImaPeppaPig: checks 
nikalas22: bets $17.27
ImaPeppaPig: folds 
Uncalled bet ($17.27) returned to nikalas22
nikalas22 collected $11.51 from pot
nikalas22: doesn't show hand 
*** SUMMARY ***
Total pot $12.12 | Rake $0.61 
Board [2h 9d Jd 6s]
Seat 6: mariofcd
Seat 1: ImaPeppaPig (big blind) folded on the Turn
Seat 5: nikalas22 (button) (small blind) collected ($11.51)



PokerStars Hand #254552654832:  Hold'em No Limit ($0.50/$1.00 USD) - 2025/01/25 21:45:16 WET [2025/01/25 16:45:16 ET]
Table 'Concordia V' 6-max Seat #1 is the button
Seat 1: ImaPeppaPig ($100 in chips) 
Seat 5: nikalas22 ($111.81 in chips) 
ImaPeppaPig: posts small blind $0.50
nikalas22: posts big blind $1
*** HOLE CARDS ***
ImaPeppaPig: raises $1.50 to $2.50
nikalas22: folds 
Uncalled bet ($1.50) returned to ImaPeppaPig
ImaPeppaPig collected $2 from pot
ImaPeppaPig: doesn't show hand 
*** SUMMARY ***
Total pot $2 | Rake $0 
Seat 1: ImaPeppaPig (button) (small blind) collected ($2)
Seat 5: nikalas22 (big blind) folded before Flop



PokerStars Hand #254552721176:  Hold'em No Limit ($0.50/$1.00 USD) - 2025/01/25 21:49:03 WET [2025/01/25 16:49:03 ET]
Table 'Concordia V' 6-max Seat #2 is the button
Seat 1: ImaPeppaPig ($101 in chips) 
Seat 2: Blixky2002 ($100 in chips) 
Seat 3: Poker9803 ($100 in chips) 
Seat 4: XneferX ($100 in chips) 
Seat 5: nikalas22 ($110.81 in chips) 
Seat 6: mr.Jckpot ($100 in chips) 
Poker9803: posts small blind $0.50
XneferX: posts big blind $1
*** HOLE CARDS ***
nikalas22: folds 
mr.Jckpot: folds 
ImaPeppaPig: folds 
Blixky2002: folds 
Poker9803: folds 
Uncalled bet ($0.50) returned to XneferX
XneferX collected $1 from pot
XneferX: doesn't show hand 
*** SUMMARY ***
Total pot $1 | Rake $0 
Seat 1: ImaPeppaPig folded before Flop (didn't bet)
Seat 2: Blixky2002 (button) folded before Flop (didn't bet)
Seat 3: Poker9803 (small blind) folded before Flop
Seat 4: XneferX (big blind) collected ($1)
Seat 5: nikalas22 folded before Flop (didn't bet)
Seat 6: mr.Jckpot folded before Flop (didn't bet)



PokerStars Hand #254552725290:  Hold'em No Limit ($0.50/$1.00 USD) - 2025/01/25 21:49:17 WET [2025/01/25 16:49:17 ET]
Table 'Concordia V' 6-max Seat #3 is the button
Seat 1: ImaPeppaPig ($101 in chips) 
Seat 2: Blixky2002 ($100 in chips) 
Seat 3: Poker9803 ($100 in chips) 
Seat 4: XneferX ($100.50 in chips) 
Seat 5: nikalas22 ($110.81 in chips) 
Seat 6: mr.Jckpot ($100 in chips) 
XneferX: posts small blind $0.50
nikalas22: posts big blind $1
*** HOLE CARDS ***
mr.Jckpot: folds 
ImaPeppaPig: folds 
Blixky2002: folds 
Poker9803: folds 
XneferX: raises $2 to $3
nikalas22: raises $6 to $9
XneferX: calls $6
*** FLOP *** [Ad 8h Kc]
XneferX: checks 
nikalas22: bets $12.83
XneferX: folds 
Uncalled bet ($12.83) returned to nikalas22
nikalas22 collected $17.10 from pot
nikalas22: doesn't show hand 
*** SUMMARY ***
Total pot $18 | Rake $0.90 
Board [Ad 8h Kc]
Seat 1: ImaPeppaPig folded before Flop (didn't bet)
Seat 2: Blixky2002 folded before Flop (didn't bet)
Seat 3: Poker9803 (button) folded before Flop (didn't bet)
Seat 4: XneferX (small blind) folded on the Flop
Seat 5: nikalas22 (big blind) collected ($17.10)
Seat 6: mr.Jckpot folded before Flop (didn't bet)



PokerStars Hand #254552744252:  Hold'em No Limit ($0.50/$1.00 USD) - 2025/01/25 21:50:23 WET [2025/01/25 16:50:23 ET]
Table 'Concordia V' 6-max Seat #4 is the button
Seat 1: ImaPeppaPig ($101 in chips) 
Seat 2: Blixky2002 ($100 in chips) 
Seat 3: Poker9803 ($100 in chips) 
Seat 4: XneferX ($100 in chips) 
Seat 5: nikalas22 ($118.91 in chips) 
Seat 6: mr.Jckpot ($100 in chips) 
nikalas22: posts small blind $0.50
mr.Jckpot: posts big blind $1
*** HOLE CARDS ***
ImaPeppaPig: folds 
Blixky2002: folds 
Poker9803: folds 
XneferX: raises $1.77 to $2.77
nikalas22: raises $9.23 to $12
mr.Jckpot: folds 
XneferX: folds 
Uncalled bet ($9.23) returned to nikalas22
nikalas22 collected $6.54 from pot
nikalas22: doesn't show hand 
*** SUMMARY ***
Total pot $6.54 | Rake $0 
Seat 1: ImaPeppaPig folded before Flop (didn't bet)
Seat 2: Blixky2002 folded before Flop (didn't bet)
Seat 3: Poker9803 folded before Flop (didn't bet)
Seat 4: XneferX (button) folded before Flop
Seat 5: nikalas22 (small blind) collected ($6.54)
Seat 6: mr.Jckpot (big blind) folded before Flop



PokerStars Hand #254552752462:  Hold'em No Limit ($0.50/$1.00 USD) - 2025/01/25 21:50:52 WET [2025/01/25 16:50:52 ET]
Table 'Concordia V' 6-max Seat #5 is the button
Seat 1: ImaPeppaPig ($101 in chips) 
Seat 2: Blixky2002 ($100 in chips) 
Seat 3: Poker9803 ($100 in chips) 
Seat 4: XneferX ($100 in chips) 
Seat 5: nikalas22 ($122.68 in chips) 
Seat 6: mr.Jckpot ($100 in chips) 
mr.Jckpot: posts small blind $0.50
ImaPeppaPig: posts big blind $1
*** HOLE CARDS ***
Blixky2002: raises $2 to $3
Poker9803: raises $5 to $8
XneferX: folds 
nikalas22: folds 
mr.Jckpot: folds 
ImaPeppaPig: folds 
Blixky2002: calls $5
*** FLOP *** [8s 4d 5h]
Blixky2002: bets $9
Poker9803: calls $9
*** TURN *** [8s 4d 5h] [4s]
Blixky2002: bets $10
Poker9803: calls $10
*** RIVER *** [8s 4d 5h 4s] [3h]
Blixky2002: bets $12
Poker9803: calls $12
*** SHOW DOWN ***
Blixky2002: shows [9c 9s] (two pair, Nines and Fours)
Poker9803: mucks hand 
Blixky2002 collected $77 from pot
*** SUMMARY ***
Total pot $79.50 | Rake $2.50 
Board [8s 4d 5h 4s 3h]
Seat 1: ImaPeppaPig (big blind) folded before Flop
Seat 2: Blixky2002 showed [9c 9s] and won ($77) with two pair, Nines and Fours
Seat 3: Poker9803 mucked
Seat 4: XneferX folded before Flop (didn't bet)
Seat 5: nikalas22 (button) folded before Flop (didn't bet)
Seat 6: mr.Jckpot (small blind) folded before Flop



PokerStars Hand #254552770489:  Hold'em No Limit ($0.50/$1.00 USD) - 2025/01/25 21:51:55 WET [2025/01/25 16:51:55 ET]
Table 'Concordia V' 6-max Seat #6 is the button
Seat 1: ImaPeppaPig ($100 in chips) 
Seat 2: Blixky2002 ($138 in chips) 
Seat 3: Poker9803 ($100 in chips) 
Seat 4: XneferX ($100 in chips) 
Seat 5: nikalas22 ($122.68 in chips) 
Seat 6: mr.Jckpot ($100 in chips) 
ImaPeppaPig: posts small blind $0.50
Blixky2002: posts big blind $1
*** HOLE CARDS ***
Poker9803: folds 
XneferX: folds 
nikalas22: folds 
mr.Jckpot: folds 
ImaPeppaPig: folds 
Uncalled bet ($0.50) returned to Blixky2002
Blixky2002 collected $1 from pot
Blixky2002: doesn't show hand 
*** SUMMARY ***
Total pot $1 | Rake $0 
Seat 1: ImaPeppaPig (small blind) folded before Flop
Seat 2: Blixky2002 (big blind) collected ($1)
Seat 3: Poker9803 folded before Flop (didn't bet)
Seat 4: XneferX folded before Flop (didn't bet)
Seat 5: nikalas22 folded before Flop (didn't bet)
Seat 6: mr.Jckpot (button) folded before Flop (didn't bet)



PokerStars Hand #254552774646:  Hold'em No Limit ($0.50/$1.00 USD) - 2025/01/25 21:52:09 WET [2025/01/25 16:52:09 ET]
Table 'Concordia V' 6-max Seat #1 is the button
Seat 1: ImaPeppaPig ($100 in chips) 
Seat 2: Blixky2002 ($138.50 in chips) 
Seat 3: Poker9803 ($100 in chips) 
Seat 4: XneferX ($100 in chips) 
Seat 5: nikalas22 ($122.68 in chips) 
Seat 6: mr.Jckpot ($100 in chips) 
Blixky2002: posts small blind $0.50
Poker9803: posts big blind $1
*** HOLE CARDS ***
XneferX: folds 
nikalas22: folds 
mr.Jckpot: folds 
ImaPeppaPig: folds 
Blixky2002: calls $0.50
Poker9803: raises $2.50 to $3.50
Blixky2002: folds 
Uncalled bet ($2.50) returned to Poker9803
Poker9803 collected $2 from pot
Poker9803: doesn't show hand 
*** SUMMARY ***
Total pot $2 | Rake $0 
Seat 1: ImaPeppaPig (button) folded before Flop (didn't bet)
Seat 2: Blixky2002 (small blind) folded before Flop
Seat 3: Poker9803 (big blind) collected ($2)
Seat 4: XneferX folded before Flop (didn't bet)
Seat 5: nikalas22 folded before Flop (didn't bet)
Seat 6: mr.Jckpot folded before Flop (didn't bet)



PokerStars Hand #254552780136:  Hold'em No Limit ($0.50/$1.00 USD) - 2025/01/25 21:52:29 WET [2025/01/25 16:52:29 ET]
Table 'Concordia V' 6-max Seat #2 is the button
Seat 1: ImaPeppaPig ($100 in chips) 
Seat 2: Blixky2002 ($137.50 in chips) 
Seat 3: Poker9803 ($101 in chips) 
Seat 4: XneferX ($100 in chips) 
Seat 5: nikalas22 ($122.68 in chips) 
Seat 6: mr.Jckpot ($100 in chips) 
Poker9803: posts small blind $0.50
XneferX: posts big blind $1
*** HOLE CARDS ***
nikalas22: folds 
mr.Jckpot: folds 
ImaPeppaPig: folds 
Blixky2002: raises $1 to $2
Poker9803: folds 
XneferX: calls $1
*** FLOP *** [Js Jc 4d]
XneferX: checks 
Blixky2002: checks 
*** TURN *** [Js Jc 4d] [7d]
XneferX: checks 
Blixky2002: bets $2
XneferX: folds 
Uncalled bet ($2) returned to Blixky2002
Blixky2002 collected $4.28 from pot
Blixky2002: doesn't show hand 
*** SUMMARY ***
Total pot $4.50 | Rake $0.22 
Board [Js Jc 4d 7d]
Seat 1: ImaPeppaPig folded before Flop (didn't bet)
Seat 2: Blixky2002 (button) collected ($4.28)
Seat 3: Poker9803 (small blind) folded before Flop
Seat 4: XneferX (big blind) folded on the Turn
Seat 5: nikalas22 folded before Flop (didn't bet)
Seat 6: mr.Jckpot folded before Flop (didn't bet)



PokerStars Hand #254552793163:  Hold'em No Limit ($0.50/$1.00 USD) - 2025/01/25 21:53:14 WET [2025/01/25 16:53:14 ET]
Table 'Concordia V' 6-max Seat #3 is the button
Seat 1: ImaPeppaPig ($100 in chips) 
Seat 2: Blixky2002 ($139.78 in chips) 
Seat 3: Poker9803 ($100.50 in chips) 
Seat 4: XneferX ($100 in chips) 
Seat 5: nikalas22 ($122.68 in chips) 
Seat 6: mr.Jckpot ($100 in chips) 
XneferX: posts small blind $0.50
nikalas22: posts big blind $1
*** HOLE CARDS ***
mr.Jckpot: folds 
ImaPeppaPig: folds 
Blixky2002: folds 
Poker9803: folds 
XneferX: folds 
Uncalled bet ($0.50) returned to nikalas22
nikalas22 collected $1 from pot
nikalas22: doesn't show hand 
*** SUMMARY ***
Total pot $1 | Rake $0 
Seat 1: ImaPeppaPig folded before Flop (didn't bet)
Seat 2: Blixky2002 folded before Flop (didn't bet)
Seat 3: Poker9803 (button) folded before Flop (didn't bet)
Seat 4: XneferX (small blind) folded before Flop
Seat 5: nikalas22 (big blind) collected ($1)
Seat 6: mr.Jckpot folded before Flop (didn't bet)



PokerStars Hand #254552796771:  Hold'em No Limit ($0.50/$1.00 USD) - 2025/01/25 21:53:27 WET [2025/01/25 16:53:27 ET]
Table 'Concordia V' 6-max Seat #4 is the button
Seat 1: ImaPeppaPig ($100 in chips) 
Seat 2: Blixky2002 ($139.78 in chips) 
Seat 3: Poker9803 ($100.50 in chips) 
Seat 4: XneferX ($100 in chips) 
Seat 5: nikalas22 ($123.18 in chips) 
Seat 6: mr.Jckpot ($100 in chips) 
nikalas22: posts small blind $0.50
mr.Jckpot: posts big blind $1
*** HOLE CARDS ***
ImaPeppaPig: folds 
Blixky2002: raises $2 to $3
Poker9803: raises $5 to $8
XneferX: folds 
nikalas22: folds 
mr.Jckpot: folds 
Blixky2002: calls $5
*** FLOP *** [Jc Jh 5h]
Blixky2002: checks 
Poker9803: bets $5.48
Blixky2002: calls $5.48
*** TURN *** [Jc Jh 5h] [4d]
Blixky2002: checks 
Poker9803: bets $20.28
Blixky2002: raises $72.72 to $93
Poker9803: calls $66.74 and is all-in
Uncalled bet ($5.98) returned to Blixky2002
*** RIVER *** [Jc Jh 5h 4d] [9s]
*** SHOW DOWN ***
Blixky2002: shows [Jd Qd] (three of a kind, Jacks)
Poker9803: shows [Ah Kh] (a pair of Jacks)
Blixky2002 collected $200 from pot
*** SUMMARY ***
Total pot $202.50 | Rake $2.50 
Board [Jc Jh 5h 4d 9s]
Seat 1: ImaPeppaPig folded before Flop (didn't bet)
Seat 2: Blixky2002 showed [Jd Qd] and won ($200) with three of a kind, Jacks
Seat 3: Poker9803 showed [Ah Kh] and lost with a pair of Jacks
Seat 4: XneferX (button) folded before Flop (didn't bet)
Seat 5: nikalas22 (small blind) folded before Flop
Seat 6: mr.Jckpot (big blind) folded before Flop



PokerStars Hand #254552816616:  Hold'em No Limit ($0.50/$1.00 USD) - 2025/01/25 21:54:37 WET [2025/01/25 16:54:37 ET]
Table 'Concordia V' 6-max Seat #5 is the button
Seat 1: ImaPeppaPig ($100 in chips) 
Seat 2: Blixky2002 ($239.28 in chips) 
Seat 3: Poker9803 ($100 in chips) 
Seat 4: XneferX ($100 in chips) 
Seat 5: nikalas22 ($122.68 in chips) 
Seat 6: mr.Jckpot ($100 in chips) 
mr.Jckpot: posts small blind $0.50
ImaPeppaPig: posts big blind $1
*** HOLE CARDS ***
Blixky2002: folds 
Poker9803: folds 
XneferX: folds 
nikalas22: raises $1.50 to $2.50
mr.Jckpot: folds 
ImaPeppaPig: folds 
Uncalled bet ($1.50) returned to nikalas22
nikalas22 collected $2.50 from pot
nikalas22: doesn't show hand 
*** SUMMARY ***
Total pot $2.50 | Rake $0 
Seat 1: ImaPeppaPig (big blind) folded before Flop
Seat 2: Blixky2002 folded before Flop (didn't bet)
Seat 3: Poker9803 folded before Flop (didn't bet)
Seat 4: XneferX folded before Flop (didn't bet)
Seat 5: nikalas22 (button) collected ($2.50)
Seat 6: mr.Jckpot (small blind) folded before Flop



PokerStars Hand #254552821777:  Hold'em No Limit ($0.50/$1.00 USD) - 2025/01/25 21:54:56 WET [2025/01/25 16:54:56 ET]
Table 'Concordia V' 6-max Seat #6 is the button
Seat 1: ImaPeppaPig ($100 in chips) 
Seat 2: Blixky2002 ($239.28 in chips) 
Seat 3: Poker9803 ($100 in chips) 
Seat 4: XneferX ($100 in chips) 
Seat 5: nikalas22 ($124.18 in chips) 
Seat 6: mr.Jckpot ($100 in chips) 
ImaPeppaPig: posts small blind $0.50
Blixky2002: posts big blind $1
*** HOLE CARDS ***
Poker9803: folds 
XneferX: raises $1.10 to $2.10
nikalas22: folds 
mr.Jckpot: folds 
ImaPeppaPig: folds 
Blixky2002: calls $1.10
*** FLOP *** [4s Js 6c]
Blixky2002: checks 
XneferX: bets $1.20
Blixky2002: calls $1.20
*** TURN *** [4s Js 6c] [5d]
Blixky2002: checks 
XneferX: checks 
*** RIVER *** [4s Js 6c 5d] [2s]
Blixky2002: bets $7
XneferX: folds 
Uncalled bet ($7) returned to Blixky2002
Blixky2002 collected $6.74 from pot
Blixky2002: doesn't show hand 
*** SUMMARY ***
Total pot $7.10 | Rake $0.36 
Board [4s Js 6c 5d 2s]
Seat 1: ImaPeppaPig (small blind) folded before Flop
Seat 2: Blixky2002 (big blind) collected ($6.74)
Seat 3: Poker9803 folded before Flop (didn't bet)
Seat 4: XneferX folded on the River
Seat 5: nikalas22 folded before Flop (didn't bet)
Seat 6: mr.Jckpot (button) folded before Flop (didn't bet)



PokerStars Hand #254552833832:  Hold'em No Limit ($0.50/$1.00 USD) - 2025/01/25 21:55:50 WET [2025/01/25 16:55:50 ET]
Table 'Concordia V' 6-max Seat #1 is the button
Seat 1: ImaPeppaPig ($100 in chips) 
Seat 2: Blixky2002 ($242.72 in chips) 
Seat 3: Poker9803 ($100 in chips) 
Seat 4: XneferX ($100 in chips) 
Seat 5: nikalas22 ($124.18 in chips) 
Seat 6: mr.Jckpot ($100 in chips) 
Blixky2002: posts small blind $0.50
Poker9803: posts big blind $1
*** HOLE CARDS ***
XneferX: folds 
nikalas22: folds 
mr.Jckpot: folds 
ImaPeppaPig: folds 
Blixky2002: folds 
Uncalled bet ($0.50) returned to Poker9803
Poker9803 collected $1 from pot
Poker9803: doesn't show hand 
*** SUMMARY ***
Total pot $1 | Rake $0 
Seat 1: ImaPeppaPig (button) folded before Flop (didn't bet)
Seat 2: Blixky2002 (small blind) folded before Flop
Seat 3: Poker9803 (big blind) collected ($1)
Seat 4: XneferX folded before Flop (didn't bet)
Seat 5: nikalas22 folded before Flop (didn't bet)
Seat 6: mr.Jckpot folded before Flop (didn't bet)



PokerStars Hand #254552838566:  Hold'em No Limit ($0.50/$1.00 USD) - 2025/01/25 21:56:13 WET [2025/01/25 16:56:13 ET]
Table 'Concordia V' 6-max Seat #2 is the button
Seat 1: ImaPeppaPig ($100 in chips) 
Seat 2: Blixky2002 ($242.22 in chips) 
Seat 3: Poker9803 ($100.50 in chips) 
Seat 4: XneferX ($100 in chips) 
Seat 5: nikalas22 ($124.18 in chips) 
Seat 6: mr.Jckpot ($100 in chips) 
Poker9803: posts small blind $0.50
XneferX: posts big blind $1
*** HOLE CARDS ***
nikalas22: raises $1.50 to $2.50
mr.Jckpot: folds 
ImaPeppaPig: folds 
Blixky2002: folds 
Poker9803: folds 
XneferX: folds 
Uncalled bet ($1.50) returned to nikalas22
nikalas22 collected $2.50 from pot
nikalas22: doesn't show hand 
*** SUMMARY ***
Total pot $2.50 | Rake $0 
Seat 1: ImaPeppaPig folded before Flop (didn't bet)
Seat 2: Blixky2002 (button) folded before Flop (didn't bet)
Seat 3: Poker9803 (small blind) folded before Flop
Seat 4: XneferX (big blind) folded before Flop
Seat 5: nikalas22 collected ($2.50)
Seat 6: mr.Jckpot folded before Flop (didn't bet)



PokerStars Hand #254552841429:  Hold'em No Limit ($0.50/$1.00 USD) - 2025/01/25 21:56:27 WET [2025/01/25 16:56:27 ET]
Table 'Concordia V' 6-max Seat #3 is the button
Seat 1: ImaPeppaPig ($100 in chips) 
Seat 2: Blixky2002 ($242.22 in chips) 
Seat 3: Poker9803 ($100 in chips) 
Seat 4: XneferX ($100 in chips) 
Seat 5: nikalas22 ($125.68 in chips) 
Seat 6: mr.Jckpot ($100 in chips) 
XneferX: posts small blind $0.50
nikalas22: posts big blind $1
*** HOLE CARDS ***
mr.Jckpot: folds 
ImaPeppaPig: folds 
Blixky2002: calls $1
Poker9803: raises $2.50 to $3.50
XneferX: folds 
nikalas22: folds 
Blixky2002: calls $2.50
*** FLOP *** [6c 4s 7s]
Blixky2002: checks 
Poker9803: checks 
*** TURN *** [6c 4s 7s] [Js]
Blixky2002: checks 
Poker9803: checks 
*** RIVER *** [6c 4s 7s Js] [Qs]
Blixky2002: checks 
Poker9803: checks 
*** SHOW DOWN ***
Blixky2002: shows [9h Th] (high card Queen)
Poker9803: shows [Ah Kc] (high card Ace)
Poker9803 collected $8.08 from pot
*** SUMMARY ***
Total pot $8.50 | Rake $0.42 
Board [6c 4s 7s Js Qs]
Seat 1: ImaPeppaPig folded before Flop (didn't bet)
Seat 2: Blixky2002 showed [9h Th] and lost with high card Queen
Seat 3: Poker9803 (button) showed [Ah Kc] and won ($8.08) with high card Ace
Seat 4: XneferX (small blind) folded before Flop
Seat 5: nikalas22 (big blind) folded before Flop
Seat 6: mr.Jckpot folded before Flop (didn't bet)



PokerStars Hand #254552848592:  Hold'em No Limit ($0.50/$1.00 USD) - 2025/01/25 21:57:03 WET [2025/01/25 16:57:03 ET]
Table 'Concordia V' 6-max Seat #4 is the button
Seat 1: ImaPeppaPig ($100 in chips) 
Seat 2: Blixky2002 ($238.72 in chips) 
Seat 3: Poker9803 ($104.58 in chips) 
Seat 4: XneferX ($100 in chips) 
Seat 5: nikalas22 ($124.68 in chips) 
Seat 6: mr.Jckpot ($100 in chips) 
nikalas22: posts small blind $0.50
mr.Jckpot: posts big blind $1
*** HOLE CARDS ***
ImaPeppaPig: raises $1.50 to $2.50
Blixky2002: calls $2.50
Poker9803: folds 
XneferX: folds 
nikalas22: folds 
mr.Jckpot: folds 
*** FLOP *** [3d 8d 8h]
ImaPeppaPig: bets $1
Blixky2002: calls $1
*** TURN *** [3d 8d 8h] [2d]
ImaPeppaPig: bets $3
Blixky2002: calls $3
*** RIVER *** [3d 8d 8h 2d] [2c]
ImaPeppaPig: checks 
Blixky2002: checks 
*** SHOW DOWN ***
ImaPeppaPig: shows [8c 8s] (four of a kind, Eights)
Blixky2002: mucks hand 
ImaPeppaPig collected $13.78 from pot
*** SUMMARY ***
Total pot $14.50 | Rake $0.72 
Board [3d 8d 8h 2d 2c]
Seat 1: ImaPeppaPig showed [8c 8s] and won ($13.78) with four of a kind, Eights
Seat 2: Blixky2002 mucked
Seat 3: Poker9803 folded before Flop (didn't bet)
Seat 4: XneferX (button) folded before Flop (didn't bet)
Seat 5: nikalas22 (small blind) folded before Flop
Seat 6: mr.Jckpot (big blind) folded before Flop



PokerStars Hand #254552854256:  Hold'em No Limit ($0.50/$1.00 USD) - 2025/01/25 21:57:30 WET [2025/01/25 16:57:30 ET]
Table 'Concordia V' 6-max Seat #5 is the button
Seat 1: ImaPeppaPig ($107.28 in chips) 
Seat 2: Blixky2002 ($232.22 in chips) 
Seat 3: Poker9803 ($104.58 in chips) 
Seat 4: XneferX ($100 in chips) 
Seat 5: nikalas22 ($124.18 in chips) 
Seat 6: mr.Jckpot ($100 in chips) 
mr.Jckpot: posts small blind $0.50
ImaPeppaPig: posts big blind $1
*** HOLE CARDS ***
Blixky2002: calls $1
Poker9803: folds 
XneferX: folds 
nikalas22: raises $3.50 to $4.50
mr.Jckpot: folds 
ImaPeppaPig: folds 
Blixky2002: folds 
Uncalled bet ($3.50) returned to nikalas22
nikalas22 collected $3.50 from pot
nikalas22: doesn't show hand 
*** SUMMARY ***
Total pot $3.50 | Rake $0 
Seat 1: ImaPeppaPig (big blind) folded before Flop
Seat 2: Blixky2002 folded before Flop
Seat 3: Poker9803 folded before Flop (didn't bet)
Seat 4: XneferX folded before Flop (didn't bet)
Seat 5: nikalas22 (button) collected ($3.50)
Seat 6: mr.Jckpot (small blind) folded before Flop



PokerStars Hand #254552858403:  Hold'em No Limit ($0.50/$1.00 USD) - 2025/01/25 21:57:50 WET [2025/01/25 16:57:50 ET]
Table 'Concordia V' 6-max Seat #6 is the button
Seat 1: ImaPeppaPig ($106.28 in chips) 
Seat 2: Blixky2002 ($231.22 in chips) 
Seat 3: Poker9803 ($104.58 in chips) 
Seat 4: XneferX ($100 in chips) 
Seat 5: nikalas22 ($126.68 in chips) 
Seat 6: mr.Jckpot ($100 in chips) 
ImaPeppaPig: posts small blind $0.50
Blixky2002: posts big blind $1
*** HOLE CARDS ***
Poker9803: raises $1.50 to $2.50
XneferX: folds 
nikalas22: raises $5.50 to $8
mr.Jckpot: folds 
ImaPeppaPig: folds 
Blixky2002: folds 
Poker9803: folds 
Uncalled bet ($5.50) returned to nikalas22
Blixky2002 leaves the table
nikalas22 collected $6.50 from pot
nikalas22: doesn't show hand 
*** SUMMARY ***
Total pot $6.50 | Rake $0 
Seat 1: ImaPeppaPig (small blind) folded before Flop
Seat 2: Blixky2002 (big blind) folded before Flop
Seat 3: Poker9803 folded before Flop
Seat 4: XneferX folded before Flop (didn't bet)
Seat 5: nikalas22 collected ($6.50)
Seat 6: mr.Jckpot (button) folded before Flop (didn't bet)



PokerStars Hand #254552863040:  Hold'em No Limit ($0.50/$1.00 USD) - 2025/01/25 21:58:12 WET [2025/01/25 16:58:12 ET]
Table 'Concordia V' 6-max Seat #1 is the button
Seat 1: ImaPeppaPig ($105.78 in chips) 
Seat 3: Poker9803 ($102.08 in chips) 
Seat 4: XneferX ($100 in chips) 
Seat 5: nikalas22 ($130.68 in chips) 
Seat 6: mr.Jckpot ($100 in chips) 
Poker9803: posts small blind $0.50
XneferX: posts big blind $1
*** HOLE CARDS ***
nikalas22: folds 
mr.Jckpot: raises $1.50 to $2.50
nikalas22 leaves the table
ImaPeppaPig: folds 
Poker9803: folds 
XneferX: folds 
Uncalled bet ($1.50) returned to mr.Jckpot
mr.Jckpot collected $2.50 from pot
mr.Jckpot: doesn't show hand 
*** SUMMARY ***
Total pot $2.50 | Rake $0 
Seat 1: ImaPeppaPig (button) folded before Flop (didn't bet)
Seat 3: Poker9803 (small blind) folded before Flop
Seat 4: XneferX (big blind) folded before Flop
Seat 5: nikalas22 folded before Flop (didn't bet)
Seat 6: mr.Jckpot collected ($2.50)



PokerStars Hand #254552865766:  Hold'em No Limit ($0.50/$1.00 USD) - 2025/01/25 21:58:26 WET [2025/01/25 16:58:26 ET]
Table 'Concordia V' 6-max Seat #3 is the button
Seat 6: mr.Jckpot ($101.50 in chips) is sitting out
Seat 1: ImaPeppaPig ($105.78 in chips) 
Seat 3: Poker9803 ($101.58 in chips) 
Seat 4: XneferX ($100 in chips) 
XneferX: posts small blind $0.50
mr.Jckpot: is sitting out 
ImaPeppaPig: posts big blind $1
*** HOLE CARDS ***
Poker9803: raises $1.50 to $2.50
mr.Jckpot leaves the table
XneferX: folds 
ImaPeppaPig: folds 
Uncalled bet ($1.50) returned to Poker9803
Poker9803 collected $2.50 from pot
Poker9803: doesn't show hand 
*** SUMMARY ***
Total pot $2.50 | Rake $0 
Seat 6: mr.Jckpot
Seat 1: ImaPeppaPig (big blind) folded before Flop
Seat 3: Poker9803 (button) collected ($2.50)
Seat 4: XneferX (small blind) folded before Flop



