PokerStars Hand #254547588288:  Hold'em No Limit ($0.50/$1.00 USD) - 2025/01/25 17:09:52 WET [2025/01/25 12:09:52 ET]
Table 'Wotho IV' 6-max Seat #5 is the button
Seat 4: mr.Jckpot ($106.39 in chips) is sitting out
Seat 1: bella0810 ($20.06 in chips) 
Seat 2: Espada Fish ($101.50 in chips) 
Seat 3: rao999 ($122.05 in chips) 
Seat 5: sta$igk ($107.12 in chips) 
bella0810: posts small blind $0.50
Espada Fish: posts big blind $1
mr.Jckpot: sits out 
*** HOLE CARDS ***
rao999: folds 
sta$igk: raises $1 to $2
bella0810: calls $1.50
Espada Fish: folds 
*** FLOP *** [Jc Qh Jd]
bella0810: checks 
sta$igk: checks 
*** TURN *** [Jc Qh Jd] [Kd]
bella0810: bets $2.38
sta$igk: calls $2.38
*** RIVER *** [Jc Qh Jd Kd] [5h]
bella0810: checks 
sta$igk: bets $4.64
bella0810: folds [8s 8d]
Uncalled bet ($4.64) returned to sta$igk
sta$igk collected $9.27 from pot
sta$igk: doesn't show hand 
*** SUMMARY ***
Total pot $9.76 | Rake $0.49 
Board [Jc Qh Jd Kd 5h]
Seat 4: mr.Jckpot
Seat 1: bella0810 (small blind) folded on the River
Seat 2: Espada Fish (big blind) folded before Flop
Seat 3: rao999 folded before Flop (didn't bet)
Seat 5: sta$igk (button) collected ($9.27)



PokerStars Hand #254547601356:  Hold'em No Limit ($0.50/$1.00 USD) - 2025/01/25 17:10:45 WET [2025/01/25 12:10:45 ET]
Table 'Wotho IV' 6-max Seat #1 is the button
Seat 4: mr.Jckpot ($106.39 in chips) is sitting out
Seat 1: bella0810 ($15.68 in chips) 
Seat 2: Espada Fish ($100.50 in chips) 
Seat 3: rao999 ($122.05 in chips) 
Seat 5: sta$igk ($112.01 in chips) 
Espada Fish: posts small blind $0.50
rao999: posts big blind $1
mr.Jckpot: sits out 
*** HOLE CARDS ***
sta$igk: folds 
bella0810: folds 
Espada Fish: folds 
Uncalled bet ($0.50) returned to rao999
rao999 collected $1 from pot
rao999: doesn't show hand 
*** SUMMARY ***
Total pot $1 | Rake $0 
Seat 4: mr.Jckpot
Seat 1: bella0810 (button) folded before Flop (didn't bet)
Seat 2: Espada Fish (small blind) folded before Flop
Seat 3: rao999 (big blind) collected ($1)
Seat 5: sta$igk folded before Flop (didn't bet)



PokerStars Hand #254547603200:  Hold'em No Limit ($0.50/$1.00 USD) - 2025/01/25 17:10:52 WET [2025/01/25 12:10:52 ET]
Table 'Wotho IV' 6-max Seat #2 is the button
Seat 1: bella0810 ($15.68 in chips) 
Seat 2: Espada Fish ($100 in chips) 
Seat 3: rao999 ($122.55 in chips) 
Seat 4: mr.Jckpot ($106.39 in chips) 
Seat 5: sta$igk ($112.01 in chips) 
rao999: posts small blind $0.50
mr.Jckpot: posts big blind $1
*** HOLE CARDS ***
sta$igk: folds 
bella0810: raises $1 to $2
Espada Fish: folds 
rao999: folds 
mr.Jckpot: calls $1
*** FLOP *** [3s Ts Ks]
mr.Jckpot: checks 
bella0810: checks 
*** TURN *** [3s Ts Ks] [Jh]
mr.Jckpot: checks 
bella0810: bets $2.14
mr.Jckpot: calls $2.14
*** RIVER *** [3s Ts Ks Jh] [3c]
mr.Jckpot: checks 
bella0810: bets $5.17
mr.Jckpot: folds 
Uncalled bet ($5.17) returned to bella0810
bella0810 collected $8.34 from pot
*** SUMMARY ***
Total pot $8.78 | Rake $0.44 
Board [3s Ts Ks Jh 3c]
Seat 1: bella0810 collected ($8.34)
Seat 2: Espada Fish (button) folded before Flop (didn't bet)
Seat 3: rao999 (small blind) folded before Flop
Seat 4: mr.Jckpot (big blind) folded on the River
Seat 5: sta$igk folded before Flop (didn't bet)



PokerStars Hand #254547613440:  Hold'em No Limit ($0.50/$1.00 USD) - 2025/01/25 17:11:34 WET [2025/01/25 12:11:34 ET]
Table 'Wotho IV' 6-max Seat #3 is the button
Seat 1: bella0810 ($19.88 in chips) 
Seat 2: Espada Fish ($100 in chips) 
Seat 3: rao999 ($122.05 in chips) 
Seat 4: mr.Jckpot ($102.25 in chips) 
Seat 5: sta$igk ($112.01 in chips) 
mr.Jckpot: posts small blind $0.50
sta$igk: posts big blind $1
*** HOLE CARDS ***
bella0810: folds 
Espada Fish: folds 
rao999: folds 
mr.Jckpot: raises $2 to $3
sta$igk: folds 
Uncalled bet ($2) returned to mr.Jckpot
mr.Jckpot collected $2 from pot
mr.Jckpot: doesn't show hand 
*** SUMMARY ***
Total pot $2 | Rake $0 
Seat 1: bella0810 folded before Flop (didn't bet)
Seat 2: Espada Fish folded before Flop (didn't bet)
Seat 3: rao999 (button) folded before Flop (didn't bet)
Seat 4: mr.Jckpot (small blind) collected ($2)
Seat 5: sta$igk (big blind) folded before Flop



PokerStars Hand #254547616992:  Hold'em No Limit ($0.50/$1.00 USD) - 2025/01/25 17:11:47 WET [2025/01/25 12:11:47 ET]
Table 'Wotho IV' 6-max Seat #4 is the button
Seat 1: bella0810 ($19.88 in chips) 
Seat 2: Espada Fish ($100 in chips) 
Seat 3: rao999 ($122.05 in chips) 
Seat 4: mr.Jckpot ($103.25 in chips) 
Seat 5: sta$igk ($111.01 in chips) 
sta$igk: posts small blind $0.50
bella0810: posts big blind $1
*** HOLE CARDS ***
Espada Fish: folds 
rao999: folds 
mr.Jckpot: folds 
sta$igk: folds 
Uncalled bet ($0.50) returned to bella0810
bella0810 collected $1 from pot
*** SUMMARY ***
Total pot $1 | Rake $0 
Seat 1: bella0810 (big blind) collected ($1)
Seat 2: Espada Fish folded before Flop (didn't bet)
Seat 3: rao999 folded before Flop (didn't bet)
Seat 4: mr.Jckpot (button) folded before Flop (didn't bet)
Seat 5: sta$igk (small blind) folded before Flop



PokerStars Hand #254547622414:  Hold'em No Limit ($0.50/$1.00 USD) - 2025/01/25 17:12:10 WET [2025/01/25 12:12:10 ET]
Table 'Wotho IV' 6-max Seat #5 is the button
Seat 2: Espada Fish ($100 in chips) is sitting out
Seat 1: bella0810 ($20.38 in chips) 
Seat 3: rao999 ($122.05 in chips) 
Seat 4: mr.Jckpot ($103.25 in chips) 
Seat 5: sta$igk ($110.51 in chips) 
bella0810: posts small blind $0.50
Espada Fish: is sitting out 
rao999: posts big blind $1
*** HOLE CARDS ***
mr.Jckpot: folds 
sta$igk: folds 
bella0810: calls $0.50
Espada Fish leaves the table
rao999: checks 
*** FLOP *** [5d Qs 7c]
bella0810: bets $1
rao999: calls $1
*** TURN *** [5d Qs 7c] [4d]
bella0810: bets $1
rao999: calls $1
*** RIVER *** [5d Qs 7c 4d] [9d]
bella0810: bets $2.85
rao999: calls $2.85
*** SHOW DOWN ***
bella0810: shows [Qh 6h] (a pair of Queens)
rao999: mucks hand 
bella0810 collected $11.12 from pot
*** SUMMARY ***
Total pot $11.70 | Rake $0.58 
Board [5d Qs 7c 4d 9d]
Seat 2: Espada Fish
Seat 1: bella0810 (small blind) showed [Qh 6h] and won ($11.12) with a pair of Queens
Seat 3: rao999 (big blind) mucked
Seat 4: mr.Jckpot folded before Flop (didn't bet)
Seat 5: sta$igk (button) folded before Flop (didn't bet)



PokerStars Hand #254547628724:  Hold'em No Limit ($0.50/$1.00 USD) - 2025/01/25 17:12:35 WET [2025/01/25 12:12:35 ET]
Table 'Wotho IV' 6-max Seat #1 is the button
Seat 1: bella0810 ($25.65 in chips) 
Seat 3: rao999 ($116.20 in chips) 
Seat 4: mr.Jckpot ($103.25 in chips) 
Seat 5: sta$igk ($110.51 in chips) 
rao999: posts small blind $0.50
mr.Jckpot: posts big blind $1
*** HOLE CARDS ***
alexandr699 joins the table at seat #2 
sta$igk: raises $1.50 to $2.50
bella0810: folds 
rao999: folds 
mr.Jckpot: folds 
Uncalled bet ($1.50) returned to sta$igk
sta$igk collected $2.50 from pot
sta$igk: doesn't show hand 
*** SUMMARY ***
Total pot $2.50 | Rake $0 
Seat 1: bella0810 (button) folded before Flop (didn't bet)
Seat 3: rao999 (small blind) folded before Flop
Seat 4: mr.Jckpot (big blind) folded before Flop
Seat 5: sta$igk collected ($2.50)



PokerStars Hand #254547632099:  Hold'em No Limit ($0.50/$1.00 USD) - 2025/01/25 17:12:48 WET [2025/01/25 12:12:48 ET]
Table 'Wotho IV' 6-max Seat #3 is the button
Seat 2: alexandr699 ($100 in chips) is sitting out
Seat 1: bella0810 ($25.65 in chips) 
Seat 3: rao999 ($115.70 in chips) 
Seat 4: mr.Jckpot ($102.25 in chips) 
Seat 5: sta$igk ($112.01 in chips) 
mr.Jckpot: posts small blind $0.50
sta$igk: posts big blind $1
alexandr699: sits out 
*** HOLE CARDS ***
bella0810: raises $1 to $2
rao999: folds 
mr.Jckpot: folds 
sta$igk: folds 
Uncalled bet ($1) returned to bella0810
bella0810 collected $2.50 from pot
*** SUMMARY ***
Total pot $2.50 | Rake $0 
Seat 2: alexandr699
Seat 1: bella0810 collected ($2.50)
Seat 3: rao999 (button) folded before Flop (didn't bet)
Seat 4: mr.Jckpot (small blind) folded before Flop
Seat 5: sta$igk (big blind) folded before Flop



PokerStars Hand #254547634733:  Hold'em No Limit ($0.50/$1.00 USD) - 2025/01/25 17:12:58 WET [2025/01/25 12:12:58 ET]
Table 'Wotho IV' 6-max Seat #4 is the button
Seat 2: alexandr699 ($100 in chips) is sitting out
Seat 1: bella0810 ($27.15 in chips) 
Seat 3: rao999 ($115.70 in chips) 
Seat 4: mr.Jckpot ($101.75 in chips) 
Seat 5: sta$igk ($111.01 in chips) 
sta$igk: posts small blind $0.50
bella0810: posts big blind $1
alexandr699: sits out 
*** HOLE CARDS ***
rao999: folds 
mr.Jckpot: folds 
sta$igk: folds 
Uncalled bet ($0.50) returned to bella0810
bella0810 collected $1 from pot
*** SUMMARY ***
Total pot $1 | Rake $0 
Seat 2: alexandr699
Seat 1: bella0810 (big blind) collected ($1)
Seat 3: rao999 folded before Flop (didn't bet)
Seat 4: mr.Jckpot (button) folded before Flop (didn't bet)
Seat 5: sta$igk (small blind) folded before Flop



PokerStars Hand #254547643848:  Hold'em No Limit ($0.50/$1.00 USD) - 2025/01/25 17:13:35 WET [2025/01/25 12:13:35 ET]
Table 'Wotho IV' 6-max Seat #5 is the button
Seat 1: bella0810 ($27.65 in chips) 
Seat 2: alexandr699 ($100 in chips) 
Seat 3: rao999 ($115.70 in chips) 
Seat 4: mr.Jckpot ($101.75 in chips) 
Seat 5: sta$igk ($110.51 in chips) 
bella0810: posts small blind $0.50
alexandr699: posts big blind $1
*** HOLE CARDS ***
rao999: raises $1.50 to $2.50
mr.Jckpot: raises $5 to $7.50
sta$igk: folds 
bella0810: folds 
alexandr699: folds 
rao999: folds 
Uncalled bet ($5) returned to mr.Jckpot
mr.Jckpot collected $6.50 from pot
mr.Jckpot: doesn't show hand 
*** SUMMARY ***
Total pot $6.50 | Rake $0 
Seat 1: bella0810 (small blind) folded before Flop
Seat 2: alexandr699 (big blind) folded before Flop
Seat 3: rao999 folded before Flop
Seat 4: mr.Jckpot collected ($6.50)
Seat 5: sta$igk (button) folded before Flop (didn't bet)



PokerStars Hand #254547648176:  Hold'em No Limit ($0.50/$1.00 USD) - 2025/01/25 17:13:52 WET [2025/01/25 12:13:52 ET]
Table 'Wotho IV' 6-max Seat #1 is the button
Seat 1: bella0810 ($27.15 in chips) 
Seat 2: alexandr699 ($100 in chips) 
Seat 3: rao999 ($113.20 in chips) 
Seat 4: mr.Jckpot ($105.75 in chips) 
Seat 5: sta$igk ($110.51 in chips) 
alexandr699: posts small blind $0.50
rao999: posts big blind $1
*** HOLE CARDS ***
mr.Jckpot: folds 
sta$igk: raises $1.50 to $2.50
bella0810: calls $2.50
alexandr699: folds 
rao999: folds 
*** FLOP *** [Kc 6s Tc]
sta$igk: bets $2.04
bella0810: calls $2.04
*** TURN *** [Kc 6s Tc] [6d]
sta$igk: bets $3.32
bella0810: folds 
Uncalled bet ($3.32) returned to sta$igk
sta$igk collected $10.05 from pot
sta$igk: doesn't show hand 
*** SUMMARY ***
Total pot $10.58 | Rake $0.53 
Board [Kc 6s Tc 6d]
Seat 1: bella0810 (button) folded on the Turn
Seat 2: alexandr699 (small blind) folded before Flop
Seat 3: rao999 (big blind) folded before Flop
Seat 4: mr.Jckpot folded before Flop (didn't bet)
Seat 5: sta$igk collected ($10.05)



PokerStars Hand #254547660658:  Hold'em No Limit ($0.50/$1.00 USD) - 2025/01/25 17:14:42 WET [2025/01/25 12:14:42 ET]
Table 'Wotho IV' 6-max Seat #2 is the button
Seat 1: bella0810 ($22.61 in chips) 
Seat 2: alexandr699 ($100 in chips) 
Seat 3: rao999 ($112.20 in chips) 
Seat 4: mr.Jckpot ($105.75 in chips) 
Seat 5: sta$igk ($116.02 in chips) 
rao999: posts small blind $0.50
mr.Jckpot: posts big blind $1
*** HOLE CARDS ***
sta$igk: folds 
bella0810: folds 
alexandr699: raises $1.98 to $2.98
rao999: folds 
mr.Jckpot: raises $8.52 to $11.50
alexandr699: raises $12.14 to $23.64
mr.Jckpot: raises $82.11 to $105.75 and is all-in
alexandr699: calls $76.36 and is all-in
Uncalled bet ($5.75) returned to mr.Jckpot
*** FIRST FLOP *** [4s 5c 8h]
*** FIRST TURN *** [4s 5c 8h] [9d]
*** FIRST RIVER *** [4s 5c 8h 9d] [5s]
*** SECOND FLOP *** [3h As Qs]
*** SECOND TURN *** [3h As Qs] [4h]
*** SECOND RIVER *** [3h As Qs 4h] [9c]
Supermegopro joins the table at seat #6 
*** FIRST SHOW DOWN ***
mr.Jckpot: shows [Jd Js] (two pair, Jacks and Fives)
alexandr699: shows [Jc Jh] (two pair, Jacks and Fives)
mr.Jckpot collected $49.50 from pot
alexandr699 collected $49.50 from pot
*** SECOND SHOW DOWN ***
mr.Jckpot: shows [Jd Js] (a pair of Jacks)
alexandr699: shows [Jc Jh] (a pair of Jacks)
mr.Jckpot collected $49.50 from pot
alexandr699 collected $49.50 from pot
*** SUMMARY ***
Total pot $200.50 | Rake $2.50 
Hand was run twice
FIRST Board [4s 5c 8h 9d 5s]
SECOND Board [3h As Qs 4h 9c]
Seat 1: bella0810 folded before Flop (didn't bet)
Seat 2: alexandr699 (button) showed [Jc Jh] and won ($49.50) with two pair, Jacks and Fives, and won ($49.50) with a pair of Jacks
Seat 3: rao999 (small blind) folded before Flop
Seat 4: mr.Jckpot (big blind) showed [Jd Js] and won ($49.50) with two pair, Jacks and Fives, and won ($49.50) with a pair of Jacks
Seat 5: sta$igk folded before Flop (didn't bet)



PokerStars Hand #254547671365:  Hold'em No Limit ($0.50/$1.00 USD) - 2025/01/25 17:15:24 WET [2025/01/25 12:15:24 ET]
Table 'Wotho IV' 6-max Seat #3 is the button
Seat 6: Supermegopro ($100 in chips) is sitting out
Seat 1: bella0810 ($22.61 in chips) 
Seat 2: alexandr699 ($100 in chips) 
Seat 3: rao999 ($111.70 in chips) 
Seat 4: mr.Jckpot ($104.75 in chips) 
Seat 5: sta$igk ($116.02 in chips) 
mr.Jckpot: posts small blind $0.50
sta$igk: posts big blind $1
Supermegopro: sits out 
*** HOLE CARDS ***
bella0810: calls $1
alexandr699: folds 
rao999: folds 
mr.Jckpot: raises $2.50 to $3.50
sta$igk: folds 
bella0810: calls $2.50
*** FLOP *** [2d 4c 6s]
mr.Jckpot: bets $2.51
bella0810: calls $2.51
*** TURN *** [2d 4c 6s] [2c]
mr.Jckpot: checks 
bella0810: bets $6.19
mr.Jckpot: folds 
Uncalled bet ($6.19) returned to bella0810
bella0810 collected $12.37 from pot
*** SUMMARY ***
Total pot $13.02 | Rake $0.65 
Board [2d 4c 6s 2c]
Seat 6: Supermegopro
Seat 1: bella0810 collected ($12.37)
Seat 2: alexandr699 folded before Flop (didn't bet)
Seat 3: rao999 (button) folded before Flop (didn't bet)
Seat 4: mr.Jckpot (small blind) folded on the Turn
Seat 5: sta$igk (big blind) folded before Flop



PokerStars Hand #254547680614:  Hold'em No Limit ($0.50/$1.00 USD) - 2025/01/25 17:16:00 WET [2025/01/25 12:16:00 ET]
Table 'Wotho IV' 6-max Seat #4 is the button
Seat 1: bella0810 ($28.97 in chips) 
Seat 2: alexandr699 ($100 in chips) 
Seat 3: rao999 ($111.70 in chips) 
Seat 4: mr.Jckpot ($100 in chips) 
Seat 5: sta$igk ($115.02 in chips) 
Seat 6: Supermegopro ($100 in chips) 
sta$igk: posts small blind $0.50
Supermegopro: posts big blind $1
*** HOLE CARDS ***
bella0810: raises $1 to $2
alexandr699: raises $3.96 to $5.96
rao999: folds 
mr.Jckpot: folds 
sta$igk: folds 
Supermegopro: folds 
bella0810: calls $3.96
*** FLOP *** [4c Ah 4s]
bella0810: checks 
alexandr699: bets $3.19
bella0810: folds 
Uncalled bet ($3.19) returned to alexandr699
alexandr699 collected $12.75 from pot
alexandr699: doesn't show hand 
*** SUMMARY ***
Total pot $13.42 | Rake $0.67 
Board [4c Ah 4s]
Seat 1: bella0810 folded on the Flop
Seat 2: alexandr699 collected ($12.75)
Seat 3: rao999 folded before Flop (didn't bet)
Seat 4: mr.Jckpot (button) folded before Flop (didn't bet)
Seat 5: sta$igk (small blind) folded before Flop
Seat 6: Supermegopro (big blind) folded before Flop



PokerStars Hand #254547688847:  Hold'em No Limit ($0.50/$1.00 USD) - 2025/01/25 17:16:33 WET [2025/01/25 12:16:33 ET]
Table 'Wotho IV' 6-max Seat #5 is the button
Seat 1: bella0810 ($23.01 in chips) 
Seat 2: alexandr699 ($106.79 in chips) 
Seat 3: rao999 ($111.70 in chips) 
Seat 4: mr.Jckpot ($100 in chips) 
Seat 5: sta$igk ($114.52 in chips) 
Seat 6: Supermegopro ($100 in chips) 
Supermegopro: posts small blind $0.50
bella0810: posts big blind $1
*** HOLE CARDS ***
alexandr699: folds 
rao999: folds 
mr.Jckpot: folds 
sta$igk: folds 
Supermegopro: raises $2 to $3
bella0810: calls $2
*** FLOP *** [6s 9c 3s]
Supermegopro: checks 
bella0810: bets $2.85
Supermegopro: folds 
Uncalled bet ($2.85) returned to bella0810
bella0810 collected $5.70 from pot
*** SUMMARY ***
Total pot $6 | Rake $0.30 
Board [6s 9c 3s]
Seat 1: bella0810 (big blind) collected ($5.70)
Seat 2: alexandr699 folded before Flop (didn't bet)
Seat 3: rao999 folded before Flop (didn't bet)
Seat 4: mr.Jckpot folded before Flop (didn't bet)
Seat 5: sta$igk (button) folded before Flop (didn't bet)
Seat 6: Supermegopro (small blind) folded on the Flop



PokerStars Hand #254547694117:  Hold'em No Limit ($0.50/$1.00 USD) - 2025/01/25 17:16:54 WET [2025/01/25 12:16:54 ET]
Table 'Wotho IV' 6-max Seat #6 is the button
Seat 1: bella0810 ($25.71 in chips) 
Seat 2: alexandr699 ($106.79 in chips) 
Seat 3: rao999 ($111.70 in chips) 
Seat 4: mr.Jckpot ($100 in chips) 
Seat 5: sta$igk ($114.52 in chips) 
Seat 6: Supermegopro ($100 in chips) 
bella0810: posts small blind $0.50
alexandr699: posts big blind $1
*** HOLE CARDS ***
rao999: raises $1.50 to $2.50
mr.Jckpot: folds 
sta$igk: folds 
Supermegopro: folds 
bella0810: folds 
alexandr699: folds 
Uncalled bet ($1.50) returned to rao999
rao999 collected $2.50 from pot
rao999: doesn't show hand 
*** SUMMARY ***
Total pot $2.50 | Rake $0 
Seat 1: bella0810 (small blind) folded before Flop
Seat 2: alexandr699 (big blind) folded before Flop
Seat 3: rao999 collected ($2.50)
Seat 4: mr.Jckpot folded before Flop (didn't bet)
Seat 5: sta$igk folded before Flop (didn't bet)
Seat 6: Supermegopro (button) folded before Flop (didn't bet)



PokerStars Hand #254547697845:  Hold'em No Limit ($0.50/$1.00 USD) - 2025/01/25 17:17:08 WET [2025/01/25 12:17:08 ET]
Table 'Wotho IV' 6-max Seat #1 is the button
Seat 1: bella0810 ($25.21 in chips) 
Seat 2: alexandr699 ($105.79 in chips) 
Seat 3: rao999 ($113.20 in chips) 
Seat 4: mr.Jckpot ($100 in chips) 
Seat 5: sta$igk ($114.52 in chips) 
Seat 6: Supermegopro ($100 in chips) 
alexandr699: posts small blind $0.50
rao999: posts big blind $1
*** HOLE CARDS ***
mr.Jckpot: raises $1.50 to $2.50
sta$igk: folds 
Supermegopro: folds 
bella0810: folds 
alexandr699: folds 
rao999: folds 
Uncalled bet ($1.50) returned to mr.Jckpot
mr.Jckpot collected $2.50 from pot
mr.Jckpot: doesn't show hand 
*** SUMMARY ***
Total pot $2.50 | Rake $0 
Seat 1: bella0810 (button) folded before Flop (didn't bet)
Seat 2: alexandr699 (small blind) folded before Flop
Seat 3: rao999 (big blind) folded before Flop
Seat 4: mr.Jckpot collected ($2.50)
Seat 5: sta$igk folded before Flop (didn't bet)
Seat 6: Supermegopro folded before Flop (didn't bet)



PokerStars Hand #254547705454:  Hold'em No Limit ($0.50/$1.00 USD) - 2025/01/25 17:17:38 WET [2025/01/25 12:17:38 ET]
Table 'Wotho IV' 6-max Seat #2 is the button
Seat 1: bella0810 ($25.21 in chips) 
Seat 2: alexandr699 ($105.29 in chips) 
Seat 3: rao999 ($112.20 in chips) 
Seat 4: mr.Jckpot ($101.50 in chips) 
Seat 5: sta$igk ($114.52 in chips) 
Seat 6: Supermegopro ($100 in chips) 
rao999: posts small blind $0.50
mr.Jckpot: posts big blind $1
*** HOLE CARDS ***
sta$igk: folds 
Supermegopro: folds 
bella0810: raises $1 to $2
alexandr699: folds 
rao999: folds 
mr.Jckpot: calls $1
*** FLOP *** [6d 9h Kc]
mr.Jckpot: checks 
bella0810: checks 
*** TURN *** [6d 9h Kc] [Ah]
mr.Jckpot: checks 
bella0810: checks 
*** RIVER *** [6d 9h Kc Ah] [Ac]
mr.Jckpot: checks 
bella0810: checks 
*** SHOW DOWN ***
mr.Jckpot: shows [Td 8c] (a pair of Aces)
bella0810: shows [Tc Js] (a pair of Aces - King+Jack kicker)
bella0810 collected $4.28 from pot
*** SUMMARY ***
Total pot $4.50 | Rake $0.22 
Board [6d 9h Kc Ah Ac]
Seat 1: bella0810 showed [Tc Js] and won ($4.28) with a pair of Aces
Seat 2: alexandr699 (button) folded before Flop (didn't bet)
Seat 3: rao999 (small blind) folded before Flop
Seat 4: mr.Jckpot (big blind) showed [Td 8c] and lost with a pair of Aces
Seat 5: sta$igk folded before Flop (didn't bet)
Seat 6: Supermegopro folded before Flop (didn't bet)



PokerStars Hand #254547711784:  Hold'em No Limit ($0.50/$1.00 USD) - 2025/01/25 17:18:03 WET [2025/01/25 12:18:03 ET]
Table 'Wotho IV' 6-max Seat #3 is the button
Seat 1: bella0810 ($27.49 in chips) 
Seat 2: alexandr699 ($105.29 in chips) 
Seat 3: rao999 ($111.70 in chips) 
Seat 4: mr.Jckpot ($100 in chips) 
Seat 5: sta$igk ($114.52 in chips) 
Seat 6: Supermegopro ($100 in chips) 
mr.Jckpot: posts small blind $0.50
sta$igk: posts big blind $1
*** HOLE CARDS ***
Supermegopro: folds 
bella0810: folds 
alexandr699: folds 
rao999: folds 
mr.Jckpot: raises $2 to $3
sta$igk: folds 
Uncalled bet ($2) returned to mr.Jckpot
mr.Jckpot collected $2 from pot
mr.Jckpot: doesn't show hand 
*** SUMMARY ***
Total pot $2 | Rake $0 
Seat 1: bella0810 folded before Flop (didn't bet)
Seat 2: alexandr699 folded before Flop (didn't bet)
Seat 3: rao999 (button) folded before Flop (didn't bet)
Seat 4: mr.Jckpot (small blind) collected ($2)
Seat 5: sta$igk (big blind) folded before Flop
Seat 6: Supermegopro folded before Flop (didn't bet)



PokerStars Hand #254547717377:  Hold'em No Limit ($0.50/$1.00 USD) - 2025/01/25 17:18:25 WET [2025/01/25 12:18:25 ET]
Table 'Wotho IV' 6-max Seat #4 is the button
Seat 1: bella0810 ($27.49 in chips) 
Seat 2: alexandr699 ($105.29 in chips) 
Seat 3: rao999 ($111.70 in chips) 
Seat 4: mr.Jckpot ($101 in chips) 
Seat 5: sta$igk ($113.52 in chips) 
Seat 6: Supermegopro ($100 in chips) 
sta$igk: posts small blind $0.50
Supermegopro: posts big blind $1
*** HOLE CARDS ***
bella0810: folds 
alexandr699: folds 
rao999: folds 
mr.Jckpot: raises $1.50 to $2.50
sta$igk: folds 
Supermegopro: folds 
Uncalled bet ($1.50) returned to mr.Jckpot
mr.Jckpot collected $2.50 from pot
mr.Jckpot: doesn't show hand 
*** SUMMARY ***
Total pot $2.50 | Rake $0 
Seat 1: bella0810 folded before Flop (didn't bet)
Seat 2: alexandr699 folded before Flop (didn't bet)
Seat 3: rao999 folded before Flop (didn't bet)
Seat 4: mr.Jckpot (button) collected ($2.50)
Seat 5: sta$igk (small blind) folded before Flop
Seat 6: Supermegopro (big blind) folded before Flop



PokerStars Hand #254547722187:  Hold'em No Limit ($0.50/$1.00 USD) - 2025/01/25 17:18:44 WET [2025/01/25 12:18:44 ET]
Table 'Wotho IV' 6-max Seat #5 is the button
Seat 1: bella0810 ($27.49 in chips) 
Seat 2: alexandr699 ($105.29 in chips) 
Seat 3: rao999 ($111.70 in chips) 
Seat 4: mr.Jckpot ($102.50 in chips) 
Seat 5: sta$igk ($113.02 in chips) 
Seat 6: Supermegopro ($100 in chips) 
Supermegopro: posts small blind $0.50
bella0810: posts big blind $1
*** HOLE CARDS ***
alexandr699: folds 
rao999: raises $1.50 to $2.50
mr.Jckpot: folds 
sta$igk: folds 
Supermegopro: calls $2
bella0810: folds 
*** FLOP *** [2h 3d 9c]
Supermegopro: bets $2.28
rao999: calls $2.28
*** TURN *** [2h 3d 9c] [Jd]
Supermegopro: checks 
rao999: checks 
*** RIVER *** [2h 3d 9c Jd] [8s]
Supermegopro: checks 
rao999: checks 
*** SHOW DOWN ***
Supermegopro: shows [3s Ks] (a pair of Threes)
rao999: mucks hand 
Supermegopro collected $10.03 from pot
*** SUMMARY ***
Total pot $10.56 | Rake $0.53 
Board [2h 3d 9c Jd 8s]
Seat 1: bella0810 (big blind) folded before Flop
Seat 2: alexandr699 folded before Flop (didn't bet)
Seat 3: rao999 mucked
Seat 4: mr.Jckpot folded before Flop (didn't bet)
Seat 5: sta$igk (button) folded before Flop (didn't bet)
Seat 6: Supermegopro (small blind) showed [3s Ks] and won ($10.03) with a pair of Threes



PokerStars Hand #254547731591:  Hold'em No Limit ($0.50/$1.00 USD) - 2025/01/25 17:19:21 WET [2025/01/25 12:19:21 ET]
Table 'Wotho IV' 6-max Seat #6 is the button
Seat 1: bella0810 ($26.49 in chips) 
Seat 2: alexandr699 ($105.29 in chips) 
Seat 3: rao999 ($106.92 in chips) 
Seat 4: mr.Jckpot ($102.50 in chips) 
Seat 5: sta$igk ($113.02 in chips) 
Seat 6: Supermegopro ($105.25 in chips) 
bella0810: posts small blind $0.50
alexandr699: posts big blind $1
*** HOLE CARDS ***
rao999: raises $1.50 to $2.50
mr.Jckpot: folds 
sta$igk: raises $5.50 to $8
Supermegopro: folds 
bella0810: folds 
alexandr699: folds 
rao999: folds 
Uncalled bet ($5.50) returned to sta$igk
sta$igk collected $6.50 from pot
sta$igk: doesn't show hand 
*** SUMMARY ***
Total pot $6.50 | Rake $0 
Seat 1: bella0810 (small blind) folded before Flop
Seat 2: alexandr699 (big blind) folded before Flop
Seat 3: rao999 folded before Flop
Seat 4: mr.Jckpot folded before Flop (didn't bet)
Seat 5: sta$igk collected ($6.50)
Seat 6: Supermegopro (button) folded before Flop (didn't bet)



PokerStars Hand #254547736475:  Hold'em No Limit ($0.50/$1.00 USD) - 2025/01/25 17:19:40 WET [2025/01/25 12:19:40 ET]
Table 'Wotho IV' 6-max Seat #1 is the button
Seat 1: bella0810 ($25.99 in chips) 
Seat 2: alexandr699 ($104.29 in chips) 
Seat 3: rao999 ($104.42 in chips) 
Seat 4: mr.Jckpot ($102.50 in chips) 
Seat 5: sta$igk ($117.02 in chips) 
Seat 6: Supermegopro ($105.25 in chips) 
alexandr699: posts small blind $0.50
rao999: posts big blind $1
*** HOLE CARDS ***
mr.Jckpot: folds 
sta$igk: folds 
Supermegopro: folds 
bella0810: folds 
alexandr699: folds 
Uncalled bet ($0.50) returned to rao999
rao999 collected $1 from pot
rao999: doesn't show hand 
*** SUMMARY ***
Total pot $1 | Rake $0 
Seat 1: bella0810 (button) folded before Flop (didn't bet)
Seat 2: alexandr699 (small blind) folded before Flop
Seat 3: rao999 (big blind) collected ($1)
Seat 4: mr.Jckpot folded before Flop (didn't bet)
Seat 5: sta$igk folded before Flop (didn't bet)
Seat 6: Supermegopro folded before Flop (didn't bet)



PokerStars Hand #254547738848:  Hold'em No Limit ($0.50/$1.00 USD) - 2025/01/25 17:19:50 WET [2025/01/25 12:19:50 ET]
Table 'Wotho IV' 6-max Seat #2 is the button
Seat 1: bella0810 ($25.99 in chips) 
Seat 2: alexandr699 ($103.79 in chips) 
Seat 3: rao999 ($104.92 in chips) 
Seat 4: mr.Jckpot ($102.50 in chips) 
Seat 5: sta$igk ($117.02 in chips) 
Seat 6: Supermegopro ($105.25 in chips) 
rao999: posts small blind $0.50
mr.Jckpot: posts big blind $1
*** HOLE CARDS ***
sta$igk: folds 
Supermegopro: folds 
bella0810: folds 
alexandr699: folds 
rao999: folds 
Uncalled bet ($0.50) returned to mr.Jckpot
mr.Jckpot collected $1 from pot
mr.Jckpot: doesn't show hand 
*** SUMMARY ***
Total pot $1 | Rake $0 
Seat 1: bella0810 folded before Flop (didn't bet)
Seat 2: alexandr699 (button) folded before Flop (didn't bet)
Seat 3: rao999 (small blind) folded before Flop
Seat 4: mr.Jckpot (big blind) collected ($1)
Seat 5: sta$igk folded before Flop (didn't bet)
Seat 6: Supermegopro folded before Flop (didn't bet)



PokerStars Hand #254547741911:  Hold'em No Limit ($0.50/$1.00 USD) - 2025/01/25 17:20:01 WET [2025/01/25 12:20:01 ET]
Table 'Wotho IV' 6-max Seat #3 is the button
Seat 1: bella0810 ($25.99 in chips) 
Seat 2: alexandr699 ($103.79 in chips) 
Seat 3: rao999 ($104.42 in chips) 
Seat 4: mr.Jckpot ($103 in chips) 
Seat 5: sta$igk ($117.02 in chips) 
Seat 6: Supermegopro ($105.25 in chips) 
mr.Jckpot: posts small blind $0.50
sta$igk: posts big blind $1
*** HOLE CARDS ***
Supermegopro: folds 
bella0810: raises $1 to $2
alexandr699: raises $3 to $5
rao999: raises $8.50 to $13.50
mr.Jckpot: folds 
sta$igk: folds 
bella0810: calls $11.50
alexandr699: folds 
*** FLOP *** [6s 2s 2h]
bella0810: checks 
rao999: bets $21
bella0810: calls $12.49 and is all-in
Uncalled bet ($8.51) returned to rao999
*** TURN *** [6s 2s 2h] [2d]
*** RIVER *** [6s 2s 2h 2d] [9d]
*** SHOW DOWN ***
bella0810: shows [Kh Ad] (three of a kind, Deuces)
rao999: shows [Kc Kd] (a full house, Deuces full of Kings)
rao999 cashed out the hand for $47.81 | Cash Out Fee $0.98
*** SUMMARY ***
Total pot $58.48 | Rake $2.50 
Board [6s 2s 2h 2d 9d]
Seat 1: bella0810 showed [Kh Ad] and lost with three of a kind, Deuces
Seat 2: alexandr699 folded before Flop
Seat 3: rao999 (button) showed [Kc Kd] and won ($55.98) with a full house, Deuces full of Kings (pot not awarded as player cashed out)
Seat 4: mr.Jckpot (small blind) folded before Flop
Seat 5: sta$igk (big blind) folded before Flop
Seat 6: Supermegopro folded before Flop (didn't bet)



PokerStars Hand #254547755402:  Hold'em No Limit ($0.50/$1.00 USD) - 2025/01/25 17:20:55 WET [2025/01/25 12:20:55 ET]
Table 'Wotho IV' 6-max Seat #4 is the button
Seat 1: bella0810 ($0 in chips) is sitting out
Seat 2: alexandr699 ($100 in chips) 
Seat 3: rao999 ($126.24 in chips) 
Seat 4: mr.Jckpot ($102.50 in chips) 
Seat 5: sta$igk ($116.02 in chips) 
Seat 6: Supermegopro ($105.25 in chips) 
sta$igk: posts small blind $0.50
Supermegopro: posts big blind $1
*** HOLE CARDS ***
alexandr699: folds 
bella0810 leaves the table
rao999: folds 
mr.Jckpot: raises $1.50 to $2.50
sta$igk: folds 
Supermegopro: calls $1.50
*** FLOP *** [3s Ad 4c]
Supermegopro: checks 
mr.Jckpot: bets $1.72
Supermegopro: raises $6.50 to $8.22
mr.Jckpot: folds 
Uncalled bet ($6.50) returned to Supermegopro
Supermegopro collected $8.49 from pot
Supermegopro: doesn't show hand 
*** SUMMARY ***
Total pot $8.94 | Rake $0.45 
Board [3s Ad 4c]
Seat 1: bella0810
Seat 2: alexandr699 folded before Flop (didn't bet)
Seat 3: rao999 folded before Flop (didn't bet)
Seat 4: mr.Jckpot (button) folded on the Flop
Seat 5: sta$igk (small blind) folded before Flop
Seat 6: Supermegopro (big blind) collected ($8.49)



PokerStars Hand #254547764362:  Hold'em No Limit ($0.50/$1.00 USD) - 2025/01/25 17:21:30 WET [2025/01/25 12:21:30 ET]
Table 'Wotho IV' 6-max Seat #5 is the button
Seat 2: alexandr699 ($100 in chips) 
Seat 3: rao999 ($126.24 in chips) 
Seat 4: mr.Jckpot ($100 in chips) 
Seat 5: sta$igk ($115.52 in chips) 
Seat 6: Supermegopro ($109.52 in chips) 
Supermegopro: posts small blind $0.50
alexandr699: posts big blind $1
*** HOLE CARDS ***
rao999: folds 
mr.Jckpot: folds 
sta$igk: folds 
Supermegopro: raises $2 to $3
alexandr699: folds 
Uncalled bet ($2) returned to Supermegopro
Supermegopro collected $2 from pot
Supermegopro: doesn't show hand 
*** SUMMARY ***
Total pot $2 | Rake $0 
Seat 2: alexandr699 (big blind) folded before Flop
Seat 3: rao999 folded before Flop (didn't bet)
Seat 4: mr.Jckpot folded before Flop (didn't bet)
Seat 5: sta$igk (button) folded before Flop (didn't bet)
Seat 6: Supermegopro (small blind) collected ($2)



PokerStars Hand #254547767895:  Hold'em No Limit ($0.50/$1.00 USD) - 2025/01/25 17:21:44 WET [2025/01/25 12:21:44 ET]
Table 'Wotho IV' 6-max Seat #6 is the button
Seat 2: alexandr699 ($100 in chips) 
Seat 3: rao999 ($126.24 in chips) 
Seat 4: mr.Jckpot ($100 in chips) 
Seat 5: sta$igk ($115.52 in chips) 
Seat 6: Supermegopro ($110.52 in chips) 
alexandr699: posts small blind $0.50
rao999: posts big blind $1
*** HOLE CARDS ***
mr.Jckpot: folds 
sta$igk: raises $1.50 to $2.50
Supermegopro: folds 
alexandr699: folds 
rao999: calls $1.50
*** FLOP *** [Kh 4d Jd]
rao999: checks 
sta$igk: bets $3.50
rao999: folds 
Uncalled bet ($3.50) returned to sta$igk
sta$igk collected $5.22 from pot
sta$igk: doesn't show hand 
*** SUMMARY ***
Total pot $5.50 | Rake $0.28 
Board [Kh 4d Jd]
Seat 2: alexandr699 (small blind) folded before Flop
Seat 3: rao999 (big blind) folded on the Flop
Seat 4: mr.Jckpot folded before Flop (didn't bet)
Seat 5: sta$igk collected ($5.22)
Seat 6: Supermegopro (button) folded before Flop (didn't bet)



PokerStars Hand #254547774630:  Hold'em No Limit ($0.50/$1.00 USD) - 2025/01/25 17:22:11 WET [2025/01/25 12:22:11 ET]
Table 'Wotho IV' 6-max Seat #3 is the button
Seat 4: mr.Jckpot ($100 in chips) is sitting out
Seat 5: sta$igk ($118.24 in chips) is sitting out
Seat 6: Supermegopro ($110.52 in chips) is sitting out
Seat 2: alexandr699 ($100 in chips) 
Seat 3: rao999 ($123.74 in chips) 
rao999: posts small blind $0.50
mr.Jckpot: is sitting out 
sta$igk: is sitting out 
Supermegopro: is sitting out 
alexandr699: posts big blind $1
*** HOLE CARDS ***
sta$igk leaves the table
mr.Jckpot leaves the table
Supermegopro leaves the table
rao999: folds 
Uncalled bet ($0.50) returned to alexandr699
alexandr699 collected $1 from pot
alexandr699: doesn't show hand 
*** SUMMARY ***
Total pot $1 | Rake $0 
Seat 4: mr.Jckpot
Seat 5: sta$igk
Seat 6: Supermegopro
Seat 2: alexandr699 (big blind) collected ($1)
Seat 3: rao999 (button) (small blind) folded before Flop



PokerStars Hand #254547483765:  Hold'em No Limit ($0.50/$1.00 USD) - 2025/01/25 17:02:40 WET [2025/01/25 12:02:40 ET]
Table 'Wotho IV' 6-max Seat #3 is the button
Seat 1: bella0810 ($14.64 in chips) 
Seat 2: Espada Fish ($100 in chips) 
Seat 3: rao999 ($115.04 in chips) 
Seat 4: mr.Jckpot ($100.50 in chips) 
Seat 5: sta$igk ($110 in chips) 
Seat 6: AlexPinsk1 ($109.68 in chips) 
mr.Jckpot: posts small blind $0.50
sta$igk: posts big blind $1
*** HOLE CARDS ***
AlexPinsk1: folds 
bella0810: folds 
Espada Fish: folds 
rao999: raises $1.50 to $2.50
mr.Jckpot: folds 
sta$igk: raises $9.50 to $12
rao999: folds 
Uncalled bet ($9.50) returned to sta$igk
sta$igk collected $5.50 from pot
sta$igk: doesn't show hand 
*** SUMMARY ***
Total pot $5.50 | Rake $0 
Seat 1: bella0810 folded before Flop (didn't bet)
Seat 2: Espada Fish folded before Flop (didn't bet)
Seat 3: rao999 (button) folded before Flop
Seat 4: mr.Jckpot (small blind) folded before Flop
Seat 5: sta$igk (big blind) collected ($5.50)
Seat 6: AlexPinsk1 folded before Flop (didn't bet)



PokerStars Hand #254547489536:  Hold'em No Limit ($0.50/$1.00 USD) - 2025/01/25 17:03:05 WET [2025/01/25 12:03:05 ET]
Table 'Wotho IV' 6-max Seat #4 is the button
Seat 1: bella0810 ($14.64 in chips) 
Seat 2: Espada Fish ($100 in chips) 
Seat 3: rao999 ($112.54 in chips) 
Seat 4: mr.Jckpot ($100 in chips) 
Seat 5: sta$igk ($113 in chips) 
Seat 6: AlexPinsk1 ($109.68 in chips) 
sta$igk: posts small blind $0.50
AlexPinsk1: posts big blind $1
*** HOLE CARDS ***
bella0810: folds 
Espada Fish: folds 
rao999: raises $1.50 to $2.50
mr.Jckpot: folds 
sta$igk: folds 
AlexPinsk1: calls $1.50
*** FLOP *** [Kd 2c 3c]
AlexPinsk1: checks 
rao999: bets $1.72
AlexPinsk1: calls $1.72
*** TURN *** [Kd 2c 3c] [7h]
AlexPinsk1: checks 
rao999: bets $6.37
AlexPinsk1: calls $6.37
*** RIVER *** [Kd 2c 3c 7h] [Jd]
AlexPinsk1: checks 
rao999: bets $13.60
Espada Fish is disconnected 
AlexPinsk1: folds 
Uncalled bet ($13.60) returned to rao999
rao999 collected $20.60 from pot
rao999: doesn't show hand 
*** SUMMARY ***
Total pot $21.68 | Rake $1.08 
Board [Kd 2c 3c 7h Jd]
Seat 1: bella0810 folded before Flop (didn't bet)
Seat 2: Espada Fish folded before Flop (didn't bet)
Seat 3: rao999 collected ($20.60)
Seat 4: mr.Jckpot (button) folded before Flop (didn't bet)
Seat 5: sta$igk (small blind) folded before Flop
Seat 6: AlexPinsk1 (big blind) folded on the River



PokerStars Hand #254547512599:  Hold'em No Limit ($0.50/$1.00 USD) - 2025/01/25 17:04:42 WET [2025/01/25 12:04:42 ET]
Table 'Wotho IV' 6-max Seat #5 is the button
Seat 1: bella0810 ($14.64 in chips) 
Seat 2: Espada Fish ($100 in chips) 
Seat 3: rao999 ($122.55 in chips) 
Seat 4: mr.Jckpot ($100 in chips) 
Seat 5: sta$igk ($112.50 in chips) 
Seat 6: AlexPinsk1 ($100 in chips) 
AlexPinsk1: posts small blind $0.50
bella0810: posts big blind $1
*** HOLE CARDS ***
Espada Fish: folds 
rao999: folds 
mr.Jckpot: folds 
sta$igk: raises $1.50 to $2.50
AlexPinsk1: folds 
bella0810: calls $1.50
*** FLOP *** [Qs 4c Kd]
bella0810: bets $2.61
sta$igk: folds 
Uncalled bet ($2.61) returned to bella0810
bella0810 collected $5.22 from pot
*** SUMMARY ***
Total pot $5.50 | Rake $0.28 
Board [Qs 4c Kd]
Seat 1: bella0810 (big blind) collected ($5.22)
Seat 2: Espada Fish folded before Flop (didn't bet)
Seat 3: rao999 folded before Flop (didn't bet)
Seat 4: mr.Jckpot folded before Flop (didn't bet)
Seat 5: sta$igk (button) folded on the Flop
Seat 6: AlexPinsk1 (small blind) folded before Flop



PokerStars Hand #254547518259:  Hold'em No Limit ($0.50/$1.00 USD) - 2025/01/25 17:05:05 WET [2025/01/25 12:05:05 ET]
Table 'Wotho IV' 6-max Seat #6 is the button
Seat 1: bella0810 ($17.36 in chips) 
Seat 2: Espada Fish ($100 in chips) 
Seat 3: rao999 ($122.55 in chips) 
Seat 4: mr.Jckpot ($100 in chips) 
Seat 5: sta$igk ($110 in chips) 
Seat 6: AlexPinsk1 ($100 in chips) 
bella0810: posts small blind $0.50
Espada Fish: posts big blind $1
*** HOLE CARDS ***
rao999: folds 
mr.Jckpot: raises $1.50 to $2.50
sta$igk: folds 
AlexPinsk1: folds 
bella0810: folds 
Espada Fish: calls $1.50
*** FLOP *** [Kh As 6c]
Espada Fish: checks 
mr.Jckpot: bets $1.72
Espada Fish: folds 
Uncalled bet ($1.72) returned to mr.Jckpot
mr.Jckpot collected $5.22 from pot
mr.Jckpot: doesn't show hand 
*** SUMMARY ***
Total pot $5.50 | Rake $0.28 
Board [Kh As 6c]
Seat 1: bella0810 (small blind) folded before Flop
Seat 2: Espada Fish (big blind) folded on the Flop
Seat 3: rao999 folded before Flop (didn't bet)
Seat 4: mr.Jckpot collected ($5.22)
Seat 5: sta$igk folded before Flop (didn't bet)
Seat 6: AlexPinsk1 (button) folded before Flop (didn't bet)



PokerStars Hand #254547528269:  Hold'em No Limit ($0.50/$1.00 USD) - 2025/01/25 17:05:46 WET [2025/01/25 12:05:46 ET]
Table 'Wotho IV' 6-max Seat #1 is the button
Seat 1: bella0810 ($16.86 in chips) 
Seat 2: Espada Fish ($100 in chips) 
Seat 3: rao999 ($122.55 in chips) 
Seat 4: mr.Jckpot ($102.72 in chips) 
Seat 5: sta$igk ($110 in chips) 
Seat 6: AlexPinsk1 ($100 in chips) 
Espada Fish: posts small blind $0.50
rao999: posts big blind $1
*** HOLE CARDS ***
mr.Jckpot: raises $1.50 to $2.50
sta$igk: folds 
AlexPinsk1: folds 
bella0810: folds 
Espada Fish: folds 
rao999: folds 
Uncalled bet ($1.50) returned to mr.Jckpot
mr.Jckpot collected $2.50 from pot
mr.Jckpot: doesn't show hand 
*** SUMMARY ***
Total pot $2.50 | Rake $0 
Seat 1: bella0810 (button) folded before Flop (didn't bet)
Seat 2: Espada Fish (small blind) folded before Flop
Seat 3: rao999 (big blind) folded before Flop
Seat 4: mr.Jckpot collected ($2.50)
Seat 5: sta$igk folded before Flop (didn't bet)
Seat 6: AlexPinsk1 folded before Flop (didn't bet)



PokerStars Hand #254547534831:  Hold'em No Limit ($0.50/$1.00 USD) - 2025/01/25 17:06:13 WET [2025/01/25 12:06:13 ET]
Table 'Wotho IV' 6-max Seat #2 is the button
Seat 1: bella0810 ($16.86 in chips) 
Seat 2: Espada Fish ($100 in chips) 
Seat 3: rao999 ($121.55 in chips) 
Seat 4: mr.Jckpot ($104.22 in chips) 
Seat 5: sta$igk ($110 in chips) 
Seat 6: AlexPinsk1 ($100 in chips) 
rao999: posts small blind $0.50
mr.Jckpot: posts big blind $1
*** HOLE CARDS ***
sta$igk: folds 
AlexPinsk1: folds 
AlexPinsk1 leaves the table
bella0810: raises $1 to $2
Espada Fish: folds 
rao999: folds 
mr.Jckpot: calls $1
*** FLOP *** [Ks Qs 5c]
mr.Jckpot: checks 
bella0810: bets $2.14
mr.Jckpot: calls $2.14
*** TURN *** [Ks Qs 5c] [Ad]
mr.Jckpot: checks 
bella0810: checks 
*** RIVER *** [Ks Qs 5c Ad] [3h]
mr.Jckpot: checks 
bella0810: checks 
*** SHOW DOWN ***
mr.Jckpot: shows [Js 6s] (high card Ace)
bella0810: shows [Th Td] (a pair of Tens)
bella0810 collected $8.34 from pot
*** SUMMARY ***
Total pot $8.78 | Rake $0.44 
Board [Ks Qs 5c Ad 3h]
Seat 1: bella0810 showed [Th Td] and won ($8.34) with a pair of Tens
Seat 2: Espada Fish (button) folded before Flop (didn't bet)
Seat 3: rao999 (small blind) folded before Flop
Seat 4: mr.Jckpot (big blind) showed [Js 6s] and lost with high card Ace
Seat 5: sta$igk folded before Flop (didn't bet)
Seat 6: AlexPinsk1 folded before Flop (didn't bet)



PokerStars Hand #254547541169:  Hold'em No Limit ($0.50/$1.00 USD) - 2025/01/25 17:06:39 WET [2025/01/25 12:06:39 ET]
Table 'Wotho IV' 6-max Seat #3 is the button
Seat 1: bella0810 ($21.06 in chips) 
Seat 2: Espada Fish ($100 in chips) 
Seat 3: rao999 ($121.05 in chips) 
Seat 4: mr.Jckpot ($100.08 in chips) 
Seat 5: sta$igk ($110 in chips) 
mr.Jckpot: posts small blind $0.50
sta$igk: posts big blind $1
*** HOLE CARDS ***
bella0810: folds 
Espada Fish: folds 
rao999: raises $1.50 to $2.50
mr.Jckpot: folds 
sta$igk: folds 
Uncalled bet ($1.50) returned to rao999
rao999 collected $2.50 from pot
rao999: doesn't show hand 
*** SUMMARY ***
Total pot $2.50 | Rake $0 
Seat 1: bella0810 folded before Flop (didn't bet)
Seat 2: Espada Fish folded before Flop (didn't bet)
Seat 3: rao999 (button) collected ($2.50)
Seat 4: mr.Jckpot (small blind) folded before Flop
Seat 5: sta$igk (big blind) folded before Flop



PokerStars Hand #254547545464:  Hold'em No Limit ($0.50/$1.00 USD) - 2025/01/25 17:06:56 WET [2025/01/25 12:06:56 ET]
Table 'Wotho IV' 6-max Seat #4 is the button
Seat 1: bella0810 ($21.06 in chips) 
Seat 2: Espada Fish ($100 in chips) 
Seat 3: rao999 ($122.55 in chips) 
Seat 4: mr.Jckpot ($100 in chips) 
Seat 5: sta$igk ($109 in chips) 
sta$igk: posts small blind $0.50
bella0810: posts big blind $1
*** HOLE CARDS ***
Espada Fish: folds 
rao999: folds 
mr.Jckpot: raises $1.50 to $2.50
sta$igk: raises $8.50 to $11
bella0810: folds 
mr.Jckpot: folds 
Uncalled bet ($8.50) returned to sta$igk
sta$igk collected $6 from pot
sta$igk: doesn't show hand 
*** SUMMARY ***
Total pot $6 | Rake $0 
Seat 1: bella0810 (big blind) folded before Flop
Seat 2: Espada Fish folded before Flop (didn't bet)
Seat 3: rao999 folded before Flop (didn't bet)
Seat 4: mr.Jckpot (button) folded before Flop
Seat 5: sta$igk (small blind) collected ($6)



PokerStars Hand #254547549382:  Hold'em No Limit ($0.50/$1.00 USD) - 2025/01/25 17:07:12 WET [2025/01/25 12:07:12 ET]
Table 'Wotho IV' 6-max Seat #5 is the button
Seat 1: bella0810 ($20.06 in chips) 
Seat 2: Espada Fish ($100 in chips) 
Seat 3: rao999 ($122.55 in chips) 
Seat 4: mr.Jckpot ($100 in chips) 
Seat 5: sta$igk ($112.50 in chips) 
bella0810: posts small blind $0.50
Espada Fish: posts big blind $1
*** HOLE CARDS ***
rao999: folds 
mr.Jckpot: folds 
sta$igk: folds 
bella0810: raises $1 to $2
Espada Fish is disconnected 
Espada Fish has timed out while disconnected
Espada Fish: folds 
Uncalled bet ($1) returned to bella0810
bella0810 collected $2 from pot
*** SUMMARY ***
Total pot $2 | Rake $0 
Seat 1: bella0810 (small blind) collected ($2)
Seat 2: Espada Fish (big blind) folded before Flop
Seat 3: rao999 folded before Flop (didn't bet)
Seat 4: mr.Jckpot folded before Flop (didn't bet)
Seat 5: sta$igk (button) folded before Flop (didn't bet)



PokerStars Hand #254547555960:  Hold'em No Limit ($0.50/$1.00 USD) - 2025/01/25 17:07:39 WET [2025/01/25 12:07:39 ET]
Table 'Wotho IV' 6-max Seat #1 is the button
Seat 2: Espada Fish ($99 in chips) is sitting out
Seat 1: bella0810 ($21.06 in chips) 
Seat 3: rao999 ($122.55 in chips) 
Seat 4: mr.Jckpot ($100 in chips) 
Seat 5: sta$igk ($112.50 in chips) 
rao999: posts small blind $0.50
mr.Jckpot: posts big blind $1
*** HOLE CARDS ***
sta$igk: folds 
bella0810: folds 
rao999: folds 
Uncalled bet ($0.50) returned to mr.Jckpot
mr.Jckpot collected $1 from pot
mr.Jckpot: doesn't show hand 
*** SUMMARY ***
Total pot $1 | Rake $0 
Seat 2: Espada Fish
Seat 1: bella0810 (button) folded before Flop (didn't bet)
Seat 3: rao999 (small blind) folded before Flop
Seat 4: mr.Jckpot (big blind) collected ($1)
Seat 5: sta$igk folded before Flop (didn't bet)



PokerStars Hand #254547558600:  Hold'em No Limit ($0.50/$1.00 USD) - 2025/01/25 17:07:50 WET [2025/01/25 12:07:50 ET]
Table 'Wotho IV' 6-max Seat #3 is the button
Seat 2: Espada Fish ($100 in chips) is sitting out
Seat 1: bella0810 ($21.06 in chips) 
Seat 3: rao999 ($122.05 in chips) 
Seat 4: mr.Jckpot ($100.50 in chips) 
Seat 5: sta$igk ($112.50 in chips) 
mr.Jckpot: posts small blind $0.50
sta$igk: posts big blind $1
Espada Fish: sits out 
*** HOLE CARDS ***
bella0810: folds 
rao999: folds 
mr.Jckpot: raises $2 to $3
sta$igk: calls $2
*** FLOP *** [8h 6c Qc]
mr.Jckpot: bets $1.88
sta$igk: calls $1.88
*** TURN *** [8h 6c Qc] [6d]
mr.Jckpot: checks 
sta$igk: checks 
*** RIVER *** [8h 6c Qc 6d] [5d]
mr.Jckpot: checks 
sta$igk: checks 
*** SHOW DOWN ***
mr.Jckpot: shows [Ad Kc] (a pair of Sixes)
sta$igk: mucks hand 
mr.Jckpot collected $9.27 from pot
*** SUMMARY ***
Total pot $9.76 | Rake $0.49 
Board [8h 6c Qc 6d 5d]
Seat 2: Espada Fish
Seat 1: bella0810 folded before Flop (didn't bet)
Seat 3: rao999 (button) folded before Flop (didn't bet)
Seat 4: mr.Jckpot (small blind) showed [Ad Kc] and won ($9.27) with a pair of Sixes
Seat 5: sta$igk (big blind) mucked



PokerStars Hand #254547573547:  Hold'em No Limit ($0.50/$1.00 USD) - 2025/01/25 17:08:51 WET [2025/01/25 12:08:51 ET]
Table 'Wotho IV' 6-max Seat #4 is the button
Seat 2: Espada Fish ($100 in chips) is sitting out
Seat 1: bella0810 ($21.06 in chips) 
Seat 3: rao999 ($122.05 in chips) 
Seat 4: mr.Jckpot ($104.89 in chips) 
Seat 5: sta$igk ($107.62 in chips) 
sta$igk: posts small blind $0.50
bella0810: posts big blind $1
Espada Fish: sits out 
*** HOLE CARDS ***
rao999: raises $1.50 to $2.50
mr.Jckpot: folds 
sta$igk: folds 
bella0810: folds 
Uncalled bet ($1.50) returned to rao999
rao999 collected $2.50 from pot
rao999: doesn't show hand 
*** SUMMARY ***
Total pot $2.50 | Rake $0 
Seat 2: Espada Fish
Seat 1: bella0810 (big blind) folded before Flop
Seat 3: rao999 collected ($2.50)
Seat 4: mr.Jckpot (button) folded before Flop (didn't bet)
Seat 5: sta$igk (small blind) folded before Flop



PokerStars Hand #254547576347:  Hold'em No Limit ($0.50/$1.00 USD) - 2025/01/25 17:09:03 WET [2025/01/25 12:09:03 ET]
Table 'Wotho IV' 6-max Seat #5 is the button
Seat 1: bella0810 ($20.06 in chips) 
Seat 2: Espada Fish ($100 in chips) 
Seat 3: rao999 ($123.55 in chips) 
Seat 4: mr.Jckpot ($104.89 in chips) 
Seat 5: sta$igk ($107.12 in chips) 
bella0810: posts small blind $0.50
Espada Fish: posts big blind $1
*** HOLE CARDS ***
rao999: folds 
mr.Jckpot: folds 
sta$igk: raises $1 to $2
bella0810: folds 
Espada Fish: folds 
Uncalled bet ($1) returned to sta$igk
sta$igk collected $2.50 from pot
sta$igk: doesn't show hand 
*** SUMMARY ***
Total pot $2.50 | Rake $0 
Seat 1: bella0810 (small blind) folded before Flop
Seat 2: Espada Fish (big blind) folded before Flop
Seat 3: rao999 folded before Flop (didn't bet)
Seat 4: mr.Jckpot folded before Flop (didn't bet)
Seat 5: sta$igk (button) collected ($2.50)



PokerStars Hand #254547579438:  Hold'em No Limit ($0.50/$1.00 USD) - 2025/01/25 17:09:15 WET [2025/01/25 12:09:15 ET]
Table 'Wotho IV' 6-max Seat #1 is the button
Seat 1: bella0810 ($19.56 in chips) 
Seat 2: Espada Fish ($100 in chips) 
Seat 3: rao999 ($123.55 in chips) 
Seat 4: mr.Jckpot ($104.89 in chips) 
Seat 5: sta$igk ($108.62 in chips) 
Espada Fish: posts small blind $0.50
rao999: posts big blind $1
*** HOLE CARDS ***
mr.Jckpot: raises $1.50 to $2.50
sta$igk: folds 
bella0810: folds 
Espada Fish: folds 
rao999: folds 
Uncalled bet ($1.50) returned to mr.Jckpot
mr.Jckpot collected $2.50 from pot
mr.Jckpot: doesn't show hand 
*** SUMMARY ***
Total pot $2.50 | Rake $0 
Seat 1: bella0810 (button) folded before Flop (didn't bet)
Seat 2: Espada Fish (small blind) folded before Flop
Seat 3: rao999 (big blind) folded before Flop
Seat 4: mr.Jckpot collected ($2.50)
Seat 5: sta$igk folded before Flop (didn't bet)



PokerStars Hand #254547582078:  Hold'em No Limit ($0.50/$1.00 USD) - 2025/01/25 17:09:26 WET [2025/01/25 12:09:26 ET]
Table 'Wotho IV' 6-max Seat #2 is the button
Seat 4: mr.Jckpot ($106.39 in chips) is sitting out
Seat 1: bella0810 ($19.56 in chips) 
Seat 2: Espada Fish ($100 in chips) 
Seat 3: rao999 ($122.55 in chips) 
Seat 5: sta$igk ($108.62 in chips) 
rao999: posts small blind $0.50
mr.Jckpot: is sitting out 
sta$igk: posts big blind $1
*** HOLE CARDS ***
bella0810: raises $1 to $2
Espada Fish: folds 
rao999: folds 
sta$igk: folds 
Uncalled bet ($1) returned to bella0810
bella0810 collected $2.50 from pot
*** SUMMARY ***
Total pot $2.50 | Rake $0 
Seat 4: mr.Jckpot
Seat 1: bella0810 collected ($2.50)
Seat 2: Espada Fish (button) folded before Flop (didn't bet)
Seat 3: rao999 (small blind) folded before Flop
Seat 5: sta$igk (big blind) folded before Flop



PokerStars Hand #254547584812:  Hold'em No Limit ($0.50/$1.00 USD) - 2025/01/25 17:09:38 WET [2025/01/25 12:09:38 ET]
Table 'Wotho IV' 6-max Seat #3 is the button
Seat 4: mr.Jckpot ($106.39 in chips) is sitting out
Seat 1: bella0810 ($21.06 in chips) 
Seat 2: Espada Fish ($100 in chips) 
Seat 3: rao999 ($122.05 in chips) 
Seat 5: sta$igk ($107.62 in chips) 
sta$igk: posts small blind $0.50
bella0810: posts big blind $1
*** HOLE CARDS ***
Espada Fish: raises $1.20 to $2.20
rao999: folds 
sta$igk: folds 
bella0810: folds 
Uncalled bet ($1.20) returned to Espada Fish
Espada Fish collected $2.50 from pot
Espada Fish: doesn't show hand 
*** SUMMARY ***
Total pot $2.50 | Rake $0 
Seat 4: mr.Jckpot
Seat 1: bella0810 (big blind) folded before Flop
Seat 2: Espada Fish collected ($2.50)
Seat 3: rao999 (button) folded before Flop (didn't bet)
Seat 5: sta$igk (small blind) folded before Flop



PokerStars Hand #254548010358:  Hold'em No Limit ($0.50/$1.00 USD) - 2025/01/25 17:37:24 WET [2025/01/25 12:37:24 ET]
Table 'Wotho IV' 6-max Seat #1 is the button
Seat 2: Rdalonso ($100 in chips) is sitting out
Seat 5: whlzor ($100 in chips) is sitting out
Seat 1: Espada Fish ($104.55 in chips) 
Seat 3: rao999 ($100 in chips) 
Seat 4: Supermegopro ($102.25 in chips) 
Seat 6: kingberti12 ($49.70 in chips) 
rao999: posts small blind $0.50
Supermegopro: posts big blind $1
whlzor: sits out 
*** HOLE CARDS ***
kingberti12: folds 
Espada Fish: raises $1.50 to $2.50
rao999: folds 
Supermegopro: calls $1.50
*** FLOP *** [Jd 2s Jh]
Supermegopro: checks 
Espada Fish: bets $1.72
Supermegopro: folds 
Uncalled bet ($1.72) returned to Espada Fish
Espada Fish collected $5.22 from pot
Espada Fish: doesn't show hand 
*** SUMMARY ***
Total pot $5.50 | Rake $0.28 
Board [Jd 2s Jh]
Seat 2: Rdalonso
Seat 5: whlzor
Seat 1: Espada Fish (button) collected ($5.22)
Seat 3: rao999 (small blind) folded before Flop
Seat 4: Supermegopro (big blind) folded on the Flop
Seat 6: kingberti12 folded before Flop (didn't bet)



PokerStars Hand #254548020227:  Hold'em No Limit ($0.50/$1.00 USD) - 2025/01/25 17:38:02 WET [2025/01/25 12:38:02 ET]
Table 'Wotho IV' 6-max Seat #3 is the button
Seat 2: Rdalonso ($100 in chips) is sitting out
Seat 1: Espada Fish ($107.27 in chips) 
Seat 3: rao999 ($100 in chips) 
Seat 4: Supermegopro ($100 in chips) 
Seat 5: whlzor ($100 in chips) 
Seat 6: kingberti12 ($49.70 in chips) 
Supermegopro: posts small blind $0.50
whlzor: posts big blind $1
Rdalonso: sits out 
*** HOLE CARDS ***
kingberti12: raises $1 to $2
Espada Fish: folds 
rao999: folds 
Supermegopro: raises $6 to $8
whlzor: folds 
kingberti12: calls $6
*** FLOP *** [6d Kh 6c]
Supermegopro: bets $5.33
kingberti12: raises $7.33 to $12.66
Supermegopro: folds 
Uncalled bet ($7.33) returned to kingberti12
kingberti12 collected $26.28 from pot
*** SUMMARY ***
Total pot $27.66 | Rake $1.38 
Board [6d Kh 6c]
Seat 2: Rdalonso
Seat 1: Espada Fish folded before Flop (didn't bet)
Seat 3: rao999 (button) folded before Flop (didn't bet)
Seat 4: Supermegopro (small blind) folded on the Flop
Seat 5: whlzor (big blind) folded before Flop
Seat 6: kingberti12 collected ($26.28)



PokerStars Hand #254548028809:  Hold'em No Limit ($0.50/$1.00 USD) - 2025/01/25 17:38:36 WET [2025/01/25 12:38:36 ET]
Table 'Wotho IV' 6-max Seat #4 is the button
Seat 2: Rdalonso ($100 in chips) is sitting out
Seat 1: Espada Fish ($107.27 in chips) 
Seat 3: rao999 ($100 in chips) 
Seat 4: Supermegopro ($100 in chips) 
Seat 5: whlzor ($100 in chips) 
Seat 6: kingberti12 ($62.65 in chips) 
whlzor: posts small blind $0.50
kingberti12: posts big blind $1
Rdalonso: sits out 
*** HOLE CARDS ***
Espada Fish: folds 
rao999: raises $1.50 to $2.50
Supermegopro: folds 
whlzor: folds 
kingberti12: folds 
Uncalled bet ($1.50) returned to rao999
kingberti12 leaves the table
rao999 collected $2.50 from pot
rao999: doesn't show hand 
*** SUMMARY ***
Total pot $2.50 | Rake $0 
Seat 2: Rdalonso
Seat 1: Espada Fish folded before Flop (didn't bet)
Seat 3: rao999 collected ($2.50)
Seat 4: Supermegopro (button) folded before Flop (didn't bet)
Seat 5: whlzor (small blind) folded before Flop
Seat 6: kingberti12 (big blind) folded before Flop



PokerStars Hand #254548031703:  Hold'em No Limit ($0.50/$1.00 USD) - 2025/01/25 17:38:47 WET [2025/01/25 12:38:47 ET]
Table 'Wotho IV' 6-max Seat #5 is the button
Seat 1: Espada Fish ($107.27 in chips) 
Seat 2: Rdalonso ($100 in chips) 
Seat 3: rao999 ($101.50 in chips) 
Seat 4: Supermegopro ($100 in chips) 
Seat 5: whlzor ($100 in chips) 
Espada Fish: posts small blind $0.50
Rdalonso: posts big blind $1
*** HOLE CARDS ***
amphii joins the table at seat #6 
rao999: folds 
Supermegopro: folds 
whlzor: folds 
Espada Fish: folds 
Uncalled bet ($0.50) returned to Rdalonso
Rdalonso collected $1 from pot
Rdalonso: doesn't show hand 
*** SUMMARY ***
Total pot $1 | Rake $0 
Seat 1: Espada Fish (small blind) folded before Flop
Seat 2: Rdalonso (big blind) collected ($1)
Seat 3: rao999 folded before Flop (didn't bet)
Seat 4: Supermegopro folded before Flop (didn't bet)
Seat 5: whlzor (button) folded before Flop (didn't bet)



PokerStars Hand #254548037151:  Hold'em No Limit ($0.50/$1.00 USD) - 2025/01/25 17:39:08 WET [2025/01/25 12:39:08 ET]
Table 'Wotho IV' 6-max Seat #1 is the button
Seat 3: rao999 ($101.50 in chips) is sitting out
Seat 4: Supermegopro ($100 in chips) is sitting out
Seat 5: whlzor ($100 in chips) is sitting out
Seat 1: Espada Fish ($106.77 in chips) 
Seat 2: Rdalonso ($100.50 in chips) 
Seat 6: amphii ($20 in chips) 
Rdalonso: posts small blind $0.50
rao999: is sitting out 
Supermegopro: is sitting out 
whlzor: is sitting out 
amphii: posts big blind $1
*** HOLE CARDS ***
Supermegopro leaves the table
whlzor leaves the table
Espada Fish: folds 
Espada Fish leaves the table
Rdalonso: raises $1.50 to $2.50
rao999 leaves the table
amphii: calls $1.50
*** FLOP *** [As 2c 9c]
Rdalonso: bets $1.57
amphii: calls $1.57
*** TURN *** [As 2c 9c] [Ks]
Rdalonso: bets $2.55
amphii: calls $2.55
*** RIVER *** [As 2c 9c Ks] [8h]
Rdalonso: checks 
amphii: checks 
*** SHOW DOWN ***
Rdalonso: shows [8s Td] (a pair of Eights)
amphii: mucks hand 
Rdalonso collected $12.58 from pot
*** SUMMARY ***
Total pot $13.24 | Rake $0.66 
Board [As 2c 9c Ks 8h]
Seat 3: rao999
Seat 4: Supermegopro
Seat 5: whlzor
Seat 1: Espada Fish (button) folded before Flop (didn't bet)
Seat 2: Rdalonso (small blind) showed [8s Td] and won ($12.58) with a pair of Eights
Seat 6: amphii (big blind) mucked



PokerStars Hand #254548048194:  Hold'em No Limit ($0.50/$1.00 USD) - 2025/01/25 17:39:50 WET [2025/01/25 12:39:50 ET]
Table 'Wotho IV' 6-max Seat #6 is the button
Seat 2: Rdalonso ($106.46 in chips) 
Seat 6: amphii ($20 in chips) 
amphii: posts small blind $0.50
Rdalonso: posts big blind $1
*** HOLE CARDS ***
amphii: raises $19 to $20 and is all-in
Rdalonso: folds 
Uncalled bet ($19) returned to amphii
amphii collected $2 from pot
amphii: doesn't show hand 
*** SUMMARY ***
Total pot $2 | Rake $0 
Seat 2: Rdalonso (big blind) folded before Flop
Seat 6: amphii (button) (small blind) collected ($2)



PokerStars Hand #254548050323:  Hold'em No Limit ($0.50/$1.00 USD) - 2025/01/25 17:39:58 WET [2025/01/25 12:39:58 ET]
Table 'Wotho IV' 6-max Seat #2 is the button
Seat 2: Rdalonso ($105.46 in chips) 
Seat 6: amphii ($21 in chips) 
Rdalonso: posts small blind $0.50
amphii: posts big blind $1
*** HOLE CARDS ***
Rdalonso: folds 
Uncalled bet ($0.50) returned to amphii
amphii collected $1 from pot
amphii: doesn't show hand 
*** SUMMARY ***
Total pot $1 | Rake $0 
Seat 2: Rdalonso (button) (small blind) folded before Flop
Seat 6: amphii (big blind) collected ($1)



PokerStars Hand #254548051833:  Hold'em No Limit ($0.50/$1.00 USD) - 2025/01/25 17:40:04 WET [2025/01/25 12:40:04 ET]
Table 'Wotho IV' 6-max Seat #6 is the button
Seat 2: Rdalonso ($104.96 in chips) 
Seat 6: amphii ($21.50 in chips) 
amphii: posts small blind $0.50
Rdalonso: posts big blind $1
*** HOLE CARDS ***
amphii: calls $0.50
Rdalonso: checks 
*** FLOP *** [7h 6h 9h]
Rdalonso: checks 
amphii: bets $1
Rdalonso: calls $1
*** TURN *** [7h 6h 9h] [2d]
Rdalonso: checks 
amphii: bets $3.80
Rdalonso: folds 
Uncalled bet ($3.80) returned to amphii
amphii collected $3.80 from pot
amphii: doesn't show hand 
*** SUMMARY ***
Total pot $4 | Rake $0.20 
Board [7h 6h 9h 2d]
Seat 2: Rdalonso (big blind) folded on the Turn
Seat 6: amphii (button) (small blind) collected ($3.80)



PokerStars Hand #254548061986:  Hold'em No Limit ($0.50/$1.00 USD) - 2025/01/25 17:40:43 WET [2025/01/25 12:40:43 ET]
Table 'Wotho IV' 6-max Seat #2 is the button
Seat 2: Rdalonso ($102.96 in chips) 
Seat 6: amphii ($23.30 in chips) 
Rdalonso: posts small blind $0.50
amphii: posts big blind $1
*** HOLE CARDS ***
Rdalonso: raises $1 to $2
amphii: calls $1
*** FLOP *** [Kh 4c 9h]
amphii: checks 
Rdalonso: bets $1.25
amphii: calls $1.25
*** TURN *** [Kh 4c 9h] [8c]
amphii: checks 
Rdalonso: bets $4.08
amphii: folds 
Uncalled bet ($4.08) returned to Rdalonso
Rdalonso collected $6.18 from pot
Rdalonso: doesn't show hand 
*** SUMMARY ***
Total pot $6.50 | Rake $0.32 
Board [Kh 4c 9h 8c]
Seat 2: Rdalonso (button) (small blind) collected ($6.18)
Seat 6: amphii (big blind) folded on the Turn



