PokerStars Hand #254554787807:  Hold'em No Limit ($0.50/$1.00 USD) - 2025/01/25 0:02:27 WET [2025/01/25 19:02:27 ET]
Table 'Gellivara II' 6-max Seat #5 is the button
Seat 1: Trojanovich ($100 in chips) 
Seat 5: Cythian182 ($103.15 in chips) 
Seat 6: PhoenixAssassin ($108.53 in chips) 
PhoenixAssassin: posts small blind $0.50
Trojanovich: posts big blind $1
*** HOLE CARDS ***
Cythian182: folds 
PhoenixAssassin: folds 
Uncalled bet ($0.50) returned to Trojanovich
Trojanovich collected $1 from pot
Trojanovich: doesn't show hand 
*** SUMMARY ***
Total pot $1 | Rake $0 
Seat 1: Trojanovich (big blind) collected ($1)
Seat 5: Cythian182 (button) folded before Flop (didn't bet)
Seat 6: PhoenixAssassin (small blind) folded before Flop



PokerStars Hand #254554789381:  Hold'em No Limit ($0.50/$1.00 USD) - 2025/01/25 0:02:34 WET [2025/01/25 19:02:34 ET]
Table 'Gellivara II' 6-max Seat #6 is the button
Seat 1: Trojanovich ($100.50 in chips) 
Seat 5: Cythian182 ($103.15 in chips) 
Seat 6: PhoenixAssassin ($108.03 in chips) 
Trojanovich: posts small blind $0.50
Cythian182: posts big blind $1
*** HOLE CARDS ***
PhoenixAssassin: raises $1.50 to $2.50
Trojanovich: folds 
Cythian182: folds 
Uncalled bet ($1.50) returned to PhoenixAssassin
PhoenixAssassin collected $2.50 from pot
PhoenixAssassin: doesn't show hand 
*** SUMMARY ***
Total pot $2.50 | Rake $0 
Seat 1: Trojanovich (small blind) folded before Flop
Seat 5: Cythian182 (big blind) folded before Flop
Seat 6: PhoenixAssassin (button) collected ($2.50)



PokerStars Hand #254554792236:  Hold'em No Limit ($0.50/$1.00 USD) - 2025/01/25 0:02:46 WET [2025/01/25 19:02:46 ET]
Table 'Gellivara II' 6-max Seat #1 is the button
Seat 1: Trojanovich ($100 in chips) 
Seat 5: Cythian182 ($102.15 in chips) 
Seat 6: PhoenixAssassin ($109.53 in chips) 
Cythian182: posts small blind $0.50
PhoenixAssassin: posts big blind $1
*** HOLE CARDS ***
Trojanovich: folds 
Cythian182: raises $2 to $3
PhoenixAssassin: raises $7 to $10
Cythian182: raises $13 to $23
PhoenixAssassin: folds 
Uncalled bet ($13) returned to Cythian182
Cythian182 collected $20 from pot
*** SUMMARY ***
Total pot $20 | Rake $0 
Seat 1: Trojanovich (button) folded before Flop (didn't bet)
Seat 5: Cythian182 (small blind) collected ($20)
Seat 6: PhoenixAssassin (big blind) folded before Flop



PokerStars Hand #254554798472:  Hold'em No Limit ($0.50/$1.00 USD) - 2025/01/25 0:03:13 WET [2025/01/25 19:03:13 ET]
Table 'Gellivara II' 6-max Seat #5 is the button
Seat 1: Trojanovich ($100 in chips) 
Seat 5: Cythian182 ($112.15 in chips) 
Seat 6: PhoenixAssassin ($100 in chips) 
PhoenixAssassin: posts small blind $0.50
Trojanovich: posts big blind $1
*** HOLE CARDS ***
Cythian182: raises $2 to $3
PhoenixAssassin: folds 
Trojanovich: calls $2
*** FLOP *** [3h 4c 3d]
Trojanovich: checks 
Cythian182: bets $2
Trojanovich: raises $3 to $5
Cythian182: calls $3
*** TURN *** [3h 4c 3d] [5s]
Trojanovich: checks 
Cythian182: checks 
*** RIVER *** [3h 4c 3d 5s] [Qs]
Trojanovich: checks 
Cythian182: bets $11
Trojanovich: calls $11
*** SHOW DOWN ***
Cythian182: shows [7c 9c] (a pair of Threes)
Trojanovich: shows [4d Kd] (two pair, Fours and Threes)
Trojanovich collected $37.50 from pot
*** SUMMARY ***
Total pot $38.50 | Rake $1 
Board [3h 4c 3d 5s Qs]
Seat 1: Trojanovich (big blind) showed [4d Kd] and won ($37.50) with two pair, Fours and Threes
Seat 5: Cythian182 (button) showed [7c 9c] and lost with a pair of Threes
Seat 6: PhoenixAssassin (small blind) folded before Flop



PokerStars Hand #254554818663:  Hold'em No Limit ($0.50/$1.00 USD) - 2025/01/25 0:04:40 WET [2025/01/25 19:04:40 ET]
Table 'Gellivara II' 6-max Seat #6 is the button
Seat 1: Trojanovich ($118.50 in chips) 
Seat 5: Cythian182 ($93.15 in chips) 
Seat 6: PhoenixAssassin ($100 in chips) 
Trojanovich: posts small blind $0.50
Cythian182: posts big blind $1
*** HOLE CARDS ***
PhoenixAssassin: raises $1.50 to $2.50
Trojanovich: folds 
Cythian182: folds 
Uncalled bet ($1.50) returned to PhoenixAssassin
PhoenixAssassin collected $2.50 from pot
PhoenixAssassin: doesn't show hand 
*** SUMMARY ***
Total pot $2.50 | Rake $0 
Seat 1: Trojanovich (small blind) folded before Flop
Seat 5: Cythian182 (big blind) folded before Flop
Seat 6: PhoenixAssassin (button) collected ($2.50)



PokerStars Hand #254554821285:  Hold'em No Limit ($0.50/$1.00 USD) - 2025/01/25 0:04:52 WET [2025/01/25 19:04:52 ET]
Table 'Gellivara II' 6-max Seat #1 is the button
Seat 1: Trojanovich ($118 in chips) 
Seat 5: Cythian182 ($92.15 in chips) 
Seat 6: PhoenixAssassin ($101.50 in chips) 
Cythian182: posts small blind $0.50
PhoenixAssassin: posts big blind $1
*** HOLE CARDS ***
Trojanovich: folds 
Cythian182: folds 
Uncalled bet ($0.50) returned to PhoenixAssassin
PhoenixAssassin collected $1 from pot
PhoenixAssassin: doesn't show hand 
*** SUMMARY ***
Total pot $1 | Rake $0 
Seat 1: Trojanovich (button) folded before Flop (didn't bet)
Seat 5: Cythian182 (small blind) folded before Flop
Seat 6: PhoenixAssassin (big blind) collected ($1)



PokerStars Hand #254554823102:  Hold'em No Limit ($0.50/$1.00 USD) - 2025/01/25 0:04:59 WET [2025/01/25 19:04:59 ET]
Table 'Gellivara II' 6-max Seat #5 is the button
Seat 1: Trojanovich ($118 in chips) 
Seat 5: Cythian182 ($91.65 in chips) 
Seat 6: PhoenixAssassin ($102 in chips) 
PhoenixAssassin: posts small blind $0.50
Trojanovich: posts big blind $1
*** HOLE CARDS ***
Cythian182: folds 
PhoenixAssassin: raises $2 to $3
Trojanovich: folds 
Uncalled bet ($2) returned to PhoenixAssassin
PhoenixAssassin collected $2 from pot
PhoenixAssassin: doesn't show hand 
*** SUMMARY ***
Total pot $2 | Rake $0 
Seat 1: Trojanovich (big blind) folded before Flop
Seat 5: Cythian182 (button) folded before Flop (didn't bet)
Seat 6: PhoenixAssassin (small blind) collected ($2)



PokerStars Hand #254554825694:  Hold'em No Limit ($0.50/$1.00 USD) - 2025/01/25 0:05:10 WET [2025/01/25 19:05:10 ET]
Table 'Gellivara II' 6-max Seat #6 is the button
Seat 1: Trojanovich ($117 in chips) 
Seat 5: Cythian182 ($91.65 in chips) 
Seat 6: PhoenixAssassin ($103 in chips) 
Trojanovich: posts small blind $0.50
Cythian182: posts big blind $1
*** HOLE CARDS ***
PhoenixAssassin: raises $1.50 to $2.50
Trojanovich: folds 
Cythian182: raises $7.50 to $10
PhoenixAssassin: folds 
Uncalled bet ($7.50) returned to Cythian182
Cythian182 collected $5.50 from pot
*** SUMMARY ***
Total pot $5.50 | Rake $0 
Seat 1: Trojanovich (small blind) folded before Flop
Seat 5: Cythian182 (big blind) collected ($5.50)
Seat 6: PhoenixAssassin (button) folded before Flop



PokerStars Hand #254554829395:  Hold'em No Limit ($0.50/$1.00 USD) - 2025/01/25 0:05:26 WET [2025/01/25 19:05:26 ET]
Table 'Gellivara II' 6-max Seat #1 is the button
Seat 1: Trojanovich ($116.50 in chips) 
Seat 5: Cythian182 ($94.65 in chips) 
Seat 6: PhoenixAssassin ($100.50 in chips) 
Cythian182: posts small blind $0.50
PhoenixAssassin: posts big blind $1
*** HOLE CARDS ***
Trojanovich: raises $1.50 to $2.50
Cythian182: folds 
PhoenixAssassin: folds 
Uncalled bet ($1.50) returned to Trojanovich
Trojanovich collected $2.50 from pot
Trojanovich: doesn't show hand 
*** SUMMARY ***
Total pot $2.50 | Rake $0 
Seat 1: Trojanovich (button) collected ($2.50)
Seat 5: Cythian182 (small blind) folded before Flop
Seat 6: PhoenixAssassin (big blind) folded before Flop



PokerStars Hand #254554831004:  Hold'em No Limit ($0.50/$1.00 USD) - 2025/01/25 0:05:33 WET [2025/01/25 19:05:33 ET]
Table 'Gellivara II' 6-max Seat #6 is the button
Seat 1: Trojanovich ($118 in chips) is sitting out
Seat 5: Cythian182 ($94.15 in chips) 
Seat 6: PhoenixAssassin ($100 in chips) 
PhoenixAssassin: posts small blind $0.50
Trojanovich: is sitting out 
Cythian182: posts big blind $1
*** HOLE CARDS ***
Trojanovich leaves the table
PhoenixAssassin: raises $1.50 to $2.50
Cythian182: folds 
Uncalled bet ($1.50) returned to PhoenixAssassin
PhoenixAssassin collected $2 from pot
PhoenixAssassin: doesn't show hand 
*** SUMMARY ***
Total pot $2 | Rake $0 
Seat 1: Trojanovich
Seat 5: Cythian182 (big blind) folded before Flop
Seat 6: PhoenixAssassin (button) (small blind) collected ($2)



PokerStars Hand #254554832934:  Hold'em No Limit ($0.50/$1.00 USD) - 2025/01/25 0:05:41 WET [2025/01/25 19:05:41 ET]
Table 'Gellivara II' 6-max Seat #5 is the button
Seat 5: Cythian182 ($93.15 in chips) 
Seat 6: PhoenixAssassin ($101 in chips) 
Cythian182: posts small blind $0.50
PhoenixAssassin: posts big blind $1
*** HOLE CARDS ***
Cythian182: folds 
Uncalled bet ($0.50) returned to PhoenixAssassin
PhoenixAssassin collected $1 from pot
PhoenixAssassin: doesn't show hand 
*** SUMMARY ***
Total pot $1 | Rake $0 
Seat 5: Cythian182 (button) (small blind) folded before Flop
Seat 6: PhoenixAssassin (big blind) collected ($1)



PokerStars Hand #254554834384:  Hold'em No Limit ($0.50/$1.00 USD) - 2025/01/25 0:05:47 WET [2025/01/25 19:05:47 ET]
Table 'Gellivara II' 6-max Seat #6 is the button
Seat 5: Cythian182 ($92.65 in chips) 
Seat 6: PhoenixAssassin ($101.50 in chips) 
PhoenixAssassin: posts small blind $0.50
Cythian182: posts big blind $1
*** HOLE CARDS ***
PhoenixAssassin: folds 
Uncalled bet ($0.50) returned to Cythian182
Cythian182 collected $1 from pot
*** SUMMARY ***
Total pot $1 | Rake $0 
Seat 5: Cythian182 (big blind) collected ($1)
Seat 6: PhoenixAssassin (button) (small blind) folded before Flop



PokerStars Hand #254554835858:  Hold'em No Limit ($0.50/$1.00 USD) - 2025/01/25 0:05:54 WET [2025/01/25 19:05:54 ET]
Table 'Gellivara II' 6-max Seat #5 is the button
Seat 5: Cythian182 ($93.15 in chips) 
Seat 6: PhoenixAssassin ($101 in chips) 
Cythian182: posts small blind $0.50
PhoenixAssassin: posts big blind $1
*** HOLE CARDS ***
Cythian182: raises $2 to $3
PhoenixAssassin: folds 
Uncalled bet ($2) returned to Cythian182
Cythian182 collected $2 from pot
*** SUMMARY ***
Total pot $2 | Rake $0 
Seat 5: Cythian182 (button) (small blind) collected ($2)
Seat 6: PhoenixAssassin (big blind) folded before Flop



PokerStars Hand #254554837959:  Hold'em No Limit ($0.50/$1.00 USD) - 2025/01/25 0:06:03 WET [2025/01/25 19:06:03 ET]
Table 'Gellivara II' 6-max Seat #6 is the button
Seat 5: Cythian182 ($94.15 in chips) 
Seat 6: PhoenixAssassin ($100 in chips) 
PhoenixAssassin: posts small blind $0.50
Cythian182: posts big blind $1
*** HOLE CARDS ***
PhoenixAssassin: raises $1.50 to $2.50
Cythian182: calls $1.50
*** FLOP *** [9c 6s Kc]
Cythian182: checks 
PhoenixAssassin: bets $1.57
Cythian182: folds 
Uncalled bet ($1.57) returned to PhoenixAssassin
PhoenixAssassin collected $4.75 from pot
PhoenixAssassin: doesn't show hand 
*** SUMMARY ***
Total pot $5 | Rake $0.25 
Board [9c 6s Kc]
Seat 5: Cythian182 (big blind) folded on the Flop
Seat 6: PhoenixAssassin (button) (small blind) collected ($4.75)



PokerStars Hand #254554844885:  Hold'em No Limit ($0.50/$1.00 USD) - 2025/01/25 0:06:32 WET [2025/01/25 19:06:32 ET]
Table 'Gellivara II' 6-max Seat #5 is the button
Seat 5: Cythian182 ($91.65 in chips) 
Seat 6: PhoenixAssassin ($102.25 in chips) 
Cythian182: posts small blind $0.50
PhoenixAssassin: posts big blind $1
*** HOLE CARDS ***
Cythian182: folds 
Uncalled bet ($0.50) returned to PhoenixAssassin
PhoenixAssassin collected $1 from pot
PhoenixAssassin: doesn't show hand 
*** SUMMARY ***
Total pot $1 | Rake $0 
Seat 5: Cythian182 (button) (small blind) folded before Flop
Seat 6: PhoenixAssassin (big blind) collected ($1)



PokerStars Hand #254554846379:  Hold'em No Limit ($0.50/$1.00 USD) - 2025/01/25 0:06:39 WET [2025/01/25 19:06:39 ET]
Table 'Gellivara II' 6-max Seat #6 is the button
Seat 5: Cythian182 ($91.15 in chips) 
Seat 6: PhoenixAssassin ($102.75 in chips) 
PhoenixAssassin: posts small blind $0.50
Cythian182: posts big blind $1
*** HOLE CARDS ***
PhoenixAssassin: folds 
Uncalled bet ($0.50) returned to Cythian182
Cythian182 collected $1 from pot
*** SUMMARY ***
Total pot $1 | Rake $0 
Seat 5: Cythian182 (big blind) collected ($1)
Seat 6: PhoenixAssassin (button) (small blind) folded before Flop



PokerStars Hand #254554847763:  Hold'em No Limit ($0.50/$1.00 USD) - 2025/01/25 0:06:45 WET [2025/01/25 19:06:45 ET]
Table 'Gellivara II' 6-max Seat #5 is the button
Seat 5: Cythian182 ($91.65 in chips) 
Seat 6: PhoenixAssassin ($102.25 in chips) 
Cythian182: posts small blind $0.50
PhoenixAssassin: posts big blind $1
*** HOLE CARDS ***
Cythian182: raises $2 to $3
PhoenixAssassin: raises $9 to $12
Cythian182: calls $9
*** FLOP *** [Js 4d 3c]
PhoenixAssassin: bets $7.59
Cythian182: calls $7.59
*** TURN *** [Js 4d 3c] [Qs]
PhoenixAssassin: checks 
Cythian182: bets $16
PhoenixAssassin: calls $16
*** RIVER *** [Js 4d 3c Qs] [6c]
PhoenixAssassin: checks 
Cythian182: bets $56.06 and is all-in
PhoenixAssassin: calls $56.06
*** SHOW DOWN ***
Cythian182: shows [Th Ac] (high card Ace)
PhoenixAssassin: shows [Jh Ks] (a pair of Jacks)
PhoenixAssassin collected $182.30 from pot
*** SUMMARY ***
Total pot $183.30 | Rake $1 
Board [Js 4d 3c Qs 6c]
Seat 5: Cythian182 (button) (small blind) showed [Th Ac] and lost with high card Ace
Seat 6: PhoenixAssassin (big blind) showed [Jh Ks] and won ($182.30) with a pair of Jacks



PokerStars Hand #254554867772:  Hold'em No Limit ($0.50/$1.00 USD) - 2025/01/25 0:08:11 WET [2025/01/25 19:08:11 ET]
Table 'Gellivara II' 6-max Seat #6 is the button
Seat 5: Cythian182 ($100 in chips) 
Seat 6: PhoenixAssassin ($192.90 in chips) 
PhoenixAssassin: posts small blind $0.50
Cythian182: posts big blind $1
*** HOLE CARDS ***
PhoenixAssassin: raises $1.50 to $2.50
Cythian182: calls $1.50
*** FLOP *** [Ac 7s 6s]
Cythian182: checks 
PhoenixAssassin: bets $1.57
Cythian182: folds 
Uncalled bet ($1.57) returned to PhoenixAssassin
PhoenixAssassin collected $4.75 from pot
PhoenixAssassin: doesn't show hand 
*** SUMMARY ***
Total pot $5 | Rake $0.25 
Board [Ac 7s 6s]
Seat 5: Cythian182 (big blind) folded on the Flop
Seat 6: PhoenixAssassin (button) (small blind) collected ($4.75)



PokerStars Hand #254554871954:  Hold'em No Limit ($0.50/$1.00 USD) - 2025/01/25 0:08:29 WET [2025/01/25 19:08:29 ET]
Table 'Gellivara II' 6-max Seat #5 is the button
Seat 5: Cythian182 ($97.50 in chips) 
Seat 6: PhoenixAssassin ($195.15 in chips) 
Cythian182: posts small blind $0.50
PhoenixAssassin: posts big blind $1
*** HOLE CARDS ***
Cythian182: raises $2 to $3
PhoenixAssassin: folds 
Uncalled bet ($2) returned to Cythian182
Cythian182 collected $2 from pot
*** SUMMARY ***
Total pot $2 | Rake $0 
Seat 5: Cythian182 (button) (small blind) collected ($2)
Seat 6: PhoenixAssassin (big blind) folded before Flop



PokerStars Hand #254554875242:  Hold'em No Limit ($0.50/$1.00 USD) - 2025/01/25 0:08:43 WET [2025/01/25 19:08:43 ET]
Table 'Gellivara II' 6-max Seat #6 is the button
Seat 5: Cythian182 ($98.50 in chips) 
Seat 6: PhoenixAssassin ($194.15 in chips) 
PhoenixAssassin: posts small blind $0.50
Cythian182: posts big blind $1
*** HOLE CARDS ***
PhoenixAssassin: raises $1.50 to $2.50
Cythian182: folds 
Uncalled bet ($1.50) returned to PhoenixAssassin
PhoenixAssassin collected $2 from pot
PhoenixAssassin: doesn't show hand 
*** SUMMARY ***
Total pot $2 | Rake $0 
Seat 5: Cythian182 (big blind) folded before Flop
Seat 6: PhoenixAssassin (button) (small blind) collected ($2)



PokerStars Hand #254554877210:  Hold'em No Limit ($0.50/$1.00 USD) - 2025/01/25 0:08:51 WET [2025/01/25 19:08:51 ET]
Table 'Gellivara II' 6-max Seat #5 is the button
Seat 5: Cythian182 ($97.50 in chips) 
Seat 6: PhoenixAssassin ($195.15 in chips) 
Cythian182: posts small blind $0.50
PhoenixAssassin: posts big blind $1
*** HOLE CARDS ***
Cythian182: folds 
Uncalled bet ($0.50) returned to PhoenixAssassin
PhoenixAssassin collected $1 from pot
PhoenixAssassin: doesn't show hand 
*** SUMMARY ***
Total pot $1 | Rake $0 
Seat 5: Cythian182 (button) (small blind) folded before Flop
Seat 6: PhoenixAssassin (big blind) collected ($1)



PokerStars Hand #254554878662:  Hold'em No Limit ($0.50/$1.00 USD) - 2025/01/25 0:08:58 WET [2025/01/25 19:08:58 ET]
Table 'Gellivara II' 6-max Seat #6 is the button
Seat 5: Cythian182 ($97 in chips) 
Seat 6: PhoenixAssassin ($195.65 in chips) 
PhoenixAssassin: posts small blind $0.50
Cythian182: posts big blind $1
*** HOLE CARDS ***
PhoenixAssassin: raises $1.50 to $2.50
Cythian182: folds 
Uncalled bet ($1.50) returned to PhoenixAssassin
PhoenixAssassin collected $2 from pot
PhoenixAssassin: doesn't show hand 
*** SUMMARY ***
Total pot $2 | Rake $0 
Seat 5: Cythian182 (big blind) folded before Flop
Seat 6: PhoenixAssassin (button) (small blind) collected ($2)



PokerStars Hand #254554880762:  Hold'em No Limit ($0.50/$1.00 USD) - 2025/01/25 0:09:07 WET [2025/01/25 19:09:07 ET]
Table 'Gellivara II' 6-max Seat #5 is the button
Seat 5: Cythian182 ($96 in chips) 
Seat 6: PhoenixAssassin ($196.65 in chips) 
Cythian182: posts small blind $0.50
PhoenixAssassin: posts big blind $1
*** HOLE CARDS ***
Cythian182: raises $2 to $3
PhoenixAssassin: raises $9 to $12
Cythian182: raises $18 to $30
PhoenixAssassin: folds 
Uncalled bet ($18) returned to Cythian182
Cythian182 collected $24 from pot
*** SUMMARY ***
Total pot $24 | Rake $0 
Seat 5: Cythian182 (button) (small blind) collected ($24)
Seat 6: PhoenixAssassin (big blind) folded before Flop



PokerStars Hand #254554886545:  Hold'em No Limit ($0.50/$1.00 USD) - 2025/01/25 0:09:32 WET [2025/01/25 19:09:32 ET]
Table 'Gellivara II' 6-max Seat #6 is the button
Seat 5: Cythian182 ($108 in chips) 
Seat 6: PhoenixAssassin ($184.65 in chips) 
PhoenixAssassin: posts small blind $0.50
Cythian182: posts big blind $1
*** HOLE CARDS ***
PhoenixAssassin: raises $1.50 to $2.50
Cythian182: calls $1.50
*** FLOP *** [Ad 3h Jd]
Cythian182: checks 
PhoenixAssassin: bets $1.57
Cythian182: calls $1.57
*** TURN *** [Ad 3h Jd] [Td]
Cythian182: checks 
PhoenixAssassin: checks 
*** RIVER *** [Ad 3h Jd Td] [3d]
Cythian182: checks 
PhoenixAssassin: bets $5.10
Cythian182: folds 
Uncalled bet ($5.10) returned to PhoenixAssassin
PhoenixAssassin collected $7.73 from pot
PhoenixAssassin: doesn't show hand 
*** SUMMARY ***
Total pot $8.14 | Rake $0.41 
Board [Ad 3h Jd Td 3d]
Seat 5: Cythian182 (big blind) folded on the River
Seat 6: PhoenixAssassin (button) (small blind) collected ($7.73)



PokerStars Hand #254554897132:  Hold'em No Limit ($0.50/$1.00 USD) - 2025/01/25 0:10:19 WET [2025/01/25 19:10:19 ET]
Table 'Gellivara II' 6-max Seat #5 is the button
Seat 5: Cythian182 ($103.93 in chips) 
Seat 6: PhoenixAssassin ($188.31 in chips) 
Cythian182: posts small blind $0.50
PhoenixAssassin: posts big blind $1
*** HOLE CARDS ***
Cythian182: raises $2 to $3
PhoenixAssassin: calls $2
*** FLOP *** [6s 8d 9s]
PhoenixAssassin: checks 
Cythian182: bets $4.50
PhoenixAssassin: calls $4.50
*** TURN *** [6s 8d 9s] [8h]
PhoenixAssassin: checks 
Cythian182: bets $12
PhoenixAssassin: raises $19.13 to $31.13
Unipoker11 joins the table at seat #4 
z00mba joins the table at seat #1 
Cythian182: calls $19.13
*** RIVER *** [6s 8d 9s 8h] [Kd]
PhoenixAssassin: bets $76.26
Cythian182: folds 
Uncalled bet ($76.26) returned to PhoenixAssassin
PhoenixAssassin collected $76.26 from pot
PhoenixAssassin: doesn't show hand 
*** SUMMARY ***
Total pot $77.26 | Rake $1 
Board [6s 8d 9s 8h Kd]
Seat 5: Cythian182 (button) (small blind) folded on the River
Seat 6: PhoenixAssassin (big blind) collected ($76.26)



PokerStars Hand #254554914168:  Hold'em No Limit ($0.50/$1.00 USD) - 2025/01/25 0:11:34 WET [2025/01/25 19:11:34 ET]
Table 'Gellivara II' 6-max Seat #5 is the button
Seat 4: Unipoker11 ($100 in chips) is sitting out
Seat 1: z00mba ($100 in chips) 
Seat 5: Cythian182 ($65.30 in chips) 
Seat 6: PhoenixAssassin ($225.94 in chips) 
PhoenixAssassin: posts small blind $0.50
z00mba: posts big blind $1
Unipoker11: sits out 
*** HOLE CARDS ***
Cythian182: folds 
PhoenixAssassin: folds 
Uncalled bet ($0.50) returned to z00mba
z00mba collected $1 from pot
z00mba: doesn't show hand 
*** SUMMARY ***
Total pot $1 | Rake $0 
Seat 4: Unipoker11
Seat 1: z00mba (big blind) collected ($1)
Seat 5: Cythian182 (button) folded before Flop (didn't bet)
Seat 6: PhoenixAssassin (small blind) folded before Flop



PokerStars Hand #254554915757:  Hold'em No Limit ($0.50/$1.00 USD) - 2025/01/25 0:11:41 WET [2025/01/25 19:11:41 ET]
Table 'Gellivara II' 6-max Seat #6 is the button
Seat 1: z00mba ($100.50 in chips) 
Seat 4: Unipoker11 ($100 in chips) 
Seat 5: Cythian182 ($65.30 in chips) 
Seat 6: PhoenixAssassin ($225.44 in chips) 
z00mba: posts small blind $0.50
Unipoker11: posts big blind $1
*** HOLE CARDS ***
Cythian182: raises $2 to $3
PhoenixAssassin: raises $6 to $9
z00mba: folds 
Unipoker11: folds 
Cythian182: raises $56.30 to $65.30 and is all-in
PhoenixAssassin: folds 
Uncalled bet ($56.30) returned to Cythian182
Cythian182 collected $19.50 from pot
*** SUMMARY ***
Total pot $19.50 | Rake $0 
Seat 1: z00mba (small blind) folded before Flop
Seat 4: Unipoker11 (big blind) folded before Flop
Seat 5: Cythian182 collected ($19.50)
Seat 6: PhoenixAssassin (button) folded before Flop



PokerStars Hand #254554920366:  Hold'em No Limit ($0.50/$1.00 USD) - 2025/01/25 0:12:01 WET [2025/01/25 19:12:01 ET]
Table 'Gellivara II' 6-max Seat #1 is the button
Seat 1: z00mba ($100 in chips) 
Seat 4: Unipoker11 ($100 in chips) 
Seat 5: Cythian182 ($75.80 in chips) 
Seat 6: PhoenixAssassin ($216.44 in chips) 
Unipoker11: posts small blind $0.50
Cythian182: posts big blind $1
*** HOLE CARDS ***
PhoenixAssassin: folds 
z00mba: folds 
Unipoker11: folds 
Uncalled bet ($0.50) returned to Cythian182
Cythian182 collected $1 from pot
*** SUMMARY ***
Total pot $1 | Rake $0 
Seat 1: z00mba (button) folded before Flop (didn't bet)
Seat 4: Unipoker11 (small blind) folded before Flop
Seat 5: Cythian182 (big blind) collected ($1)
Seat 6: PhoenixAssassin folded before Flop (didn't bet)



PokerStars Hand #254554922024:  Hold'em No Limit ($0.50/$1.00 USD) - 2025/01/25 0:12:09 WET [2025/01/25 19:12:09 ET]
Table 'Gellivara II' 6-max Seat #4 is the button
Seat 1: z00mba ($100 in chips) 
Seat 4: Unipoker11 ($100 in chips) 
Seat 5: Cythian182 ($76.30 in chips) 
Seat 6: PhoenixAssassin ($216.44 in chips) 
Cythian182: posts small blind $0.50
PhoenixAssassin: posts big blind $1
*** HOLE CARDS ***
z00mba: folds 
Unipoker11: raises $1.50 to $2.50
z00mba leaves the table
Cythian182: folds 
PhoenixAssassin: calls $1.50
*** FLOP *** [7d Kc 7h]
PhoenixAssassin: checks 
Unipoker11: bets $1.30
PhoenixAssassin: calls $1.30
*** TURN *** [7d Kc 7h] [5d]
PhoenixAssassin: checks 
Unipoker11: checks 
*** RIVER *** [7d Kc 7h 5d] [2d]
PhoenixAssassin: checks 
Unipoker11: checks 
*** SHOW DOWN ***
PhoenixAssassin: shows [4d Ad] (a flush, Ace high)
Unipoker11: mucks hand 
PhoenixAssassin collected $7.70 from pot
*** SUMMARY ***
Total pot $8.10 | Rake $0.40 
Board [7d Kc 7h 5d 2d]
Seat 1: z00mba folded before Flop (didn't bet)
Seat 4: Unipoker11 (button) mucked
Seat 5: Cythian182 (small blind) folded before Flop
Seat 6: PhoenixAssassin (big blind) showed [4d Ad] and won ($7.70) with a flush, Ace high



PokerStars Hand #254554937921:  Hold'em No Limit ($0.50/$1.00 USD) - 2025/01/25 0:13:19 WET [2025/01/25 19:13:19 ET]
Table 'Gellivara II' 6-max Seat #5 is the button
Seat 4: Unipoker11 ($100 in chips) 
Seat 5: Cythian182 ($75.80 in chips) 
Seat 6: PhoenixAssassin ($220.34 in chips) 
PhoenixAssassin: posts small blind $0.50
Unipoker11: posts big blind $1
*** HOLE CARDS ***
Cythian182: folds 
PhoenixAssassin: folds 
Uncalled bet ($0.50) returned to Unipoker11
Unipoker11 collected $1 from pot
Unipoker11: doesn't show hand 
*** SUMMARY ***
Total pot $1 | Rake $0 
Seat 4: Unipoker11 (big blind) collected ($1)
Seat 5: Cythian182 (button) folded before Flop (didn't bet)
Seat 6: PhoenixAssassin (small blind) folded before Flop



PokerStars Hand #254554939730:  Hold'em No Limit ($0.50/$1.00 USD) - 2025/01/25 0:13:27 WET [2025/01/25 19:13:27 ET]
Table 'Gellivara II' 6-max Seat #6 is the button
Seat 4: Unipoker11 ($100.50 in chips) 
Seat 5: Cythian182 ($75.80 in chips) 
Seat 6: PhoenixAssassin ($219.84 in chips) 
Unipoker11: posts small blind $0.50
Cythian182: posts big blind $1
*** HOLE CARDS ***
PhoenixAssassin: folds 
Unipoker11: raises $2 to $3
Cythian182: raises $9 to $12
Unipoker11: folds 
Uncalled bet ($9) returned to Cythian182
Cythian182 collected $6 from pot
*** SUMMARY ***
Total pot $6 | Rake $0 
Seat 4: Unipoker11 (small blind) folded before Flop
Seat 5: Cythian182 (big blind) collected ($6)
Seat 6: PhoenixAssassin (button) folded before Flop (didn't bet)



PokerStars Hand #254554946422:  Hold'em No Limit ($0.50/$1.00 USD) - 2025/01/25 0:13:57 WET [2025/01/25 19:13:57 ET]
Table 'Gellivara II' 6-max Seat #4 is the button
Seat 4: Unipoker11 ($100 in chips) 
Seat 5: Cythian182 ($78.80 in chips) 
Seat 6: PhoenixAssassin ($219.84 in chips) 
Cythian182: posts small blind $0.50
PhoenixAssassin: posts big blind $1
*** HOLE CARDS ***
Unipoker11: folds 
Cythian182: folds 
Uncalled bet ($0.50) returned to PhoenixAssassin
PhoenixAssassin collected $1 from pot
PhoenixAssassin: doesn't show hand 
*** SUMMARY ***
Total pot $1 | Rake $0 
Seat 4: Unipoker11 (button) folded before Flop (didn't bet)
Seat 5: Cythian182 (small blind) folded before Flop
Seat 6: PhoenixAssassin (big blind) collected ($1)



PokerStars Hand #254554948551:  Hold'em No Limit ($0.50/$1.00 USD) - 2025/01/25 0:14:06 WET [2025/01/25 19:14:06 ET]
Table 'Gellivara II' 6-max Seat #5 is the button
Seat 4: Unipoker11 ($100 in chips) 
Seat 5: Cythian182 ($78.30 in chips) 
Seat 6: PhoenixAssassin ($220.34 in chips) 
PhoenixAssassin: posts small blind $0.50
Unipoker11: posts big blind $1
*** HOLE CARDS ***
Cythian182: folds 
PhoenixAssassin: folds 
Uncalled bet ($0.50) returned to Unipoker11
Unipoker11 collected $1 from pot
Unipoker11: doesn't show hand 
*** SUMMARY ***
Total pot $1 | Rake $0 
Seat 4: Unipoker11 (big blind) collected ($1)
Seat 5: Cythian182 (button) folded before Flop (didn't bet)
Seat 6: PhoenixAssassin (small blind) folded before Flop



PokerStars Hand #254554950312:  Hold'em No Limit ($0.50/$1.00 USD) - 2025/01/25 0:14:14 WET [2025/01/25 19:14:14 ET]
Table 'Gellivara II' 6-max Seat #6 is the button
Seat 4: Unipoker11 ($100.50 in chips) 
Seat 5: Cythian182 ($78.30 in chips) 
Seat 6: PhoenixAssassin ($219.84 in chips) 
Unipoker11: posts small blind $0.50
Cythian182: posts big blind $1
*** HOLE CARDS ***
PhoenixAssassin: folds 
pmeade1977 joins the table at seat #3 
pmeade1977 is disconnected 
Unipoker11: raises $2 to $3
adrianos1211 joins the table at seat #1 
Cythian182: folds 
Uncalled bet ($2) returned to Unipoker11
Unipoker11 collected $2 from pot
Unipoker11: doesn't show hand 
*** SUMMARY ***
Total pot $2 | Rake $0 
Seat 4: Unipoker11 (small blind) collected ($2)
Seat 5: Cythian182 (big blind) folded before Flop
Seat 6: PhoenixAssassin (button) folded before Flop (didn't bet)



PokerStars Hand #254554955686:  Hold'em No Limit ($0.50/$1.00 USD) - 2025/01/25 0:14:38 WET [2025/01/25 19:14:38 ET]
Table 'Gellivara II' 6-max Seat #4 is the button
Seat 1: adrianos1211 ($100 in chips) is sitting out
Seat 3: pmeade1977 ($67.49 in chips) 
Seat 4: Unipoker11 ($101.50 in chips) 
Seat 5: Cythian182 ($77.30 in chips) 
Seat 6: PhoenixAssassin ($219.84 in chips) 
Cythian182: posts small blind $0.50
PhoenixAssassin: posts big blind $1
adrianos1211: sits out 
pmeade1977: posts big blind $1
*** HOLE CARDS ***
pmeade1977: checks 
Unipoker11: folds 
Cythian182: folds 
reiyser joins the table at seat #2 
PhoenixAssassin: checks 
*** FLOP *** [Kh 2c Qs]
PhoenixAssassin: bets $1
pmeade1977: folds 
Uncalled bet ($1) returned to PhoenixAssassin
PhoenixAssassin collected $2.38 from pot
PhoenixAssassin: doesn't show hand 
*** SUMMARY ***
Total pot $2.50 | Rake $0.12 
Board [Kh 2c Qs]
Seat 1: adrianos1211
Seat 3: pmeade1977 folded on the Flop (didn't bet)
Seat 4: Unipoker11 (button) folded before Flop (didn't bet)
Seat 5: Cythian182 (small blind) folded before Flop
Seat 6: PhoenixAssassin (big blind) collected ($2.38)



PokerStars Hand #254554961988:  Hold'em No Limit ($0.50/$1.00 USD) - 2025/01/25 0:15:06 WET [2025/01/25 19:15:06 ET]
Table 'Gellivara II' 6-max Seat #5 is the button
Seat 2: reiyser ($100 in chips) is sitting out
Seat 1: adrianos1211 ($100 in chips) 
Seat 3: pmeade1977 ($66.49 in chips) 
Seat 4: Unipoker11 ($101.50 in chips) 
Seat 5: Cythian182 ($76.80 in chips) 
Seat 6: PhoenixAssassin ($221.22 in chips) 
PhoenixAssassin: posts small blind $0.50
adrianos1211: posts big blind $1
reiyser: sits out 
*** HOLE CARDS ***
pmeade1977 has timed out
pmeade1977: folds 
Unipoker11: raises $1.30 to $2.30
Cythian182: folds 
PhoenixAssassin: folds 
adrianos1211: calls $1.30
*** FLOP *** [2c 3d Ah]
adrianos1211: checks 
Unipoker11: checks 
*** TURN *** [2c 3d Ah] [7s]
adrianos1211: bets $2.42
Unipoker11: calls $2.42
*** RIVER *** [2c 3d Ah 7s] [2h]
adrianos1211: checks 
Unipoker11: bets $9.44
adrianos1211: folds 
Uncalled bet ($9.44) returned to Unipoker11
Unipoker11 collected $9.44 from pot
Unipoker11: doesn't show hand 
*** SUMMARY ***
Total pot $9.94 | Rake $0.50 
Board [2c 3d Ah 7s 2h]
Seat 2: reiyser
Seat 1: adrianos1211 (big blind) folded on the River
Seat 3: pmeade1977 folded before Flop (didn't bet)
Seat 4: Unipoker11 collected ($9.44)
Seat 5: Cythian182 (button) folded before Flop (didn't bet)
Seat 6: PhoenixAssassin (small blind) folded before Flop



PokerStars Hand #254554978452:  Hold'em No Limit ($0.50/$1.00 USD) - 2025/01/25 0:16:20 WET [2025/01/25 19:16:20 ET]
Table 'Gellivara II' 6-max Seat #6 is the button
Seat 1: adrianos1211 ($100 in chips) 
Seat 2: reiyser ($100 in chips) 
Seat 3: pmeade1977 ($66.49 in chips) 
Seat 4: Unipoker11 ($106.22 in chips) 
Seat 5: Cythian182 ($76.80 in chips) 
Seat 6: PhoenixAssassin ($220.72 in chips) 
adrianos1211: posts small blind $0.50
reiyser: posts big blind $1
*** HOLE CARDS ***
pmeade1977: folds 
Unipoker11: folds 
Cythian182: raises $2 to $3
PhoenixAssassin: folds 
adrianos1211: folds 
reiyser: folds 
Uncalled bet ($2) returned to Cythian182
Cythian182 collected $2.50 from pot
*** SUMMARY ***
Total pot $2.50 | Rake $0 
Seat 1: adrianos1211 (small blind) folded before Flop
Seat 2: reiyser (big blind) folded before Flop
Seat 3: pmeade1977 folded before Flop (didn't bet)
Seat 4: Unipoker11 folded before Flop (didn't bet)
Seat 5: Cythian182 collected ($2.50)
Seat 6: PhoenixAssassin (button) folded before Flop (didn't bet)



PokerStars Hand #254554982130:  Hold'em No Limit ($0.50/$1.00 USD) - 2025/01/25 0:16:37 WET [2025/01/25 19:16:37 ET]
Table 'Gellivara II' 6-max Seat #1 is the button
Seat 1: adrianos1211 ($100 in chips) 
Seat 2: reiyser ($100 in chips) 
Seat 3: pmeade1977 ($66.49 in chips) 
Seat 4: Unipoker11 ($106.22 in chips) 
Seat 5: Cythian182 ($78.30 in chips) 
Seat 6: PhoenixAssassin ($220.72 in chips) 
reiyser: posts small blind $0.50
pmeade1977: posts big blind $1
*** HOLE CARDS ***
Unipoker11: folds 
Cythian182: raises $2 to $3
PhoenixAssassin: folds 
adrianos1211: folds 
reiyser: calls $2.50
pmeade1977: folds 
*** FLOP *** [As Kd 2d]
reiyser: checks 
Cythian182: bets $3
reiyser: folds 
Uncalled bet ($3) returned to Cythian182
Cythian182 collected $6.65 from pot
*** SUMMARY ***
Total pot $7 | Rake $0.35 
Board [As Kd 2d]
Seat 1: adrianos1211 (button) folded before Flop (didn't bet)
Seat 2: reiyser (small blind) folded on the Flop
Seat 3: pmeade1977 (big blind) folded before Flop
Seat 4: Unipoker11 folded before Flop (didn't bet)
Seat 5: Cythian182 collected ($6.65)
Seat 6: PhoenixAssassin folded before Flop (didn't bet)



PokerStars Hand #254554987603:  Hold'em No Limit ($0.50/$1.00 USD) - 2025/01/25 0:17:02 WET [2025/01/25 19:17:02 ET]
Table 'Gellivara II' 6-max Seat #2 is the button
Seat 1: adrianos1211 ($100 in chips) 
Seat 2: reiyser ($100 in chips) 
Seat 3: pmeade1977 ($65.49 in chips) 
Seat 4: Unipoker11 ($106.22 in chips) 
Seat 5: Cythian182 ($81.95 in chips) 
Seat 6: PhoenixAssassin ($220.72 in chips) 
pmeade1977: posts small blind $0.50
Unipoker11: posts big blind $1
*** HOLE CARDS ***
Cythian182: folds 
PhoenixAssassin: raises $1.20 to $2.20
adrianos1211: folds 
reiyser: folds 
pmeade1977: folds 
Unipoker11: calls $1.20
*** FLOP *** [4s Td Jd]
Unipoker11: checks 
PhoenixAssassin: checks 
*** TURN *** [4s Td Jd] [Qs]
Unipoker11: checks 
PhoenixAssassin: checks 
*** RIVER *** [4s Td Jd Qs] [9s]
Unipoker11: checks 
PhoenixAssassin: checks 
*** SHOW DOWN ***
Unipoker11: shows [8c 6c] (a straight, Eight to Queen)
PhoenixAssassin: mucks hand 
Unipoker11 collected $4.66 from pot
*** SUMMARY ***
Total pot $4.90 | Rake $0.24 
Board [4s Td Jd Qs 9s]
Seat 1: adrianos1211 folded before Flop (didn't bet)
Seat 2: reiyser (button) folded before Flop (didn't bet)
Seat 3: pmeade1977 (small blind) folded before Flop
Seat 4: Unipoker11 (big blind) showed [8c 6c] and won ($4.66) with a straight, Eight to Queen
Seat 5: Cythian182 folded before Flop (didn't bet)
Seat 6: PhoenixAssassin mucked



PokerStars Hand #254554997777:  Hold'em No Limit ($0.50/$1.00 USD) - 2025/01/25 0:17:48 WET [2025/01/25 19:17:48 ET]
Table 'Gellivara II' 6-max Seat #3 is the button
Seat 1: adrianos1211 ($100 in chips) 
Seat 2: reiyser ($100 in chips) 
Seat 3: pmeade1977 ($64.99 in chips) 
Seat 4: Unipoker11 ($108.68 in chips) 
Seat 5: Cythian182 ($81.95 in chips) 
Seat 6: PhoenixAssassin ($218.52 in chips) 
Unipoker11: posts small blind $0.50
Cythian182: posts big blind $1
*** HOLE CARDS ***
PhoenixAssassin: folds 
adrianos1211: folds 
reiyser: folds 
pmeade1977: raises $3 to $4
Unipoker11: raises $8 to $12
Cythian182: folds 
pmeade1977: calls $8
*** FLOP *** [Th Ts 9d]
Unipoker11: bets $5.94
pmeade1977: calls $5.94
*** TURN *** [Th Ts 9d] [7c]
Unipoker11: bets $17.52
pmeade1977: calls $17.52
*** RIVER *** [Th Ts 9d 7c] [Kh]
Unipoker11: bets $34.71
pmeade1977: folds 
Uncalled bet ($34.71) returned to Unipoker11
Unipoker11 collected $69.42 from pot
Unipoker11: doesn't show hand 
*** SUMMARY ***
Total pot $71.92 | Rake $2.50 
Board [Th Ts 9d 7c Kh]
Seat 1: adrianos1211 folded before Flop (didn't bet)
Seat 2: reiyser folded before Flop (didn't bet)
Seat 3: pmeade1977 (button) folded on the River
Seat 4: Unipoker11 (small blind) collected ($69.42)
Seat 5: Cythian182 (big blind) folded before Flop
Seat 6: PhoenixAssassin folded before Flop (didn't bet)



PokerStars Hand #254555016998:  Hold'em No Limit ($0.50/$1.00 USD) - 2025/01/25 0:19:14 WET [2025/01/25 19:19:14 ET]
Table 'Gellivara II' 6-max Seat #4 is the button
Seat 1: adrianos1211 ($100 in chips) 
Seat 2: reiyser ($100 in chips) 
Seat 3: pmeade1977 ($29.53 in chips) 
Seat 4: Unipoker11 ($142.64 in chips) 
Seat 5: Cythian182 ($80.95 in chips) 
Seat 6: PhoenixAssassin ($218.52 in chips) 
Cythian182: posts small blind $0.50
PhoenixAssassin: posts big blind $1
*** HOLE CARDS ***
adrianos1211: folds 
reiyser: raises $1.23 to $2.23
pmeade1977: folds 
Unipoker11: folds 
Cythian182: raises $7.77 to $10
PhoenixAssassin: folds 
reiyser: calls $7.77
*** FLOP *** [Ad 6h Kc]
Cythian182: bets $6.58
reiyser: calls $6.58
*** TURN *** [Ad 6h Kc] [4h]
Cythian182: checks 
reiyser: checks 
*** RIVER *** [Ad 6h Kc 4h] [5s]
Cythian182: checks 
reiyser: bets $16.87
Cythian182: folds 
Uncalled bet ($16.87) returned to reiyser
reiyser collected $32.45 from pot
reiyser: doesn't show hand 
*** SUMMARY ***
Total pot $34.16 | Rake $1.71 
Board [Ad 6h Kc 4h 5s]
Seat 1: adrianos1211 folded before Flop (didn't bet)
Seat 2: reiyser collected ($32.45)
Seat 3: pmeade1977 folded before Flop (didn't bet)
Seat 4: Unipoker11 (button) folded before Flop (didn't bet)
Seat 5: Cythian182 (small blind) folded on the River
Seat 6: PhoenixAssassin (big blind) folded before Flop



PokerStars Hand #254555036954:  Hold'em No Limit ($0.50/$1.00 USD) - 2025/01/25 0:20:44 WET [2025/01/25 19:20:44 ET]
Table 'Gellivara II' 6-max Seat #5 is the button
Seat 1: adrianos1211 ($100 in chips) 
Seat 2: reiyser ($115.87 in chips) 
Seat 3: pmeade1977 ($29.53 in chips) 
Seat 4: Unipoker11 ($142.64 in chips) 
Seat 5: Cythian182 ($64.37 in chips) 
Seat 6: PhoenixAssassin ($217.52 in chips) 
PhoenixAssassin: posts small blind $0.50
adrianos1211: posts big blind $1
*** HOLE CARDS ***
reiyser: folds 
pmeade1977: folds 
Unipoker11: folds 
Cythian182: raises $2 to $3
PhoenixAssassin: folds 
adrianos1211: folds 
Uncalled bet ($2) returned to Cythian182
Cythian182 collected $2.50 from pot
*** SUMMARY ***
Total pot $2.50 | Rake $0 
Seat 1: adrianos1211 (big blind) folded before Flop
Seat 2: reiyser folded before Flop (didn't bet)
Seat 3: pmeade1977 folded before Flop (didn't bet)
Seat 4: Unipoker11 folded before Flop (didn't bet)
Seat 5: Cythian182 (button) collected ($2.50)
Seat 6: PhoenixAssassin (small blind) folded before Flop



PokerStars Hand #254555040217:  Hold'em No Limit ($0.50/$1.00 USD) - 2025/01/25 0:20:59 WET [2025/01/25 19:20:59 ET]
Table 'Gellivara II' 6-max Seat #6 is the button
Seat 1: adrianos1211 ($100 in chips) 
Seat 2: reiyser ($115.87 in chips) 
Seat 3: pmeade1977 ($29.53 in chips) 
Seat 4: Unipoker11 ($142.64 in chips) 
Seat 5: Cythian182 ($65.87 in chips) 
Seat 6: PhoenixAssassin ($217.02 in chips) 
adrianos1211: posts small blind $0.50
reiyser: posts big blind $1
*** HOLE CARDS ***
pmeade1977: folds 
Unipoker11: folds 
Cythian182: folds 
PhoenixAssassin: raises $1.50 to $2.50
adrianos1211: folds 
reiyser: folds 
Uncalled bet ($1.50) returned to PhoenixAssassin
PhoenixAssassin collected $2.50 from pot
PhoenixAssassin: doesn't show hand 
*** SUMMARY ***
Total pot $2.50 | Rake $0 
Seat 1: adrianos1211 (small blind) folded before Flop
Seat 2: reiyser (big blind) folded before Flop
Seat 3: pmeade1977 folded before Flop (didn't bet)
Seat 4: Unipoker11 folded before Flop (didn't bet)
Seat 5: Cythian182 folded before Flop (didn't bet)
Seat 6: PhoenixAssassin (button) collected ($2.50)



PokerStars Hand #254555044339:  Hold'em No Limit ($0.50/$1.00 USD) - 2025/01/25 0:21:18 WET [2025/01/25 19:21:18 ET]
Table 'Gellivara II' 6-max Seat #1 is the button
Seat 1: adrianos1211 ($100 in chips) 
Seat 2: reiyser ($114.87 in chips) 
Seat 3: pmeade1977 ($29.53 in chips) 
Seat 4: Unipoker11 ($142.64 in chips) 
Seat 5: Cythian182 ($65.87 in chips) 
Seat 6: PhoenixAssassin ($218.52 in chips) 
reiyser: posts small blind $0.50
pmeade1977: posts big blind $1
*** HOLE CARDS ***
Unipoker11: folds 
Cythian182: folds 
PhoenixAssassin: folds 
adrianos1211: folds 
reiyser: folds 
Uncalled bet ($0.50) returned to pmeade1977
pmeade1977 collected $1 from pot
*** SUMMARY ***
Total pot $1 | Rake $0 
Seat 1: adrianos1211 (button) folded before Flop (didn't bet)
Seat 2: reiyser (small blind) folded before Flop
Seat 3: pmeade1977 (big blind) collected ($1)
Seat 4: Unipoker11 folded before Flop (didn't bet)
Seat 5: Cythian182 folded before Flop (didn't bet)
Seat 6: PhoenixAssassin folded before Flop (didn't bet)



PokerStars Hand #254555047519:  Hold'em No Limit ($0.50/$1.00 USD) - 2025/01/25 0:21:33 WET [2025/01/25 19:21:33 ET]
Table 'Gellivara II' 6-max Seat #2 is the button
Seat 1: adrianos1211 ($100 in chips) 
Seat 2: reiyser ($114.37 in chips) 
Seat 3: pmeade1977 ($30.03 in chips) 
Seat 4: Unipoker11 ($142.64 in chips) 
Seat 5: Cythian182 ($65.87 in chips) 
Seat 6: PhoenixAssassin ($218.52 in chips) 
pmeade1977: posts small blind $0.50
Unipoker11: posts big blind $1
*** HOLE CARDS ***
Cythian182: folds 
PhoenixAssassin: folds 
adrianos1211: folds 
reiyser: raises $1.23 to $2.23
pmeade1977: folds 
Unipoker11: raises $10.27 to $12.50
reiyser: folds 
Uncalled bet ($10.27) returned to Unipoker11
Unipoker11 collected $4.96 from pot
Unipoker11: doesn't show hand 
*** SUMMARY ***
Total pot $4.96 | Rake $0 
Seat 1: adrianos1211 folded before Flop (didn't bet)
Seat 2: reiyser (button) folded before Flop
Seat 3: pmeade1977 (small blind) folded before Flop
Seat 4: Unipoker11 (big blind) collected ($4.96)
Seat 5: Cythian182 folded before Flop (didn't bet)
Seat 6: PhoenixAssassin folded before Flop (didn't bet)



PokerStars Hand #254555054944:  Hold'em No Limit ($0.50/$1.00 USD) - 2025/01/25 0:22:07 WET [2025/01/25 19:22:07 ET]
Table 'Gellivara II' 6-max Seat #3 is the button
Seat 1: adrianos1211 ($100 in chips) 
Seat 2: reiyser ($112.14 in chips) 
Seat 3: pmeade1977 ($29.53 in chips) 
Seat 4: Unipoker11 ($145.37 in chips) 
Seat 5: Cythian182 ($65.87 in chips) 
Seat 6: PhoenixAssassin ($218.52 in chips) 
Unipoker11: posts small blind $0.50
Cythian182: posts big blind $1
*** HOLE CARDS ***
PhoenixAssassin: folds 
adrianos1211: raises $2 to $3
reiyser: folds 
pmeade1977: raises $26.53 to $29.53 and is all-in
Unipoker11: folds 
Cythian182: folds 
adrianos1211: folds 
Uncalled bet ($26.53) returned to pmeade1977
pmeade1977 collected $7.50 from pot
*** SUMMARY ***
Total pot $7.50 | Rake $0 
Seat 1: adrianos1211 folded before Flop
Seat 2: reiyser folded before Flop (didn't bet)
Seat 3: pmeade1977 (button) collected ($7.50)
Seat 4: Unipoker11 (small blind) folded before Flop
Seat 5: Cythian182 (big blind) folded before Flop
Seat 6: PhoenixAssassin folded before Flop (didn't bet)



PokerStars Hand #254555060927:  Hold'em No Limit ($0.50/$1.00 USD) - 2025/01/25 0:22:34 WET [2025/01/25 19:22:34 ET]
Table 'Gellivara II' 6-max Seat #4 is the button
Seat 1: adrianos1211 ($100 in chips) 
Seat 2: reiyser ($112.14 in chips) 
Seat 3: pmeade1977 ($34.03 in chips) 
Seat 4: Unipoker11 ($144.87 in chips) 
Seat 5: Cythian182 ($64.87 in chips) 
Seat 6: PhoenixAssassin ($218.52 in chips) 
Cythian182: posts small blind $0.50
PhoenixAssassin: posts big blind $1
*** HOLE CARDS ***
adrianos1211: folds 
reiyser: folds 
pmeade1977: raises $33.03 to $34.03 and is all-in
Unipoker11: folds 
Cythian182: folds 
PhoenixAssassin: folds 
Uncalled bet ($33.03) returned to pmeade1977
pmeade1977 collected $2.50 from pot
*** SUMMARY ***
Total pot $2.50 | Rake $0 
Seat 1: adrianos1211 folded before Flop (didn't bet)
Seat 2: reiyser folded before Flop (didn't bet)
Seat 3: pmeade1977 collected ($2.50)
Seat 4: Unipoker11 (button) folded before Flop (didn't bet)
Seat 5: Cythian182 (small blind) folded before Flop
Seat 6: PhoenixAssassin (big blind) folded before Flop



PokerStars Hand #254555064526:  Hold'em No Limit ($0.50/$1.00 USD) - 2025/01/25 0:22:51 WET [2025/01/25 19:22:51 ET]
Table 'Gellivara II' 6-max Seat #5 is the button
Seat 1: adrianos1211 ($100 in chips) 
Seat 2: reiyser ($112.14 in chips) 
Seat 3: pmeade1977 ($35.53 in chips) 
Seat 4: Unipoker11 ($144.87 in chips) 
Seat 5: Cythian182 ($64.37 in chips) 
Seat 6: PhoenixAssassin ($217.52 in chips) 
PhoenixAssassin: posts small blind $0.50
adrianos1211: posts big blind $1
*** HOLE CARDS ***
reiyser: raises $1.23 to $2.23
pmeade1977: folds 
Unipoker11: folds 
Cythian182: folds 
PhoenixAssassin: folds 
adrianos1211: folds 
Uncalled bet ($1.23) returned to reiyser
reiyser collected $2.50 from pot
reiyser: doesn't show hand 
*** SUMMARY ***
Total pot $2.50 | Rake $0 
Seat 1: adrianos1211 (big blind) folded before Flop
Seat 2: reiyser collected ($2.50)
Seat 3: pmeade1977 folded before Flop (didn't bet)
Seat 4: Unipoker11 folded before Flop (didn't bet)
Seat 5: Cythian182 (button) folded before Flop (didn't bet)
Seat 6: PhoenixAssassin (small blind) folded before Flop



PokerStars Hand #254555070495:  Hold'em No Limit ($0.50/$1.00 USD) - 2025/01/25 0:23:19 WET [2025/01/25 19:23:19 ET]
Table 'Gellivara II' 6-max Seat #6 is the button
Seat 1: adrianos1211 ($100 in chips) 
Seat 2: reiyser ($113.64 in chips) 
Seat 3: pmeade1977 ($35.53 in chips) 
Seat 4: Unipoker11 ($144.87 in chips) 
Seat 5: Cythian182 ($64.37 in chips) 
Seat 6: PhoenixAssassin ($217.02 in chips) 
adrianos1211: posts small blind $0.50
reiyser: posts big blind $1
*** HOLE CARDS ***
pmeade1977: folds 
Unipoker11: folds 
Cythian182: raises $2 to $3
PhoenixAssassin: folds 
adrianos1211: folds 
reiyser: folds 
Uncalled bet ($2) returned to Cythian182
Cythian182 collected $2.50 from pot
*** SUMMARY ***
Total pot $2.50 | Rake $0 
Seat 1: adrianos1211 (small blind) folded before Flop
Seat 2: reiyser (big blind) folded before Flop
Seat 3: pmeade1977 folded before Flop (didn't bet)
Seat 4: Unipoker11 folded before Flop (didn't bet)
Seat 5: Cythian182 collected ($2.50)
Seat 6: PhoenixAssassin (button) folded before Flop (didn't bet)



PokerStars Hand #254555074861:  Hold'em No Limit ($0.50/$1.00 USD) - 2025/01/25 0:23:38 WET [2025/01/25 19:23:38 ET]
Table 'Gellivara II' 6-max Seat #1 is the button
Seat 1: adrianos1211 ($100 in chips) 
Seat 2: reiyser ($112.64 in chips) 
Seat 3: pmeade1977 ($35.53 in chips) 
Seat 4: Unipoker11 ($144.87 in chips) 
Seat 5: Cythian182 ($65.87 in chips) 
Seat 6: PhoenixAssassin ($217.02 in chips) 
reiyser: posts small blind $0.50
pmeade1977: posts big blind $1
*** HOLE CARDS ***
Unipoker11: folds 
Cythian182: folds 
PhoenixAssassin: raises $1.50 to $2.50
adrianos1211: folds 
reiyser: folds 
pmeade1977: calls $1.50
*** FLOP *** [Qc 7c 6d]
pmeade1977: checks 
PhoenixAssassin: checks 
*** TURN *** [Qc 7c 6d] [3s]
pmeade1977: bets $3
PhoenixAssassin: folds 
Uncalled bet ($3) returned to pmeade1977
pmeade1977 collected $5.22 from pot
*** SUMMARY ***
Total pot $5.50 | Rake $0.28 
Board [Qc 7c 6d 3s]
Seat 1: adrianos1211 (button) folded before Flop (didn't bet)
Seat 2: reiyser (small blind) folded before Flop
Seat 3: pmeade1977 (big blind) collected ($5.22)
Seat 4: Unipoker11 folded before Flop (didn't bet)
Seat 5: Cythian182 folded before Flop (didn't bet)
Seat 6: PhoenixAssassin folded on the Turn



PokerStars Hand #254555084630:  Hold'em No Limit ($0.50/$1.00 USD) - 2025/01/25 0:24:24 WET [2025/01/25 19:24:24 ET]
Table 'Gellivara II' 6-max Seat #2 is the button
Seat 1: adrianos1211 ($100 in chips) 
Seat 2: reiyser ($112.14 in chips) 
Seat 3: pmeade1977 ($38.25 in chips) 
Seat 4: Unipoker11 ($144.87 in chips) 
Seat 5: Cythian182 ($65.87 in chips) 
Seat 6: PhoenixAssassin ($214.52 in chips) 
pmeade1977: posts small blind $0.50
Unipoker11: posts big blind $1
*** HOLE CARDS ***
Cythian182: raises $2 to $3
PhoenixAssassin: folds 
adrianos1211: folds 
reiyser: folds 
pmeade1977: folds 
Unipoker11: folds 
Uncalled bet ($2) returned to Cythian182
Cythian182 collected $2.50 from pot
*** SUMMARY ***
Total pot $2.50 | Rake $0 
Seat 1: adrianos1211 folded before Flop (didn't bet)
Seat 2: reiyser (button) folded before Flop (didn't bet)
Seat 3: pmeade1977 (small blind) folded before Flop
Seat 4: Unipoker11 (big blind) folded before Flop
Seat 5: Cythian182 collected ($2.50)
Seat 6: PhoenixAssassin folded before Flop (didn't bet)



PokerStars Hand #254555088772:  Hold'em No Limit ($0.50/$1.00 USD) - 2025/01/25 0:24:43 WET [2025/01/25 19:24:43 ET]
Table 'Gellivara II' 6-max Seat #3 is the button
Seat 1: adrianos1211 ($100 in chips) 
Seat 2: reiyser ($112.14 in chips) 
Seat 3: pmeade1977 ($37.75 in chips) 
Seat 4: Unipoker11 ($143.87 in chips) 
Seat 5: Cythian182 ($67.37 in chips) 
Seat 6: PhoenixAssassin ($214.52 in chips) 
Unipoker11: posts small blind $0.50
Cythian182: posts big blind $1
*** HOLE CARDS ***
PhoenixAssassin: folds 
adrianos1211: folds 
reiyser: folds 
pmeade1977: folds 
Unipoker11: raises $2 to $3
Cythian182: folds 
Uncalled bet ($2) returned to Unipoker11
Unipoker11 collected $2 from pot
Unipoker11: doesn't show hand 
*** SUMMARY ***
Total pot $2 | Rake $0 
Seat 1: adrianos1211 folded before Flop (didn't bet)
Seat 2: reiyser folded before Flop (didn't bet)
Seat 3: pmeade1977 (button) folded before Flop (didn't bet)
Seat 4: Unipoker11 (small blind) collected ($2)
Seat 5: Cythian182 (big blind) folded before Flop
Seat 6: PhoenixAssassin folded before Flop (didn't bet)



PokerStars Hand #254555093380:  Hold'em No Limit ($0.50/$1.00 USD) - 2025/01/25 0:25:04 WET [2025/01/25 19:25:04 ET]
Table 'Gellivara II' 6-max Seat #4 is the button
Seat 1: adrianos1211 ($100 in chips) 
Seat 2: reiyser ($112.14 in chips) 
Seat 3: pmeade1977 ($37.75 in chips) 
Seat 4: Unipoker11 ($144.87 in chips) 
Seat 5: Cythian182 ($66.37 in chips) 
Seat 6: PhoenixAssassin ($214.52 in chips) 
Cythian182: posts small blind $0.50
PhoenixAssassin: posts big blind $1
*** HOLE CARDS ***
adrianos1211: folds 
reiyser: folds 
pmeade1977: folds 
Unipoker11: folds 
Cythian182: folds 
Uncalled bet ($0.50) returned to PhoenixAssassin
PhoenixAssassin collected $1 from pot
PhoenixAssassin: doesn't show hand 
*** SUMMARY ***
Total pot $1 | Rake $0 
Seat 1: adrianos1211 folded before Flop (didn't bet)
Seat 2: reiyser folded before Flop (didn't bet)
Seat 3: pmeade1977 folded before Flop (didn't bet)
Seat 4: Unipoker11 (button) folded before Flop (didn't bet)
Seat 5: Cythian182 (small blind) folded before Flop
Seat 6: PhoenixAssassin (big blind) collected ($1)



PokerStars Hand #254555097346:  Hold'em No Limit ($0.50/$1.00 USD) - 2025/01/25 0:25:22 WET [2025/01/25 19:25:22 ET]
Table 'Gellivara II' 6-max Seat #5 is the button
Seat 1: adrianos1211 ($100 in chips) 
Seat 2: reiyser ($112.14 in chips) 
Seat 3: pmeade1977 ($37.75 in chips) 
Seat 4: Unipoker11 ($144.87 in chips) 
Seat 5: Cythian182 ($65.87 in chips) 
Seat 6: PhoenixAssassin ($215.02 in chips) 
PhoenixAssassin: posts small blind $0.50
adrianos1211: posts big blind $1
*** HOLE CARDS ***
reiyser: raises $1.23 to $2.23
pmeade1977: folds 
Unipoker11: folds 
Cythian182: folds 
PhoenixAssassin: folds 
adrianos1211: folds 
Uncalled bet ($1.23) returned to reiyser
reiyser collected $2.50 from pot
reiyser: doesn't show hand 
*** SUMMARY ***
Total pot $2.50 | Rake $0 
Seat 1: adrianos1211 (big blind) folded before Flop
Seat 2: reiyser collected ($2.50)
Seat 3: pmeade1977 folded before Flop (didn't bet)
Seat 4: Unipoker11 folded before Flop (didn't bet)
Seat 5: Cythian182 (button) folded before Flop (didn't bet)
Seat 6: PhoenixAssassin (small blind) folded before Flop



PokerStars Hand #254555101553:  Hold'em No Limit ($0.50/$1.00 USD) - 2025/01/25 0:25:42 WET [2025/01/25 19:25:42 ET]
Table 'Gellivara II' 6-max Seat #6 is the button
Seat 1: adrianos1211 ($100 in chips) 
Seat 2: reiyser ($113.64 in chips) 
Seat 3: pmeade1977 ($37.75 in chips) 
Seat 4: Unipoker11 ($144.87 in chips) 
Seat 5: Cythian182 ($65.87 in chips) 
Seat 6: PhoenixAssassin ($214.52 in chips) 
adrianos1211: posts small blind $0.50
reiyser: posts big blind $1
*** HOLE CARDS ***
pmeade1977: folds 
Unipoker11: folds 
Cythian182: folds 
PhoenixAssassin: raises $1.50 to $2.50
adrianos1211: folds 
reiyser: calls $1.50
*** FLOP *** [5s 2s Jc]
reiyser: checks 
PhoenixAssassin: bets $1.72
reiyser: calls $1.72
*** TURN *** [5s 2s Jc] [8c]
reiyser: checks 
PhoenixAssassin: checks 
*** RIVER *** [5s 2s Jc 8c] [6d]
reiyser: bets $6.45
PhoenixAssassin: calls $6.45
*** SHOW DOWN ***
reiyser: shows [9d Ks] (high card King)
PhoenixAssassin: shows [Ts Th] (a pair of Tens)
PhoenixAssassin collected $20.75 from pot
*** SUMMARY ***
Total pot $21.84 | Rake $1.09 
Board [5s 2s Jc 8c 6d]
Seat 1: adrianos1211 (small blind) folded before Flop
Seat 2: reiyser (big blind) showed [9d Ks] and lost with high card King
Seat 3: pmeade1977 folded before Flop (didn't bet)
Seat 4: Unipoker11 folded before Flop (didn't bet)
Seat 5: Cythian182 folded before Flop (didn't bet)
Seat 6: PhoenixAssassin (button) showed [Ts Th] and won ($20.75) with a pair of Tens



PokerStars Hand #254555113318:  Hold'em No Limit ($0.50/$1.00 USD) - 2025/01/25 0:26:37 WET [2025/01/25 19:26:37 ET]
Table 'Gellivara II' 6-max Seat #1 is the button
Seat 1: adrianos1211 ($100 in chips) 
Seat 2: reiyser ($102.97 in chips) 
Seat 3: pmeade1977 ($37.75 in chips) 
Seat 4: Unipoker11 ($144.87 in chips) 
Seat 5: Cythian182 ($65.87 in chips) 
Seat 6: PhoenixAssassin ($224.60 in chips) 
reiyser: posts small blind $0.50
pmeade1977: posts big blind $1
*** HOLE CARDS ***
Unipoker11: folds 
Cythian182: raises $2.10 to $3.10
PhoenixAssassin: folds 
adrianos1211: folds 
reiyser: folds 
pmeade1977: calls $2.10
*** FLOP *** [8h 4c 8d]
pmeade1977: checks 
Cythian182: bets $4
pmeade1977: folds 
Uncalled bet ($4) returned to Cythian182
Cythian182 collected $6.36 from pot
*** SUMMARY ***
Total pot $6.70 | Rake $0.34 
Board [8h 4c 8d]
Seat 1: adrianos1211 (button) folded before Flop (didn't bet)
Seat 2: reiyser (small blind) folded before Flop
Seat 3: pmeade1977 (big blind) folded on the Flop
Seat 4: Unipoker11 folded before Flop (didn't bet)
Seat 5: Cythian182 collected ($6.36)
Seat 6: PhoenixAssassin folded before Flop (didn't bet)



PokerStars Hand #254555122136:  Hold'em No Limit ($0.50/$1.00 USD) - 2025/01/25 0:27:18 WET [2025/01/25 19:27:18 ET]
Table 'Gellivara II' 6-max Seat #2 is the button
Seat 1: adrianos1211 ($100 in chips) 
Seat 2: reiyser ($102.47 in chips) 
Seat 3: pmeade1977 ($34.65 in chips) 
Seat 4: Unipoker11 ($144.87 in chips) 
Seat 5: Cythian182 ($69.13 in chips) 
Seat 6: PhoenixAssassin ($224.60 in chips) 
pmeade1977: posts small blind $0.50
Unipoker11: posts big blind $1
*** HOLE CARDS ***
Cythian182: folds 
PhoenixAssassin: folds 
adrianos1211: folds 
reiyser: raises $1.23 to $2.23
pmeade1977: raises $2.77 to $5
Unipoker11: folds 
reiyser: calls $2.77
*** FLOP *** [4s Ts 2h]
pmeade1977: bets $10.45
reiyser: folds 
Uncalled bet ($10.45) returned to pmeade1977
pmeade1977 collected $10.45 from pot
*** SUMMARY ***
Total pot $11 | Rake $0.55 
Board [4s Ts 2h]
Seat 1: adrianos1211 folded before Flop (didn't bet)
Seat 2: reiyser (button) folded on the Flop
Seat 3: pmeade1977 (small blind) collected ($10.45)
Seat 4: Unipoker11 (big blind) folded before Flop
Seat 5: Cythian182 folded before Flop (didn't bet)
Seat 6: PhoenixAssassin folded before Flop (didn't bet)



PokerStars Hand #254555133047:  Hold'em No Limit ($0.50/$1.00 USD) - 2025/01/25 0:28:09 WET [2025/01/25 19:28:09 ET]
Table 'Gellivara II' 6-max Seat #3 is the button
Seat 1: adrianos1211 ($100 in chips) 
Seat 2: reiyser ($100 in chips) 
Seat 3: pmeade1977 ($40.10 in chips) 
Seat 4: Unipoker11 ($143.87 in chips) 
Seat 5: Cythian182 ($69.13 in chips) 
Seat 6: PhoenixAssassin ($224.60 in chips) 
Unipoker11: posts small blind $0.50
Cythian182: posts big blind $1
*** HOLE CARDS ***
PhoenixAssassin: folds 
adrianos1211: folds 
reiyser: raises $1.23 to $2.23
pmeade1977: folds 
Unipoker11: folds 
Cythian182: calls $1.23
*** FLOP *** [Th Qh Qc]
Cythian182: checks 
reiyser: bets $1.37
Cythian182: folds 
Uncalled bet ($1.37) returned to reiyser
reiyser collected $4.71 from pot
reiyser: doesn't show hand 
*** SUMMARY ***
Total pot $4.96 | Rake $0.25 
Board [Th Qh Qc]
Seat 1: adrianos1211 folded before Flop (didn't bet)
Seat 2: reiyser collected ($4.71)
Seat 3: pmeade1977 (button) folded before Flop (didn't bet)
Seat 4: Unipoker11 (small blind) folded before Flop
Seat 5: Cythian182 (big blind) folded on the Flop
Seat 6: PhoenixAssassin folded before Flop (didn't bet)



PokerStars Hand #254555140377:  Hold'em No Limit ($0.50/$1.00 USD) - 2025/01/25 0:28:43 WET [2025/01/25 19:28:43 ET]
Table 'Gellivara II' 6-max Seat #4 is the button
Seat 1: adrianos1211 ($100 in chips) 
Seat 2: reiyser ($102.48 in chips) 
Seat 3: pmeade1977 ($40.10 in chips) 
Seat 4: Unipoker11 ($143.37 in chips) 
Seat 5: Cythian182 ($66.90 in chips) 
Seat 6: PhoenixAssassin ($224.60 in chips) 
Cythian182: posts small blind $0.50
PhoenixAssassin: posts big blind $1
*** HOLE CARDS ***
adrianos1211: folds 
reiyser: folds 
pmeade1977: calls $1
Unipoker11: folds 
Cythian182: folds 
PhoenixAssassin: checks 
*** FLOP *** [3c 7h 9h]
PhoenixAssassin: bets $1
pmeade1977: calls $1
*** TURN *** [3c 7h 9h] [6h]
PhoenixAssassin: checks 
pmeade1977: checks 
*** RIVER *** [3c 7h 9h 6h] [Qs]
PhoenixAssassin: checks 
pmeade1977: checks 
*** SHOW DOWN ***
PhoenixAssassin: shows [7c Tc] (a pair of Sevens)
pmeade1977: mucks hand 
PhoenixAssassin collected $4.28 from pot
*** SUMMARY ***
Total pot $4.50 | Rake $0.22 
Board [3c 7h 9h 6h Qs]
Seat 1: adrianos1211 folded before Flop (didn't bet)
Seat 2: reiyser folded before Flop (didn't bet)
Seat 3: pmeade1977 mucked
Seat 4: Unipoker11 (button) folded before Flop (didn't bet)
Seat 5: Cythian182 (small blind) folded before Flop
Seat 6: PhoenixAssassin (big blind) showed [7c Tc] and won ($4.28) with a pair of Sevens



PokerStars Hand #254555198833:  Hold'em No Limit ($0.50/$1.00 USD) - 2025/01/25 0:33:20 WET [2025/01/25 19:33:20 ET]
Table 'Gellivara II' 6-max Seat #4 is the button
Seat 1: adrianos1211 ($100 in chips) 
Seat 2: reiyser ($105.54 in chips) 
Seat 3: pmeade1977 ($51.71 in chips) 
Seat 4: Unipoker11 ($143.37 in chips) 
Seat 5: Cythian182 ($48.61 in chips) 
Seat 6: PhoenixAssassin ($226.38 in chips) 
Cythian182: posts small blind $0.50
PhoenixAssassin: posts big blind $1
*** HOLE CARDS ***
adrianos1211: raises $2 to $3
reiyser: raises $6 to $9
pmeade1977: folds 
Unipoker11: folds 
Cythian182: raises $39.61 to $48.61 and is all-in
PhoenixAssassin: folds 
adrianos1211: raises $51.39 to $100 and is all-in
reiyser: folds 
Uncalled bet ($51.39) returned to adrianos1211
*** FLOP *** [Ts Ks 8h]
*** TURN *** [Ts Ks 8h] [Jc]
*** RIVER *** [Ts Ks 8h Jc] [4d]
*** SHOW DOWN ***
Cythian182: shows [8c Tc] (two pair, Tens and Eights)
adrianos1211: shows [Kd Kh] (three of a kind, Kings)
adrianos1211 collected $104.72 from pot
*** SUMMARY ***
Total pot $107.22 | Rake $2.50 
Board [Ts Ks 8h Jc 4d]
Seat 1: adrianos1211 showed [Kd Kh] and won ($104.72) with three of a kind, Kings
Seat 2: reiyser folded before Flop
Seat 3: pmeade1977 folded before Flop (didn't bet)
Seat 4: Unipoker11 (button) folded before Flop (didn't bet)
Seat 5: Cythian182 (small blind) showed [8c Tc] and lost with two pair, Tens and Eights
Seat 6: PhoenixAssassin (big blind) folded before Flop



PokerStars Hand #254555208436:  Hold'em No Limit ($0.50/$1.00 USD) - 2025/01/25 0:34:05 WET [2025/01/25 19:34:05 ET]
Table 'Gellivara II' 6-max Seat #6 is the button
Seat 5: Cythian182 ($0 in chips) is sitting out
Seat 1: adrianos1211 ($156.11 in chips) 
Seat 2: reiyser ($100 in chips) 
Seat 3: pmeade1977 ($51.71 in chips) 
Seat 4: Unipoker11 ($143.37 in chips) 
Seat 6: PhoenixAssassin ($225.38 in chips) 
adrianos1211: posts small blind $0.50
reiyser: posts big blind $1
*** HOLE CARDS ***
Cythian182 is disconnected 
pmeade1977: folds 
Unipoker11: folds 
PhoenixAssassin: raises $1.50 to $2.50
adrianos1211: folds 
reiyser: folds 
Uncalled bet ($1.50) returned to PhoenixAssassin
PhoenixAssassin collected $2.50 from pot
PhoenixAssassin: doesn't show hand 
*** SUMMARY ***
Total pot $2.50 | Rake $0 
Seat 5: Cythian182
Seat 1: adrianos1211 (small blind) folded before Flop
Seat 2: reiyser (big blind) folded before Flop
Seat 3: pmeade1977 folded before Flop (didn't bet)
Seat 4: Unipoker11 folded before Flop (didn't bet)
Seat 6: PhoenixAssassin (button) collected ($2.50)



PokerStars Hand #254555211590:  Hold'em No Limit ($0.50/$1.00 USD) - 2025/01/25 0:34:20 WET [2025/01/25 19:34:20 ET]
Table 'Gellivara II' 6-max Seat #1 is the button
Seat 5: Cythian182 ($0 in chips) is sitting out
Seat 1: adrianos1211 ($155.61 in chips) 
Seat 2: reiyser ($100 in chips) 
Seat 3: pmeade1977 ($51.71 in chips) 
Seat 4: Unipoker11 ($143.37 in chips) 
Seat 6: PhoenixAssassin ($226.88 in chips) 
reiyser: posts small blind $0.50
pmeade1977: posts big blind $1
*** HOLE CARDS ***
Unipoker11: folds 
PhoenixAssassin: folds 
adrianos1211: raises $2 to $3
reiyser: folds 
pmeade1977: calls $2
*** FLOP *** [Qh 5c Ad]
pmeade1977: checks 
adrianos1211: checks 
*** TURN *** [Qh 5c Ad] [3c]
pmeade1977: checks 
adrianos1211: bets $3.09
pmeade1977: calls $3.09
*** RIVER *** [Qh 5c Ad 3c] [7s]
pmeade1977: checks 
adrianos1211: checks 
*** SHOW DOWN ***
pmeade1977: shows [Qc 9c] (a pair of Queens)
adrianos1211: shows [Qs Jd] (a pair of Queens - Ace+Jack kicker)
adrianos1211 collected $12.05 from pot
*** SUMMARY ***
Total pot $12.68 | Rake $0.63 
Board [Qh 5c Ad 3c 7s]
Seat 5: Cythian182
Seat 1: adrianos1211 (button) showed [Qs Jd] and won ($12.05) with a pair of Queens
Seat 2: reiyser (small blind) folded before Flop
Seat 3: pmeade1977 (big blind) showed [Qc 9c] and lost with a pair of Queens
Seat 4: Unipoker11 folded before Flop (didn't bet)
Seat 6: PhoenixAssassin folded before Flop (didn't bet)



PokerStars Hand #254555220172:  Hold'em No Limit ($0.50/$1.00 USD) - 2025/01/25 0:35:01 WET [2025/01/25 19:35:01 ET]
Table 'Gellivara II' 6-max Seat #2 is the button
Seat 5: Cythian182 ($0 in chips) is sitting out
Seat 1: adrianos1211 ($161.57 in chips) 
Seat 2: reiyser ($100 in chips) 
Seat 3: pmeade1977 ($45.62 in chips) 
Seat 4: Unipoker11 ($143.37 in chips) 
Seat 6: PhoenixAssassin ($226.88 in chips) 
pmeade1977: posts small blind $0.50
Unipoker11: posts big blind $1
*** HOLE CARDS ***
PhoenixAssassin: folds 
adrianos1211: folds 
reiyser: folds 
pmeade1977: folds 
Uncalled bet ($0.50) returned to Unipoker11
Unipoker11 collected $1 from pot
Unipoker11: doesn't show hand 
*** SUMMARY ***
Total pot $1 | Rake $0 
Seat 5: Cythian182
Seat 1: adrianos1211 folded before Flop (didn't bet)
Seat 2: reiyser (button) folded before Flop (didn't bet)
Seat 3: pmeade1977 (small blind) folded before Flop
Seat 4: Unipoker11 (big blind) collected ($1)
Seat 6: PhoenixAssassin folded before Flop (didn't bet)



PokerStars Hand #254555223142:  Hold'em No Limit ($0.50/$1.00 USD) - 2025/01/25 0:35:15 WET [2025/01/25 19:35:15 ET]
Table 'Gellivara II' 6-max Seat #3 is the button
Seat 5: Cythian182 ($0 in chips) is sitting out
Seat 1: adrianos1211 ($161.57 in chips) 
Seat 2: reiyser ($100 in chips) 
Seat 3: pmeade1977 ($45.12 in chips) 
Seat 4: Unipoker11 ($143.87 in chips) 
Seat 6: PhoenixAssassin ($226.88 in chips) 
Unipoker11: posts small blind $0.50
PhoenixAssassin: posts big blind $1
*** HOLE CARDS ***
adrianos1211: folds 
reiyser: folds 
pmeade1977: folds 
Unipoker11: folds 
Uncalled bet ($0.50) returned to PhoenixAssassin
PhoenixAssassin collected $1 from pot
PhoenixAssassin: doesn't show hand 
*** SUMMARY ***
Total pot $1 | Rake $0 
Seat 5: Cythian182
Seat 1: adrianos1211 folded before Flop (didn't bet)
Seat 2: reiyser folded before Flop (didn't bet)
Seat 3: pmeade1977 (button) folded before Flop (didn't bet)
Seat 4: Unipoker11 (small blind) folded before Flop
Seat 6: PhoenixAssassin (big blind) collected ($1)



PokerStars Hand #254555227460:  Hold'em No Limit ($0.50/$1.00 USD) - 2025/01/25 0:35:36 WET [2025/01/25 19:35:36 ET]
Table 'Gellivara II' 6-max Seat #4 is the button
Seat 5: Cythian182 ($0 in chips) is sitting out
Seat 1: adrianos1211 ($161.57 in chips) 
Seat 2: reiyser ($100 in chips) 
Seat 3: pmeade1977 ($45.12 in chips) 
Seat 4: Unipoker11 ($143.37 in chips) 
Seat 6: PhoenixAssassin ($227.38 in chips) 
PhoenixAssassin: posts small blind $0.50
adrianos1211: posts big blind $1
*** HOLE CARDS ***
reiyser: folds 
pmeade1977: calls $1
Unipoker11: folds 
PhoenixAssassin: folds 
adrianos1211: checks 
*** FLOP *** [3s 7h 2s]
adrianos1211: checks 
pmeade1977: checks 
*** TURN *** [3s 7h 2s] [5h]
adrianos1211: bets $1.19
pmeade1977: calls $1.19
*** RIVER *** [3s 7h 2s 5h] [As]
adrianos1211: checks 
pmeade1977: bets $4.64
adrianos1211: raises $154.74 to $159.38 and is all-in
pmeade1977: folds 
Uncalled bet ($154.74) returned to adrianos1211
adrianos1211 collected $13.45 from pot
adrianos1211: doesn't show hand 
*** SUMMARY ***
Total pot $14.16 | Rake $0.71 
Board [3s 7h 2s 5h As]
Seat 5: Cythian182
Seat 1: adrianos1211 (big blind) collected ($13.45)
Seat 2: reiyser folded before Flop (didn't bet)
Seat 3: pmeade1977 folded on the River
Seat 4: Unipoker11 (button) folded before Flop (didn't bet)
Seat 6: PhoenixAssassin (small blind) folded before Flop



PokerStars Hand #254555238576:  Hold'em No Limit ($0.50/$1.00 USD) - 2025/01/25 0:36:29 WET [2025/01/25 19:36:29 ET]
Table 'Gellivara II' 6-max Seat #6 is the button
Seat 5: Cythian182 ($0 in chips) is sitting out
Seat 1: adrianos1211 ($168.19 in chips) 
Seat 2: reiyser ($100 in chips) 
Seat 3: pmeade1977 ($38.29 in chips) 
Seat 4: Unipoker11 ($143.37 in chips) 
Seat 6: PhoenixAssassin ($226.88 in chips) 
adrianos1211: posts small blind $0.50
reiyser: posts big blind $1
*** HOLE CARDS ***
pmeade1977: raises $1 to $2
Unipoker11: folds 
PhoenixAssassin: raises $4 to $6
adrianos1211: folds 
reiyser: folds 
pmeade1977: raises $32.29 to $38.29 and is all-in
PhoenixAssassin: calls $32.29
*** FLOP *** [9d 7c 8c]
*** TURN *** [9d 7c 8c] [Ad]
*** RIVER *** [9d 7c 8c Ad] [3s]
*** SHOW DOWN ***
pmeade1977: shows [As Ah] (three of a kind, Aces)
PhoenixAssassin: shows [Td Tc] (a pair of Tens)
pmeade1977 collected $75.58 from pot
*** SUMMARY ***
Total pot $78.08 | Rake $2.50 
Board [9d 7c 8c Ad 3s]
Seat 5: Cythian182
Seat 1: adrianos1211 (small blind) folded before Flop
Seat 2: reiyser (big blind) folded before Flop
Seat 3: pmeade1977 showed [As Ah] and won ($75.58) with three of a kind, Aces
Seat 4: Unipoker11 folded before Flop (didn't bet)
Seat 6: PhoenixAssassin (button) showed [Td Tc] and lost with a pair of Tens



PokerStars Hand #254555247042:  Hold'em No Limit ($0.50/$1.00 USD) - 2025/01/25 0:37:09 WET [2025/01/25 19:37:09 ET]
Table 'Gellivara II' 6-max Seat #1 is the button
Seat 5: Cythian182 ($0 in chips) is sitting out
Seat 1: adrianos1211 ($167.69 in chips) 
Seat 2: reiyser ($100 in chips) 
Seat 3: pmeade1977 ($75.58 in chips) 
Seat 4: Unipoker11 ($143.37 in chips) 
Seat 6: PhoenixAssassin ($188.59 in chips) 
reiyser: posts small blind $0.50
pmeade1977: posts big blind $1
*** HOLE CARDS ***
Unipoker11: raises $1 to $2
PhoenixAssassin: folds 
adrianos1211: folds 
reiyser: folds 
pmeade1977: calls $1
*** FLOP *** [Qh Tc 9c]
pmeade1977: checks 
Unipoker11: bets $1.07
pmeade1977: folds 
Uncalled bet ($1.07) returned to Unipoker11
Unipoker11 collected $4.28 from pot
Unipoker11: doesn't show hand 
*** SUMMARY ***
Total pot $4.50 | Rake $0.22 
Board [Qh Tc 9c]
Seat 5: Cythian182
Seat 1: adrianos1211 (button) folded before Flop (didn't bet)
Seat 2: reiyser (small blind) folded before Flop
Seat 3: pmeade1977 (big blind) folded on the Flop
Seat 4: Unipoker11 collected ($4.28)
Seat 6: PhoenixAssassin folded before Flop (didn't bet)



PokerStars Hand #254555256242:  Hold'em No Limit ($0.50/$1.00 USD) - 2025/01/25 0:37:54 WET [2025/01/25 19:37:54 ET]
Table 'Gellivara II' 6-max Seat #2 is the button
Seat 5: Cythian182 ($0 in chips) is sitting out
Seat 1: adrianos1211 ($167.69 in chips) 
Seat 2: reiyser ($100 in chips) 
Seat 3: pmeade1977 ($73.58 in chips) 
Seat 4: Unipoker11 ($145.65 in chips) 
Seat 6: PhoenixAssassin ($188.59 in chips) 
pmeade1977: posts small blind $0.50
Unipoker11: posts big blind $1
*** HOLE CARDS ***
PhoenixAssassin: raises $1.20 to $2.20
adrianos1211: folds 
reiyser: folds 
pmeade1977: calls $1.70
Unipoker11: calls $1.20
*** FLOP *** [Kh 8h 2c]
pmeade1977: checks 
Unipoker11: checks 
PhoenixAssassin: bets $2.07
pmeade1977: folds 
Unipoker11: folds 
Uncalled bet ($2.07) returned to PhoenixAssassin
PhoenixAssassin collected $6.27 from pot
PhoenixAssassin: doesn't show hand 
*** SUMMARY ***
Total pot $6.60 | Rake $0.33 
Board [Kh 8h 2c]
Seat 5: Cythian182
Seat 1: adrianos1211 folded before Flop (didn't bet)
Seat 2: reiyser (button) folded before Flop (didn't bet)
Seat 3: pmeade1977 (small blind) folded on the Flop
Seat 4: Unipoker11 (big blind) folded on the Flop
Seat 6: PhoenixAssassin collected ($6.27)



PokerStars Hand #254555267446:  Hold'em No Limit ($0.50/$1.00 USD) - 2025/01/25 0:38:49 WET [2025/01/25 19:38:49 ET]
Table 'Gellivara II' 6-max Seat #3 is the button
Seat 5: Cythian182 ($0 in chips) is sitting out
Seat 1: adrianos1211 ($167.69 in chips) 
Seat 2: reiyser ($100 in chips) 
Seat 3: pmeade1977 ($71.38 in chips) 
Seat 4: Unipoker11 ($143.45 in chips) 
Seat 6: PhoenixAssassin ($192.66 in chips) 
Unipoker11: posts small blind $0.50
PhoenixAssassin: posts big blind $1
*** HOLE CARDS ***
adrianos1211: folds 
reiyser: folds 
pmeade1977: raises $2 to $3
Unipoker11: folds 
PhoenixAssassin: folds 
Uncalled bet ($2) returned to pmeade1977
pmeade1977 collected $2.50 from pot
*** SUMMARY ***
Total pot $2.50 | Rake $0 
Seat 5: Cythian182
Seat 1: adrianos1211 folded before Flop (didn't bet)
Seat 2: reiyser folded before Flop (didn't bet)
Seat 3: pmeade1977 (button) collected ($2.50)
Seat 4: Unipoker11 (small blind) folded before Flop
Seat 6: PhoenixAssassin (big blind) folded before Flop



PokerStars Hand #254555270541:  Hold'em No Limit ($0.50/$1.00 USD) - 2025/01/25 0:39:04 WET [2025/01/25 19:39:04 ET]
Table 'Gellivara II' 6-max Seat #4 is the button
Seat 5: Cythian182 ($0 in chips) is sitting out
Seat 1: adrianos1211 ($167.69 in chips) 
Seat 2: reiyser ($100 in chips) 
Seat 3: pmeade1977 ($72.88 in chips) 
Seat 4: Unipoker11 ($142.95 in chips) 
Seat 6: PhoenixAssassin ($191.66 in chips) 
PhoenixAssassin: posts small blind $0.50
adrianos1211: posts big blind $1
*** HOLE CARDS ***
reiyser: folds 
pmeade1977: calls $1
Unipoker11: folds 
PhoenixAssassin: calls $0.50
adrianos1211: checks 
*** FLOP *** [Kc 5s 8s]
PhoenixAssassin: bets $1
adrianos1211: folds 
pmeade1977: calls $1
*** TURN *** [Kc 5s 8s] [Qc]
PhoenixAssassin: bets $3.14
pmeade1977: calls $3.14
*** RIVER *** [Kc 5s 8s Qc] [2h]
PhoenixAssassin: bets $10.72
pmeade1977: folds 
Uncalled bet ($10.72) returned to PhoenixAssassin
PhoenixAssassin collected $10.72 from pot
PhoenixAssassin: doesn't show hand 
*** SUMMARY ***
Total pot $11.28 | Rake $0.56 
Board [Kc 5s 8s Qc 2h]
Seat 5: Cythian182
Seat 1: adrianos1211 (big blind) folded on the Flop
Seat 2: reiyser folded before Flop (didn't bet)
Seat 3: pmeade1977 folded on the River
Seat 4: Unipoker11 (button) folded before Flop (didn't bet)
Seat 6: PhoenixAssassin (small blind) collected ($10.72)



PokerStars Hand #254555280692:  Hold'em No Limit ($0.50/$1.00 USD) - 2025/01/25 0:39:54 WET [2025/01/25 19:39:54 ET]
Table 'Gellivara II' 6-max Seat #6 is the button
Seat 5: Cythian182 ($0 in chips) is sitting out
Seat 1: adrianos1211 ($166.69 in chips) 
Seat 2: reiyser ($100 in chips) 
Seat 3: pmeade1977 ($67.74 in chips) 
Seat 4: Unipoker11 ($142.95 in chips) 
Seat 6: PhoenixAssassin ($197.24 in chips) 
adrianos1211: posts small blind $0.50
reiyser: posts big blind $1
*** HOLE CARDS ***
pmeade1977: folds 
Unipoker11: folds 
PhoenixAssassin: folds 
adrianos1211: folds 
Uncalled bet ($0.50) returned to reiyser
reiyser collected $1 from pot
reiyser: doesn't show hand 
*** SUMMARY ***
Total pot $1 | Rake $0 
Seat 5: Cythian182
Seat 1: adrianos1211 (small blind) folded before Flop
Seat 2: reiyser (big blind) collected ($1)
Seat 3: pmeade1977 folded before Flop (didn't bet)
Seat 4: Unipoker11 folded before Flop (didn't bet)
Seat 6: PhoenixAssassin (button) folded before Flop (didn't bet)



PokerStars Hand #254555283046:  Hold'em No Limit ($0.50/$1.00 USD) - 2025/01/25 0:40:05 WET [2025/01/25 19:40:05 ET]
Table 'Gellivara II' 6-max Seat #1 is the button
Seat 5: Cythian182 ($0 in chips) is sitting out
Seat 1: adrianos1211 ($166.19 in chips) 
Seat 2: reiyser ($100.50 in chips) 
Seat 3: pmeade1977 ($67.74 in chips) 
Seat 4: Unipoker11 ($142.95 in chips) 
Seat 6: PhoenixAssassin ($197.24 in chips) 
reiyser: posts small blind $0.50
pmeade1977: posts big blind $1
*** HOLE CARDS ***
Unipoker11: folds 
PhoenixAssassin: folds 
adrianos1211: folds 
reiyser: raises $1.80 to $2.80
pmeade1977: calls $1.80
*** FLOP *** [Ks 6c 4d]
reiyser: checks 
pmeade1977: checks 
*** TURN *** [Ks 6c 4d] [2s]
reiyser: bets $4.04
pmeade1977: folds 
Uncalled bet ($4.04) returned to reiyser
reiyser collected $5.32 from pot
reiyser: doesn't show hand 
*** SUMMARY ***
Total pot $5.60 | Rake $0.28 
Board [Ks 6c 4d 2s]
Seat 5: Cythian182
Seat 1: adrianos1211 (button) folded before Flop (didn't bet)
Seat 2: reiyser (small blind) collected ($5.32)
Seat 3: pmeade1977 (big blind) folded on the Turn
Seat 4: Unipoker11 folded before Flop (didn't bet)
Seat 6: PhoenixAssassin folded before Flop (didn't bet)



PokerStars Hand #254555292598:  Hold'em No Limit ($0.50/$1.00 USD) - 2025/01/25 0:40:52 WET [2025/01/25 19:40:52 ET]
Table 'Gellivara II' 6-max Seat #2 is the button
Seat 5: Cythian182 ($0 in chips) is sitting out
Seat 1: adrianos1211 ($166.19 in chips) 
Seat 2: reiyser ($103.02 in chips) 
Seat 3: pmeade1977 ($64.94 in chips) 
Seat 4: Unipoker11 ($142.95 in chips) 
Seat 6: PhoenixAssassin ($197.24 in chips) 
pmeade1977: posts small blind $0.50
Unipoker11: posts big blind $1
*** HOLE CARDS ***
PhoenixAssassin: folds 
adrianos1211: folds 
reiyser: folds 
pmeade1977: calls $0.50
Unipoker11: raises $2.50 to $3.50
pmeade1977: calls $2.50
*** FLOP *** [Tc Th 5d]
pmeade1977: checks 
Unipoker11: bets $1.66
pmeade1977: folds 
Uncalled bet ($1.66) returned to Unipoker11
Unipoker11 collected $6.65 from pot
Unipoker11: doesn't show hand 
*** SUMMARY ***
Total pot $7 | Rake $0.35 
Board [Tc Th 5d]
Seat 5: Cythian182
Seat 1: adrianos1211 folded before Flop (didn't bet)
Seat 2: reiyser (button) folded before Flop (didn't bet)
Seat 3: pmeade1977 (small blind) folded on the Flop
Seat 4: Unipoker11 (big blind) collected ($6.65)
Seat 6: PhoenixAssassin folded before Flop (didn't bet)



PokerStars Hand #254555304065:  Hold'em No Limit ($0.50/$1.00 USD) - 2025/01/25 0:41:49 WET [2025/01/25 19:41:49 ET]
Table 'Gellivara II' 6-max Seat #3 is the button
Seat 5: Cythian182 ($0 in chips) is sitting out
Seat 6: PhoenixAssassin ($197.24 in chips) is sitting out
Seat 1: adrianos1211 ($166.19 in chips) 
Seat 2: reiyser ($103.02 in chips) 
Seat 3: pmeade1977 ($61.44 in chips) 
Seat 4: Unipoker11 ($146.10 in chips) 
Unipoker11: posts small blind $0.50
PhoenixAssassin: is sitting out 
adrianos1211: posts big blind $1
*** HOLE CARDS ***
reiyser: raises $1.23 to $2.23
PhoenixAssassin leaves the table
pmeade1977: folds 
Unipoker11: folds 
adrianos1211: folds 
Uncalled bet ($1.23) returned to reiyser
reiyser collected $2.50 from pot
reiyser: doesn't show hand 
*** SUMMARY ***
Total pot $2.50 | Rake $0 
Seat 5: Cythian182
Seat 6: PhoenixAssassin
Seat 1: adrianos1211 (big blind) folded before Flop
Seat 2: reiyser collected ($2.50)
Seat 3: pmeade1977 (button) folded before Flop (didn't bet)
Seat 4: Unipoker11 (small blind) folded before Flop



PokerStars Hand #254555307706:  Hold'em No Limit ($0.50/$1.00 USD) - 2025/01/25 0:42:07 WET [2025/01/25 19:42:07 ET]
Table 'Gellivara II' 6-max Seat #4 is the button
Seat 5: Cythian182 ($0 in chips) is sitting out
Seat 1: adrianos1211 ($165.19 in chips) 
Seat 2: reiyser ($104.52 in chips) 
Seat 3: pmeade1977 ($61.44 in chips) 
Seat 4: Unipoker11 ($145.60 in chips) 
adrianos1211: posts small blind $0.50
reiyser: posts big blind $1
*** HOLE CARDS ***
nikalas22 joins the table at seat #6 
pmeade1977: folds 
Unipoker11: folds 
adrianos1211: folds 
Uncalled bet ($0.50) returned to reiyser
reiyser collected $1 from pot
reiyser: doesn't show hand 
*** SUMMARY ***
Total pot $1 | Rake $0 
Seat 5: Cythian182
Seat 1: adrianos1211 (small blind) folded before Flop
Seat 2: reiyser (big blind) collected ($1)
Seat 3: pmeade1977 folded before Flop (didn't bet)
Seat 4: Unipoker11 (button) folded before Flop (didn't bet)



PokerStars Hand #254555311525:  Hold'em No Limit ($0.50/$1.00 USD) - 2025/01/25 0:42:25 WET [2025/01/25 19:42:25 ET]
Table 'Gellivara II' 6-max Seat #1 is the button
Seat 5: Cythian182 ($0 in chips) is sitting out
Seat 6: nikalas22 ($100 in chips) is sitting out
Seat 1: adrianos1211 ($164.69 in chips) 
Seat 2: reiyser ($105.02 in chips) 
Seat 3: pmeade1977 ($61.44 in chips) 
Seat 4: Unipoker11 ($145.60 in chips) 
reiyser: posts small blind $0.50
pmeade1977: posts big blind $1
nikalas22: sits out 
*** HOLE CARDS ***
Unipoker11: folds 
adrianos1211: folds 
reiyser: raises $1.80 to $2.80
pmeade1977: folds 
Uncalled bet ($1.80) returned to reiyser
reiyser collected $2 from pot
reiyser: doesn't show hand 
*** SUMMARY ***
Total pot $2 | Rake $0 
Seat 5: Cythian182
Seat 6: nikalas22
Seat 1: adrianos1211 (button) folded before Flop (didn't bet)
Seat 2: reiyser (small blind) collected ($2)
Seat 3: pmeade1977 (big blind) folded before Flop
Seat 4: Unipoker11 folded before Flop (didn't bet)



PokerStars Hand #254555317119:  Hold'em No Limit ($0.50/$1.00 USD) - 2025/01/25 0:42:53 WET [2025/01/25 19:42:53 ET]
Table 'Gellivara II' 6-max Seat #2 is the button
Seat 5: Cythian182 ($0 in chips) is sitting out
Seat 6: nikalas22 ($100 in chips) is sitting out
Seat 1: adrianos1211 ($164.69 in chips) 
Seat 2: reiyser ($106.02 in chips) 
Seat 3: pmeade1977 ($60.44 in chips) 
Seat 4: Unipoker11 ($145.60 in chips) 
pmeade1977: posts small blind $0.50
Unipoker11: posts big blind $1
nikalas22: sits out 
*** HOLE CARDS ***
adrianos1211: raises $2 to $3
reiyser: folds 
pmeade1977: folds 
Unipoker11: raises $11 to $14
adrianos1211: raises $20 to $34
Unipoker11: raises $111.60 to $145.60 and is all-in
adrianos1211: calls $111.60
*** FLOP *** [Ts Tc 3h]
Cythian182 leaves the table
*** TURN *** [Ts Tc 3h] [9c]
*** RIVER *** [Ts Tc 3h 9c] [Qh]
*** SHOW DOWN ***
Unipoker11: shows [Kd Ad] (a pair of Tens)
adrianos1211: shows [Ac As] (two pair, Aces and Tens)
adrianos1211 collected $290.70 from pot
*** SUMMARY ***
Total pot $291.70 | Rake $1 
Board [Ts Tc 3h 9c Qh]
Seat 5: Cythian182
Seat 6: nikalas22
Seat 1: adrianos1211 showed [Ac As] and won ($290.70) with two pair, Aces and Tens
Seat 2: reiyser (button) folded before Flop (didn't bet)
Seat 3: pmeade1977 (small blind) folded before Flop
Seat 4: Unipoker11 (big blind) showed [Kd Ad] and lost with a pair of Tens



PokerStars Hand #254555333819:  Hold'em No Limit ($0.50/$1.00 USD) - 2025/01/25 0:44:15 WET [2025/01/25 19:44:15 ET]
Table 'Gellivara II' 6-max Seat #3 is the button
Seat 1: adrianos1211 ($309.79 in chips) 
Seat 2: reiyser ($106.02 in chips) 
Seat 3: pmeade1977 ($59.94 in chips) 
Seat 4: Unipoker11 ($100 in chips) 
Seat 6: nikalas22 ($100 in chips) 
Unipoker11: posts small blind $0.50
nikalas22: posts big blind $1
*** HOLE CARDS ***
adrianos1211: folds 
reiyser: folds 
adrianos1211 leaves the table
pmeade1977: calls $1
Unipoker11: folds 
nikalas22: checks 
*** FLOP *** [3c 2h 9s]
nikalas22: checks 
pmeade1977: checks 
*** TURN *** [3c 2h 9s] [5s]
nikalas22: checks 
pmeade1977: bets $2.38
nikalas22: folds 
Uncalled bet ($2.38) returned to pmeade1977
pmeade1977 collected $2.38 from pot
*** SUMMARY ***
Total pot $2.50 | Rake $0.12 
Board [3c 2h 9s 5s]
Seat 1: adrianos1211 folded before Flop (didn't bet)
Seat 2: reiyser folded before Flop (didn't bet)
Seat 3: pmeade1977 (button) collected ($2.38)
Seat 4: Unipoker11 (small blind) folded before Flop
Seat 6: nikalas22 (big blind) folded on the Turn



PokerStars Hand #254555344836:  Hold'em No Limit ($0.50/$1.00 USD) - 2025/01/25 0:45:10 WET [2025/01/25 19:45:10 ET]
Table 'Gellivara II' 6-max Seat #4 is the button
Seat 2: reiyser ($106.02 in chips) is sitting out
Seat 3: pmeade1977 ($61.32 in chips) 
Seat 4: Unipoker11 ($100 in chips) 
Seat 6: nikalas22 ($100 in chips) 
nikalas22: posts small blind $0.50
reiyser: is sitting out 
pmeade1977: posts big blind $1
*** HOLE CARDS ***
Unipoker11: folds 
reiyser leaves the table
nikalas22: raises $2 to $3
pmeade1977: folds 
Uncalled bet ($2) returned to nikalas22
nikalas22 collected $2 from pot
nikalas22: doesn't show hand 
*** SUMMARY ***
Total pot $2 | Rake $0 
Seat 2: reiyser
Seat 3: pmeade1977 (big blind) folded before Flop
Seat 4: Unipoker11 (button) folded before Flop (didn't bet)
Seat 6: nikalas22 (small blind) collected ($2)



PokerStars Hand #254555347614:  Hold'em No Limit ($0.50/$1.00 USD) - 2025/01/25 0:45:24 WET [2025/01/25 19:45:24 ET]
Table 'Gellivara II' 6-max Seat #6 is the button
Seat 3: pmeade1977 ($60.32 in chips) 
Seat 4: Unipoker11 ($100 in chips) 
Seat 6: nikalas22 ($101 in chips) 
pmeade1977: posts small blind $0.50
Unipoker11: posts big blind $1
*** HOLE CARDS ***
nikalas22: folds 
pmeade1977: folds 
Uncalled bet ($0.50) returned to Unipoker11
Unipoker11 collected $1 from pot
Unipoker11: doesn't show hand 
*** SUMMARY ***
Total pot $1 | Rake $0 
Seat 3: pmeade1977 (small blind) folded before Flop
Seat 4: Unipoker11 (big blind) collected ($1)
Seat 6: nikalas22 (button) folded before Flop (didn't bet)



PokerStars Hand #254555659926:  Hold'em No Limit ($0.50/$1.00 USD) - 2025/01/25 1:12:58 WET [2025/01/25 20:12:58 ET]
Table 'Gellivara II' 6-max Seat #1 is the button
Seat 1: EasyGamerrr ($100 in chips) 
Seat 2: m0nTTu ($80 in chips) 
Seat 3: Manifestorr ($100 in chips) 
Seat 4: martinobabe ($40 in chips) 
Seat 5: skars07 ($100 in chips) 
Seat 6: nikalas22 ($106.40 in chips) 
m0nTTu: posts small blind $0.50
Manifestorr: posts big blind $1
*** HOLE CARDS ***
martinobabe: calls $1
skars07: folds 
nikalas22: folds 
EasyGamerrr: folds 
m0nTTu: folds 
Manifestorr: checks 
*** FLOP *** [3c 2s 6h]
Manifestorr: checks 
martinobabe: bets $1
Manifestorr: folds 
Uncalled bet ($1) returned to martinobabe
martinobabe collected $2.38 from pot
*** SUMMARY ***
Total pot $2.50 | Rake $0.12 
Board [3c 2s 6h]
Seat 1: EasyGamerrr (button) folded before Flop (didn't bet)
Seat 2: m0nTTu (small blind) folded before Flop
Seat 3: Manifestorr (big blind) folded on the Flop
Seat 4: martinobabe collected ($2.38)
Seat 5: skars07 folded before Flop (didn't bet)
Seat 6: nikalas22 folded before Flop (didn't bet)



PokerStars Hand #254555665122:  Hold'em No Limit ($0.50/$1.00 USD) - 2025/01/25 1:13:25 WET [2025/01/25 20:13:25 ET]
Table 'Gellivara II' 6-max Seat #2 is the button
Seat 1: EasyGamerrr ($100 in chips) 
Seat 2: m0nTTu ($100 in chips) 
Seat 3: Manifestorr ($100 in chips) 
Seat 4: martinobabe ($41.38 in chips) 
Seat 5: skars07 ($100 in chips) 
Seat 6: nikalas22 ($106.40 in chips) 
Manifestorr: posts small blind $0.50
martinobabe: posts big blind $1
*** HOLE CARDS ***
skars07: folds 
nikalas22: folds 
EasyGamerrr: folds 
m0nTTu: folds 
Manifestorr: folds 
Uncalled bet ($0.50) returned to martinobabe
martinobabe collected $1 from pot
*** SUMMARY ***
Total pot $1 | Rake $0 
Seat 1: EasyGamerrr folded before Flop (didn't bet)
Seat 2: m0nTTu (button) folded before Flop (didn't bet)
Seat 3: Manifestorr (small blind) folded before Flop
Seat 4: martinobabe (big blind) collected ($1)
Seat 5: skars07 folded before Flop (didn't bet)
Seat 6: nikalas22 folded before Flop (didn't bet)



PokerStars Hand #254555668605:  Hold'em No Limit ($0.50/$1.00 USD) - 2025/01/25 1:13:43 WET [2025/01/25 20:13:43 ET]
Table 'Gellivara II' 6-max Seat #3 is the button
Seat 1: EasyGamerrr ($100 in chips) 
Seat 2: m0nTTu ($100 in chips) 
Seat 3: Manifestorr ($100 in chips) 
Seat 4: martinobabe ($41.88 in chips) 
Seat 5: skars07 ($100 in chips) 
Seat 6: nikalas22 ($106.40 in chips) 
martinobabe: posts small blind $0.50
skars07: posts big blind $1
*** HOLE CARDS ***
nikalas22: folds 
EasyGamerrr: folds 
m0nTTu: folds 
Manifestorr: raises $1.20 to $2.20
martinobabe: folds 
skars07: calls $1.20
*** FLOP *** [9s 2d Ah]
skars07: checks 
martinobabe leaves the table
Manifestorr: bets $1.54
skars07: calls $1.54
*** TURN *** [9s 2d Ah] [5c]
skars07: checks 
Manifestorr: bets $5.69
skars07: folds 
Uncalled bet ($5.69) returned to Manifestorr
Manifestorr collected $7.58 from pot
*** SUMMARY ***
Total pot $7.98 | Rake $0.40 
Board [9s 2d Ah 5c]
Seat 1: EasyGamerrr folded before Flop (didn't bet)
Seat 2: m0nTTu folded before Flop (didn't bet)
Seat 3: Manifestorr (button) collected ($7.58)
Seat 4: martinobabe (small blind) folded before Flop
Seat 5: skars07 (big blind) folded on the Turn
Seat 6: nikalas22 folded before Flop (didn't bet)



PokerStars Hand #254555681137:  Hold'em No Limit ($0.50/$1.00 USD) - 2025/01/25 1:14:48 WET [2025/01/25 20:14:48 ET]
Table 'Gellivara II' 6-max Seat #5 is the button
Seat 1: EasyGamerrr ($100 in chips) 
Seat 2: m0nTTu ($100 in chips) 
Seat 3: Manifestorr ($103.84 in chips) 
Seat 5: skars07 ($100 in chips) 
Seat 6: nikalas22 ($106.40 in chips) 
nikalas22: posts small blind $0.50
EasyGamerrr: posts big blind $1
*** HOLE CARDS ***
martinobabe joins the table at seat #4 
martinobabe is disconnected 
m0nTTu: folds 
Manifestorr: folds 
skars07: folds 
nikalas22: folds 
Uncalled bet ($0.50) returned to EasyGamerrr
EasyGamerrr collected $1 from pot
EasyGamerrr: doesn't show hand 
*** SUMMARY ***
Total pot $1 | Rake $0 
Seat 1: EasyGamerrr (big blind) collected ($1)
Seat 2: m0nTTu folded before Flop (didn't bet)
Seat 3: Manifestorr folded before Flop (didn't bet)
Seat 5: skars07 (button) folded before Flop (didn't bet)
Seat 6: nikalas22 (small blind) folded before Flop



PokerStars Hand #254555685256:  Hold'em No Limit ($0.50/$1.00 USD) - 2025/01/25 1:15:10 WET [2025/01/25 20:15:10 ET]
Table 'Gellivara II' 6-max Seat #6 is the button
Seat 1: EasyGamerrr ($100.50 in chips) 
Seat 2: m0nTTu ($100 in chips) 
Seat 3: Manifestorr ($103.84 in chips) 
Seat 4: martinobabe ($41.38 in chips) 
Seat 5: skars07 ($100 in chips) 
Seat 6: nikalas22 ($105.90 in chips) 
EasyGamerrr: posts small blind $0.50
m0nTTu: posts big blind $1
martinobabe: posts big blind $1
*** HOLE CARDS ***
Manifestorr: folds 
martinobabe: raises $1 to $2
skars07: folds 
nikalas22: folds 
EasyGamerrr: folds 
m0nTTu: folds 
Uncalled bet ($1) returned to martinobabe
martinobabe collected $2.50 from pot
*** SUMMARY ***
Total pot $2.50 | Rake $0 
Seat 1: EasyGamerrr (small blind) folded before Flop
Seat 2: m0nTTu (big blind) folded before Flop
Seat 3: Manifestorr folded before Flop (didn't bet)
Seat 4: martinobabe collected ($2.50)
Seat 5: skars07 folded before Flop (didn't bet)
Seat 6: nikalas22 (button) folded before Flop (didn't bet)



PokerStars Hand #254555688622:  Hold'em No Limit ($0.50/$1.00 USD) - 2025/01/25 1:15:27 WET [2025/01/25 20:15:27 ET]
Table 'Gellivara II' 6-max Seat #1 is the button
Seat 1: EasyGamerrr ($100 in chips) 
Seat 2: m0nTTu ($99 in chips) 
Seat 3: Manifestorr ($103.84 in chips) 
Seat 4: martinobabe ($42.88 in chips) 
Seat 5: skars07 ($100 in chips) 
Seat 6: nikalas22 ($105.90 in chips) 
m0nTTu: posts small blind $0.50
Manifestorr: posts big blind $1
*** HOLE CARDS ***
martinobabe: folds 
skars07: folds 
nikalas22: folds 
EasyGamerrr: folds 
m0nTTu: folds 
Uncalled bet ($0.50) returned to Manifestorr
Manifestorr collected $1 from pot
*** SUMMARY ***
Total pot $1 | Rake $0 
Seat 1: EasyGamerrr (button) folded before Flop (didn't bet)
Seat 2: m0nTTu (small blind) folded before Flop
Seat 3: Manifestorr (big blind) collected ($1)
Seat 4: martinobabe folded before Flop (didn't bet)
Seat 5: skars07 folded before Flop (didn't bet)
Seat 6: nikalas22 folded before Flop (didn't bet)



PokerStars Hand #254555693778:  Hold'em No Limit ($0.50/$1.00 USD) - 2025/01/25 1:15:54 WET [2025/01/25 20:15:54 ET]
Table 'Gellivara II' 6-max Seat #2 is the button
Seat 1: EasyGamerrr ($100 in chips) 
Seat 2: m0nTTu ($100 in chips) 
Seat 3: Manifestorr ($104.34 in chips) 
Seat 4: martinobabe ($42.88 in chips) 
Seat 5: skars07 ($100 in chips) 
Seat 6: nikalas22 ($105.90 in chips) 
Manifestorr: posts small blind $0.50
martinobabe: posts big blind $1
*** HOLE CARDS ***
skars07: folds 
nikalas22: raises $1.50 to $2.50
EasyGamerrr: folds 
m0nTTu: folds 
Manifestorr: folds 
martinobabe: calls $1.50
*** FLOP *** [5c 6c 2d]
martinobabe: checks 
nikalas22: checks 
*** TURN *** [5c 6c 2d] [4c]
martinobabe: bets $3
nikalas22: calls $3
*** RIVER *** [5c 6c 2d 4c] [8c]
martinobabe: bets $6
nikalas22: raises $19 to $25
martinobabe: folds 
Uncalled bet ($19) returned to nikalas22
nikalas22 collected $22.32 from pot
nikalas22: doesn't show hand 
*** SUMMARY ***
Total pot $23.50 | Rake $1.18 
Board [5c 6c 2d 4c 8c]
Seat 1: EasyGamerrr folded before Flop (didn't bet)
Seat 2: m0nTTu (button) folded before Flop (didn't bet)
Seat 3: Manifestorr (small blind) folded before Flop
Seat 4: martinobabe (big blind) folded on the River
Seat 5: skars07 folded before Flop (didn't bet)
Seat 6: nikalas22 collected ($22.32)



PokerStars Hand #254555702819:  Hold'em No Limit ($0.50/$1.00 USD) - 2025/01/25 1:16:41 WET [2025/01/25 20:16:41 ET]
Table 'Gellivara II' 6-max Seat #3 is the button
Seat 1: EasyGamerrr ($100 in chips) 
Seat 2: m0nTTu ($100 in chips) 
Seat 3: Manifestorr ($103.84 in chips) 
Seat 4: martinobabe ($31.38 in chips) 
Seat 5: skars07 ($100 in chips) 
Seat 6: nikalas22 ($116.72 in chips) 
martinobabe: posts small blind $0.50
skars07: posts big blind $1
*** HOLE CARDS ***
nikalas22: folds 
EasyGamerrr: raises $1 to $2
m0nTTu: folds 
Manifestorr: calls $2
martinobabe: calls $1.50
skars07: folds 
*** FLOP *** [2s As 5h]
martinobabe: checks 
EasyGamerrr: bets $2.19
Manifestorr: folds 
martinobabe: folds 
Uncalled bet ($2.19) returned to EasyGamerrr
EasyGamerrr collected $6.65 from pot
EasyGamerrr: doesn't show hand 
*** SUMMARY ***
Total pot $7 | Rake $0.35 
Board [2s As 5h]
Seat 1: EasyGamerrr collected ($6.65)
Seat 2: m0nTTu folded before Flop (didn't bet)
Seat 3: Manifestorr (button) folded on the Flop
Seat 4: martinobabe (small blind) folded on the Flop
Seat 5: skars07 (big blind) folded before Flop
Seat 6: nikalas22 folded before Flop (didn't bet)



PokerStars Hand #254555713055:  Hold'em No Limit ($0.50/$1.00 USD) - 2025/01/25 1:17:35 WET [2025/01/25 20:17:35 ET]
Table 'Gellivara II' 6-max Seat #4 is the button
Seat 1: EasyGamerrr ($104.65 in chips) 
Seat 2: m0nTTu ($100 in chips) 
Seat 3: Manifestorr ($101.84 in chips) 
Seat 4: martinobabe ($29.38 in chips) 
Seat 5: skars07 ($100 in chips) 
Seat 6: nikalas22 ($116.72 in chips) 
skars07: posts small blind $0.50
nikalas22: posts big blind $1
*** HOLE CARDS ***
EasyGamerrr: folds 
m0nTTu: folds 
Manifestorr: raises $1.20 to $2.20
martinobabe: calls $2.20
skars07: folds 
nikalas22: folds 
*** FLOP *** [7d 3s 6h]
Manifestorr: bets $2.80
martinobabe: calls $2.80
*** TURN *** [7d 3s 6h] [Ah]
Manifestorr: bets $8.19
martinobabe: folds 
Uncalled bet ($8.19) returned to Manifestorr
Manifestorr collected $10.92 from pot
*** SUMMARY ***
Total pot $11.50 | Rake $0.58 
Board [7d 3s 6h Ah]
Seat 1: EasyGamerrr folded before Flop (didn't bet)
Seat 2: m0nTTu folded before Flop (didn't bet)
Seat 3: Manifestorr collected ($10.92)
Seat 4: martinobabe (button) folded on the Turn
Seat 5: skars07 (small blind) folded before Flop
Seat 6: nikalas22 (big blind) folded before Flop



PokerStars Hand #254555721914:  Hold'em No Limit ($0.50/$1.00 USD) - 2025/01/25 1:18:23 WET [2025/01/25 20:18:23 ET]
Table 'Gellivara II' 6-max Seat #5 is the button
Seat 1: EasyGamerrr ($104.65 in chips) 
Seat 2: m0nTTu ($100 in chips) 
Seat 3: Manifestorr ($107.76 in chips) 
Seat 4: martinobabe ($24.38 in chips) 
Seat 5: skars07 ($100 in chips) 
Seat 6: nikalas22 ($115.72 in chips) 
nikalas22: posts small blind $0.50
EasyGamerrr: posts big blind $1
*** HOLE CARDS ***
m0nTTu: folds 
Manifestorr: folds 
martinobabe: raises $1 to $2
skars07: folds 
nikalas22: folds 
EasyGamerrr: folds 
Uncalled bet ($1) returned to martinobabe
martinobabe collected $2.50 from pot
*** SUMMARY ***
Total pot $2.50 | Rake $0 
Seat 1: EasyGamerrr (big blind) folded before Flop
Seat 2: m0nTTu folded before Flop (didn't bet)
Seat 3: Manifestorr folded before Flop (didn't bet)
Seat 4: martinobabe collected ($2.50)
Seat 5: skars07 (button) folded before Flop (didn't bet)
Seat 6: nikalas22 (small blind) folded before Flop



PokerStars Hand #254555726584:  Hold'em No Limit ($0.50/$1.00 USD) - 2025/01/25 1:18:48 WET [2025/01/25 20:18:48 ET]
Table 'Gellivara II' 6-max Seat #6 is the button
Seat 1: EasyGamerrr ($103.65 in chips) 
Seat 2: m0nTTu ($100 in chips) 
Seat 3: Manifestorr ($107.76 in chips) 
Seat 4: martinobabe ($25.88 in chips) 
Seat 5: skars07 ($100 in chips) 
Seat 6: nikalas22 ($115.22 in chips) 
EasyGamerrr: posts small blind $0.50
m0nTTu: posts big blind $1
*** HOLE CARDS ***
Manifestorr: folds 
martinobabe: folds 
skars07: folds 
nikalas22: folds 
EasyGamerrr: raises $2 to $3
m0nTTu: folds 
Uncalled bet ($2) returned to EasyGamerrr
EasyGamerrr collected $2 from pot
EasyGamerrr: doesn't show hand 
*** SUMMARY ***
Total pot $2 | Rake $0 
Seat 1: EasyGamerrr (small blind) collected ($2)
Seat 2: m0nTTu (big blind) folded before Flop
Seat 3: Manifestorr folded before Flop (didn't bet)
Seat 4: martinobabe folded before Flop (didn't bet)
Seat 5: skars07 folded before Flop (didn't bet)
Seat 6: nikalas22 (button) folded before Flop (didn't bet)



PokerStars Hand #254555734394:  Hold'em No Limit ($0.50/$1.00 USD) - 2025/01/25 1:19:29 WET [2025/01/25 20:19:29 ET]
Table 'Gellivara II' 6-max Seat #1 is the button
Seat 1: EasyGamerrr ($104.65 in chips) 
Seat 2: m0nTTu ($99 in chips) 
Seat 3: Manifestorr ($107.76 in chips) 
Seat 4: martinobabe ($25.88 in chips) 
Seat 5: skars07 ($100 in chips) 
Seat 6: nikalas22 ($115.22 in chips) 
m0nTTu: posts small blind $0.50
Manifestorr: posts big blind $1
*** HOLE CARDS ***
martinobabe: raises $1 to $2
skars07: folds 
nikalas22: folds 
EasyGamerrr: folds 
Manifestorr is disconnected 
m0nTTu: raises $8.50 to $10.50
Manifestorr is connected 
Manifestorr: folds 
martinobabe: folds 
Uncalled bet ($8.50) returned to m0nTTu
m0nTTu collected $5 from pot
m0nTTu: doesn't show hand 
*** SUMMARY ***
Total pot $5 | Rake $0 
Seat 1: EasyGamerrr (button) folded before Flop (didn't bet)
Seat 2: m0nTTu (small blind) collected ($5)
Seat 3: Manifestorr (big blind) folded before Flop
Seat 4: martinobabe folded before Flop
Seat 5: skars07 folded before Flop (didn't bet)
Seat 6: nikalas22 folded before Flop (didn't bet)



PokerStars Hand #254555742430:  Hold'em No Limit ($0.50/$1.00 USD) - 2025/01/25 1:20:11 WET [2025/01/25 20:20:11 ET]
Table 'Gellivara II' 6-max Seat #2 is the button
Seat 1: EasyGamerrr ($104.65 in chips) 
Seat 2: m0nTTu ($102 in chips) 
Seat 3: Manifestorr ($106.76 in chips) 
Seat 4: martinobabe ($23.88 in chips) 
Seat 5: skars07 ($100 in chips) 
Seat 6: nikalas22 ($115.22 in chips) 
Manifestorr: posts small blind $0.50
martinobabe: posts big blind $1
*** HOLE CARDS ***
skars07: folds 
nikalas22: folds 
EasyGamerrr: raises $1.50 to $2.50
m0nTTu: folds 
Manifestorr: folds 
martinobabe: calls $1.50
*** FLOP *** [7c 9c 9h]
martinobabe: checks 
EasyGamerrr: bets $1.72
martinobabe: calls $1.72
*** TURN *** [7c 9c 9h] [Ts]
martinobabe: checks 
EasyGamerrr: bets $6.37
martinobabe: folds 
Uncalled bet ($6.37) returned to EasyGamerrr
EasyGamerrr collected $8.49 from pot
EasyGamerrr: doesn't show hand 
*** SUMMARY ***
Total pot $8.94 | Rake $0.45 
Board [7c 9c 9h Ts]
Seat 1: EasyGamerrr collected ($8.49)
Seat 2: m0nTTu (button) folded before Flop (didn't bet)
Seat 3: Manifestorr (small blind) folded before Flop
Seat 4: martinobabe (big blind) folded on the Turn
Seat 5: skars07 folded before Flop (didn't bet)
Seat 6: nikalas22 folded before Flop (didn't bet)



PokerStars Hand #254555750383:  Hold'em No Limit ($0.50/$1.00 USD) - 2025/01/25 1:20:54 WET [2025/01/25 20:20:54 ET]
Table 'Gellivara II' 6-max Seat #3 is the button
Seat 1: EasyGamerrr ($108.92 in chips) 
Seat 2: m0nTTu ($102 in chips) 
Seat 3: Manifestorr ($106.26 in chips) 
Seat 4: martinobabe ($19.66 in chips) 
Seat 5: skars07 ($100 in chips) 
Seat 6: nikalas22 ($115.22 in chips) 
martinobabe: posts small blind $0.50
skars07: posts big blind $1
*** HOLE CARDS ***
nikalas22: raises $1.50 to $2.50
EasyGamerrr: folds 
m0nTTu: folds 
Manifestorr: folds 
martinobabe: calls $2
skars07: folds 
*** FLOP *** [7s 4s Qh]
martinobabe: checks 
nikalas22: checks 
*** TURN *** [7s 4s Qh] [9c]
martinobabe: bets $2
nikalas22: raises $7.28 to $9.28
martinobabe: folds 
Uncalled bet ($7.28) returned to nikalas22
nikalas22 collected $9.50 from pot
nikalas22: doesn't show hand 
*** SUMMARY ***
Total pot $10 | Rake $0.50 
Board [7s 4s Qh 9c]
Seat 1: EasyGamerrr folded before Flop (didn't bet)
Seat 2: m0nTTu folded before Flop (didn't bet)
Seat 3: Manifestorr (button) folded before Flop (didn't bet)
Seat 4: martinobabe (small blind) folded on the Turn
Seat 5: skars07 (big blind) folded before Flop
Seat 6: nikalas22 collected ($9.50)



PokerStars Hand #254555759858:  Hold'em No Limit ($0.50/$1.00 USD) - 2025/01/25 1:21:45 WET [2025/01/25 20:21:45 ET]
Table 'Gellivara II' 6-max Seat #4 is the button
Seat 1: EasyGamerrr ($108.92 in chips) 
Seat 2: m0nTTu ($102 in chips) 
Seat 3: Manifestorr ($106.26 in chips) 
Seat 4: martinobabe ($15.16 in chips) 
Seat 5: skars07 ($100 in chips) 
Seat 6: nikalas22 ($120.22 in chips) 
skars07: posts small blind $0.50
nikalas22: posts big blind $1
*** HOLE CARDS ***
EasyGamerrr: folds 
m0nTTu: folds 
Manifestorr: raises $1.20 to $2.20
martinobabe: calls $2.20
skars07: raises $11.80 to $14
nikalas22: folds 
Manifestorr: folds 
martinobabe: calls $11.80
*** FLOP *** [Ah 2c 4h]
skars07: bets $9.78
martinobabe: calls $1.16 and is all-in
Uncalled bet ($8.62) returned to skars07
*** TURN *** [Ah 2c 4h] [9d]
*** RIVER *** [Ah 2c 4h 9d] [6c]
*** SHOW DOWN ***
skars07: shows [Tc Th] (a pair of Tens)
martinobabe: shows [Kh 9s] (a pair of Nines)
skars07 collected $31.84 from pot
martinobabe cashed out the hand for $5.34 | Cash Out Fee $0.11
*** SUMMARY ***
Total pot $33.52 | Rake $1.68 
Board [Ah 2c 4h 9d 6c]
Seat 1: EasyGamerrr folded before Flop (didn't bet)
Seat 2: m0nTTu folded before Flop (didn't bet)
Seat 3: Manifestorr folded before Flop
Seat 4: martinobabe (button) showed [Kh 9s] and lost with a pair of Nines (cashed out).
Seat 5: skars07 (small blind) showed [Tc Th] and won ($31.84) with a pair of Tens
Seat 6: nikalas22 (big blind) folded before Flop



PokerStars Hand #254555770042:  Hold'em No Limit ($0.50/$1.00 USD) - 2025/01/25 1:22:39 WET [2025/01/25 20:22:39 ET]
Table 'Gellivara II' 6-max Seat #5 is the button
Seat 1: EasyGamerrr ($108.92 in chips) 
Seat 2: m0nTTu ($102 in chips) 
Seat 3: Manifestorr ($104.06 in chips) 
Seat 4: martinobabe ($5.34 in chips) 
Seat 5: skars07 ($116.68 in chips) 
Seat 6: nikalas22 ($119.22 in chips) 
nikalas22: posts small blind $0.50
EasyGamerrr: posts big blind $1
*** HOLE CARDS ***
m0nTTu: folds 
Manifestorr: folds 
martinobabe: folds 
skars07: raises $1.50 to $2.50
nikalas22: folds 
EasyGamerrr: folds 
Uncalled bet ($1.50) returned to skars07
skars07 collected $2.50 from pot
skars07: doesn't show hand 
*** SUMMARY ***
Total pot $2.50 | Rake $0 
Seat 1: EasyGamerrr (big blind) folded before Flop
Seat 2: m0nTTu folded before Flop (didn't bet)
Seat 3: Manifestorr folded before Flop (didn't bet)
Seat 4: martinobabe folded before Flop (didn't bet)
Seat 5: skars07 (button) collected ($2.50)
Seat 6: nikalas22 (small blind) folded before Flop



PokerStars Hand #254555775728:  Hold'em No Limit ($0.50/$1.00 USD) - 2025/01/25 1:23:10 WET [2025/01/25 20:23:10 ET]
Table 'Gellivara II' 6-max Seat #6 is the button
Seat 1: EasyGamerrr ($107.92 in chips) 
Seat 2: m0nTTu ($102 in chips) 
Seat 3: Manifestorr ($104.06 in chips) 
Seat 4: martinobabe ($5.34 in chips) 
Seat 5: skars07 ($118.18 in chips) 
Seat 6: nikalas22 ($118.72 in chips) 
EasyGamerrr: posts small blind $0.50
m0nTTu: posts big blind $1
*** HOLE CARDS ***
Manifestorr: folds 
martinobabe: folds 
skars07: folds 
nikalas22: folds 
EasyGamerrr: folds 
Uncalled bet ($0.50) returned to m0nTTu
m0nTTu collected $1 from pot
m0nTTu: doesn't show hand 
*** SUMMARY ***
Total pot $1 | Rake $0 
Seat 1: EasyGamerrr (small blind) folded before Flop
Seat 2: m0nTTu (big blind) collected ($1)
Seat 3: Manifestorr folded before Flop (didn't bet)
Seat 4: martinobabe folded before Flop (didn't bet)
Seat 5: skars07 folded before Flop (didn't bet)
Seat 6: nikalas22 (button) folded before Flop (didn't bet)



PokerStars Hand #254555779268:  Hold'em No Limit ($0.50/$1.00 USD) - 2025/01/25 1:23:29 WET [2025/01/25 20:23:29 ET]
Table 'Gellivara II' 6-max Seat #1 is the button
Seat 3: Manifestorr ($104.06 in chips) is sitting out
Seat 1: EasyGamerrr ($107.42 in chips) 
Seat 2: m0nTTu ($102.50 in chips) 
Seat 4: martinobabe ($5.34 in chips) 
Seat 5: skars07 ($118.18 in chips) 
Seat 6: nikalas22 ($118.72 in chips) 
m0nTTu: posts small blind $0.50
Manifestorr: is sitting out 
martinobabe: posts big blind $1
*** HOLE CARDS ***
skars07: folds 
nikalas22: raises $1.50 to $2.50
Manifestorr leaves the table
EasyGamerrr: folds 
XneferX joins the table at seat #3 
m0nTTu: raises $7.50 to $10
martinobabe: calls $4.34 and is all-in
nikalas22: folds 
Uncalled bet ($4.66) returned to m0nTTu
*** FLOP *** [3d Qs Kh]
*** TURN *** [3d Qs Kh] [3c]
*** RIVER *** [3d Qs Kh 3c] [7h]
*** SHOW DOWN ***
m0nTTu: shows [Ah As] (two pair, Aces and Threes)
martinobabe: shows [Qd Qc] (a full house, Queens full of Threes)
martinobabe collected $12.52 from pot
*** SUMMARY ***
Total pot $13.18 | Rake $0.66 
Board [3d Qs Kh 3c 7h]
Seat 3: Manifestorr
Seat 1: EasyGamerrr (button) folded before Flop (didn't bet)
Seat 2: m0nTTu (small blind) showed [Ah As] and lost with two pair, Aces and Threes
Seat 4: martinobabe (big blind) showed [Qd Qc] and won ($12.52) with a full house, Queens full of Threes
Seat 5: skars07 folded before Flop (didn't bet)
Seat 6: nikalas22 folded before Flop



PokerStars Hand #254555788581:  Hold'em No Limit ($0.50/$1.00 USD) - 2025/01/25 1:24:20 WET [2025/01/25 20:24:20 ET]
Table 'Gellivara II' 6-max Seat #2 is the button
Seat 3: XneferX ($100 in chips) is sitting out
Seat 1: EasyGamerrr ($107.42 in chips) 
Seat 2: m0nTTu ($97.16 in chips) 
Seat 4: martinobabe ($12.52 in chips) 
Seat 5: skars07 ($118.18 in chips) 
Seat 6: nikalas22 ($116.22 in chips) 
martinobabe: posts small blind $0.50
skars07: posts big blind $1
*** HOLE CARDS ***
nikalas22: raises $1.50 to $2.50
EasyGamerrr: folds 
m0nTTu: folds 
martinobabe: folds 
skars07: folds 
Uncalled bet ($1.50) returned to nikalas22
nikalas22 collected $2.50 from pot
nikalas22: doesn't show hand 
*** SUMMARY ***
Total pot $2.50 | Rake $0 
Seat 3: XneferX
Seat 1: EasyGamerrr folded before Flop (didn't bet)
Seat 2: m0nTTu (button) folded before Flop (didn't bet)
Seat 4: martinobabe (small blind) folded before Flop
Seat 5: skars07 (big blind) folded before Flop
Seat 6: nikalas22 collected ($2.50)



PokerStars Hand #254555791306:  Hold'em No Limit ($0.50/$1.00 USD) - 2025/01/25 1:24:35 WET [2025/01/25 20:24:35 ET]
Table 'Gellivara II' 6-max Seat #4 is the button
Seat 3: XneferX ($100 in chips) is sitting out
Seat 1: EasyGamerrr ($107.42 in chips) 
Seat 2: m0nTTu ($97.16 in chips) 
Seat 4: martinobabe ($12.02 in chips) 
Seat 5: skars07 ($117.18 in chips) 
Seat 6: nikalas22 ($117.72 in chips) 
skars07: posts small blind $0.50
nikalas22: posts big blind $1
XneferX: sits out 
*** HOLE CARDS ***
EasyGamerrr: folds 
m0nTTu: folds 
martinobabe: folds 
skars07: raises $2 to $3
nikalas22: calls $2
*** FLOP *** [9d 9h Qc]
skars07: checks 
nikalas22: checks 
*** TURN *** [9d 9h Qc] [6s]
skars07: checks 
nikalas22: bets $4.28
skars07: calls $4.28
*** RIVER *** [9d 9h Qc 6s] [7d]
skars07: checks 
nikalas22: bets $10.37
skars07: calls $10.37
*** SHOW DOWN ***
nikalas22: shows [Kc 2c] (a pair of Nines)
skars07: shows [6d Ad] (two pair, Nines and Sixes)
skars07 collected $33.54 from pot
*** SUMMARY ***
Total pot $35.30 | Rake $1.76 
Board [9d 9h Qc 6s 7d]
Seat 3: XneferX
Seat 1: EasyGamerrr folded before Flop (didn't bet)
Seat 2: m0nTTu folded before Flop (didn't bet)
Seat 4: martinobabe (button) folded before Flop (didn't bet)
Seat 5: skars07 (small blind) showed [6d Ad] and won ($33.54) with two pair, Nines and Sixes
Seat 6: nikalas22 (big blind) showed [Kc 2c] and lost with a pair of Nines



PokerStars Hand #254555807584:  Hold'em No Limit ($0.50/$1.00 USD) - 2025/01/25 1:26:03 WET [2025/01/25 20:26:03 ET]
Table 'Gellivara II' 6-max Seat #5 is the button
Seat 3: XneferX ($100 in chips) is sitting out
Seat 1: EasyGamerrr ($107.42 in chips) 
Seat 2: m0nTTu ($97.16 in chips) 
Seat 4: martinobabe ($12.02 in chips) 
Seat 5: skars07 ($133.07 in chips) 
Seat 6: nikalas22 ($100.07 in chips) 
nikalas22: posts small blind $0.50
EasyGamerrr: posts big blind $1
XneferX: sits out 
*** HOLE CARDS ***
m0nTTu: folds 
martinobabe: calls $1
skars07: folds 
nikalas22: folds 
EasyGamerrr: raises $14 to $15
martinobabe: calls $11.02 and is all-in
Uncalled bet ($2.98) returned to EasyGamerrr
*** FLOP *** [6d 2s Qc]
*** TURN *** [6d 2s Qc] [7h]
*** RIVER *** [6d 2s Qc 7h] [Td]
*** SHOW DOWN ***
EasyGamerrr: shows [Ad Kc] (high card Ace)
martinobabe: shows [5h 5c] (a pair of Fives)
martinobabe collected $23.31 from pot
*** SUMMARY ***
Total pot $24.54 | Rake $1.23 
Board [6d 2s Qc 7h Td]
Seat 3: XneferX
Seat 1: EasyGamerrr (big blind) showed [Ad Kc] and lost with high card Ace
Seat 2: m0nTTu folded before Flop (didn't bet)
Seat 4: martinobabe showed [5h 5c] and won ($23.31) with a pair of Fives
Seat 5: skars07 (button) folded before Flop (didn't bet)
Seat 6: nikalas22 (small blind) folded before Flop



PokerStars Hand #254555815040:  Hold'em No Limit ($0.50/$1.00 USD) - 2025/01/25 1:26:43 WET [2025/01/25 20:26:43 ET]
Table 'Gellivara II' 6-max Seat #6 is the button
Seat 3: XneferX ($100 in chips) is sitting out
Seat 1: EasyGamerrr ($100 in chips) 
Seat 2: m0nTTu ($97.16 in chips) 
Seat 4: martinobabe ($23.31 in chips) 
Seat 5: skars07 ($133.07 in chips) 
Seat 6: nikalas22 ($100 in chips) 
EasyGamerrr: posts small blind $0.50
m0nTTu: posts big blind $1
XneferX: sits out 
*** HOLE CARDS ***
martinobabe: calls $1
skars07: folds 
nikalas22: folds 
EasyGamerrr: raises $2.50 to $3.50
m0nTTu: folds 
martinobabe: calls $2.50
*** FLOP *** [6c Qs 4s]
EasyGamerrr: bets $2.74
martinobabe: folds 
Uncalled bet ($2.74) returned to EasyGamerrr
EasyGamerrr collected $7.60 from pot
EasyGamerrr: doesn't show hand 
*** SUMMARY ***
Total pot $8 | Rake $0.40 
Board [6c Qs 4s]
Seat 3: XneferX
Seat 1: EasyGamerrr (small blind) collected ($7.60)
Seat 2: m0nTTu (big blind) folded before Flop
Seat 4: martinobabe folded on the Flop
Seat 5: skars07 folded before Flop (didn't bet)
Seat 6: nikalas22 (button) folded before Flop (didn't bet)



PokerStars Hand #254555823654:  Hold'em No Limit ($0.50/$1.00 USD) - 2025/01/25 1:27:29 WET [2025/01/25 20:27:29 ET]
Table 'Gellivara II' 6-max Seat #1 is the button
Seat 1: EasyGamerrr ($104.10 in chips) 
Seat 2: m0nTTu ($96.16 in chips) 
Seat 3: XneferX ($100 in chips) 
Seat 4: martinobabe ($19.81 in chips) 
Seat 5: skars07 ($133.07 in chips) 
Seat 6: nikalas22 ($100 in chips) 
m0nTTu: posts small blind $0.50
XneferX: posts big blind $1
*** HOLE CARDS ***
martinobabe: calls $1
skars07: folds 
nikalas22: folds 
EasyGamerrr: raises $2 to $3
m0nTTu: folds 
XneferX: raises $9 to $12
martinobabe: calls $11
EasyGamerrr: folds 
*** FLOP *** [Qs Kh 9d]
EasyGamerrr leaves the table
XneferX: bets $8.88
martinobabe: calls $7.81 and is all-in
Uncalled bet ($1.07) returned to XneferX
xcinaz joins the table at seat #1 
*** TURN *** [Qs Kh 9d] [3d]
*** RIVER *** [Qs Kh 9d 3d] [4h]
*** SHOW DOWN ***
XneferX: shows [Qc Ah] (a pair of Queens)
martinobabe: shows [Qd Td] (a pair of Queens - lower kicker)
XneferX cashed out the hand for $28.02 | Cash Out Fee $0.57
*** SUMMARY ***
Total pot $43.12 | Rake $2.16 
Board [Qs Kh 9d 3d 4h]
Seat 1: EasyGamerrr (button) folded before Flop
Seat 2: m0nTTu (small blind) folded before Flop
Seat 3: XneferX (big blind) showed [Qc Ah] and won ($40.96) with a pair of Queens (pot not awarded as player cashed out)
Seat 4: martinobabe showed [Qd Td] and lost with a pair of Queens
Seat 5: skars07 folded before Flop (didn't bet)
Seat 6: nikalas22 folded before Flop (didn't bet)



PokerStars Hand #254555835009:  Hold'em No Limit ($0.50/$1.00 USD) - 2025/01/25 1:28:30 WET [2025/01/25 20:28:30 ET]
Table 'Gellivara II' 6-max Seat #2 is the button
Seat 1: xcinaz ($100 in chips) is sitting out
Seat 4: martinobabe ($0 in chips) is sitting out
Seat 2: m0nTTu ($95.66 in chips) 
Seat 3: XneferX ($108.21 in chips) 
Seat 5: skars07 ($133.07 in chips) 
Seat 6: nikalas22 ($100 in chips) 
XneferX: posts small blind $0.50
skars07: posts big blind $1
xcinaz: sits out 
*** HOLE CARDS ***
martinobabe leaves the table
nikalas22: raises $1.50 to $2.50
m0nTTu: raises $5.50 to $8
XneferX: folds 
skars07: folds 
nikalas22: folds 
Uncalled bet ($5.50) returned to m0nTTu
m0nTTu collected $6.50 from pot
m0nTTu: doesn't show hand 
belcourt#5 joins the table at seat #4 
belcourt#5 is disconnected 
*** SUMMARY ***
Total pot $6.50 | Rake $0 
Seat 1: xcinaz
Seat 4: martinobabe
Seat 2: m0nTTu (button) collected ($6.50)
Seat 3: XneferX (small blind) folded before Flop
Seat 5: skars07 (big blind) folded before Flop
Seat 6: nikalas22 folded before Flop



PokerStars Hand #254555840660:  Hold'em No Limit ($0.50/$1.00 USD) - 2025/01/25 1:29:00 WET [2025/01/25 20:29:00 ET]
Table 'Gellivara II' 6-max Seat #3 is the button
Seat 4: belcourt#5 ($64.07 in chips) is sitting out
Seat 6: nikalas22 ($100 in chips) is sitting out
Seat 1: xcinaz ($100 in chips) 
Seat 2: m0nTTu ($99.66 in chips) 
Seat 3: XneferX ($107.71 in chips) 
Seat 5: skars07 ($132.07 in chips) 
skars07: posts small blind $0.50
xcinaz: posts big blind $1
*** HOLE CARDS ***
m0nTTu: folds 
XneferX: folds 
skars07: folds 
Uncalled bet ($0.50) returned to xcinaz
xcinaz collected $1 from pot
xcinaz: doesn't show hand 
*** SUMMARY ***
Total pot $1 | Rake $0 
Seat 4: belcourt#5
Seat 6: nikalas22
Seat 1: xcinaz (big blind) collected ($1)
Seat 2: m0nTTu folded before Flop (didn't bet)
Seat 3: XneferX (button) folded before Flop (didn't bet)
Seat 5: skars07 (small blind) folded before Flop



PokerStars Hand #254555844140:  Hold'em No Limit ($0.50/$1.00 USD) - 2025/01/25 1:29:19 WET [2025/01/25 20:29:19 ET]
Table 'Gellivara II' 6-max Seat #5 is the button
Seat 2: m0nTTu ($99.66 in chips) is sitting out
Seat 4: belcourt#5 ($64.07 in chips) is sitting out
Seat 6: nikalas22 ($100 in chips) is sitting out
Seat 1: xcinaz ($100.50 in chips) 
Seat 3: XneferX ($107.71 in chips) 
Seat 5: skars07 ($131.57 in chips) 
xcinaz: posts small blind $0.50
m0nTTu: is sitting out 
XneferX: posts big blind $1
belcourt#5: sits out 
*** HOLE CARDS ***
skars07: raises $1.50 to $2.50
xcinaz: folds 
XneferX: folds 
Uncalled bet ($1.50) returned to skars07
skars07 collected $2.50 from pot
skars07: doesn't show hand 
*** SUMMARY ***
Total pot $2.50 | Rake $0 
Seat 2: m0nTTu
Seat 4: belcourt#5
Seat 6: nikalas22
Seat 1: xcinaz (small blind) folded before Flop
Seat 3: XneferX (big blind) folded before Flop
Seat 5: skars07 (button) collected ($2.50)



PokerStars Hand #254555847600:  Hold'em No Limit ($0.50/$1.00 USD) - 2025/01/25 1:29:38 WET [2025/01/25 20:29:38 ET]
Table 'Gellivara II' 6-max Seat #1 is the button
Seat 2: m0nTTu ($99.66 in chips) is sitting out
Seat 6: nikalas22 ($100 in chips) is sitting out
Seat 1: xcinaz ($100 in chips) 
Seat 3: XneferX ($106.71 in chips) 
Seat 4: belcourt#5 ($64.07 in chips) 
Seat 5: skars07 ($133.07 in chips) 
XneferX: posts small blind $0.50
belcourt#5: posts big blind $1
nikalas22: sits out 
*** HOLE CARDS ***
skars07: raises $1.50 to $2.50
xcinaz: folds 
XneferX: folds 
belcourt#5 has timed out
belcourt#5: folds 
Uncalled bet ($1.50) returned to skars07
skars07 collected $2.50 from pot
skars07: doesn't show hand 
*** SUMMARY ***
Total pot $2.50 | Rake $0 
Seat 2: m0nTTu
Seat 6: nikalas22
Seat 1: xcinaz (button) folded before Flop (didn't bet)
Seat 3: XneferX (small blind) folded before Flop
Seat 4: belcourt#5 (big blind) folded before Flop
Seat 5: skars07 collected ($2.50)



PokerStars Hand #254555887052:  Hold'em No Limit ($0.50/$1.00 USD) - 2025/01/25 1:33:08 WET [2025/01/25 20:33:08 ET]
Table 'Gellivara II' 6-max Seat #2 is the button
Seat 1: xcinaz ($104.07 in chips) 
Seat 2: m0nTTu ($100 in chips) 
Seat 3: XneferX ($105.21 in chips) 
Seat 4: belcourt#5 ($61.57 in chips) 
Seat 5: skars07 ($134.07 in chips) 
Seat 6: nikalas22 ($101.50 in chips) 
XneferX: posts small blind $0.50
belcourt#5: posts big blind $1
*** HOLE CARDS ***
skars07: folds 
nikalas22: folds 
xcinaz: raises $1.20 to $2.20
m0nTTu: folds 
XneferX: folds 
belcourt#5: calls $1.20
*** FLOP *** [3c 3d Kd]
belcourt#5: bets $2.33
xcinaz: folds 
Uncalled bet ($2.33) returned to belcourt#5
belcourt#5 collected $4.66 from pot
*** SUMMARY ***
Total pot $4.90 | Rake $0.24 
Board [3c 3d Kd]
Seat 1: xcinaz folded on the Flop
Seat 2: m0nTTu (button) folded before Flop (didn't bet)
Seat 3: XneferX (small blind) folded before Flop
Seat 4: belcourt#5 (big blind) collected ($4.66)
Seat 5: skars07 folded before Flop (didn't bet)
Seat 6: nikalas22 folded before Flop (didn't bet)



PokerStars Hand #254555897959:  Hold'em No Limit ($0.50/$1.00 USD) - 2025/01/25 1:34:06 WET [2025/01/25 20:34:06 ET]
Table 'Gellivara II' 6-max Seat #3 is the button
Seat 1: xcinaz ($101.87 in chips) 
Seat 2: m0nTTu ($100 in chips) 
Seat 3: XneferX ($104.71 in chips) 
Seat 4: belcourt#5 ($64.03 in chips) 
Seat 5: skars07 ($134.07 in chips) 
Seat 6: nikalas22 ($101.50 in chips) 
belcourt#5: posts small blind $0.50
skars07: posts big blind $1
*** HOLE CARDS ***
nikalas22: folds 
xcinaz: folds 
m0nTTu: folds 
XneferX: folds 
belcourt#5: calls $0.50
skars07: checks 
*** FLOP *** [Kc 5s 2s]
belcourt#5: bets $1
skars07: folds 
Uncalled bet ($1) returned to belcourt#5
belcourt#5 collected $1.90 from pot
*** SUMMARY ***
Total pot $2 | Rake $0.10 
Board [Kc 5s 2s]
Seat 1: xcinaz folded before Flop (didn't bet)
Seat 2: m0nTTu folded before Flop (didn't bet)
Seat 3: XneferX (button) folded before Flop (didn't bet)
Seat 4: belcourt#5 (small blind) collected ($1.90)
Seat 5: skars07 (big blind) folded on the Flop
Seat 6: nikalas22 folded before Flop (didn't bet)



PokerStars Hand #254555903909:  Hold'em No Limit ($0.50/$1.00 USD) - 2025/01/25 1:34:37 WET [2025/01/25 20:34:37 ET]
Table 'Gellivara II' 6-max Seat #4 is the button
Seat 1: xcinaz ($101.87 in chips) 
Seat 2: m0nTTu ($100 in chips) 
Seat 3: XneferX ($104.71 in chips) 
Seat 4: belcourt#5 ($64.93 in chips) 
Seat 5: skars07 ($133.07 in chips) 
Seat 6: nikalas22 ($101.50 in chips) 
skars07: posts small blind $0.50
nikalas22: posts big blind $1
*** HOLE CARDS ***
xcinaz: folds 
m0nTTu: folds 
XneferX: raises $1.30 to $2.30
belcourt#5: calls $2.30
skars07: folds 
nikalas22: folds 
*** FLOP *** [5d Kh 5s]
XneferX: checks 
belcourt#5: bets $5.80
XneferX: folds 
Uncalled bet ($5.80) returned to belcourt#5
belcourt#5 collected $5.80 from pot
*** SUMMARY ***
Total pot $6.10 | Rake $0.30 
Board [5d Kh 5s]
Seat 1: xcinaz folded before Flop (didn't bet)
Seat 2: m0nTTu folded before Flop (didn't bet)
Seat 3: XneferX folded on the Flop
Seat 4: belcourt#5 (button) collected ($5.80)
Seat 5: skars07 (small blind) folded before Flop
Seat 6: nikalas22 (big blind) folded before Flop



PokerStars Hand #254555912594:  Hold'em No Limit ($0.50/$1.00 USD) - 2025/01/25 1:35:24 WET [2025/01/25 20:35:24 ET]
Table 'Gellivara II' 6-max Seat #5 is the button
Seat 1: xcinaz ($101.87 in chips) 
Seat 2: m0nTTu ($100 in chips) 
Seat 3: XneferX ($102.41 in chips) 
Seat 4: belcourt#5 ($68.43 in chips) 
Seat 5: skars07 ($132.57 in chips) 
Seat 6: nikalas22 ($100.50 in chips) 
nikalas22: posts small blind $0.50
xcinaz: posts big blind $1
*** HOLE CARDS ***
m0nTTu: folds 
XneferX: folds 
belcourt#5: raises $1 to $2
skars07: folds 
nikalas22: folds 
xcinaz: calls $1
*** FLOP *** [4d 5h Qd]
xcinaz: checks 
belcourt#5: bets $4.28
xcinaz: folds 
Uncalled bet ($4.28) returned to belcourt#5
belcourt#5 collected $4.28 from pot
*** SUMMARY ***
Total pot $4.50 | Rake $0.22 
Board [4d 5h Qd]
Seat 1: xcinaz (big blind) folded on the Flop
Seat 2: m0nTTu folded before Flop (didn't bet)
Seat 3: XneferX folded before Flop (didn't bet)
Seat 4: belcourt#5 collected ($4.28)
Seat 5: skars07 (button) folded before Flop (didn't bet)
Seat 6: nikalas22 (small blind) folded before Flop



PokerStars Hand #254555917300:  Hold'em No Limit ($0.50/$1.00 USD) - 2025/01/25 1:35:49 WET [2025/01/25 20:35:49 ET]
Table 'Gellivara II' 6-max Seat #6 is the button
Seat 1: xcinaz ($100 in chips) 
Seat 2: m0nTTu ($100 in chips) 
Seat 3: XneferX ($102.41 in chips) 
Seat 4: belcourt#5 ($70.71 in chips) 
Seat 5: skars07 ($132.57 in chips) 
Seat 6: nikalas22 ($100 in chips) 
xcinaz: posts small blind $0.50
m0nTTu: posts big blind $1
*** HOLE CARDS ***
XneferX: folds 
belcourt#5: raises $1 to $2
skars07: folds 
nikalas22: folds 
xcinaz: folds 
m0nTTu: folds 
Uncalled bet ($1) returned to belcourt#5
belcourt#5 collected $2.50 from pot
*** SUMMARY ***
Total pot $2.50 | Rake $0 
Seat 1: xcinaz (small blind) folded before Flop
Seat 2: m0nTTu (big blind) folded before Flop
Seat 3: XneferX folded before Flop (didn't bet)
Seat 4: belcourt#5 collected ($2.50)
Seat 5: skars07 folded before Flop (didn't bet)
Seat 6: nikalas22 (button) folded before Flop (didn't bet)



PokerStars Hand #254555920448:  Hold'em No Limit ($0.50/$1.00 USD) - 2025/01/25 1:36:05 WET [2025/01/25 20:36:05 ET]
Table 'Gellivara II' 6-max Seat #1 is the button
Seat 1: xcinaz ($100 in chips) 
Seat 2: m0nTTu ($99 in chips) 
Seat 3: XneferX ($102.41 in chips) 
Seat 4: belcourt#5 ($72.21 in chips) 
Seat 5: skars07 ($132.57 in chips) 
Seat 6: nikalas22 ($100 in chips) 
m0nTTu: posts small blind $0.50
XneferX: posts big blind $1
*** HOLE CARDS ***
belcourt#5: folds 
skars07: folds 
nikalas22: folds 
xcinaz: folds 
m0nTTu: raises $2 to $3
XneferX: folds 
Uncalled bet ($2) returned to m0nTTu
m0nTTu collected $2 from pot
m0nTTu: doesn't show hand 
*** SUMMARY ***
Total pot $2 | Rake $0 
Seat 1: xcinaz (button) folded before Flop (didn't bet)
Seat 2: m0nTTu (small blind) collected ($2)
Seat 3: XneferX (big blind) folded before Flop
Seat 4: belcourt#5 folded before Flop (didn't bet)
Seat 5: skars07 folded before Flop (didn't bet)
Seat 6: nikalas22 folded before Flop (didn't bet)



PokerStars Hand #254555926210:  Hold'em No Limit ($0.50/$1.00 USD) - 2025/01/25 1:36:36 WET [2025/01/25 20:36:36 ET]
Table 'Gellivara II' 6-max Seat #2 is the button
Seat 1: xcinaz ($100 in chips) 
Seat 2: m0nTTu ($100 in chips) 
Seat 3: XneferX ($101.41 in chips) 
Seat 4: belcourt#5 ($72.21 in chips) 
Seat 5: skars07 ($132.57 in chips) 
Seat 6: nikalas22 ($100 in chips) 
XneferX: posts small blind $0.50
belcourt#5: posts big blind $1
*** HOLE CARDS ***
skars07: folds 
nikalas22: folds 
xcinaz: raises $1.20 to $2.20
m0nTTu: folds 
XneferX: folds 
belcourt#5: raises $1.20 to $3.40
xcinaz: calls $1.20
*** FLOP *** [2c 7d 8s]
belcourt#5: bets $8.94
xcinaz: folds 
Uncalled bet ($8.94) returned to belcourt#5
belcourt#5 collected $6.94 from pot
*** SUMMARY ***
Total pot $7.30 | Rake $0.36 
Board [2c 7d 8s]
Seat 1: xcinaz folded on the Flop
Seat 2: m0nTTu (button) folded before Flop (didn't bet)
Seat 3: XneferX (small blind) folded before Flop
Seat 4: belcourt#5 (big blind) collected ($6.94)
Seat 5: skars07 folded before Flop (didn't bet)
Seat 6: nikalas22 folded before Flop (didn't bet)



PokerStars Hand #254555932442:  Hold'em No Limit ($0.50/$1.00 USD) - 2025/01/25 1:37:10 WET [2025/01/25 20:37:10 ET]
Table 'Gellivara II' 6-max Seat #3 is the button
Seat 1: xcinaz ($100 in chips) 
Seat 2: m0nTTu ($100 in chips) 
Seat 3: XneferX ($100.91 in chips) 
Seat 4: belcourt#5 ($75.75 in chips) 
Seat 5: skars07 ($132.57 in chips) 
Seat 6: nikalas22 ($100 in chips) 
belcourt#5: posts small blind $0.50
skars07: posts big blind $1
*** HOLE CARDS ***
nikalas22: folds 
xcinaz: raises $1 to $2
m0nTTu: folds 
XneferX: folds 
belcourt#5: folds 
skars07: folds 
Uncalled bet ($1) returned to xcinaz
xcinaz collected $2.50 from pot
xcinaz: doesn't show hand 
*** SUMMARY ***
Total pot $2.50 | Rake $0 
Seat 1: xcinaz collected ($2.50)
Seat 2: m0nTTu folded before Flop (didn't bet)
Seat 3: XneferX (button) folded before Flop (didn't bet)
Seat 4: belcourt#5 (small blind) folded before Flop
Seat 5: skars07 (big blind) folded before Flop
Seat 6: nikalas22 folded before Flop (didn't bet)



PokerStars Hand #254555935476:  Hold'em No Limit ($0.50/$1.00 USD) - 2025/01/25 1:37:27 WET [2025/01/25 20:37:27 ET]
Table 'Gellivara II' 6-max Seat #4 is the button
Seat 1: xcinaz ($101.50 in chips) 
Seat 2: m0nTTu ($100 in chips) 
Seat 3: XneferX ($100.91 in chips) 
Seat 4: belcourt#5 ($75.25 in chips) 
Seat 5: skars07 ($131.57 in chips) 
Seat 6: nikalas22 ($100 in chips) 
skars07: posts small blind $0.50
nikalas22: posts big blind $1
*** HOLE CARDS ***
xcinaz: folds 
m0nTTu: folds 
XneferX: folds 
belcourt#5 has timed out
belcourt#5: folds 
skars07: folds 
Uncalled bet ($0.50) returned to nikalas22
nikalas22 collected $1 from pot
nikalas22: doesn't show hand 
*** SUMMARY ***
Total pot $1 | Rake $0 
Seat 1: xcinaz folded before Flop (didn't bet)
Seat 2: m0nTTu folded before Flop (didn't bet)
Seat 3: XneferX folded before Flop (didn't bet)
Seat 4: belcourt#5 (button) folded before Flop (didn't bet)
Seat 5: skars07 (small blind) folded before Flop
Seat 6: nikalas22 (big blind) collected ($1)



PokerStars Hand #254555941003:  Hold'em No Limit ($0.50/$1.00 USD) - 2025/01/25 1:37:57 WET [2025/01/25 20:37:57 ET]
Table 'Gellivara II' 6-max Seat #5 is the button
Seat 1: xcinaz ($101.50 in chips) 
Seat 2: m0nTTu ($100 in chips) 
Seat 3: XneferX ($100.91 in chips) 
Seat 4: belcourt#5 ($75.25 in chips) 
Seat 5: skars07 ($131.07 in chips) 
Seat 6: nikalas22 ($100.50 in chips) 
nikalas22: posts small blind $0.50
xcinaz: posts big blind $1
*** HOLE CARDS ***
m0nTTu: folds 
XneferX: folds 
belcourt#5: raises $2 to $3
skars07: folds 
nikalas22: folds 
xcinaz: raises $8.50 to $11.50
belcourt#5: calls $8.50
*** FLOP *** [Ac 9d 2h]
xcinaz: bets $7.37
belcourt#5: calls $7.37
*** TURN *** [Ac 9d 2h] [Js]
xcinaz: checks 
belcourt#5: bets $56.38 and is all-in
xcinaz: folds 
Uncalled bet ($56.38) returned to belcourt#5
belcourt#5 collected $36.33 from pot
*** SUMMARY ***
Total pot $38.24 | Rake $1.91 
Board [Ac 9d 2h Js]
Seat 1: xcinaz (big blind) folded on the Turn
Seat 2: m0nTTu folded before Flop (didn't bet)
Seat 3: XneferX folded before Flop (didn't bet)
Seat 4: belcourt#5 collected ($36.33)
Seat 5: skars07 (button) folded before Flop (didn't bet)
Seat 6: nikalas22 (small blind) folded before Flop



PokerStars Hand #254555955250:  Hold'em No Limit ($0.50/$1.00 USD) - 2025/01/25 1:39:14 WET [2025/01/25 20:39:14 ET]
Table 'Gellivara II' 6-max Seat #6 is the button
Seat 1: xcinaz ($100 in chips) 
Seat 2: m0nTTu ($100 in chips) 
Seat 3: XneferX ($100.91 in chips) 
Seat 4: belcourt#5 ($92.71 in chips) 
Seat 5: skars07 ($131.07 in chips) 
Seat 6: nikalas22 ($100 in chips) 
xcinaz: posts small blind $0.50
m0nTTu: posts big blind $1
*** HOLE CARDS ***
XneferX: folds 
belcourt#5: calls $1
skars07: folds 
nikalas22: folds 
xcinaz: calls $0.50
m0nTTu: checks 
*** FLOP *** [Ts 8s Ah]
xcinaz: checks 
m0nTTu: checks 
belcourt#5: bets $4
xcinaz: folds 
m0nTTu: folds 
Uncalled bet ($4) returned to belcourt#5
belcourt#5 collected $2.85 from pot
*** SUMMARY ***
Total pot $3 | Rake $0.15 
Board [Ts 8s Ah]
Seat 1: xcinaz (small blind) folded on the Flop
Seat 2: m0nTTu (big blind) folded on the Flop
Seat 3: XneferX folded before Flop (didn't bet)
Seat 4: belcourt#5 collected ($2.85)
Seat 5: skars07 folded before Flop (didn't bet)
Seat 6: nikalas22 (button) folded before Flop (didn't bet)



PokerStars Hand #254555968140:  Hold'em No Limit ($0.50/$1.00 USD) - 2025/01/25 1:40:24 WET [2025/01/25 20:40:24 ET]
Table 'Gellivara II' 6-max Seat #1 is the button
Seat 1: xcinaz ($100 in chips) 
Seat 2: m0nTTu ($99 in chips) 
Seat 3: XneferX ($100.91 in chips) 
Seat 4: belcourt#5 ($94.56 in chips) 
Seat 5: skars07 ($131.07 in chips) 
Seat 6: nikalas22 ($100 in chips) 
m0nTTu: posts small blind $0.50
XneferX: posts big blind $1
*** HOLE CARDS ***
belcourt#5: folds 
skars07: folds 
nikalas22: folds 
xcinaz: raises $1.50 to $2.50
m0nTTu: folds 
XneferX: calls $1.50
*** FLOP *** [6s 6c Jc]
XneferX: checks 
xcinaz: bets $1.31
XneferX: calls $1.31
*** TURN *** [6s 6c Jc] [9c]
XneferX: checks 
xcinaz: checks 
*** RIVER *** [6s 6c Jc 9c] [As]
XneferX: checks 
xcinaz: checks 
*** SHOW DOWN ***
XneferX: shows [Jd 8d] (two pair, Jacks and Sixes)
xcinaz: mucks hand 
XneferX collected $7.71 from pot
*** SUMMARY ***
Total pot $8.12 | Rake $0.41 
Board [6s 6c Jc 9c As]
Seat 1: xcinaz (button) mucked
Seat 2: m0nTTu (small blind) folded before Flop
Seat 3: XneferX (big blind) showed [Jd 8d] and won ($7.71) with two pair, Jacks and Sixes
Seat 4: belcourt#5 folded before Flop (didn't bet)
Seat 5: skars07 folded before Flop (didn't bet)
Seat 6: nikalas22 folded before Flop (didn't bet)



PokerStars Hand #254555982081:  Hold'em No Limit ($0.50/$1.00 USD) - 2025/01/25 1:41:39 WET [2025/01/25 20:41:39 ET]
Table 'Gellivara II' 6-max Seat #2 is the button
Seat 1: xcinaz ($100 in chips) 
Seat 2: m0nTTu ($100 in chips) 
Seat 3: XneferX ($104.81 in chips) 
Seat 4: belcourt#5 ($94.56 in chips) 
Seat 5: skars07 ($131.07 in chips) 
Seat 6: nikalas22 ($100 in chips) 
XneferX: posts small blind $0.50
belcourt#5: posts big blind $1
*** HOLE CARDS ***
skars07: folds 
nikalas22: raises $1.50 to $2.50
xcinaz: folds 
m0nTTu: folds 
XneferX: folds 
belcourt#5: folds 
Uncalled bet ($1.50) returned to nikalas22
nikalas22 collected $2.50 from pot
nikalas22: doesn't show hand 
*** SUMMARY ***
Total pot $2.50 | Rake $0 
Seat 1: xcinaz folded before Flop (didn't bet)
Seat 2: m0nTTu (button) folded before Flop (didn't bet)
Seat 3: XneferX (small blind) folded before Flop
Seat 4: belcourt#5 (big blind) folded before Flop
Seat 5: skars07 folded before Flop (didn't bet)
Seat 6: nikalas22 collected ($2.50)



PokerStars Hand #254555988267:  Hold'em No Limit ($0.50/$1.00 USD) - 2025/01/25 1:42:12 WET [2025/01/25 20:42:12 ET]
Table 'Gellivara II' 6-max Seat #3 is the button
Seat 1: xcinaz ($100 in chips) 
Seat 2: m0nTTu ($100 in chips) 
Seat 3: XneferX ($104.31 in chips) 
Seat 4: belcourt#5 ($93.56 in chips) 
Seat 5: skars07 ($131.07 in chips) 
Seat 6: nikalas22 ($101.50 in chips) 
belcourt#5: posts small blind $0.50
skars07: posts big blind $1
*** HOLE CARDS ***
nikalas22: folds 
xcinaz: folds 
m0nTTu: folds 
XneferX: raises $1.77 to $2.77
belcourt#5: folds 
skars07: folds 
Uncalled bet ($1.77) returned to XneferX
XneferX collected $2.50 from pot
XneferX: doesn't show hand 
*** SUMMARY ***
Total pot $2.50 | Rake $0 
Seat 1: xcinaz folded before Flop (didn't bet)
Seat 2: m0nTTu folded before Flop (didn't bet)
Seat 3: XneferX (button) collected ($2.50)
Seat 4: belcourt#5 (small blind) folded before Flop
Seat 5: skars07 (big blind) folded before Flop
Seat 6: nikalas22 folded before Flop (didn't bet)



PokerStars Hand #254555994303:  Hold'em No Limit ($0.50/$1.00 USD) - 2025/01/25 1:42:45 WET [2025/01/25 20:42:45 ET]
Table 'Gellivara II' 6-max Seat #4 is the button
Seat 1: xcinaz ($100 in chips) 
Seat 2: m0nTTu ($100 in chips) 
Seat 3: XneferX ($105.81 in chips) 
Seat 4: belcourt#5 ($93.06 in chips) 
Seat 5: skars07 ($130.07 in chips) 
Seat 6: nikalas22 ($101.50 in chips) 
skars07: posts small blind $0.50
nikalas22: posts big blind $1
*** HOLE CARDS ***
xcinaz: folds 
m0nTTu: folds 
XneferX: folds 
belcourt#5: folds 
skars07: folds 
Uncalled bet ($0.50) returned to nikalas22
nikalas22 collected $1 from pot
nikalas22: doesn't show hand 
*** SUMMARY ***
Total pot $1 | Rake $0 
Seat 1: xcinaz folded before Flop (didn't bet)
Seat 2: m0nTTu folded before Flop (didn't bet)
Seat 3: XneferX folded before Flop (didn't bet)
Seat 4: belcourt#5 (button) folded before Flop (didn't bet)
Seat 5: skars07 (small blind) folded before Flop
Seat 6: nikalas22 (big blind) collected ($1)



PokerStars Hand #254555997620:  Hold'em No Limit ($0.50/$1.00 USD) - 2025/01/25 1:43:03 WET [2025/01/25 20:43:03 ET]
Table 'Gellivara II' 6-max Seat #5 is the button
Seat 1: xcinaz ($100 in chips) 
Seat 2: m0nTTu ($100 in chips) 
Seat 3: XneferX ($105.81 in chips) 
Seat 4: belcourt#5 ($93.06 in chips) 
Seat 5: skars07 ($129.57 in chips) 
Seat 6: nikalas22 ($102 in chips) 
nikalas22: posts small blind $0.50
xcinaz: posts big blind $1
*** HOLE CARDS ***
m0nTTu: folds 
XneferX: raises $1.10 to $2.10
belcourt#5: folds 
skars07: folds 
nikalas22: folds 
xcinaz: raises $9.40 to $11.50
XneferX: folds 
Uncalled bet ($9.40) returned to xcinaz
xcinaz collected $4.70 from pot
xcinaz: doesn't show hand 
*** SUMMARY ***
Total pot $4.70 | Rake $0 
Seat 1: xcinaz (big blind) collected ($4.70)
Seat 2: m0nTTu folded before Flop (didn't bet)
Seat 3: XneferX folded before Flop
Seat 4: belcourt#5 folded before Flop (didn't bet)
Seat 5: skars07 (button) folded before Flop (didn't bet)
Seat 6: nikalas22 (small blind) folded before Flop



PokerStars Hand #254556005319:  Hold'em No Limit ($0.50/$1.00 USD) - 2025/01/25 1:43:45 WET [2025/01/25 20:43:45 ET]
Table 'Gellivara II' 6-max Seat #6 is the button
Seat 1: xcinaz ($102.60 in chips) 
Seat 2: m0nTTu ($100 in chips) 
Seat 3: XneferX ($103.71 in chips) 
Seat 4: belcourt#5 ($93.06 in chips) 
Seat 5: skars07 ($129.57 in chips) 
Seat 6: nikalas22 ($101.50 in chips) 
xcinaz: posts small blind $0.50
m0nTTu: posts big blind $1
*** HOLE CARDS ***
XneferX: folds 
belcourt#5: folds 
skars07: folds 
nikalas22: folds 
xcinaz: folds 
Uncalled bet ($0.50) returned to m0nTTu
m0nTTu collected $1 from pot
m0nTTu: doesn't show hand 
*** SUMMARY ***
Total pot $1 | Rake $0 
Seat 1: xcinaz (small blind) folded before Flop
Seat 2: m0nTTu (big blind) collected ($1)
Seat 3: XneferX folded before Flop (didn't bet)
Seat 4: belcourt#5 folded before Flop (didn't bet)
Seat 5: skars07 folded before Flop (didn't bet)
Seat 6: nikalas22 (button) folded before Flop (didn't bet)



PokerStars Hand #254556008063:  Hold'em No Limit ($0.50/$1.00 USD) - 2025/01/25 1:44:00 WET [2025/01/25 20:44:00 ET]
Table 'Gellivara II' 6-max Seat #1 is the button
Seat 1: xcinaz ($102.10 in chips) 
Seat 2: m0nTTu ($100.50 in chips) 
Seat 3: XneferX ($103.71 in chips) 
Seat 4: belcourt#5 ($93.06 in chips) 
Seat 5: skars07 ($129.57 in chips) 
Seat 6: nikalas22 ($101.50 in chips) 
m0nTTu: posts small blind $0.50
XneferX: posts big blind $1
*** HOLE CARDS ***
belcourt#5: folds 
skars07: folds 
nikalas22: folds 
xcinaz: folds 
m0nTTu: folds 
Uncalled bet ($0.50) returned to XneferX
XneferX collected $1 from pot
XneferX: doesn't show hand 
*** SUMMARY ***
Total pot $1 | Rake $0 
Seat 1: xcinaz (button) folded before Flop (didn't bet)
Seat 2: m0nTTu (small blind) folded before Flop
Seat 3: XneferX (big blind) collected ($1)
Seat 4: belcourt#5 folded before Flop (didn't bet)
Seat 5: skars07 folded before Flop (didn't bet)
Seat 6: nikalas22 folded before Flop (didn't bet)



PokerStars Hand #254556012366:  Hold'em No Limit ($0.50/$1.00 USD) - 2025/01/25 1:44:24 WET [2025/01/25 20:44:24 ET]
Table 'Gellivara II' 6-max Seat #2 is the button
Seat 1: xcinaz ($102.10 in chips) 
Seat 2: m0nTTu ($100 in chips) 
Seat 3: XneferX ($104.21 in chips) 
Seat 4: belcourt#5 ($93.06 in chips) 
Seat 5: skars07 ($129.57 in chips) 
Seat 6: nikalas22 ($101.50 in chips) 
XneferX: posts small blind $0.50
belcourt#5: posts big blind $1
*** HOLE CARDS ***
skars07: folds 
nikalas22: raises $1.50 to $2.50
xcinaz: folds 
m0nTTu: folds 
XneferX: folds 
belcourt#5: raises $1.50 to $4
nikalas22: calls $1.50
*** FLOP *** [Jc 2c 8h]
belcourt#5: bets $4.04
nikalas22: calls $4.04
*** TURN *** [Jc 2c 8h] [8s]
belcourt#5: checks 
nikalas22: checks 
*** RIVER *** [Jc 2c 8h 8s] [Tc]
belcourt#5: bets $15.75
nikalas22: folds 
Uncalled bet ($15.75) returned to belcourt#5
belcourt#5 collected $15.75 from pot
*** SUMMARY ***
Total pot $16.58 | Rake $0.83 
Board [Jc 2c 8h 8s Tc]
Seat 1: xcinaz folded before Flop (didn't bet)
Seat 2: m0nTTu (button) folded before Flop (didn't bet)
Seat 3: XneferX (small blind) folded before Flop
Seat 4: belcourt#5 (big blind) collected ($15.75)
Seat 5: skars07 folded before Flop (didn't bet)
Seat 6: nikalas22 folded on the River



PokerStars Hand #254556021576:  Hold'em No Limit ($0.50/$1.00 USD) - 2025/01/25 1:45:15 WET [2025/01/25 20:45:15 ET]
Table 'Gellivara II' 6-max Seat #3 is the button
Seat 1: xcinaz ($102.10 in chips) 
Seat 2: m0nTTu ($100 in chips) 
Seat 3: XneferX ($103.71 in chips) 
Seat 4: belcourt#5 ($100.77 in chips) 
Seat 5: skars07 ($129.57 in chips) 
Seat 6: nikalas22 ($100 in chips) 
belcourt#5: posts small blind $0.50
skars07: posts big blind $1
*** HOLE CARDS ***
nikalas22: folds 
xcinaz: folds 
m0nTTu: raises $1.50 to $2.50
XneferX: folds 
belcourt#5: raises $1.50 to $4
skars07: folds 
m0nTTu: raises $25.50 to $29.50
belcourt#5: calls $25.50
*** FLOP *** [8s 3c 4s]
belcourt#5: checks 
m0nTTu: bets $70.50 and is all-in
belcourt#5: folds 
Uncalled bet ($70.50) returned to m0nTTu
m0nTTu collected $57.50 from pot
m0nTTu: doesn't show hand 
*** SUMMARY ***
Total pot $60 | Rake $2.50 
Board [8s 3c 4s]
Seat 1: xcinaz folded before Flop (didn't bet)
Seat 2: m0nTTu collected ($57.50)
Seat 3: XneferX (button) folded before Flop (didn't bet)
Seat 4: belcourt#5 (small blind) folded on the Flop
Seat 5: skars07 (big blind) folded before Flop
Seat 6: nikalas22 folded before Flop (didn't bet)



PokerStars Hand #254556034740:  Hold'em No Limit ($0.50/$1.00 USD) - 2025/01/25 1:46:26 WET [2025/01/25 20:46:26 ET]
Table 'Gellivara II' 6-max Seat #4 is the button
Seat 1: xcinaz ($102.10 in chips) 
Seat 2: m0nTTu ($128 in chips) 
Seat 3: XneferX ($103.71 in chips) 
Seat 4: belcourt#5 ($71.27 in chips) 
Seat 5: skars07 ($128.57 in chips) 
Seat 6: nikalas22 ($100 in chips) 
skars07: posts small blind $0.50
nikalas22: posts big blind $1
*** HOLE CARDS ***
xcinaz: folds 
m0nTTu: folds 
XneferX: folds 
belcourt#5: folds 
skars07: folds 
Uncalled bet ($0.50) returned to nikalas22
nikalas22 collected $1 from pot
nikalas22: doesn't show hand 
*** SUMMARY ***
Total pot $1 | Rake $0 
Seat 1: xcinaz folded before Flop (didn't bet)
Seat 2: m0nTTu folded before Flop (didn't bet)
Seat 3: XneferX folded before Flop (didn't bet)
Seat 4: belcourt#5 (button) folded before Flop (didn't bet)
Seat 5: skars07 (small blind) folded before Flop
Seat 6: nikalas22 (big blind) collected ($1)



PokerStars Hand #254556037101:  Hold'em No Limit ($0.50/$1.00 USD) - 2025/01/25 1:46:39 WET [2025/01/25 20:46:39 ET]
Table 'Gellivara II' 6-max Seat #5 is the button
Seat 1: xcinaz ($102.10 in chips) 
Seat 2: m0nTTu ($128 in chips) 
Seat 3: XneferX ($103.71 in chips) 
Seat 4: belcourt#5 ($71.27 in chips) 
Seat 5: skars07 ($128.07 in chips) 
Seat 6: nikalas22 ($100.50 in chips) 
nikalas22: posts small blind $0.50
xcinaz: posts big blind $1
*** HOLE CARDS ***
m0nTTu: folds 
XneferX: folds 
belcourt#5: raises $4 to $5
skars07: folds 
nikalas22: folds 
xcinaz: folds 
Uncalled bet ($4) returned to belcourt#5
belcourt#5 collected $2.50 from pot
*** SUMMARY ***
Total pot $2.50 | Rake $0 
Seat 1: xcinaz (big blind) folded before Flop
Seat 2: m0nTTu folded before Flop (didn't bet)
Seat 3: XneferX folded before Flop (didn't bet)
Seat 4: belcourt#5 collected ($2.50)
Seat 5: skars07 (button) folded before Flop (didn't bet)
Seat 6: nikalas22 (small blind) folded before Flop



PokerStars Hand #254556043024:  Hold'em No Limit ($0.50/$1.00 USD) - 2025/01/25 1:47:11 WET [2025/01/25 20:47:11 ET]
Table 'Gellivara II' 6-max Seat #6 is the button
Seat 1: xcinaz ($101.10 in chips) 
Seat 2: m0nTTu ($128 in chips) 
Seat 3: XneferX ($103.71 in chips) 
Seat 4: belcourt#5 ($72.77 in chips) 
Seat 5: skars07 ($128.07 in chips) 
Seat 6: nikalas22 ($100 in chips) 
xcinaz: posts small blind $0.50
m0nTTu: posts big blind $1
*** HOLE CARDS ***
XneferX: folds 
belcourt#5: raises $1 to $2
skars07: folds 
nikalas22: folds 
xcinaz: folds 
m0nTTu: folds 
Uncalled bet ($1) returned to belcourt#5
belcourt#5 collected $2.50 from pot
*** SUMMARY ***
Total pot $2.50 | Rake $0 
Seat 1: xcinaz (small blind) folded before Flop
Seat 2: m0nTTu (big blind) folded before Flop
Seat 3: XneferX folded before Flop (didn't bet)
Seat 4: belcourt#5 collected ($2.50)
Seat 5: skars07 folded before Flop (didn't bet)
Seat 6: nikalas22 (button) folded before Flop (didn't bet)



PokerStars Hand #254556046109:  Hold'em No Limit ($0.50/$1.00 USD) - 2025/01/25 1:47:28 WET [2025/01/25 20:47:28 ET]
Table 'Gellivara II' 6-max Seat #1 is the button
Seat 1: xcinaz ($100.60 in chips) 
Seat 2: m0nTTu ($127 in chips) 
Seat 3: XneferX ($103.71 in chips) 
Seat 4: belcourt#5 ($74.27 in chips) 
Seat 5: skars07 ($128.07 in chips) 
Seat 6: nikalas22 ($100 in chips) 
m0nTTu: posts small blind $0.50
XneferX: posts big blind $1
*** HOLE CARDS ***
belcourt#5: raises $1 to $2
skars07: folds 
nikalas22: folds 
xcinaz: folds 
m0nTTu: folds 
XneferX: raises $9 to $11
belcourt#5: calls $9
*** FLOP *** [2d 6h 3d]
XneferX: checks 
belcourt#5: bets $10.69
XneferX: calls $10.69
*** TURN *** [2d 6h 3d] [Td]
XneferX: checks 
belcourt#5: checks 
*** RIVER *** [2d 6h 3d Td] [5c]
XneferX: bets $21.26
belcourt#5: raises $31.32 to $52.58 and is all-in
XneferX: calls $31.32
*** SHOW DOWN ***
belcourt#5: shows [3c As] (a pair of Threes)
XneferX: shows [Ac Ah] (a pair of Aces)
XneferX collected $146.54 from pot
*** SUMMARY ***
Total pot $149.04 | Rake $2.50 
Board [2d 6h 3d Td 5c]
Seat 1: xcinaz (button) folded before Flop (didn't bet)
Seat 2: m0nTTu (small blind) folded before Flop
Seat 3: XneferX (big blind) showed [Ac Ah] and won ($146.54) with a pair of Aces
Seat 4: belcourt#5 showed [3c As] and lost with a pair of Threes
Seat 5: skars07 folded before Flop (didn't bet)
Seat 6: nikalas22 folded before Flop (didn't bet)



PokerStars Hand #254556061143:  Hold'em No Limit ($0.50/$1.00 USD) - 2025/01/25 1:48:51 WET [2025/01/25 20:48:51 ET]
Table 'Gellivara II' 6-max Seat #2 is the button
Seat 4: belcourt#5 ($0 in chips) is sitting out
Seat 1: xcinaz ($100.60 in chips) 
Seat 2: m0nTTu ($126.50 in chips) 
Seat 3: XneferX ($175.98 in chips) 
Seat 5: skars07 ($128.07 in chips) 
Seat 6: nikalas22 ($100 in chips) 
XneferX: posts small blind $0.50
skars07: posts big blind $1
*** HOLE CARDS ***
nikalas22: folds 
xcinaz: raises $1.20 to $2.20
belcourt#5 is disconnected 
m0nTTu: raises $5.30 to $7.50
XneferX: folds 
skars07: folds 
xcinaz: calls $5.30
*** FLOP *** [Jd Jh 9s]
xcinaz: checks 
m0nTTu: bets $5.17
belcourt#5 leaves the table
xcinaz: calls $5.17
*** TURN *** [Jd Jh 9s] [9h]
xcinaz: checks 
m0nTTu: checks 
*** RIVER *** [Jd Jh 9s 9h] [Ks]
xcinaz: checks 
m0nTTu: checks 
*** SHOW DOWN ***
xcinaz: shows [4s 4c] (two pair, Jacks and Nines)
m0nTTu: shows [Th Td] (two pair, Jacks and Tens)
m0nTTu collected $25.50 from pot
*** SUMMARY ***
Total pot $26.84 | Rake $1.34 
Board [Jd Jh 9s 9h Ks]
Seat 4: belcourt#5
Seat 1: xcinaz showed [4s 4c] and lost with two pair, Jacks and Nines
Seat 2: m0nTTu (button) showed [Th Td] and won ($25.50) with two pair, Jacks and Tens
Seat 3: XneferX (small blind) folded before Flop
Seat 5: skars07 (big blind) folded before Flop
Seat 6: nikalas22 folded before Flop (didn't bet)



PokerStars Hand #254556079075:  Hold'em No Limit ($0.50/$1.00 USD) - 2025/01/25 1:50:32 WET [2025/01/25 20:50:32 ET]
Table 'Gellivara II' 6-max Seat #3 is the button
Seat 1: xcinaz ($100 in chips) 
Seat 2: m0nTTu ($139.33 in chips) 
Seat 3: XneferX ($175.48 in chips) 
Seat 5: skars07 ($127.07 in chips) 
Seat 6: nikalas22 ($100 in chips) 
skars07: posts small blind $0.50
nikalas22: posts big blind $1
*** HOLE CARDS ***
xcinaz: folds 
m0nTTu: folds 
XneferX: folds 
skars07: raises $2 to $3
nikalas22: folds 
Uncalled bet ($2) returned to skars07
skars07 collected $2 from pot
skars07: doesn't show hand 
*** SUMMARY ***
Total pot $2 | Rake $0 
Seat 1: xcinaz folded before Flop (didn't bet)
Seat 2: m0nTTu folded before Flop (didn't bet)
Seat 3: XneferX (button) folded before Flop (didn't bet)
Seat 5: skars07 (small blind) collected ($2)
Seat 6: nikalas22 (big blind) folded before Flop



PokerStars Hand #254556082211:  Hold'em No Limit ($0.50/$1.00 USD) - 2025/01/25 1:50:50 WET [2025/01/25 20:50:50 ET]
Table 'Gellivara II' 6-max Seat #5 is the button
Seat 1: xcinaz ($100 in chips) 
Seat 2: m0nTTu ($139.33 in chips) 
Seat 3: XneferX ($175.48 in chips) 
Seat 5: skars07 ($128.07 in chips) 
Seat 6: nikalas22 ($100 in chips) 
nikalas22: posts small blind $0.50
xcinaz: posts big blind $1
*** HOLE CARDS ***
m0nTTu: raises $1.50 to $2.50
XneferX: folds 
skars07: folds 
nikalas22: folds 
xcinaz: folds 
Uncalled bet ($1.50) returned to m0nTTu
m0nTTu collected $2.50 from pot
m0nTTu: doesn't show hand 
*** SUMMARY ***
Total pot $2.50 | Rake $0 
Seat 1: xcinaz (big blind) folded before Flop
Seat 2: m0nTTu collected ($2.50)
Seat 3: XneferX folded before Flop (didn't bet)
Seat 5: skars07 (button) folded before Flop (didn't bet)
Seat 6: nikalas22 (small blind) folded before Flop



