PokerStars Hand #254555606648:  Hold'em No Limit ($0.50/$1.00 USD) - 2025/01/25 1:08:18 WET [2025/01/25 20:08:18 ET]
Table 'Pherkad IV' 6-max Seat #1 is the button
Seat 1: ptolejmus ($10 in chips) 
Seat 2: EasyGamerrr ($100 in chips) 
Seat 3: Mr_Dick666 ($100 in chips) 
Seat 4: Manifestorr ($115.15 in chips) 
Seat 5: Odamin2512 ($15.41 in chips) 
Seat 6: andutu34 ($102.72 in chips) 
EasyGamerrr: posts small blind $0.50
Mr_Dick666: posts big blind $1
*** HOLE CARDS ***
Manifestorr: folds 
Odamin2512: folds 
andutu34: folds 
ptolejmus: raises $1 to $2
EasyGamerrr: folds 
Mr_Dick666: folds 
Uncalled bet ($1) returned to ptolejmus
ptolejmus collected $2.50 from pot
*** SUMMARY ***
Total pot $2.50 | Rake $0 
Seat 1: ptolejmus (button) collected ($2.50)
Seat 2: EasyGamerrr (small blind) folded before Flop
Seat 3: Mr_Dick666 (big blind) folded before Flop
Seat 4: Manifestorr folded before Flop (didn't bet)
Seat 5: Odamin2512 folded before Flop (didn't bet)
Seat 6: andutu34 folded before Flop (didn't bet)



PokerStars Hand #254555611606:  Hold'em No Limit ($0.50/$1.00 USD) - 2025/01/25 1:08:44 WET [2025/01/25 20:08:44 ET]
Table 'Pherkad IV' 6-max Seat #2 is the button
Seat 1: ptolejmus ($11.50 in chips) 
Seat 2: EasyGamerrr ($100 in chips) 
Seat 3: Mr_Dick666 ($100 in chips) 
Seat 4: Manifestorr ($115.15 in chips) 
Seat 5: Odamin2512 ($15.41 in chips) 
Seat 6: andutu34 ($102.72 in chips) 
Mr_Dick666: posts small blind $0.50
Manifestorr: posts big blind $1
*** HOLE CARDS ***
Odamin2512: folds 
andutu34: raises $1 to $2
ptolejmus: folds 
EasyGamerrr: raises $4.50 to $6.50
Mr_Dick666: folds 
Manifestorr: folds 
andutu34: folds 
Uncalled bet ($4.50) returned to EasyGamerrr
EasyGamerrr collected $5.50 from pot
EasyGamerrr: doesn't show hand 
*** SUMMARY ***
Total pot $5.50 | Rake $0 
Seat 1: ptolejmus folded before Flop (didn't bet)
Seat 2: EasyGamerrr (button) collected ($5.50)
Seat 3: Mr_Dick666 (small blind) folded before Flop
Seat 4: Manifestorr (big blind) folded before Flop
Seat 5: Odamin2512 folded before Flop (didn't bet)
Seat 6: andutu34 folded before Flop



PokerStars Hand #254555615884:  Hold'em No Limit ($0.50/$1.00 USD) - 2025/01/25 1:09:06 WET [2025/01/25 20:09:06 ET]
Table 'Pherkad IV' 6-max Seat #3 is the button
Seat 1: ptolejmus ($11.50 in chips) 
Seat 2: EasyGamerrr ($103.50 in chips) 
Seat 3: Mr_Dick666 ($100 in chips) 
Seat 4: Manifestorr ($114.15 in chips) 
Seat 5: Odamin2512 ($15.41 in chips) 
Seat 6: andutu34 ($100.72 in chips) 
Manifestorr: posts small blind $0.50
Odamin2512: posts big blind $1
*** HOLE CARDS ***
andutu34: folds 
ptolejmus: folds 
EasyGamerrr: folds 
Mr_Dick666: folds 
Manifestorr: raises $113.15 to $114.15 and is all-in
Odamin2512: folds 
Uncalled bet ($113.15) returned to Manifestorr
Manifestorr collected $2 from pot
*** SUMMARY ***
Total pot $2 | Rake $0 
Seat 1: ptolejmus folded before Flop (didn't bet)
Seat 2: EasyGamerrr folded before Flop (didn't bet)
Seat 3: Mr_Dick666 (button) folded before Flop (didn't bet)
Seat 4: Manifestorr (small blind) collected ($2)
Seat 5: Odamin2512 (big blind) folded before Flop
Seat 6: andutu34 folded before Flop (didn't bet)



PokerStars Hand #254555620261:  Hold'em No Limit ($0.50/$1.00 USD) - 2025/01/25 1:09:30 WET [2025/01/25 20:09:30 ET]
Table 'Pherkad IV' 6-max Seat #4 is the button
Seat 6: andutu34 ($100.72 in chips) is sitting out
Seat 1: ptolejmus ($11.50 in chips) 
Seat 2: EasyGamerrr ($103.50 in chips) 
Seat 3: Mr_Dick666 ($100 in chips) 
Seat 4: Manifestorr ($115.15 in chips) 
Seat 5: Odamin2512 ($14.41 in chips) 
Odamin2512: posts small blind $0.50
andutu34: is sitting out 
ptolejmus: posts big blind $1
*** HOLE CARDS ***
andutu34 leaves the table
EasyGamerrr: raises $1 to $2
Mr_Dick666: folds 
Manifestorr: folds 
Odamin2512: calls $1.50
ptolejmus: folds 
*** FLOP *** [4d 5s 8h]
Odamin2512: checks 
EasyGamerrr: checks 
*** TURN *** [4d 5s 8h] [2s]
Odamin2512: bets $1
z00mba joins the table at seat #6 
EasyGamerrr: calls $1
*** RIVER *** [4d 5s 8h 2s] [Ad]
Odamin2512: checks 
EasyGamerrr: bets $4.99
Odamin2512: calls $4.99
*** SHOW DOWN ***
EasyGamerrr: shows [Jh Ac] (a pair of Aces)
Odamin2512: mucks hand 
EasyGamerrr collected $16.13 from pot
*** SUMMARY ***
Total pot $16.98 | Rake $0.85 
Board [4d 5s 8h 2s Ad]
Seat 6: andutu34
Seat 1: ptolejmus (big blind) folded before Flop
Seat 2: EasyGamerrr showed [Jh Ac] and won ($16.13) with a pair of Aces
Seat 3: Mr_Dick666 folded before Flop (didn't bet)
Seat 4: Manifestorr (button) folded before Flop (didn't bet)
Seat 5: Odamin2512 (small blind) mucked



PokerStars Hand #254555634837:  Hold'em No Limit ($0.50/$1.00 USD) - 2025/01/25 1:10:46 WET [2025/01/25 20:10:46 ET]
Table 'Pherkad IV' 6-max Seat #5 is the button
Seat 6: z00mba ($100 in chips) is sitting out
Seat 1: ptolejmus ($10.50 in chips) 
Seat 2: EasyGamerrr ($111.64 in chips) 
Seat 3: Mr_Dick666 ($100 in chips) 
Seat 4: Manifestorr ($115.15 in chips) 
Seat 5: Odamin2512 ($6.42 in chips) 
ptolejmus: posts small blind $0.50
EasyGamerrr: posts big blind $1
*** HOLE CARDS ***
Mr_Dick666: folds 
Manifestorr: raises $1.20 to $2.20
Odamin2512: raises $4.22 to $6.42 and is all-in
ptolejmus: folds 
EasyGamerrr: folds 
Manifestorr: calls $4.22
*** FLOP *** [9d 2s Qc]
*** TURN *** [9d 2s Qc] [Js]
*** RIVER *** [9d 2s Qc Js] [3c]
*** SHOW DOWN ***
Manifestorr: shows [3d Ad] (a pair of Threes)
Odamin2512: shows [Th Kd] (a straight, Nine to King)
Odamin2512 collected $13.62 from pot
*** SUMMARY ***
Total pot $14.34 | Rake $0.72 
Board [9d 2s Qc Js 3c]
Seat 6: z00mba
Seat 1: ptolejmus (small blind) folded before Flop
Seat 2: EasyGamerrr (big blind) folded before Flop
Seat 3: Mr_Dick666 folded before Flop (didn't bet)
Seat 4: Manifestorr showed [3d Ad] and lost with a pair of Threes
Seat 5: Odamin2512 (button) showed [Th Kd] and won ($13.62) with a straight, Nine to King



PokerStars Hand #254555641193:  Hold'em No Limit ($0.50/$1.00 USD) - 2025/01/25 1:11:20 WET [2025/01/25 20:11:20 ET]
Table 'Pherkad IV' 6-max Seat #1 is the button
Seat 3: Mr_Dick666 ($100 in chips) is sitting out
Seat 6: z00mba ($100 in chips) is sitting out
Seat 1: ptolejmus ($10 in chips) 
Seat 2: EasyGamerrr ($110.64 in chips) 
Seat 4: Manifestorr ($108.73 in chips) 
Seat 5: Odamin2512 ($13.62 in chips) 
EasyGamerrr: posts small blind $0.50
Mr_Dick666: is sitting out 
Manifestorr: posts big blind $1
z00mba: sits out 
*** HOLE CARDS ***
Odamin2512: folds 
ptolejmus: folds 
Mr_Dick666 leaves the table
EasyGamerrr: folds 
Uncalled bet ($0.50) returned to Manifestorr
Manifestorr collected $1 from pot
XneferX joins the table at seat #3 
*** SUMMARY ***
Total pot $1 | Rake $0 
Seat 3: Mr_Dick666
Seat 6: z00mba
Seat 1: ptolejmus (button) folded before Flop (didn't bet)
Seat 2: EasyGamerrr (small blind) folded before Flop
Seat 4: Manifestorr (big blind) collected ($1)
Seat 5: Odamin2512 folded before Flop (didn't bet)



PokerStars Hand #254555646454:  Hold'em No Limit ($0.50/$1.00 USD) - 2025/01/25 1:11:47 WET [2025/01/25 20:11:47 ET]
Table 'Pherkad IV' 6-max Seat #2 is the button
Seat 3: XneferX ($100 in chips) is sitting out
Seat 6: z00mba ($100 in chips) is sitting out
Seat 1: ptolejmus ($10 in chips) 
Seat 2: EasyGamerrr ($110.14 in chips) 
Seat 4: Manifestorr ($109.23 in chips) 
Seat 5: Odamin2512 ($13.62 in chips) 
Manifestorr: posts small blind $0.50
Odamin2512: posts big blind $1
z00mba: sits out 
*** HOLE CARDS ***
ptolejmus: folds 
EasyGamerrr: folds 
Manifestorr: raises $108.23 to $109.23 and is all-in
Odamin2512: folds 
Uncalled bet ($108.23) returned to Manifestorr
Manifestorr collected $2 from pot
*** SUMMARY ***
Total pot $2 | Rake $0 
Seat 3: XneferX
Seat 6: z00mba
Seat 1: ptolejmus folded before Flop (didn't bet)
Seat 2: EasyGamerrr (button) folded before Flop (didn't bet)
Seat 4: Manifestorr (small blind) collected ($2)
Seat 5: Odamin2512 (big blind) folded before Flop



PokerStars Hand #254555648974:  Hold'em No Limit ($0.50/$1.00 USD) - 2025/01/25 1:12:00 WET [2025/01/25 20:12:00 ET]
Table 'Pherkad IV' 6-max Seat #4 is the button
Seat 3: XneferX ($100 in chips) is sitting out
Seat 1: ptolejmus ($10 in chips) 
Seat 2: EasyGamerrr ($110.14 in chips) 
Seat 4: Manifestorr ($110.23 in chips) 
Seat 5: Odamin2512 ($12.62 in chips) 
Seat 6: z00mba ($100 in chips) 
Odamin2512: posts small blind $0.50
z00mba: posts big blind $1
XneferX: sits out 
*** HOLE CARDS ***
ptolejmus: folds 
EasyGamerrr: folds 
Manifestorr: folds 
Odamin2512: calls $0.50
z00mba: checks 
*** FLOP *** [4h 5s Th]
Odamin2512: bets $1
z00mba: calls $1
*** TURN *** [4h 5s Th] [2c]
Odamin2512: bets $1
z00mba: calls $1
*** RIVER *** [4h 5s Th 2c] [Jc]
Odamin2512: checks 
z00mba: checks 
*** SHOW DOWN ***
Odamin2512: shows [Kh Tc] (a pair of Tens)
z00mba: mucks hand 
Odamin2512 collected $5.70 from pot
*** SUMMARY ***
Total pot $6 | Rake $0.30 
Board [4h 5s Th 2c Jc]
Seat 3: XneferX
Seat 1: ptolejmus folded before Flop (didn't bet)
Seat 2: EasyGamerrr folded before Flop (didn't bet)
Seat 4: Manifestorr (button) folded before Flop (didn't bet)
Seat 5: Odamin2512 (small blind) showed [Kh Tc] and won ($5.70) with a pair of Tens
Seat 6: z00mba (big blind) mucked



PokerStars Hand #254555657008:  Hold'em No Limit ($0.50/$1.00 USD) - 2025/01/25 1:12:42 WET [2025/01/25 20:12:42 ET]
Table 'Pherkad IV' 6-max Seat #5 is the button
Seat 3: XneferX ($100 in chips) is sitting out
Seat 1: ptolejmus ($10 in chips) 
Seat 2: EasyGamerrr ($110.14 in chips) 
Seat 4: Manifestorr ($110.23 in chips) 
Seat 5: Odamin2512 ($15.32 in chips) 
Seat 6: z00mba ($100 in chips) 
z00mba: posts small blind $0.50
ptolejmus: posts big blind $1
XneferX: sits out 
*** HOLE CARDS ***
EasyGamerrr: folds 
Manifestorr: raises $1.20 to $2.20
Odamin2512: calls $2.20
z00mba: folds 
ptolejmus: calls $1.20
*** FLOP *** [7c Tc Td]
ptolejmus: bets $7.80 and is all-in
Manifestorr: folds 
Odamin2512: calls $7.80
*** TURN *** [7c Tc Td] [Ad]
*** RIVER *** [7c Tc Td Ad] [3d]
*** SHOW DOWN ***
ptolejmus: shows [Ac 7s] (two pair, Aces and Tens)
Odamin2512: shows [9d 7d] (a flush, Ace high)
Odamin2512 collected $21.56 from pot
*** SUMMARY ***
Total pot $22.70 | Rake $1.14 
Board [7c Tc Td Ad 3d]
Seat 3: XneferX
Seat 1: ptolejmus (big blind) showed [Ac 7s] and lost with two pair, Aces and Tens
Seat 2: EasyGamerrr folded before Flop (didn't bet)
Seat 4: Manifestorr folded on the Flop
Seat 5: Odamin2512 (button) showed [9d 7d] and won ($21.56) with a flush, Ace high
Seat 6: z00mba (small blind) folded before Flop



PokerStars Hand #254555666329:  Hold'em No Limit ($0.50/$1.00 USD) - 2025/01/25 1:13:32 WET [2025/01/25 20:13:32 ET]
Table 'Pherkad IV' 6-max Seat #6 is the button
Seat 3: XneferX ($100 in chips) is sitting out
Seat 1: ptolejmus ($10 in chips) 
Seat 2: EasyGamerrr ($110.14 in chips) 
Seat 4: Manifestorr ($108.03 in chips) 
Seat 5: Odamin2512 ($26.88 in chips) 
Seat 6: z00mba ($100 in chips) 
ptolejmus: posts small blind $0.50
EasyGamerrr: posts big blind $1
XneferX: sits out 
*** HOLE CARDS ***
Manifestorr: folds 
Odamin2512: raises $1 to $2
z00mba: folds 
ptolejmus: folds 
EasyGamerrr: folds 
Uncalled bet ($1) returned to Odamin2512
Odamin2512 collected $2.50 from pot
*** SUMMARY ***
Total pot $2.50 | Rake $0 
Seat 3: XneferX
Seat 1: ptolejmus (small blind) folded before Flop
Seat 2: EasyGamerrr (big blind) folded before Flop
Seat 4: Manifestorr folded before Flop (didn't bet)
Seat 5: Odamin2512 collected ($2.50)
Seat 6: z00mba (button) folded before Flop (didn't bet)



PokerStars Hand #254555668691:  Hold'em No Limit ($0.50/$1.00 USD) - 2025/01/25 1:13:44 WET [2025/01/25 20:13:44 ET]
Table 'Pherkad IV' 6-max Seat #1 is the button
Seat 1: ptolejmus ($10 in chips) 
Seat 2: EasyGamerrr ($109.14 in chips) 
Seat 3: XneferX ($100 in chips) 
Seat 4: Manifestorr ($108.03 in chips) 
Seat 5: Odamin2512 ($28.38 in chips) 
Seat 6: z00mba ($100 in chips) 
EasyGamerrr: posts small blind $0.50
XneferX: posts big blind $1
*** HOLE CARDS ***
Manifestorr: folds 
Odamin2512: folds 
z00mba: folds 
ptolejmus: raises $1 to $2
EasyGamerrr: folds 
XneferX: raises $8 to $10
ptolejmus: folds 
Uncalled bet ($8) returned to XneferX
XneferX collected $4.50 from pot
XneferX: doesn't show hand 
*** SUMMARY ***
Total pot $4.50 | Rake $0 
Seat 1: ptolejmus (button) folded before Flop
Seat 2: EasyGamerrr (small blind) folded before Flop
Seat 3: XneferX (big blind) collected ($4.50)
Seat 4: Manifestorr folded before Flop (didn't bet)
Seat 5: Odamin2512 folded before Flop (didn't bet)
Seat 6: z00mba folded before Flop (didn't bet)



PokerStars Hand #254555676167:  Hold'em No Limit ($0.50/$1.00 USD) - 2025/01/25 1:14:23 WET [2025/01/25 20:14:23 ET]
Table 'Pherkad IV' 6-max Seat #2 is the button
Seat 1: ptolejmus ($10 in chips) 
Seat 2: EasyGamerrr ($108.64 in chips) 
Seat 3: XneferX ($102.50 in chips) 
Seat 4: Manifestorr ($108.03 in chips) 
Seat 5: Odamin2512 ($28.38 in chips) 
Seat 6: z00mba ($100 in chips) 
XneferX: posts small blind $0.50
Manifestorr: posts big blind $1
*** HOLE CARDS ***
Odamin2512: folds 
z00mba: folds 
ptolejmus: folds 
EasyGamerrr: raises $1.50 to $2.50
XneferX: folds 
Manifestorr: folds 
Uncalled bet ($1.50) returned to EasyGamerrr
EasyGamerrr collected $2.50 from pot
EasyGamerrr: doesn't show hand 
*** SUMMARY ***
Total pot $2.50 | Rake $0 
Seat 1: ptolejmus folded before Flop (didn't bet)
Seat 2: EasyGamerrr (button) collected ($2.50)
Seat 3: XneferX (small blind) folded before Flop
Seat 4: Manifestorr (big blind) folded before Flop
Seat 5: Odamin2512 folded before Flop (didn't bet)
Seat 6: z00mba folded before Flop (didn't bet)



PokerStars Hand #254555681337:  Hold'em No Limit ($0.50/$1.00 USD) - 2025/01/25 1:14:50 WET [2025/01/25 20:14:50 ET]
Table 'Pherkad IV' 6-max Seat #3 is the button
Seat 1: ptolejmus ($10 in chips) 
Seat 2: EasyGamerrr ($110.14 in chips) 
Seat 3: XneferX ($102 in chips) 
Seat 4: Manifestorr ($107.03 in chips) 
Seat 5: Odamin2512 ($28.38 in chips) 
Seat 6: z00mba ($100 in chips) 
Manifestorr: posts small blind $0.50
Odamin2512: posts big blind $1
*** HOLE CARDS ***
z00mba: folds 
ptolejmus: folds 
EasyGamerrr: folds 
XneferX: raises $1.77 to $2.77
Manifestorr: folds 
Odamin2512: calls $1.77
*** FLOP *** [Kc Jh 7c]
Odamin2512: checks 
XneferX: bets $1.20
Odamin2512: calls $1.20
*** TURN *** [Kc Jh 7c] [6d]
Odamin2512: checks 
XneferX: bets $6.18
Odamin2512: calls $6.18
*** RIVER *** [Kc Jh 7c 6d] [9d]
Odamin2512: checks 
XneferX: checks 
*** SHOW DOWN ***
Odamin2512: shows [Kd Qc] (a pair of Kings)
XneferX: mucks hand 
Odamin2512 collected $19.76 from pot
*** SUMMARY ***
Total pot $20.80 | Rake $1.04 
Board [Kc Jh 7c 6d 9d]
Seat 1: ptolejmus folded before Flop (didn't bet)
Seat 2: EasyGamerrr folded before Flop (didn't bet)
Seat 3: XneferX (button) mucked
Seat 4: Manifestorr (small blind) folded before Flop
Seat 5: Odamin2512 (big blind) showed [Kd Qc] and won ($19.76) with a pair of Kings
Seat 6: z00mba folded before Flop (didn't bet)



PokerStars Hand #254555692003:  Hold'em No Limit ($0.50/$1.00 USD) - 2025/01/25 1:15:45 WET [2025/01/25 20:15:45 ET]
Table 'Pherkad IV' 6-max Seat #4 is the button
Seat 6: z00mba ($100 in chips) is sitting out
Seat 1: ptolejmus ($10 in chips) 
Seat 2: EasyGamerrr ($110.14 in chips) 
Seat 3: XneferX ($100 in chips) 
Seat 4: Manifestorr ($106.53 in chips) 
Seat 5: Odamin2512 ($37.99 in chips) 
Odamin2512: posts small blind $0.50
z00mba: is sitting out 
ptolejmus: posts big blind $1
*** HOLE CARDS ***
EasyGamerrr: folds 
XneferX: folds 
z00mba leaves the table
Manifestorr: raises $1.20 to $2.20
Odamin2512: calls $1.70
ptolejmus: calls $1.20
*** FLOP *** [5d Td Kc]
Odamin2512: checks 
ptolejmus: checks 
Manifestorr: checks 
*** TURN *** [5d Td Kc] [2s]
Odamin2512: bets $2
ptolejmus: folds 
Manifestorr: folds 
Uncalled bet ($2) returned to Odamin2512
Odamin2512 collected $6.27 from pot
*** SUMMARY ***
Total pot $6.60 | Rake $0.33 
Board [5d Td Kc 2s]
Seat 6: z00mba
Seat 1: ptolejmus (big blind) folded on the Turn
Seat 2: EasyGamerrr folded before Flop (didn't bet)
Seat 3: XneferX folded before Flop (didn't bet)
Seat 4: Manifestorr (button) folded on the Turn
Seat 5: Odamin2512 (small blind) collected ($6.27)



PokerStars Hand #254555704990:  Hold'em No Limit ($0.50/$1.00 USD) - 2025/01/25 1:16:53 WET [2025/01/25 20:16:53 ET]
Table 'Pherkad IV' 6-max Seat #5 is the button
Seat 1: ptolejmus ($10 in chips) 
Seat 2: EasyGamerrr ($110.14 in chips) 
Seat 3: XneferX ($100 in chips) 
Seat 4: Manifestorr ($104.33 in chips) 
Seat 5: Odamin2512 ($42.06 in chips) 
ptolejmus: posts small blind $0.50
EasyGamerrr: posts big blind $1
*** HOLE CARDS ***
XneferX: folds 
Manifestorr: folds 
Odamin2512: raises $1 to $2
ptolejmus: folds 
EasyGamerrr: folds 
Uncalled bet ($1) returned to Odamin2512
Odamin2512 collected $2.50 from pot
*** SUMMARY ***
Total pot $2.50 | Rake $0 
Seat 1: ptolejmus (small blind) folded before Flop
Seat 2: EasyGamerrr (big blind) folded before Flop
Seat 3: XneferX folded before Flop (didn't bet)
Seat 4: Manifestorr folded before Flop (didn't bet)
Seat 5: Odamin2512 (button) collected ($2.50)



PokerStars Hand #254555708011:  Hold'em No Limit ($0.50/$1.00 USD) - 2025/01/25 1:17:09 WET [2025/01/25 20:17:09 ET]
Table 'Pherkad IV' 6-max Seat #1 is the button
Seat 1: ptolejmus ($10 in chips) 
Seat 2: EasyGamerrr ($109.14 in chips) 
Seat 3: XneferX ($100 in chips) 
Seat 4: Manifestorr ($104.33 in chips) 
Seat 5: Odamin2512 ($43.56 in chips) 
EasyGamerrr: posts small blind $0.50
XneferX: posts big blind $1
*** HOLE CARDS ***
Manifestorr: raises $1.20 to $2.20
Odamin2512: calls $2.20
ptolejmus: folds 
EasyGamerrr: folds 
XneferX: folds 
*** FLOP *** [5s Kd 3c]
Manifestorr: checks 
Odamin2512: checks 
*** TURN *** [5s Kd 3c] [7s]
Manifestorr: checks 
Odamin2512: checks 
*** RIVER *** [5s Kd 3c 7s] [9d]
Manifestorr: checks 
shootingGRID joins the table at seat #6 
Odamin2512: checks 
*** SHOW DOWN ***
Manifestorr: shows [Ah Jd] (high card Ace)
Odamin2512: mucks hand 
Manifestorr collected $5.60 from pot
*** SUMMARY ***
Total pot $5.90 | Rake $0.30 
Board [5s Kd 3c 7s 9d]
Seat 1: ptolejmus (button) folded before Flop (didn't bet)
Seat 2: EasyGamerrr (small blind) folded before Flop
Seat 3: XneferX (big blind) folded before Flop
Seat 4: Manifestorr showed [Ah Jd] and won ($5.60) with high card Ace
Seat 5: Odamin2512 mucked



PokerStars Hand #254555716704:  Hold'em No Limit ($0.50/$1.00 USD) - 2025/01/25 1:17:55 WET [2025/01/25 20:17:55 ET]
Table 'Pherkad IV' 6-max Seat #2 is the button
Seat 6: shootingGRID ($100 in chips) is sitting out
Seat 1: ptolejmus ($10 in chips) 
Seat 2: EasyGamerrr ($108.64 in chips) 
Seat 3: XneferX ($100 in chips) 
Seat 4: Manifestorr ($107.73 in chips) 
Seat 5: Odamin2512 ($41.36 in chips) 
XneferX: posts small blind $0.50
Manifestorr: posts big blind $1
shootingGRID: sits out 
*** HOLE CARDS ***
Odamin2512: calls $1
ptolejmus: raises $9 to $10 and is all-in
EasyGamerrr: folds 
XneferX: folds 
Manifestorr: folds 
Odamin2512: calls $9
*** FLOP *** [2c 9c 2d]
*** TURN *** [2c 9c 2d] [3d]
*** RIVER *** [2c 9c 2d 3d] [8s]
*** SHOW DOWN ***
Odamin2512: shows [Kd Td] (a pair of Deuces)
ptolejmus: shows [9h Kh] (two pair, Nines and Deuces)
ptolejmus collected $20.42 from pot
*** SUMMARY ***
Total pot $21.50 | Rake $1.08 
Board [2c 9c 2d 3d 8s]
Seat 6: shootingGRID
Seat 1: ptolejmus showed [9h Kh] and won ($20.42) with two pair, Nines and Deuces
Seat 2: EasyGamerrr (button) folded before Flop (didn't bet)
Seat 3: XneferX (small blind) folded before Flop
Seat 4: Manifestorr (big blind) folded before Flop
Seat 5: Odamin2512 showed [Kd Td] and lost with a pair of Deuces



PokerStars Hand #254555723347:  Hold'em No Limit ($0.50/$1.00 USD) - 2025/01/25 1:18:30 WET [2025/01/25 20:18:30 ET]
Table 'Pherkad IV' 6-max Seat #3 is the button
Seat 6: shootingGRID ($100 in chips) is sitting out
Seat 1: ptolejmus ($20.42 in chips) 
Seat 2: EasyGamerrr ($108.64 in chips) 
Seat 3: XneferX ($100 in chips) 
Seat 4: Manifestorr ($106.73 in chips) 
Seat 5: Odamin2512 ($31.36 in chips) 
Manifestorr: posts small blind $0.50
Odamin2512: posts big blind $1
shootingGRID: sits out 
*** HOLE CARDS ***
ptolejmus: raises $1 to $2
EasyGamerrr: folds 
XneferX: folds 
Manifestorr: folds 
Odamin2512: calls $1
*** FLOP *** [5c Ac 2c]
Odamin2512: checks 
ptolejmus: bets $1.16
Odamin2512: folds 
Uncalled bet ($1.16) returned to ptolejmus
ptolejmus collected $4.28 from pot
*** SUMMARY ***
Total pot $4.50 | Rake $0.22 
Board [5c Ac 2c]
Seat 6: shootingGRID
Seat 1: ptolejmus collected ($4.28)
Seat 2: EasyGamerrr folded before Flop (didn't bet)
Seat 3: XneferX (button) folded before Flop (didn't bet)
Seat 4: Manifestorr (small blind) folded before Flop
Seat 5: Odamin2512 (big blind) folded on the Flop



PokerStars Hand #254555729287:  Hold'em No Limit ($0.50/$1.00 USD) - 2025/01/25 1:19:02 WET [2025/01/25 20:19:02 ET]
Table 'Pherkad IV' 6-max Seat #4 is the button
Seat 1: ptolejmus ($22.70 in chips) 
Seat 2: EasyGamerrr ($108.64 in chips) 
Seat 3: XneferX ($100 in chips) 
Seat 4: Manifestorr ($106.23 in chips) 
Seat 5: Odamin2512 ($29.36 in chips) 
Seat 6: shootingGRID ($100 in chips) 
Odamin2512: posts small blind $0.50
shootingGRID: posts big blind $1
*** HOLE CARDS ***
ptolejmus: raises $1 to $2
EasyGamerrr: folds 
XneferX: folds 
Manifestorr: folds 
Odamin2512: calls $1.50
shootingGRID: folds 
*** FLOP *** [Kd 6c 9h]
Odamin2512: checks 
ptolejmus: bets $1.28
Odamin2512: calls $1.28
*** TURN *** [Kd 6c 9h] [Qd]
Odamin2512: checks 
ptolejmus: bets $1.94
Manifestorr is disconnected 
Odamin2512: raises $2.94 to $4.88
ptolejmus: calls $2.94
*** RIVER *** [Kd 6c 9h Qd] [Jd]
Odamin2512: checks 
ptolejmus: bets $14.54 and is all-in
Odamin2512: calls $14.54
*** SHOW DOWN ***
ptolejmus: shows [9d Ad] (a flush, Ace high)
Odamin2512: shows [Kc Qs] (two pair, Kings and Queens)
ptolejmus collected $44.08 from pot
*** SUMMARY ***
Total pot $46.40 | Rake $2.32 
Board [Kd 6c 9h Qd Jd]
Seat 1: ptolejmus showed [9d Ad] and won ($44.08) with a flush, Ace high
Seat 2: EasyGamerrr folded before Flop (didn't bet)
Seat 3: XneferX folded before Flop (didn't bet)
Seat 4: Manifestorr (button) folded before Flop (didn't bet)
Seat 5: Odamin2512 (small blind) showed [Kc Qs] and lost with two pair, Kings and Queens
Seat 6: shootingGRID (big blind) folded before Flop



PokerStars Hand #254555744819:  Hold'em No Limit ($0.50/$1.00 USD) - 2025/01/25 1:20:24 WET [2025/01/25 20:20:24 ET]
Table 'Pherkad IV' 6-max Seat #5 is the button
Seat 1: ptolejmus ($44.08 in chips) is sitting out
Seat 2: EasyGamerrr ($108.64 in chips) 
Seat 3: XneferX ($100 in chips) 
Seat 4: Manifestorr ($106.23 in chips) 
Seat 5: Odamin2512 ($6.66 in chips) 
Seat 6: shootingGRID ($100 in chips) 
shootingGRID: posts small blind $0.50
ptolejmus: is sitting out 
EasyGamerrr: posts big blind $1
*** HOLE CARDS ***
ptolejmus leaves the table
XneferX: raises $1.10 to $2.10
Manifestorr: folds 
Odamin2512: raises $4.56 to $6.66 and is all-in
shootingGRID: folds 
EasyGamerrr: folds 
XneferX: calls $4.56
*** FLOP *** [4c Qc Ks]
*** TURN *** [4c Qc Ks] [Kh]
*** RIVER *** [4c Qc Ks Kh] [Jd]
*** SHOW DOWN ***
XneferX: shows [Ac Td] (a straight, Ten to Ace)
Odamin2512: shows [Th 7h] (a pair of Kings)
XneferX collected $14.08 from pot
*** SUMMARY ***
Total pot $14.82 | Rake $0.74 
Board [4c Qc Ks Kh Jd]
Seat 1: ptolejmus
Seat 2: EasyGamerrr (big blind) folded before Flop
Seat 3: XneferX showed [Ac Td] and won ($14.08) with a straight, Ten to Ace
Seat 4: Manifestorr folded before Flop (didn't bet)
Seat 5: Odamin2512 (button) showed [Th 7h] and lost with a pair of Kings
Seat 6: shootingGRID (small blind) folded before Flop



PokerStars Hand #254555753274:  Hold'em No Limit ($0.50/$1.00 USD) - 2025/01/25 1:21:10 WET [2025/01/25 20:21:10 ET]
Table 'Pherkad IV' 6-max Seat #6 is the button
Seat 2: EasyGamerrr ($107.64 in chips) is sitting out
Seat 5: Odamin2512 ($0 in chips) is sitting out
Seat 3: XneferX ($107.42 in chips) 
Seat 4: Manifestorr ($106.23 in chips) 
Seat 6: shootingGRID ($100 in chips) 
XneferX: posts small blind $0.50
Manifestorr: posts big blind $1
*** HOLE CARDS ***
EasyGamerrr leaves the table
shootingGRID: raises $1.50 to $2.50
XneferX: folds 
Manifestorr: calls $1.50
*** FLOP *** [7c Ks 2c]
Manifestorr: checks 
shootingGRID: bets $1.72
Manifestorr: folds 
Uncalled bet ($1.72) returned to shootingGRID
shootingGRID collected $5.22 from pot
*** SUMMARY ***
Total pot $5.50 | Rake $0.28 
Board [7c Ks 2c]
Seat 2: EasyGamerrr
Seat 5: Odamin2512
Seat 3: XneferX (small blind) folded before Flop
Seat 4: Manifestorr (big blind) folded on the Flop
Seat 6: shootingGRID (button) collected ($5.22)



