PokerStars Hand #254556229276:  Hold'em No Limit ($0.50/$1.00 USD) - 2025/01/25 2:06:18 WET [2025/01/25 21:06:18 ET]
Table 'Ankaios IV' 6-max Seat #3 is the button
Seat 1: CEPTT ($100 in chips) 
Seat 2: Svartinge133 ($44.29 in chips) 
Seat 3: skars07 ($100 in chips) 
Seat 4: equilibrium_tv ($40 in chips) 
Seat 5: Manifestorr ($100 in chips) 
Seat 6: EasyGamerrr ($100 in chips) 
equilibrium_tv: posts small blind $0.50
Manifestorr: posts big blind $1
*** HOLE CARDS ***
EasyGamerrr: folds 
CEPTT: raises $1.25 to $2.25
Svartinge133: folds 
skars07: folds 
equilibrium_tv: folds 
Manifestorr: raises $9.75 to $12
CEPTT: calls $9.75
*** FLOP *** [Ad Qc 8s]
Manifestorr: checks 
CEPTT: checks 
*** TURN *** [Ad Qc 8s] [9c]
Manifestorr: checks 
CEPTT: bets $11.64
Manifestorr: calls $11.64
*** RIVER *** [Ad Qc 8s 9c] [2s]
Manifestorr: checks 
CEPTT: bets $22.70
Manifestorr: folds 
Uncalled bet ($22.70) returned to CEPTT
CEPTT collected $45.39 from pot
CEPTT: doesn't show hand 
*** SUMMARY ***
Total pot $47.78 | Rake $2.39 
Board [Ad Qc 8s 9c 2s]
Seat 1: CEPTT collected ($45.39)
Seat 2: Svartinge133 folded before Flop (didn't bet)
Seat 3: skars07 (button) folded before Flop (didn't bet)
Seat 4: equilibrium_tv (small blind) folded before Flop
Seat 5: Manifestorr (big blind) folded on the River
Seat 6: EasyGamerrr folded before Flop (didn't bet)



PokerStars Hand #254556241729:  Hold'em No Limit ($0.50/$1.00 USD) - 2025/01/25 2:07:32 WET [2025/01/25 21:07:32 ET]
Table 'Ankaios IV' 6-max Seat #4 is the button
Seat 1: CEPTT ($121.75 in chips) 
Seat 2: Svartinge133 ($44.29 in chips) 
Seat 3: skars07 ($100 in chips) 
Seat 4: equilibrium_tv ($39.50 in chips) 
Seat 5: Manifestorr ($100 in chips) 
Seat 6: EasyGamerrr ($100 in chips) 
Manifestorr: posts small blind $0.50
EasyGamerrr: posts big blind $1
*** HOLE CARDS ***
CEPTT: folds 
Svartinge133: folds 
skars07: folds 
equilibrium_tv: folds 
Manifestorr: raises $2 to $3
EasyGamerrr: calls $2
*** FLOP *** [7h 5d 2c]
Manifestorr: bets $2.85
EasyGamerrr: calls $2.85
*** TURN *** [7h 5d 2c] [Ac]
Manifestorr: bets $8.34
EasyGamerrr: calls $8.34
*** RIVER *** [7h 5d 2c Ac] [Kh]
Manifestorr: bets $33.70
EasyGamerrr: calls $33.70
*** SHOW DOWN ***
Manifestorr: shows [4s 5s] (a pair of Fives)
EasyGamerrr: shows [Ah 6c] (a pair of Aces)
EasyGamerrr collected $93.28 from pot
*** SUMMARY ***
Total pot $95.78 | Rake $2.50 
Board [7h 5d 2c Ac Kh]
Seat 1: CEPTT folded before Flop (didn't bet)
Seat 2: Svartinge133 folded before Flop (didn't bet)
Seat 3: skars07 folded before Flop (didn't bet)
Seat 4: equilibrium_tv (button) folded before Flop (didn't bet)
Seat 5: Manifestorr (small blind) showed [4s 5s] and lost with a pair of Fives
Seat 6: EasyGamerrr (big blind) showed [Ah 6c] and won ($93.28) with a pair of Aces



PokerStars Hand #254556250912:  Hold'em No Limit ($0.50/$1.00 USD) - 2025/01/25 2:08:26 WET [2025/01/25 21:08:26 ET]
Table 'Ankaios IV' 6-max Seat #5 is the button
Seat 1: CEPTT ($121.75 in chips) 
Seat 2: Svartinge133 ($44.29 in chips) 
Seat 3: skars07 ($100 in chips) 
Seat 4: equilibrium_tv ($39.50 in chips) 
Seat 5: Manifestorr ($100 in chips) 
Seat 6: EasyGamerrr ($145.39 in chips) 
EasyGamerrr: posts small blind $0.50
CEPTT: posts big blind $1
*** HOLE CARDS ***
Svartinge133: folds 
skars07: folds 
equilibrium_tv: folds 
Manifestorr: raises $1.20 to $2.20
EasyGamerrr: folds 
CEPTT: calls $1.20
*** FLOP *** [4h 9h 7h]
CEPTT: checks 
Manifestorr: checks 
*** TURN *** [4h 9h 7h] [Qs]
CEPTT: bets $3.49
Manifestorr: calls $3.49
*** RIVER *** [4h 9h 7h Qs] [Kc]
CEPTT: bets $8.47
Manifestorr: calls $8.47
*** SHOW DOWN ***
CEPTT: shows [Jc Kh] (a pair of Kings)
Manifestorr: mucks hand 
CEPTT collected $27.38 from pot
*** SUMMARY ***
Total pot $28.82 | Rake $1.44 
Board [4h 9h 7h Qs Kc]
Seat 1: CEPTT (big blind) showed [Jc Kh] and won ($27.38) with a pair of Kings
Seat 2: Svartinge133 folded before Flop (didn't bet)
Seat 3: skars07 folded before Flop (didn't bet)
Seat 4: equilibrium_tv folded before Flop (didn't bet)
Seat 5: Manifestorr (button) mucked
Seat 6: EasyGamerrr (small blind) folded before Flop



PokerStars Hand #254556261398:  Hold'em No Limit ($0.50/$1.00 USD) - 2025/01/25 2:09:28 WET [2025/01/25 21:09:28 ET]
Table 'Ankaios IV' 6-max Seat #6 is the button
Seat 1: CEPTT ($134.97 in chips) 
Seat 2: Svartinge133 ($44.29 in chips) 
Seat 3: skars07 ($100 in chips) 
Seat 4: equilibrium_tv ($39.50 in chips) 
Seat 5: Manifestorr ($100 in chips) 
Seat 6: EasyGamerrr ($144.89 in chips) 
CEPTT: posts small blind $0.50
Svartinge133: posts big blind $1
*** HOLE CARDS ***
skars07: folds 
equilibrium_tv: folds 
Manifestorr: raises $1.20 to $2.20
EasyGamerrr: folds 
CEPTT: folds 
Svartinge133: folds 
Uncalled bet ($1.20) returned to Manifestorr
Manifestorr collected $2.50 from pot
*** SUMMARY ***
Total pot $2.50 | Rake $0 
Seat 1: CEPTT (small blind) folded before Flop
Seat 2: Svartinge133 (big blind) folded before Flop
Seat 3: skars07 folded before Flop (didn't bet)
Seat 4: equilibrium_tv folded before Flop (didn't bet)
Seat 5: Manifestorr collected ($2.50)
Seat 6: EasyGamerrr (button) folded before Flop (didn't bet)



PokerStars Hand #254556266394:  Hold'em No Limit ($0.50/$1.00 USD) - 2025/01/25 2:09:58 WET [2025/01/25 21:09:58 ET]
Table 'Ankaios IV' 6-max Seat #1 is the button
Seat 1: CEPTT ($134.47 in chips) 
Seat 2: Svartinge133 ($43.29 in chips) 
Seat 3: skars07 ($100 in chips) 
Seat 4: equilibrium_tv ($39.50 in chips) 
Seat 5: Manifestorr ($101.50 in chips) 
Seat 6: EasyGamerrr ($144.89 in chips) 
Svartinge133: posts small blind $0.50
skars07: posts big blind $1
*** HOLE CARDS ***
equilibrium_tv: folds 
Manifestorr: raises $1.20 to $2.20
EasyGamerrr: folds 
CEPTT: folds 
Svartinge133: calls $1.70
skars07: folds 
*** FLOP *** [7h 3h Qd]
Svartinge133: checks 
Manifestorr: bets $3.85
Svartinge133: raises $6.15 to $10
Manifestorr: raises $6.15 to $16.15
Svartinge133: calls $6.15
*** TURN *** [7h 3h Qd] [8h]
Svartinge133: checks 
Manifestorr: checks 
*** RIVER *** [7h 3h Qd 8h] [Js]
Svartinge133: checks 
Manifestorr: bets $26.87
Svartinge133: calls $24.94 and is all-in
Uncalled bet ($1.93) returned to Manifestorr
*** SHOW DOWN ***
Manifestorr: shows [Kd Kc] (a pair of Kings)
Svartinge133: shows [3c Qc] (two pair, Queens and Threes)
Svartinge133 collected $85.08 from pot
*** SUMMARY ***
Total pot $87.58 | Rake $2.50 
Board [7h 3h Qd 8h Js]
Seat 1: CEPTT (button) folded before Flop (didn't bet)
Seat 2: Svartinge133 (small blind) showed [3c Qc] and won ($85.08) with two pair, Queens and Threes
Seat 3: skars07 (big blind) folded before Flop
Seat 4: equilibrium_tv folded before Flop (didn't bet)
Seat 5: Manifestorr showed [Kd Kc] and lost with a pair of Kings
Seat 6: EasyGamerrr folded before Flop (didn't bet)



PokerStars Hand #254556277790:  Hold'em No Limit ($0.50/$1.00 USD) - 2025/01/25 2:11:06 WET [2025/01/25 21:11:06 ET]
Table 'Ankaios IV' 6-max Seat #2 is the button
Seat 1: CEPTT ($134.47 in chips) 
Seat 2: Svartinge133 ($85.08 in chips) 
Seat 3: skars07 ($100 in chips) 
Seat 4: equilibrium_tv ($39.50 in chips) 
Seat 5: Manifestorr ($100 in chips) 
Seat 6: EasyGamerrr ($144.89 in chips) 
skars07: posts small blind $0.50
equilibrium_tv: posts big blind $1
*** HOLE CARDS ***
Manifestorr: folds 
EasyGamerrr: folds 
CEPTT: folds 
Svartinge133: folds 
skars07: raises $2 to $3
equilibrium_tv: folds 
Uncalled bet ($2) returned to skars07
skars07 collected $2 from pot
skars07: doesn't show hand 
*** SUMMARY ***
Total pot $2 | Rake $0 
Seat 1: CEPTT folded before Flop (didn't bet)
Seat 2: Svartinge133 (button) folded before Flop (didn't bet)
Seat 3: skars07 (small blind) collected ($2)
Seat 4: equilibrium_tv (big blind) folded before Flop
Seat 5: Manifestorr folded before Flop (didn't bet)
Seat 6: EasyGamerrr folded before Flop (didn't bet)



PokerStars Hand #254556281855:  Hold'em No Limit ($0.50/$1.00 USD) - 2025/01/25 2:11:31 WET [2025/01/25 21:11:31 ET]
Table 'Ankaios IV' 6-max Seat #3 is the button
Seat 1: CEPTT ($134.47 in chips) 
Seat 2: Svartinge133 ($85.08 in chips) 
Seat 3: skars07 ($101 in chips) 
Seat 4: equilibrium_tv ($38.50 in chips) 
Seat 5: Manifestorr ($100 in chips) 
Seat 6: EasyGamerrr ($144.89 in chips) 
equilibrium_tv: posts small blind $0.50
Manifestorr: posts big blind $1
*** HOLE CARDS ***
EasyGamerrr: folds 
CEPTT: folds 
Svartinge133: raises $2 to $3
skars07: folds 
equilibrium_tv: folds 
Manifestorr: folds 
Uncalled bet ($2) returned to Svartinge133
Svartinge133 collected $2.50 from pot
Svartinge133: doesn't show hand 
*** SUMMARY ***
Total pot $2.50 | Rake $0 
Seat 1: CEPTT folded before Flop (didn't bet)
Seat 2: Svartinge133 collected ($2.50)
Seat 3: skars07 (button) folded before Flop (didn't bet)
Seat 4: equilibrium_tv (small blind) folded before Flop
Seat 5: Manifestorr (big blind) folded before Flop
Seat 6: EasyGamerrr folded before Flop (didn't bet)



PokerStars Hand #254556284951:  Hold'em No Limit ($0.50/$1.00 USD) - 2025/01/25 2:11:49 WET [2025/01/25 21:11:49 ET]
Table 'Ankaios IV' 6-max Seat #4 is the button
Seat 1: CEPTT ($134.47 in chips) 
Seat 2: Svartinge133 ($86.58 in chips) 
Seat 3: skars07 ($101 in chips) 
Seat 4: equilibrium_tv ($38 in chips) 
Seat 5: Manifestorr ($100 in chips) 
Seat 6: EasyGamerrr ($144.89 in chips) 
Manifestorr: posts small blind $0.50
EasyGamerrr: posts big blind $1
*** HOLE CARDS ***
CEPTT: raises $1.25 to $2.25
Svartinge133: calls $2.25
skars07: folds 
equilibrium_tv: folds 
Manifestorr: folds 
EasyGamerrr: folds 
*** FLOP *** [8c 2h Kc]
CEPTT: bets $1.22
Svartinge133: folds 
Uncalled bet ($1.22) returned to CEPTT
CEPTT collected $5.70 from pot
CEPTT: doesn't show hand 
*** SUMMARY ***
Total pot $6 | Rake $0.30 
Board [8c 2h Kc]
Seat 1: CEPTT collected ($5.70)
Seat 2: Svartinge133 folded on the Flop
Seat 3: skars07 folded before Flop (didn't bet)
Seat 4: equilibrium_tv (button) folded before Flop (didn't bet)
Seat 5: Manifestorr (small blind) folded before Flop
Seat 6: EasyGamerrr (big blind) folded before Flop



PokerStars Hand #254556290189:  Hold'em No Limit ($0.50/$1.00 USD) - 2025/01/25 2:12:21 WET [2025/01/25 21:12:21 ET]
Table 'Ankaios IV' 6-max Seat #5 is the button
Seat 1: CEPTT ($137.92 in chips) 
Seat 2: Svartinge133 ($84.33 in chips) 
Seat 3: skars07 ($101 in chips) 
Seat 4: equilibrium_tv ($38 in chips) 
Seat 5: Manifestorr ($100 in chips) 
Seat 6: EasyGamerrr ($143.89 in chips) 
EasyGamerrr: posts small blind $0.50
CEPTT: posts big blind $1
*** HOLE CARDS ***
Svartinge133: raises $2 to $3
skars07: folds 
equilibrium_tv: folds 
Manifestorr: folds 
EasyGamerrr: folds 
CEPTT: calls $2
*** FLOP *** [Kd 4d 9c]
CEPTT: bets $1.22
Svartinge133: calls $1.22
*** TURN *** [Kd 4d 9c] [9s]
CEPTT: bets $4.25
Svartinge133: calls $4.25
*** RIVER *** [Kd 4d 9c 9s] [Ts]
CEPTT: checks 
Svartinge133: bets $31
CEPTT: folds 
Uncalled bet ($31) returned to Svartinge133
Svartinge133 collected $16.57 from pot
Svartinge133: doesn't show hand 
*** SUMMARY ***
Total pot $17.44 | Rake $0.87 
Board [Kd 4d 9c 9s Ts]
Seat 1: CEPTT (big blind) folded on the River
Seat 2: Svartinge133 collected ($16.57)
Seat 3: skars07 folded before Flop (didn't bet)
Seat 4: equilibrium_tv folded before Flop (didn't bet)
Seat 5: Manifestorr (button) folded before Flop (didn't bet)
Seat 6: EasyGamerrr (small blind) folded before Flop



PokerStars Hand #254556298624:  Hold'em No Limit ($0.50/$1.00 USD) - 2025/01/25 2:13:12 WET [2025/01/25 21:13:12 ET]
Table 'Ankaios IV' 6-max Seat #6 is the button
Seat 1: CEPTT ($129.45 in chips) 
Seat 2: Svartinge133 ($92.43 in chips) 
Seat 3: skars07 ($101 in chips) 
Seat 4: equilibrium_tv ($38 in chips) 
Seat 5: Manifestorr ($100 in chips) 
Seat 6: EasyGamerrr ($143.39 in chips) 
CEPTT: posts small blind $0.50
Svartinge133: posts big blind $1
*** HOLE CARDS ***
skars07: raises $1.50 to $2.50
equilibrium_tv: folds 
Manifestorr: folds 
EasyGamerrr: folds 
CEPTT: calls $2
Svartinge133: folds 
*** FLOP *** [7d Ah Ks]
CEPTT: checks 
skars07: bets $1.88
CEPTT: calls $1.88
*** TURN *** [7d Ah Ks] [3d]
CEPTT: checks 
skars07: checks 
*** RIVER *** [7d Ah Ks 3d] [5s]
CEPTT: checks 
skars07: checks 
*** SHOW DOWN ***
CEPTT: shows [8c 7c] (a pair of Sevens)
skars07: shows [Kh Qs] (a pair of Kings)
skars07 collected $9.27 from pot
*** SUMMARY ***
Total pot $9.76 | Rake $0.49 
Board [7d Ah Ks 3d 5s]
Seat 1: CEPTT (small blind) showed [8c 7c] and lost with a pair of Sevens
Seat 2: Svartinge133 (big blind) folded before Flop
Seat 3: skars07 showed [Kh Qs] and won ($9.27) with a pair of Kings
Seat 4: equilibrium_tv folded before Flop (didn't bet)
Seat 5: Manifestorr folded before Flop (didn't bet)
Seat 6: EasyGamerrr (button) folded before Flop (didn't bet)



PokerStars Hand #254556307145:  Hold'em No Limit ($0.50/$1.00 USD) - 2025/01/25 2:14:04 WET [2025/01/25 21:14:04 ET]
Table 'Ankaios IV' 6-max Seat #1 is the button
Seat 1: CEPTT ($125.07 in chips) 
Seat 2: Svartinge133 ($91.43 in chips) 
Seat 3: skars07 ($105.89 in chips) 
Seat 4: equilibrium_tv ($38 in chips) 
Seat 5: Manifestorr ($100 in chips) 
Seat 6: EasyGamerrr ($143.39 in chips) 
Svartinge133: posts small blind $0.50
skars07: posts big blind $1
*** HOLE CARDS ***
equilibrium_tv: folds 
Manifestorr: folds 
EasyGamerrr: folds 
CEPTT: folds 
Svartinge133: calls $0.50
skars07: checks 
*** FLOP *** [Kh 3d Th]
Svartinge133: checks 
skars07: checks 
*** TURN *** [Kh 3d Th] [4d]
Svartinge133: checks 
skars07: bets $1
Svartinge133: calls $1
*** RIVER *** [Kh 3d Th 4d] [8d]
Svartinge133: checks 
skars07: checks 
*** SHOW DOWN ***
Svartinge133: shows [As 7s] (high card Ace)
skars07: mucks hand 
Svartinge133 collected $3.80 from pot
*** SUMMARY ***
Total pot $4 | Rake $0.20 
Board [Kh 3d Th 4d 8d]
Seat 1: CEPTT (button) folded before Flop (didn't bet)
Seat 2: Svartinge133 (small blind) showed [As 7s] and won ($3.80) with high card Ace
Seat 3: skars07 (big blind) mucked
Seat 4: equilibrium_tv folded before Flop (didn't bet)
Seat 5: Manifestorr folded before Flop (didn't bet)
Seat 6: EasyGamerrr folded before Flop (didn't bet)



PokerStars Hand #254556315572:  Hold'em No Limit ($0.50/$1.00 USD) - 2025/01/25 2:14:54 WET [2025/01/25 21:14:54 ET]
Table 'Ankaios IV' 6-max Seat #2 is the button
Seat 4: equilibrium_tv ($38 in chips) is sitting out
Seat 1: CEPTT ($125.07 in chips) 
Seat 2: Svartinge133 ($93.23 in chips) 
Seat 3: skars07 ($103.89 in chips) 
Seat 5: Manifestorr ($100 in chips) 
Seat 6: EasyGamerrr ($143.39 in chips) 
skars07: posts small blind $0.50
equilibrium_tv: is sitting out 
Manifestorr: posts big blind $1
*** HOLE CARDS ***
EasyGamerrr: folds 
CEPTT: folds 
Svartinge133: raises $2 to $3
skars07: raises $9 to $12
Manifestorr: folds 
Svartinge133: folds 
Uncalled bet ($9) returned to skars07
skars07 collected $7 from pot
skars07: doesn't show hand 
*** SUMMARY ***
Total pot $7 | Rake $0 
Seat 4: equilibrium_tv
Seat 1: CEPTT folded before Flop (didn't bet)
Seat 2: Svartinge133 (button) folded before Flop
Seat 3: skars07 (small blind) collected ($7)
Seat 5: Manifestorr (big blind) folded before Flop
Seat 6: EasyGamerrr folded before Flop (didn't bet)



PokerStars Hand #254556403016:  Hold'em No Limit ($0.50/$1.00 USD) - 2025/01/25 2:23:57 WET [2025/01/25 21:23:57 ET]
Table 'Ankaios IV' 6-max Seat #4 is the button
Seat 1: CEPTT ($144.36 in chips) 
Seat 2: Svartinge133 ($127.01 in chips) 
Seat 3: skars07 ($100 in chips) 
Seat 4: equilibrium_tv ($39.50 in chips) 
Seat 5: Manifestorr ($109.35 in chips) 
Seat 6: EasyGamerrr ($145.79 in chips) 
Manifestorr: posts small blind $0.50
EasyGamerrr: posts big blind $1
*** HOLE CARDS ***
CEPTT: folds 
Svartinge133: folds 
skars07: folds 
equilibrium_tv: folds 
Manifestorr: folds 
Uncalled bet ($0.50) returned to EasyGamerrr
EasyGamerrr collected $1 from pot
EasyGamerrr: doesn't show hand 
*** SUMMARY ***
Total pot $1 | Rake $0 
Seat 1: CEPTT folded before Flop (didn't bet)
Seat 2: Svartinge133 folded before Flop (didn't bet)
Seat 3: skars07 folded before Flop (didn't bet)
Seat 4: equilibrium_tv (button) folded before Flop (didn't bet)
Seat 5: Manifestorr (small blind) folded before Flop
Seat 6: EasyGamerrr (big blind) collected ($1)



PokerStars Hand #254556406704:  Hold'em No Limit ($0.50/$1.00 USD) - 2025/01/25 2:24:20 WET [2025/01/25 21:24:20 ET]
Table 'Ankaios IV' 6-max Seat #5 is the button
Seat 1: CEPTT ($144.36 in chips) 
Seat 2: Svartinge133 ($127.01 in chips) 
Seat 3: skars07 ($100 in chips) 
Seat 4: equilibrium_tv ($39.50 in chips) 
Seat 5: Manifestorr ($108.85 in chips) 
Seat 6: EasyGamerrr ($146.29 in chips) 
EasyGamerrr: posts small blind $0.50
CEPTT: posts big blind $1
*** HOLE CARDS ***
Svartinge133: raises $2 to $3
skars07: raises $6 to $9
equilibrium_tv: folds 
Manifestorr: folds 
EasyGamerrr: folds 
CEPTT: folds 
Svartinge133: calls $6
*** FLOP *** [8h 5c 9h]
Svartinge133: checks 
skars07: checks 
*** TURN *** [8h 5c 9h] [Tc]
Svartinge133: checks 
skars07: checks 
*** RIVER *** [8h 5c 9h Tc] [Kd]
Svartinge133: bets $31
skars07: folds 
Uncalled bet ($31) returned to Svartinge133
Svartinge133 collected $18.52 from pot
Svartinge133: doesn't show hand 
*** SUMMARY ***
Total pot $19.50 | Rake $0.98 
Board [8h 5c 9h Tc Kd]
Seat 1: CEPTT (big blind) folded before Flop
Seat 2: Svartinge133 collected ($18.52)
Seat 3: skars07 folded on the River
Seat 4: equilibrium_tv folded before Flop (didn't bet)
Seat 5: Manifestorr (button) folded before Flop (didn't bet)
Seat 6: EasyGamerrr (small blind) folded before Flop



PokerStars Hand #254556420576:  Hold'em No Limit ($0.50/$1.00 USD) - 2025/01/25 2:25:49 WET [2025/01/25 21:25:49 ET]
Table 'Ankaios IV' 6-max Seat #6 is the button
Seat 1: CEPTT ($143.36 in chips) 
Seat 2: Svartinge133 ($136.53 in chips) 
Seat 3: skars07 ($100 in chips) 
Seat 4: equilibrium_tv ($39.50 in chips) 
Seat 5: Manifestorr ($108.85 in chips) 
Seat 6: EasyGamerrr ($145.79 in chips) 
CEPTT: posts small blind $0.50
Svartinge133: posts big blind $1
*** HOLE CARDS ***
skars07: raises $1.50 to $2.50
equilibrium_tv: folds 
Manifestorr: folds 
EasyGamerrr: folds 
CEPTT: folds 
Svartinge133: calls $1.50
*** FLOP *** [2s Jd 9d]
Svartinge133: bets $2.61
skars07: calls $2.61
*** TURN *** [2s Jd 9d] [8d]
Svartinge133: checks 
skars07: checks 
*** RIVER *** [2s Jd 9d 8d] [8c]
Svartinge133: checks 
skars07: checks 
*** SHOW DOWN ***
Svartinge133: shows [4c Kc] (a pair of Eights)
skars07: shows [Ac Td] (a pair of Eights - Ace kicker)
skars07 collected $10.18 from pot
*** SUMMARY ***
Total pot $10.72 | Rake $0.54 
Board [2s Jd 9d 8d 8c]
Seat 1: CEPTT (small blind) folded before Flop
Seat 2: Svartinge133 (big blind) showed [4c Kc] and lost with a pair of Eights
Seat 3: skars07 showed [Ac Td] and won ($10.18) with a pair of Eights
Seat 4: equilibrium_tv folded before Flop (didn't bet)
Seat 5: Manifestorr folded before Flop (didn't bet)
Seat 6: EasyGamerrr (button) folded before Flop (didn't bet)



PokerStars Hand #254556428655:  Hold'em No Limit ($0.50/$1.00 USD) - 2025/01/25 2:26:41 WET [2025/01/25 21:26:41 ET]
Table 'Ankaios IV' 6-max Seat #1 is the button
Seat 1: CEPTT ($142.86 in chips) 
Seat 2: Svartinge133 ($131.42 in chips) 
Seat 3: skars07 ($105.07 in chips) 
Seat 4: equilibrium_tv ($39.50 in chips) 
Seat 5: Manifestorr ($108.85 in chips) 
Seat 6: EasyGamerrr ($145.79 in chips) 
Svartinge133: posts small blind $0.50
skars07: posts big blind $1
*** HOLE CARDS ***
equilibrium_tv: folds 
Manifestorr: folds 
EasyGamerrr: folds 
CEPTT: raises $1.85 to $2.85
Svartinge133: calls $2.35
skars07: folds 
*** FLOP *** [As Js 6s]
Svartinge133: checks 
CEPTT: bets $1.91
Svartinge133: folds 
Uncalled bet ($1.91) returned to CEPTT
CEPTT collected $6.36 from pot
CEPTT: doesn't show hand 
*** SUMMARY ***
Total pot $6.70 | Rake $0.34 
Board [As Js 6s]
Seat 1: CEPTT (button) collected ($6.36)
Seat 2: Svartinge133 (small blind) folded on the Flop
Seat 3: skars07 (big blind) folded before Flop
Seat 4: equilibrium_tv folded before Flop (didn't bet)
Seat 5: Manifestorr folded before Flop (didn't bet)
Seat 6: EasyGamerrr folded before Flop (didn't bet)



PokerStars Hand #254556433060:  Hold'em No Limit ($0.50/$1.00 USD) - 2025/01/25 2:27:09 WET [2025/01/25 21:27:09 ET]
Table 'Ankaios IV' 6-max Seat #2 is the button
Seat 4: equilibrium_tv ($39.50 in chips) is sitting out
Seat 1: CEPTT ($146.37 in chips) 
Seat 2: Svartinge133 ($128.57 in chips) 
Seat 3: skars07 ($104.07 in chips) 
Seat 5: Manifestorr ($108.85 in chips) 
Seat 6: EasyGamerrr ($145.79 in chips) 
skars07: posts small blind $0.50
equilibrium_tv: is sitting out 
Manifestorr: posts big blind $1
*** HOLE CARDS ***
EasyGamerrr: folds 
equilibrium_tv leaves the table
CEPTT: raises $1.25 to $2.25
Svartinge133: folds 
skars07: folds 
Manifestorr: folds 
Uncalled bet ($1.25) returned to CEPTT
BumHuntKing joins the table at seat #4 
CEPTT collected $2.50 from pot
CEPTT: doesn't show hand 
*** SUMMARY ***
Total pot $2.50 | Rake $0 
Seat 4: equilibrium_tv
Seat 1: CEPTT collected ($2.50)
Seat 2: Svartinge133 (button) folded before Flop (didn't bet)
Seat 3: skars07 (small blind) folded before Flop
Seat 5: Manifestorr (big blind) folded before Flop
Seat 6: EasyGamerrr folded before Flop (didn't bet)



PokerStars Hand #254556435189:  Hold'em No Limit ($0.50/$1.00 USD) - 2025/01/25 2:27:23 WET [2025/01/25 21:27:23 ET]
Table 'Ankaios IV' 6-max Seat #3 is the button
Seat 4: BumHuntKing ($100 in chips) is sitting out
Seat 1: CEPTT ($147.87 in chips) 
Seat 2: Svartinge133 ($128.57 in chips) 
Seat 3: skars07 ($103.57 in chips) 
Seat 5: Manifestorr ($107.85 in chips) 
Seat 6: EasyGamerrr ($145.79 in chips) 
Manifestorr: posts small blind $0.50
EasyGamerrr: posts big blind $1
*** HOLE CARDS ***
CEPTT: folds 
Svartinge133: folds 
skars07: folds 
Manifestorr: raises $2 to $3
EasyGamerrr: folds 
Uncalled bet ($2) returned to Manifestorr
Manifestorr collected $2 from pot
*** SUMMARY ***
Total pot $2 | Rake $0 
Seat 4: BumHuntKing
Seat 1: CEPTT folded before Flop (didn't bet)
Seat 2: Svartinge133 folded before Flop (didn't bet)
Seat 3: skars07 (button) folded before Flop (didn't bet)
Seat 5: Manifestorr (small blind) collected ($2)
Seat 6: EasyGamerrr (big blind) folded before Flop



PokerStars Hand #254556439788:  Hold'em No Limit ($0.50/$1.00 USD) - 2025/01/25 2:27:53 WET [2025/01/25 21:27:53 ET]
Table 'Ankaios IV' 6-max Seat #5 is the button
Seat 4: BumHuntKing ($100 in chips) is sitting out
Seat 1: CEPTT ($147.87 in chips) 
Seat 2: Svartinge133 ($128.57 in chips) 
Seat 3: skars07 ($103.57 in chips) 
Seat 5: Manifestorr ($108.85 in chips) 
Seat 6: EasyGamerrr ($144.79 in chips) 
EasyGamerrr: posts small blind $0.50
CEPTT: posts big blind $1
BumHuntKing: sits out 
*** HOLE CARDS ***
Svartinge133: folds 
skars07: folds 
Manifestorr: folds 
EasyGamerrr: folds 
Uncalled bet ($0.50) returned to CEPTT
CEPTT collected $1 from pot
CEPTT: doesn't show hand 
*** SUMMARY ***
Total pot $1 | Rake $0 
Seat 4: BumHuntKing
Seat 1: CEPTT (big blind) collected ($1)
Seat 2: Svartinge133 folded before Flop (didn't bet)
Seat 3: skars07 folded before Flop (didn't bet)
Seat 5: Manifestorr (button) folded before Flop (didn't bet)
Seat 6: EasyGamerrr (small blind) folded before Flop



PokerStars Hand #254556442076:  Hold'em No Limit ($0.50/$1.00 USD) - 2025/01/25 2:28:08 WET [2025/01/25 21:28:08 ET]
Table 'Ankaios IV' 6-max Seat #6 is the button
Seat 4: BumHuntKing ($100 in chips) is sitting out
Seat 1: CEPTT ($148.37 in chips) 
Seat 2: Svartinge133 ($128.57 in chips) 
Seat 3: skars07 ($103.57 in chips) 
Seat 5: Manifestorr ($108.85 in chips) 
Seat 6: EasyGamerrr ($144.29 in chips) 
CEPTT: posts small blind $0.50
Svartinge133: posts big blind $1
BumHuntKing: sits out 
*** HOLE CARDS ***
skars07: folds 
Manifestorr: folds 
EasyGamerrr: raises $1.50 to $2.50
CEPTT: folds 
Svartinge133: raises $3.50 to $6
EasyGamerrr: calls $3.50
*** FLOP *** [6c 4h 6d]
Svartinge133: bets $5.94
EasyGamerrr: folds 
Uncalled bet ($5.94) returned to Svartinge133
Svartinge133 collected $11.88 from pot
Svartinge133: doesn't show hand 
*** SUMMARY ***
Total pot $12.50 | Rake $0.62 
Board [6c 4h 6d]
Seat 4: BumHuntKing
Seat 1: CEPTT (small blind) folded before Flop
Seat 2: Svartinge133 (big blind) collected ($11.88)
Seat 3: skars07 folded before Flop (didn't bet)
Seat 5: Manifestorr folded before Flop (didn't bet)
Seat 6: EasyGamerrr (button) folded on the Flop



PokerStars Hand #254556446770:  Hold'em No Limit ($0.50/$1.00 USD) - 2025/01/25 2:28:38 WET [2025/01/25 21:28:38 ET]
Table 'Ankaios IV' 6-max Seat #1 is the button
Seat 4: BumHuntKing ($100 in chips) is sitting out
Seat 1: CEPTT ($147.87 in chips) 
Seat 2: Svartinge133 ($134.45 in chips) 
Seat 3: skars07 ($103.57 in chips) 
Seat 5: Manifestorr ($108.85 in chips) 
Seat 6: EasyGamerrr ($138.29 in chips) 
Svartinge133: posts small blind $0.50
skars07: posts big blind $1
BumHuntKing: sits out 
*** HOLE CARDS ***
Manifestorr: folds 
EasyGamerrr: folds 
CEPTT: raises $1.85 to $2.85
Svartinge133: folds 
skars07: calls $1.85
*** FLOP *** [Ad Ts 7h]
skars07: checks 
CEPTT: checks 
*** TURN *** [Ad Ts 7h] [2c]
skars07: checks 
CEPTT: checks 
*** RIVER *** [Ad Ts 7h 2c] [9d]
skars07: checks 
CEPTT: bets $4.42
skars07: folds 
Uncalled bet ($4.42) returned to CEPTT
CEPTT collected $5.89 from pot
CEPTT: doesn't show hand 
*** SUMMARY ***
Total pot $6.20 | Rake $0.31 
Board [Ad Ts 7h 2c 9d]
Seat 4: BumHuntKing
Seat 1: CEPTT (button) collected ($5.89)
Seat 2: Svartinge133 (small blind) folded before Flop
Seat 3: skars07 (big blind) folded on the River
Seat 5: Manifestorr folded before Flop (didn't bet)
Seat 6: EasyGamerrr folded before Flop (didn't bet)



PokerStars Hand #254556460305:  Hold'em No Limit ($0.50/$1.00 USD) - 2025/01/25 2:30:07 WET [2025/01/25 21:30:07 ET]
Table 'Ankaios IV' 6-max Seat #2 is the button
Seat 1: CEPTT ($150.91 in chips) 
Seat 2: Svartinge133 ($133.95 in chips) 
Seat 3: skars07 ($100.72 in chips) 
Seat 4: BumHuntKing ($100 in chips) 
Seat 5: Manifestorr ($108.85 in chips) 
Seat 6: EasyGamerrr ($138.29 in chips) 
skars07: posts small blind $0.50
BumHuntKing: posts big blind $1
*** HOLE CARDS ***
Manifestorr: folds 
EasyGamerrr: folds 
CEPTT: folds 
Svartinge133: raises $2 to $3
skars07: folds 
BumHuntKing: calls $2
*** FLOP *** [6c Kh Jc]
BumHuntKing: checks 
Svartinge133: bets $3.09
BumHuntKing: calls $3.09
*** TURN *** [6c Kh Jc] [3c]
BumHuntKing: checks 
Svartinge133: checks 
*** RIVER *** [6c Kh Jc 3c] [4c]
BumHuntKing: checks 
Svartinge133: bets $30
BumHuntKing: folds 
Uncalled bet ($30) returned to Svartinge133
Svartinge133 collected $12.05 from pot
Svartinge133: doesn't show hand 
*** SUMMARY ***
Total pot $12.68 | Rake $0.63 
Board [6c Kh Jc 3c 4c]
Seat 1: CEPTT folded before Flop (didn't bet)
Seat 2: Svartinge133 (button) collected ($12.05)
Seat 3: skars07 (small blind) folded before Flop
Seat 4: BumHuntKing (big blind) folded on the River
Seat 5: Manifestorr folded before Flop (didn't bet)
Seat 6: EasyGamerrr folded before Flop (didn't bet)



PokerStars Hand #254556472334:  Hold'em No Limit ($0.50/$1.00 USD) - 2025/01/25 2:31:25 WET [2025/01/25 21:31:25 ET]
Table 'Ankaios IV' 6-max Seat #3 is the button
Seat 1: CEPTT ($150.91 in chips) 
Seat 2: Svartinge133 ($139.91 in chips) 
Seat 3: skars07 ($100.22 in chips) 
Seat 4: BumHuntKing ($100 in chips) 
Seat 5: Manifestorr ($108.85 in chips) 
Seat 6: EasyGamerrr ($138.29 in chips) 
BumHuntKing: posts small blind $0.50
Manifestorr: posts big blind $1
*** HOLE CARDS ***
EasyGamerrr: folds 
CEPTT: folds 
Svartinge133: raises $2.50 to $3.50
skars07: raises $7 to $10.50
BumHuntKing: folds 
Manifestorr: folds 
Svartinge133: folds 
Uncalled bet ($7) returned to skars07
skars07 collected $8.50 from pot
skars07: doesn't show hand 
*** SUMMARY ***
Total pot $8.50 | Rake $0 
Seat 1: CEPTT folded before Flop (didn't bet)
Seat 2: Svartinge133 folded before Flop
Seat 3: skars07 (button) collected ($8.50)
Seat 4: BumHuntKing (small blind) folded before Flop
Seat 5: Manifestorr (big blind) folded before Flop
Seat 6: EasyGamerrr folded before Flop (didn't bet)



PokerStars Hand #254556475744:  Hold'em No Limit ($0.50/$1.00 USD) - 2025/01/25 2:31:47 WET [2025/01/25 21:31:47 ET]
Table 'Ankaios IV' 6-max Seat #4 is the button
Seat 1: CEPTT ($150.91 in chips) 
Seat 2: Svartinge133 ($136.41 in chips) 
Seat 3: skars07 ($105.22 in chips) 
Seat 4: BumHuntKing ($100 in chips) 
Seat 5: Manifestorr ($107.85 in chips) 
Seat 6: EasyGamerrr ($138.29 in chips) 
Manifestorr: posts small blind $0.50
EasyGamerrr: posts big blind $1
*** HOLE CARDS ***
CEPTT: folds 
Svartinge133: folds 
skars07: folds 
BumHuntKing: folds 
Manifestorr: folds 
Uncalled bet ($0.50) returned to EasyGamerrr
EasyGamerrr collected $1 from pot
EasyGamerrr: doesn't show hand 
*** SUMMARY ***
Total pot $1 | Rake $0 
Seat 1: CEPTT folded before Flop (didn't bet)
Seat 2: Svartinge133 folded before Flop (didn't bet)
Seat 3: skars07 folded before Flop (didn't bet)
Seat 4: BumHuntKing (button) folded before Flop (didn't bet)
Seat 5: Manifestorr (small blind) folded before Flop
Seat 6: EasyGamerrr (big blind) collected ($1)



PokerStars Hand #254556477616:  Hold'em No Limit ($0.50/$1.00 USD) - 2025/01/25 2:32:00 WET [2025/01/25 21:32:00 ET]
Table 'Ankaios IV' 6-max Seat #5 is the button
Seat 1: CEPTT ($150.91 in chips) 
Seat 2: Svartinge133 ($136.41 in chips) 
Seat 3: skars07 ($105.22 in chips) 
Seat 4: BumHuntKing ($100 in chips) 
Seat 5: Manifestorr ($107.35 in chips) 
Seat 6: EasyGamerrr ($138.79 in chips) 
EasyGamerrr: posts small blind $0.50
CEPTT: posts big blind $1
*** HOLE CARDS ***
Svartinge133: calls $1
skars07: folds 
BumHuntKing: folds 
Manifestorr: raises $3 to $4
EasyGamerrr: folds 
CEPTT: folds 
Svartinge133: calls $3
*** FLOP *** [Ac Jc Qh]
Svartinge133: bets $4.51
Manifestorr: folds 
Uncalled bet ($4.51) returned to Svartinge133
Svartinge133 collected $9.02 from pot
Svartinge133: doesn't show hand 
*** SUMMARY ***
Total pot $9.50 | Rake $0.48 
Board [Ac Jc Qh]
Seat 1: CEPTT (big blind) folded before Flop
Seat 2: Svartinge133 collected ($9.02)
Seat 3: skars07 folded before Flop (didn't bet)
Seat 4: BumHuntKing folded before Flop (didn't bet)
Seat 5: Manifestorr (button) folded on the Flop
Seat 6: EasyGamerrr (small blind) folded before Flop



PokerStars Hand #254556482480:  Hold'em No Limit ($0.50/$1.00 USD) - 2025/01/25 2:32:32 WET [2025/01/25 21:32:32 ET]
Table 'Ankaios IV' 6-max Seat #6 is the button
Seat 1: CEPTT ($149.91 in chips) 
Seat 2: Svartinge133 ($141.43 in chips) 
Seat 3: skars07 ($105.22 in chips) 
Seat 4: BumHuntKing ($100 in chips) 
Seat 5: Manifestorr ($103.35 in chips) 
Seat 6: EasyGamerrr ($138.29 in chips) 
CEPTT: posts small blind $0.50
Svartinge133: posts big blind $1
*** HOLE CARDS ***
skars07: folds 
BumHuntKing: folds 
Manifestorr: folds 
EasyGamerrr: folds 
CEPTT: raises $2 to $3
Svartinge133: folds 
Uncalled bet ($2) returned to CEPTT
CEPTT collected $2 from pot
CEPTT: doesn't show hand 
*** SUMMARY ***
Total pot $2 | Rake $0 
Seat 1: CEPTT (small blind) collected ($2)
Seat 2: Svartinge133 (big blind) folded before Flop
Seat 3: skars07 folded before Flop (didn't bet)
Seat 4: BumHuntKing folded before Flop (didn't bet)
Seat 5: Manifestorr folded before Flop (didn't bet)
Seat 6: EasyGamerrr (button) folded before Flop (didn't bet)



PokerStars Hand #254556484766:  Hold'em No Limit ($0.50/$1.00 USD) - 2025/01/25 2:32:47 WET [2025/01/25 21:32:47 ET]
Table 'Ankaios IV' 6-max Seat #1 is the button
Seat 1: CEPTT ($150.91 in chips) 
Seat 2: Svartinge133 ($140.43 in chips) 
Seat 3: skars07 ($105.22 in chips) 
Seat 4: BumHuntKing ($100 in chips) 
Seat 5: Manifestorr ($103.35 in chips) 
Seat 6: EasyGamerrr ($138.29 in chips) 
Svartinge133: posts small blind $0.50
skars07: posts big blind $1
*** HOLE CARDS ***
BumHuntKing: folds 
Manifestorr: folds 
EasyGamerrr: folds 
CEPTT: folds 
Svartinge133: folds 
Uncalled bet ($0.50) returned to skars07
skars07 collected $1 from pot
skars07: doesn't show hand 
*** SUMMARY ***
Total pot $1 | Rake $0 
Seat 1: CEPTT (button) folded before Flop (didn't bet)
Seat 2: Svartinge133 (small blind) folded before Flop
Seat 3: skars07 (big blind) collected ($1)
Seat 4: BumHuntKing folded before Flop (didn't bet)
Seat 5: Manifestorr folded before Flop (didn't bet)
Seat 6: EasyGamerrr folded before Flop (didn't bet)



PokerStars Hand #254556486384:  Hold'em No Limit ($0.50/$1.00 USD) - 2025/01/25 2:32:57 WET [2025/01/25 21:32:57 ET]
Table 'Ankaios IV' 6-max Seat #2 is the button
Seat 1: CEPTT ($150.91 in chips) 
Seat 2: Svartinge133 ($139.93 in chips) 
Seat 3: skars07 ($105.72 in chips) 
Seat 4: BumHuntKing ($100 in chips) 
Seat 5: Manifestorr ($103.35 in chips) 
Seat 6: EasyGamerrr ($138.29 in chips) 
skars07: posts small blind $0.50
BumHuntKing: posts big blind $1
*** HOLE CARDS ***
Manifestorr: folds 
EasyGamerrr: raises $1 to $2
CEPTT: folds 
Svartinge133: calls $2
skars07: raises $12 to $14
BumHuntKing: folds 
EasyGamerrr: folds 
Svartinge133: folds 
Uncalled bet ($12) returned to skars07
skars07 collected $7 from pot
skars07: doesn't show hand 
*** SUMMARY ***
Total pot $7 | Rake $0 
Seat 1: CEPTT folded before Flop (didn't bet)
Seat 2: Svartinge133 (button) folded before Flop
Seat 3: skars07 (small blind) collected ($7)
Seat 4: BumHuntKing (big blind) folded before Flop
Seat 5: Manifestorr folded before Flop (didn't bet)
Seat 6: EasyGamerrr folded before Flop



PokerStars Hand #254556493272:  Hold'em No Limit ($0.50/$1.00 USD) - 2025/01/25 2:33:42 WET [2025/01/25 21:33:42 ET]
Table 'Ankaios IV' 6-max Seat #3 is the button
Seat 1: CEPTT ($150.91 in chips) 
Seat 2: Svartinge133 ($137.93 in chips) 
Seat 3: skars07 ($110.72 in chips) 
Seat 4: BumHuntKing ($100 in chips) 
Seat 5: Manifestorr ($103.35 in chips) 
Seat 6: EasyGamerrr ($136.29 in chips) 
BumHuntKing: posts small blind $0.50
Manifestorr: posts big blind $1
*** HOLE CARDS ***
EasyGamerrr: folds 
CEPTT: folds 
Svartinge133: raises $2 to $3
skars07: folds 
BumHuntKing: raises $7 to $10
Manifestorr: folds 
Svartinge133: calls $7
*** FLOP *** [4h 9h 2d]
BumHuntKing: bets $4.99
Svartinge133: calls $4.99
*** TURN *** [4h 9h 2d] [7s]
BumHuntKing: checks 
Svartinge133: checks 
*** RIVER *** [4h 9h 2d 7s] [2s]
BumHuntKing: checks 
Svartinge133: checks 
*** SHOW DOWN ***
BumHuntKing: shows [8d 8c] (two pair, Eights and Deuces)
Svartinge133: mucks hand 
BumHuntKing collected $29.43 from pot
*** SUMMARY ***
Total pot $30.98 | Rake $1.55 
Board [4h 9h 2d 7s 2s]
Seat 1: CEPTT folded before Flop (didn't bet)
Seat 2: Svartinge133 mucked
Seat 3: skars07 (button) folded before Flop (didn't bet)
Seat 4: BumHuntKing (small blind) showed [8d 8c] and won ($29.43) with two pair, Eights and Deuces
Seat 5: Manifestorr (big blind) folded before Flop
Seat 6: EasyGamerrr folded before Flop (didn't bet)



PokerStars Hand #254556499522:  Hold'em No Limit ($0.50/$1.00 USD) - 2025/01/25 2:34:24 WET [2025/01/25 21:34:24 ET]
Table 'Ankaios IV' 6-max Seat #4 is the button
Seat 1: CEPTT ($150.91 in chips) 
Seat 2: Svartinge133 ($122.94 in chips) 
Seat 3: skars07 ($110.72 in chips) 
Seat 4: BumHuntKing ($114.44 in chips) 
Seat 5: Manifestorr ($102.35 in chips) 
Seat 6: EasyGamerrr ($136.29 in chips) 
Manifestorr: posts small blind $0.50
EasyGamerrr: posts big blind $1
*** HOLE CARDS ***
CEPTT: folds 
Svartinge133: folds 
skars07: folds 
BumHuntKing: folds 
Manifestorr: folds 
Uncalled bet ($0.50) returned to EasyGamerrr
EasyGamerrr collected $1 from pot
EasyGamerrr: doesn't show hand 
*** SUMMARY ***
Total pot $1 | Rake $0 
Seat 1: CEPTT folded before Flop (didn't bet)
Seat 2: Svartinge133 folded before Flop (didn't bet)
Seat 3: skars07 folded before Flop (didn't bet)
Seat 4: BumHuntKing (button) folded before Flop (didn't bet)
Seat 5: Manifestorr (small blind) folded before Flop
Seat 6: EasyGamerrr (big blind) collected ($1)



PokerStars Hand #254556501616:  Hold'em No Limit ($0.50/$1.00 USD) - 2025/01/25 2:34:38 WET [2025/01/25 21:34:38 ET]
Table 'Ankaios IV' 6-max Seat #5 is the button
Seat 1: CEPTT ($150.91 in chips) 
Seat 2: Svartinge133 ($122.94 in chips) 
Seat 3: skars07 ($110.72 in chips) 
Seat 4: BumHuntKing ($114.44 in chips) 
Seat 5: Manifestorr ($101.85 in chips) 
Seat 6: EasyGamerrr ($136.79 in chips) 
EasyGamerrr: posts small blind $0.50
CEPTT: posts big blind $1
*** HOLE CARDS ***
Svartinge133: folds 
skars07: folds 
BumHuntKing: raises $1.20 to $2.20
Manifestorr: raises $4.80 to $7
EasyGamerrr: folds 
CEPTT: folds 
BumHuntKing: calls $4.80
*** FLOP *** [7c 5c 2h]
BumHuntKing: checks 
Manifestorr: checks 
*** TURN *** [7c 5c 2h] [4d]
BumHuntKing: checks 
Manifestorr: checks 
*** RIVER *** [7c 5c 2h 4d] [7s]
BumHuntKing: checks 
Manifestorr: checks 
*** SHOW DOWN ***
BumHuntKing: shows [Ad Td] (a pair of Sevens)
Manifestorr: shows [Ac Qs] (a pair of Sevens - Ace+Queen kicker)
Manifestorr collected $14.72 from pot
*** SUMMARY ***
Total pot $15.50 | Rake $0.78 
Board [7c 5c 2h 4d 7s]
Seat 1: CEPTT (big blind) folded before Flop
Seat 2: Svartinge133 folded before Flop (didn't bet)
Seat 3: skars07 folded before Flop (didn't bet)
Seat 4: BumHuntKing showed [Ad Td] and lost with a pair of Sevens
Seat 5: Manifestorr (button) showed [Ac Qs] and won ($14.72) with a pair of Sevens
Seat 6: EasyGamerrr (small blind) folded before Flop



PokerStars Hand #254556514082:  Hold'em No Limit ($0.50/$1.00 USD) - 2025/01/25 2:36:00 WET [2025/01/25 21:36:00 ET]
Table 'Ankaios IV' 6-max Seat #6 is the button
Seat 1: CEPTT ($149.91 in chips) 
Seat 2: Svartinge133 ($122.94 in chips) 
Seat 3: skars07 ($110.72 in chips) 
Seat 4: BumHuntKing ($107.44 in chips) 
Seat 5: Manifestorr ($109.57 in chips) 
Seat 6: EasyGamerrr ($136.29 in chips) 
CEPTT: posts small blind $0.50
Svartinge133: posts big blind $1
*** HOLE CARDS ***
skars07: folds 
BumHuntKing: raises $1.20 to $2.20
Manifestorr: folds 
EasyGamerrr: folds 
CEPTT: calls $1.70
Svartinge133: calls $1.20
*** FLOP *** [Jc As Jd]
CEPTT: checks 
Svartinge133: checks 
BumHuntKing: bets $2.07
CEPTT: raises $7.81 to $9.88
Svartinge133: folds 
BumHuntKing: calls $7.81
*** TURN *** [Jc As Jd] [Ks]
CEPTT: checks 
BumHuntKing: checks 
*** RIVER *** [Jc As Jd Ks] [4c]
CEPTT: bets $18.78
BumHuntKing has timed out
BumHuntKing: folds 
Uncalled bet ($18.78) returned to CEPTT
CEPTT collected $25.04 from pot
CEPTT: doesn't show hand 
*** SUMMARY ***
Total pot $26.36 | Rake $1.32 
Board [Jc As Jd Ks 4c]
Seat 1: CEPTT (small blind) collected ($25.04)
Seat 2: Svartinge133 (big blind) folded on the Flop
Seat 3: skars07 folded before Flop (didn't bet)
Seat 4: BumHuntKing folded on the River
Seat 5: Manifestorr folded before Flop (didn't bet)
Seat 6: EasyGamerrr (button) folded before Flop (didn't bet)



PokerStars Hand #254556527427:  Hold'em No Limit ($0.50/$1.00 USD) - 2025/01/25 2:37:27 WET [2025/01/25 21:37:27 ET]
Table 'Ankaios IV' 6-max Seat #1 is the button
Seat 1: CEPTT ($162.87 in chips) 
Seat 2: Svartinge133 ($120.74 in chips) 
Seat 3: skars07 ($110.72 in chips) 
Seat 4: BumHuntKing ($100 in chips) 
Seat 5: Manifestorr ($109.57 in chips) 
Seat 6: EasyGamerrr ($136.29 in chips) 
Svartinge133: posts small blind $0.50
skars07: posts big blind $1
*** HOLE CARDS ***
BumHuntKing: raises $1.20 to $2.20
Manifestorr: folds 
EasyGamerrr: folds 
CEPTT: folds 
Svartinge133: folds 
skars07: folds 
Uncalled bet ($1.20) returned to BumHuntKing
BumHuntKing collected $2.50 from pot
BumHuntKing: doesn't show hand 
*** SUMMARY ***
Total pot $2.50 | Rake $0 
Seat 1: CEPTT (button) folded before Flop (didn't bet)
Seat 2: Svartinge133 (small blind) folded before Flop
Seat 3: skars07 (big blind) folded before Flop
Seat 4: BumHuntKing collected ($2.50)
Seat 5: Manifestorr folded before Flop (didn't bet)
Seat 6: EasyGamerrr folded before Flop (didn't bet)



PokerStars Hand #254556529866:  Hold'em No Limit ($0.50/$1.00 USD) - 2025/01/25 2:37:42 WET [2025/01/25 21:37:42 ET]
Table 'Ankaios IV' 6-max Seat #2 is the button
Seat 1: CEPTT ($162.87 in chips) 
Seat 2: Svartinge133 ($120.24 in chips) 
Seat 3: skars07 ($109.72 in chips) 
Seat 4: BumHuntKing ($101.50 in chips) 
Seat 5: Manifestorr ($109.57 in chips) 
Seat 6: EasyGamerrr ($136.29 in chips) 
skars07: posts small blind $0.50
BumHuntKing: posts big blind $1
*** HOLE CARDS ***
Manifestorr: folds 
EasyGamerrr: folds 
CEPTT: folds 
Svartinge133: raises $2 to $3
skars07: folds 
BumHuntKing: calls $2
*** FLOP *** [Js Qh Kc]
BumHuntKing: checks 
Svartinge133: bets $6.18
BumHuntKing: calls $6.18
*** TURN *** [Js Qh Kc] [Tc]
BumHuntKing: checks 
Svartinge133: checks 
*** RIVER *** [Js Qh Kc Tc] [Ks]
BumHuntKing: checks 
Svartinge133: bets $24
BumHuntKing: folds 
Uncalled bet ($24) returned to Svartinge133
Svartinge133 collected $17.92 from pot
Svartinge133: doesn't show hand 
*** SUMMARY ***
Total pot $18.86 | Rake $0.94 
Board [Js Qh Kc Tc Ks]
Seat 1: CEPTT folded before Flop (didn't bet)
Seat 2: Svartinge133 (button) collected ($17.92)
Seat 3: skars07 (small blind) folded before Flop
Seat 4: BumHuntKing (big blind) folded on the River
Seat 5: Manifestorr folded before Flop (didn't bet)
Seat 6: EasyGamerrr folded before Flop (didn't bet)



PokerStars Hand #254556541412:  Hold'em No Limit ($0.50/$1.00 USD) - 2025/01/25 2:38:57 WET [2025/01/25 21:38:57 ET]
Table 'Ankaios IV' 6-max Seat #3 is the button
Seat 1: CEPTT ($162.87 in chips) 
Seat 2: Svartinge133 ($128.98 in chips) 
Seat 3: skars07 ($109.22 in chips) 
Seat 4: BumHuntKing ($100 in chips) 
Seat 5: Manifestorr ($109.57 in chips) 
Seat 6: EasyGamerrr ($136.29 in chips) 
BumHuntKing: posts small blind $0.50
Manifestorr: posts big blind $1
*** HOLE CARDS ***
EasyGamerrr: folds 
CEPTT: folds 
Svartinge133: folds 
skars07: folds 
BumHuntKing: raises $2 to $3
Manifestorr: folds 
Uncalled bet ($2) returned to BumHuntKing
BumHuntKing collected $2 from pot
BumHuntKing: doesn't show hand 
*** SUMMARY ***
Total pot $2 | Rake $0 
Seat 1: CEPTT folded before Flop (didn't bet)
Seat 2: Svartinge133 folded before Flop (didn't bet)
Seat 3: skars07 (button) folded before Flop (didn't bet)
Seat 4: BumHuntKing (small blind) collected ($2)
Seat 5: Manifestorr (big blind) folded before Flop
Seat 6: EasyGamerrr folded before Flop (didn't bet)



PokerStars Hand #254556544490:  Hold'em No Limit ($0.50/$1.00 USD) - 2025/01/25 2:39:17 WET [2025/01/25 21:39:17 ET]
Table 'Ankaios IV' 6-max Seat #4 is the button
Seat 1: CEPTT ($162.87 in chips) 
Seat 2: Svartinge133 ($128.98 in chips) 
Seat 3: skars07 ($109.22 in chips) 
Seat 4: BumHuntKing ($101 in chips) 
Seat 5: Manifestorr ($108.57 in chips) 
Seat 6: EasyGamerrr ($136.29 in chips) 
Manifestorr: posts small blind $0.50
EasyGamerrr: posts big blind $1
*** HOLE CARDS ***
CEPTT: folds 
Svartinge133: raises $2 to $3
skars07: raises $6 to $9
BumHuntKing: folds 
Manifestorr: folds 
EasyGamerrr: folds 
Svartinge133: folds 
Uncalled bet ($6) returned to skars07
skars07 collected $7.50 from pot
skars07: doesn't show hand 
*** SUMMARY ***
Total pot $7.50 | Rake $0 
Seat 1: CEPTT folded before Flop (didn't bet)
Seat 2: Svartinge133 folded before Flop
Seat 3: skars07 collected ($7.50)
Seat 4: BumHuntKing (button) folded before Flop (didn't bet)
Seat 5: Manifestorr (small blind) folded before Flop
Seat 6: EasyGamerrr (big blind) folded before Flop



PokerStars Hand #254556548440:  Hold'em No Limit ($0.50/$1.00 USD) - 2025/01/25 2:39:44 WET [2025/01/25 21:39:44 ET]
Table 'Ankaios IV' 6-max Seat #5 is the button
Seat 1: CEPTT ($162.87 in chips) 
Seat 2: Svartinge133 ($125.98 in chips) 
Seat 3: skars07 ($113.72 in chips) 
Seat 4: BumHuntKing ($101 in chips) 
Seat 5: Manifestorr ($108.07 in chips) 
Seat 6: EasyGamerrr ($135.29 in chips) 
EasyGamerrr: posts small blind $0.50
CEPTT: posts big blind $1
*** HOLE CARDS ***
Svartinge133: calls $1
skars07: folds 
BumHuntKing: folds 
Manifestorr: raises $4 to $5
EasyGamerrr: raises $10 to $15
CEPTT: folds 
Svartinge133: folds 
Manifestorr: calls $10
*** FLOP *** [Js 7s 3c]
EasyGamerrr: bets $10.94
Manifestorr: calls $10.94
*** TURN *** [Js 7s 3c] [4c]
EasyGamerrr: bets $29.11
Manifestorr: calls $29.11
*** RIVER *** [Js 7s 3c 4c] [3h]
EasyGamerrr: bets $80.24 and is all-in
Manifestorr: calls $53.02 and is all-in
Uncalled bet ($27.22) returned to EasyGamerrr
*** SHOW DOWN ***
EasyGamerrr: shows [Qs Qc] (two pair, Queens and Threes)
Manifestorr: shows [Qd Jd] (two pair, Jacks and Threes)
EasyGamerrr collected $215.64 from pot
*** SUMMARY ***
Total pot $218.14 | Rake $2.50 
Board [Js 7s 3c 4c 3h]
Seat 1: CEPTT (big blind) folded before Flop
Seat 2: Svartinge133 folded before Flop
Seat 3: skars07 folded before Flop (didn't bet)
Seat 4: BumHuntKing folded before Flop (didn't bet)
Seat 5: Manifestorr (button) showed [Qd Jd] and lost with two pair, Jacks and Threes
Seat 6: EasyGamerrr (small blind) showed [Qs Qc] and won ($215.64) with two pair, Queens and Threes



PokerStars Hand #254556563200:  Hold'em No Limit ($0.50/$1.00 USD) - 2025/01/25 2:41:21 WET [2025/01/25 21:41:21 ET]
Table 'Ankaios IV' 6-max Seat #6 is the button
Seat 1: CEPTT ($161.87 in chips) 
Seat 2: Svartinge133 ($124.98 in chips) 
Seat 3: skars07 ($113.72 in chips) 
Seat 4: BumHuntKing ($101 in chips) 
Seat 5: Manifestorr ($100 in chips) 
Seat 6: EasyGamerrr ($242.86 in chips) 
CEPTT: posts small blind $0.50
Svartinge133: posts big blind $1
*** HOLE CARDS ***
skars07: folds 
BumHuntKing: raises $1.20 to $2.20
Manifestorr: folds 
EasyGamerrr: folds 
CEPTT: folds 
Svartinge133: calls $1.20
*** FLOP *** [6s 3h Ah]
Svartinge133: checks 
BumHuntKing: bets $1.54
Svartinge133: folds 
Uncalled bet ($1.54) returned to BumHuntKing
BumHuntKing collected $4.66 from pot
BumHuntKing: doesn't show hand 
*** SUMMARY ***
Total pot $4.90 | Rake $0.24 
Board [6s 3h Ah]
Seat 1: CEPTT (small blind) folded before Flop
Seat 2: Svartinge133 (big blind) folded on the Flop
Seat 3: skars07 folded before Flop (didn't bet)
Seat 4: BumHuntKing collected ($4.66)
Seat 5: Manifestorr folded before Flop (didn't bet)
Seat 6: EasyGamerrr (button) folded before Flop (didn't bet)



PokerStars Hand #254556567934:  Hold'em No Limit ($0.50/$1.00 USD) - 2025/01/25 2:41:52 WET [2025/01/25 21:41:52 ET]
Table 'Ankaios IV' 6-max Seat #1 is the button
Seat 1: CEPTT ($161.37 in chips) 
Seat 2: Svartinge133 ($122.78 in chips) 
Seat 3: skars07 ($113.72 in chips) 
Seat 4: BumHuntKing ($103.46 in chips) 
Seat 5: Manifestorr ($100 in chips) 
Seat 6: EasyGamerrr ($242.86 in chips) 
Svartinge133: posts small blind $0.50
skars07: posts big blind $1
*** HOLE CARDS ***
BumHuntKing: raises $1.20 to $2.20
Manifestorr: folds 
EasyGamerrr: folds 
CEPTT: folds 
Svartinge133: folds 
skars07: folds 
Uncalled bet ($1.20) returned to BumHuntKing
BumHuntKing collected $2.50 from pot
BumHuntKing: doesn't show hand 
*** SUMMARY ***
Total pot $2.50 | Rake $0 
Seat 1: CEPTT (button) folded before Flop (didn't bet)
Seat 2: Svartinge133 (small blind) folded before Flop
Seat 3: skars07 (big blind) folded before Flop
Seat 4: BumHuntKing collected ($2.50)
Seat 5: Manifestorr folded before Flop (didn't bet)
Seat 6: EasyGamerrr folded before Flop (didn't bet)



PokerStars Hand #254556570470:  Hold'em No Limit ($0.50/$1.00 USD) - 2025/01/25 2:42:09 WET [2025/01/25 21:42:09 ET]
Table 'Ankaios IV' 6-max Seat #2 is the button
Seat 1: CEPTT ($161.37 in chips) 
Seat 2: Svartinge133 ($122.28 in chips) 
Seat 3: skars07 ($112.72 in chips) 
Seat 4: BumHuntKing ($104.96 in chips) 
Seat 5: Manifestorr ($100 in chips) 
Seat 6: EasyGamerrr ($242.86 in chips) 
skars07: posts small blind $0.50
BumHuntKing: posts big blind $1
*** HOLE CARDS ***
Manifestorr: folds 
EasyGamerrr: folds 
CEPTT: folds 
Svartinge133: folds 
skars07: raises $2 to $3
BumHuntKing: calls $2
*** FLOP *** [Kc 4s Qs]
skars07: checks 
BumHuntKing: bets $1.43
skars07: folds 
Uncalled bet ($1.43) returned to BumHuntKing
BumHuntKing collected $5.70 from pot
BumHuntKing: doesn't show hand 
*** SUMMARY ***
Total pot $6 | Rake $0.30 
Board [Kc 4s Qs]
Seat 1: CEPTT folded before Flop (didn't bet)
Seat 2: Svartinge133 (button) folded before Flop (didn't bet)
Seat 3: skars07 (small blind) folded on the Flop
Seat 4: BumHuntKing (big blind) collected ($5.70)
Seat 5: Manifestorr folded before Flop (didn't bet)
Seat 6: EasyGamerrr folded before Flop (didn't bet)



PokerStars Hand #254556576141:  Hold'em No Limit ($0.50/$1.00 USD) - 2025/01/25 2:42:46 WET [2025/01/25 21:42:46 ET]
Table 'Ankaios IV' 6-max Seat #3 is the button
Seat 1: CEPTT ($161.37 in chips) 
Seat 2: Svartinge133 ($122.28 in chips) 
Seat 3: skars07 ($109.72 in chips) 
Seat 4: BumHuntKing ($107.66 in chips) 
Seat 5: Manifestorr ($100 in chips) 
Seat 6: EasyGamerrr ($242.86 in chips) 
BumHuntKing: posts small blind $0.50
Manifestorr: posts big blind $1
*** HOLE CARDS ***
EasyGamerrr: folds 
CEPTT: folds 
Svartinge133: folds 
skars07: folds 
BumHuntKing: raises $2 to $3
Manifestorr: folds 
Uncalled bet ($2) returned to BumHuntKing
BumHuntKing collected $2 from pot
BumHuntKing: doesn't show hand 
*** SUMMARY ***
Total pot $2 | Rake $0 
Seat 1: CEPTT folded before Flop (didn't bet)
Seat 2: Svartinge133 folded before Flop (didn't bet)
Seat 3: skars07 (button) folded before Flop (didn't bet)
Seat 4: BumHuntKing (small blind) collected ($2)
Seat 5: Manifestorr (big blind) folded before Flop
Seat 6: EasyGamerrr folded before Flop (didn't bet)



PokerStars Hand #254556578798:  Hold'em No Limit ($0.50/$1.00 USD) - 2025/01/25 2:43:04 WET [2025/01/25 21:43:04 ET]
Table 'Ankaios IV' 6-max Seat #4 is the button
Seat 1: CEPTT ($161.37 in chips) 
Seat 2: Svartinge133 ($122.28 in chips) 
Seat 3: skars07 ($109.72 in chips) 
Seat 4: BumHuntKing ($108.66 in chips) 
Seat 5: Manifestorr ($100 in chips) 
Seat 6: EasyGamerrr ($242.86 in chips) 
Manifestorr: posts small blind $0.50
EasyGamerrr: posts big blind $1
*** HOLE CARDS ***
CEPTT: folds 
Svartinge133: raises $2 to $3
skars07: folds 
BumHuntKing: calls $3
Manifestorr: folds 
EasyGamerrr: folds 
*** FLOP *** [Ts As Ad]
Svartinge133: checks 
BumHuntKing: bets $2.35
Svartinge133: raises $5.91 to $8.26
BumHuntKing: calls $5.91
*** TURN *** [Ts As Ad] [Th]
Svartinge133: checks 
BumHuntKing: bets $23.83
Svartinge133: folds 
Uncalled bet ($23.83) returned to BumHuntKing
BumHuntKing collected $22.82 from pot
BumHuntKing: doesn't show hand 
*** SUMMARY ***
Total pot $24.02 | Rake $1.20 
Board [Ts As Ad Th]
Seat 1: CEPTT folded before Flop (didn't bet)
Seat 2: Svartinge133 folded on the Turn
Seat 3: skars07 folded before Flop (didn't bet)
Seat 4: BumHuntKing (button) collected ($22.82)
Seat 5: Manifestorr (small blind) folded before Flop
Seat 6: EasyGamerrr (big blind) folded before Flop



PokerStars Hand #254556589980:  Hold'em No Limit ($0.50/$1.00 USD) - 2025/01/25 2:44:17 WET [2025/01/25 21:44:17 ET]
Table 'Ankaios IV' 6-max Seat #5 is the button
Seat 1: CEPTT ($161.37 in chips) 
Seat 2: Svartinge133 ($111.02 in chips) 
Seat 3: skars07 ($109.72 in chips) 
Seat 4: BumHuntKing ($120.22 in chips) 
Seat 5: Manifestorr ($100 in chips) 
Seat 6: EasyGamerrr ($241.86 in chips) 
EasyGamerrr: posts small blind $0.50
CEPTT: posts big blind $1
*** HOLE CARDS ***
Svartinge133: folds 
skars07: folds 
BumHuntKing: raises $1.20 to $2.20
Manifestorr: raises $4.80 to $7
EasyGamerrr: folds 
CEPTT: folds 
BumHuntKing: folds 
Uncalled bet ($4.80) returned to Manifestorr
Manifestorr collected $5.90 from pot
*** SUMMARY ***
Total pot $5.90 | Rake $0 
Seat 1: CEPTT (big blind) folded before Flop
Seat 2: Svartinge133 folded before Flop (didn't bet)
Seat 3: skars07 folded before Flop (didn't bet)
Seat 4: BumHuntKing folded before Flop
Seat 5: Manifestorr (button) collected ($5.90)
Seat 6: EasyGamerrr (small blind) folded before Flop



PokerStars Hand #254556592936:  Hold'em No Limit ($0.50/$1.00 USD) - 2025/01/25 2:44:36 WET [2025/01/25 21:44:36 ET]
Table 'Ankaios IV' 6-max Seat #6 is the button
Seat 1: CEPTT ($160.37 in chips) 
Seat 2: Svartinge133 ($111.02 in chips) 
Seat 3: skars07 ($109.72 in chips) 
Seat 4: BumHuntKing ($118.02 in chips) 
Seat 5: Manifestorr ($103.70 in chips) 
Seat 6: EasyGamerrr ($241.36 in chips) 
CEPTT: posts small blind $0.50
Svartinge133: posts big blind $1
*** HOLE CARDS ***
skars07: folds 
BumHuntKing: folds 
Manifestorr: folds 
EasyGamerrr: raises $1.50 to $2.50
CEPTT: folds 
Svartinge133: calls $1.50
*** FLOP *** [8c 5h Jh]
Svartinge133: checks 
EasyGamerrr: bets $3.50
Svartinge133: calls $3.50
*** TURN *** [8c 5h Jh] [7s]
Svartinge133: checks 
EasyGamerrr: bets $8.91
Svartinge133: calls $8.91
*** RIVER *** [8c 5h Jh 7s] [9h]
Svartinge133: checks 
EasyGamerrr: checks 
*** SHOW DOWN ***
Svartinge133: shows [Kc Js] (a pair of Jacks)
EasyGamerrr: shows [As Ah] (a pair of Aces)
EasyGamerrr collected $28.80 from pot
*** SUMMARY ***
Total pot $30.32 | Rake $1.52 
Board [8c 5h Jh 7s 9h]
Seat 1: CEPTT (small blind) folded before Flop
Seat 2: Svartinge133 (big blind) showed [Kc Js] and lost with a pair of Jacks
Seat 3: skars07 folded before Flop (didn't bet)
Seat 4: BumHuntKing folded before Flop (didn't bet)
Seat 5: Manifestorr folded before Flop (didn't bet)
Seat 6: EasyGamerrr (button) showed [As Ah] and won ($28.80) with a pair of Aces



PokerStars Hand #254556601667:  Hold'em No Limit ($0.50/$1.00 USD) - 2025/01/25 2:45:34 WET [2025/01/25 21:45:34 ET]
Table 'Ankaios IV' 6-max Seat #1 is the button
Seat 1: CEPTT ($159.87 in chips) 
Seat 2: Svartinge133 ($96.11 in chips) 
Seat 3: skars07 ($109.72 in chips) 
Seat 4: BumHuntKing ($118.02 in chips) 
Seat 5: Manifestorr ($103.70 in chips) 
Seat 6: EasyGamerrr ($255.25 in chips) 
Svartinge133: posts small blind $0.50
skars07: posts big blind $1
*** HOLE CARDS ***
BumHuntKing: raises $1.20 to $2.20
Manifestorr: folds 
EasyGamerrr: folds 
CEPTT: folds 
Svartinge133: folds 
skars07: folds 
Uncalled bet ($1.20) returned to BumHuntKing
BumHuntKing collected $2.50 from pot
BumHuntKing: doesn't show hand 
*** SUMMARY ***
Total pot $2.50 | Rake $0 
Seat 1: CEPTT (button) folded before Flop (didn't bet)
Seat 2: Svartinge133 (small blind) folded before Flop
Seat 3: skars07 (big blind) folded before Flop
Seat 4: BumHuntKing collected ($2.50)
Seat 5: Manifestorr folded before Flop (didn't bet)
Seat 6: EasyGamerrr folded before Flop (didn't bet)



PokerStars Hand #254556605298:  Hold'em No Limit ($0.50/$1.00 USD) - 2025/01/25 2:45:58 WET [2025/01/25 21:45:58 ET]
Table 'Ankaios IV' 6-max Seat #2 is the button
Seat 1: CEPTT ($159.87 in chips) 
Seat 2: Svartinge133 ($95.61 in chips) 
Seat 3: skars07 ($108.72 in chips) 
Seat 4: BumHuntKing ($119.52 in chips) 
Seat 5: Manifestorr ($103.70 in chips) 
Seat 6: EasyGamerrr ($255.25 in chips) 
skars07: posts small blind $0.50
BumHuntKing: posts big blind $1
*** HOLE CARDS ***
Manifestorr: folds 
EasyGamerrr: folds 
CEPTT: folds 
Svartinge133: folds 
skars07: folds 
Uncalled bet ($0.50) returned to BumHuntKing
BumHuntKing collected $1 from pot
BumHuntKing: doesn't show hand 
*** SUMMARY ***
Total pot $1 | Rake $0 
Seat 1: CEPTT folded before Flop (didn't bet)
Seat 2: Svartinge133 (button) folded before Flop (didn't bet)
Seat 3: skars07 (small blind) folded before Flop
Seat 4: BumHuntKing (big blind) collected ($1)
Seat 5: Manifestorr folded before Flop (didn't bet)
Seat 6: EasyGamerrr folded before Flop (didn't bet)



PokerStars Hand #254556608660:  Hold'em No Limit ($0.50/$1.00 USD) - 2025/01/25 2:46:21 WET [2025/01/25 21:46:21 ET]
Table 'Ankaios IV' 6-max Seat #3 is the button
Seat 1: CEPTT ($159.87 in chips) 
Seat 2: Svartinge133 ($95.61 in chips) 
Seat 3: skars07 ($108.22 in chips) 
Seat 4: BumHuntKing ($120.02 in chips) 
Seat 5: Manifestorr ($103.70 in chips) 
Seat 6: EasyGamerrr ($255.25 in chips) 
BumHuntKing: posts small blind $0.50
Manifestorr: posts big blind $1
*** HOLE CARDS ***
EasyGamerrr: raises $1 to $2
CEPTT: folds 
Svartinge133: raises $5.50 to $7.50
skars07: folds 
BumHuntKing: folds 
Manifestorr: folds 
EasyGamerrr: folds 
Uncalled bet ($5.50) returned to Svartinge133
Svartinge133 collected $5.50 from pot
Svartinge133: doesn't show hand 
*** SUMMARY ***
Total pot $5.50 | Rake $0 
Seat 1: CEPTT folded before Flop (didn't bet)
Seat 2: Svartinge133 collected ($5.50)
Seat 3: skars07 (button) folded before Flop (didn't bet)
Seat 4: BumHuntKing (small blind) folded before Flop
Seat 5: Manifestorr (big blind) folded before Flop
Seat 6: EasyGamerrr folded before Flop



PokerStars Hand #254556612040:  Hold'em No Limit ($0.50/$1.00 USD) - 2025/01/25 2:46:44 WET [2025/01/25 21:46:44 ET]
Table 'Ankaios IV' 6-max Seat #4 is the button
Seat 1: CEPTT ($159.87 in chips) 
Seat 2: Svartinge133 ($99.11 in chips) 
Seat 3: skars07 ($108.22 in chips) 
Seat 4: BumHuntKing ($119.52 in chips) 
Seat 5: Manifestorr ($102.70 in chips) 
Seat 6: EasyGamerrr ($253.25 in chips) 
Manifestorr: posts small blind $0.50
EasyGamerrr: posts big blind $1
*** HOLE CARDS ***
CEPTT: folds 
Svartinge133: raises $2 to $3
skars07: folds 
BumHuntKing: calls $3
Manifestorr: folds 
EasyGamerrr: folds 
*** FLOP *** [3d 3s Ad]
Svartinge133: bets $7.12
BumHuntKing: calls $7.12
*** TURN *** [3d 3s Ad] [2h]
Svartinge133: bets $10.33
BumHuntKing: calls $10.33
*** RIVER *** [3d 3s Ad 2h] [6d]
Svartinge133: checks 
BumHuntKing: checks 
*** SHOW DOWN ***
Svartinge133: shows [Kc Qd] (a pair of Threes)
BumHuntKing: shows [As Td] (two pair, Aces and Threes)
BumHuntKing collected $40.28 from pot
*** SUMMARY ***
Total pot $42.40 | Rake $2.12 
Board [3d 3s Ad 2h 6d]
Seat 1: CEPTT folded before Flop (didn't bet)
Seat 2: Svartinge133 showed [Kc Qd] and lost with a pair of Threes
Seat 3: skars07 folded before Flop (didn't bet)
Seat 4: BumHuntKing (button) showed [As Td] and won ($40.28) with two pair, Aces and Threes
Seat 5: Manifestorr (small blind) folded before Flop
Seat 6: EasyGamerrr (big blind) folded before Flop



PokerStars Hand #254556619404:  Hold'em No Limit ($0.50/$1.00 USD) - 2025/01/25 2:47:33 WET [2025/01/25 21:47:33 ET]
Table 'Ankaios IV' 6-max Seat #5 is the button
Seat 1: CEPTT ($159.87 in chips) 
Seat 2: Svartinge133 ($78.66 in chips) 
Seat 3: skars07 ($108.22 in chips) 
Seat 4: BumHuntKing ($139.35 in chips) 
Seat 5: Manifestorr ($102.20 in chips) 
Seat 6: EasyGamerrr ($252.25 in chips) 
EasyGamerrr: posts small blind $0.50
CEPTT: posts big blind $1
*** HOLE CARDS ***
Svartinge133: folds 
skars07: folds 
BumHuntKing: folds 
Manifestorr: folds 
EasyGamerrr: folds 
Uncalled bet ($0.50) returned to CEPTT
CEPTT collected $1 from pot
CEPTT: doesn't show hand 
*** SUMMARY ***
Total pot $1 | Rake $0 
Seat 1: CEPTT (big blind) collected ($1)
Seat 2: Svartinge133 folded before Flop (didn't bet)
Seat 3: skars07 folded before Flop (didn't bet)
Seat 4: BumHuntKing folded before Flop (didn't bet)
Seat 5: Manifestorr (button) folded before Flop (didn't bet)
Seat 6: EasyGamerrr (small blind) folded before Flop



PokerStars Hand #254556621566:  Hold'em No Limit ($0.50/$1.00 USD) - 2025/01/25 2:47:47 WET [2025/01/25 21:47:47 ET]
Table 'Ankaios IV' 6-max Seat #6 is the button
Seat 1: CEPTT ($160.37 in chips) 
Seat 2: Svartinge133 ($78.66 in chips) 
Seat 3: skars07 ($108.22 in chips) 
Seat 4: BumHuntKing ($139.35 in chips) 
Seat 5: Manifestorr ($102.20 in chips) 
Seat 6: EasyGamerrr ($251.75 in chips) 
CEPTT: posts small blind $0.50
Svartinge133: posts big blind $1
*** HOLE CARDS ***
skars07: folds 
BumHuntKing: raises $1.20 to $2.20
Manifestorr: folds 
EasyGamerrr: folds 
CEPTT: folds 
Svartinge133: folds 
Uncalled bet ($1.20) returned to BumHuntKing
BumHuntKing collected $2.50 from pot
BumHuntKing: doesn't show hand 
*** SUMMARY ***
Total pot $2.50 | Rake $0 
Seat 1: CEPTT (small blind) folded before Flop
Seat 2: Svartinge133 (big blind) folded before Flop
Seat 3: skars07 folded before Flop (didn't bet)
Seat 4: BumHuntKing collected ($2.50)
Seat 5: Manifestorr folded before Flop (didn't bet)
Seat 6: EasyGamerrr (button) folded before Flop (didn't bet)



PokerStars Hand #254556624697:  Hold'em No Limit ($0.50/$1.00 USD) - 2025/01/25 2:48:09 WET [2025/01/25 21:48:09 ET]
Table 'Ankaios IV' 6-max Seat #1 is the button
Seat 1: CEPTT ($159.87 in chips) 
Seat 2: Svartinge133 ($77.66 in chips) 
Seat 3: skars07 ($108.22 in chips) 
Seat 4: BumHuntKing ($140.85 in chips) 
Seat 5: Manifestorr ($102.20 in chips) 
Seat 6: EasyGamerrr ($251.75 in chips) 
Svartinge133: posts small blind $0.50
skars07: posts big blind $1
*** HOLE CARDS ***
BumHuntKing: folds 
Manifestorr: folds 
EasyGamerrr: raises $1.50 to $2.50
CEPTT: folds 
Svartinge133: folds 
skars07: folds 
Uncalled bet ($1.50) returned to EasyGamerrr
EasyGamerrr collected $2.50 from pot
EasyGamerrr: doesn't show hand 
*** SUMMARY ***
Total pot $2.50 | Rake $0 
Seat 1: CEPTT (button) folded before Flop (didn't bet)
Seat 2: Svartinge133 (small blind) folded before Flop
Seat 3: skars07 (big blind) folded before Flop
Seat 4: BumHuntKing folded before Flop (didn't bet)
Seat 5: Manifestorr folded before Flop (didn't bet)
Seat 6: EasyGamerrr collected ($2.50)



PokerStars Hand #254556626983:  Hold'em No Limit ($0.50/$1.00 USD) - 2025/01/25 2:48:24 WET [2025/01/25 21:48:24 ET]
Table 'Ankaios IV' 6-max Seat #2 is the button
Seat 1: CEPTT ($159.87 in chips) 
Seat 2: Svartinge133 ($77.16 in chips) 
Seat 3: skars07 ($107.22 in chips) 
Seat 4: BumHuntKing ($140.85 in chips) 
Seat 5: Manifestorr ($102.20 in chips) 
Seat 6: EasyGamerrr ($253.25 in chips) 
skars07: posts small blind $0.50
BumHuntKing: posts big blind $1
*** HOLE CARDS ***
Manifestorr: raises $1.20 to $2.20
EasyGamerrr: folds 
CEPTT: raises $4.80 to $7
Svartinge133: folds 
skars07: folds 
BumHuntKing: folds 
Manifestorr: calls $4.80
*** FLOP *** [5h 2s 2d]
Manifestorr: checks 
CEPTT: bets $4.42
Manifestorr: folds 
Uncalled bet ($4.42) returned to CEPTT
CEPTT collected $14.72 from pot
CEPTT: doesn't show hand 
*** SUMMARY ***
Total pot $15.50 | Rake $0.78 
Board [5h 2s 2d]
Seat 1: CEPTT collected ($14.72)
Seat 2: Svartinge133 (button) folded before Flop (didn't bet)
Seat 3: skars07 (small blind) folded before Flop
Seat 4: BumHuntKing (big blind) folded before Flop
Seat 5: Manifestorr folded on the Flop
Seat 6: EasyGamerrr folded before Flop (didn't bet)



PokerStars Hand #254556632642:  Hold'em No Limit ($0.50/$1.00 USD) - 2025/01/25 2:49:02 WET [2025/01/25 21:49:02 ET]
Table 'Ankaios IV' 6-max Seat #3 is the button
Seat 1: CEPTT ($167.59 in chips) 
Seat 2: Svartinge133 ($77.16 in chips) 
Seat 3: skars07 ($106.72 in chips) 
Seat 4: BumHuntKing ($139.85 in chips) 
Seat 5: Manifestorr ($100 in chips) 
Seat 6: EasyGamerrr ($253.25 in chips) 
BumHuntKing: posts small blind $0.50
Manifestorr: posts big blind $1
*** HOLE CARDS ***
EasyGamerrr: folds 
CEPTT: folds 
Svartinge133: folds 
skars07: raises $1.50 to $2.50
BumHuntKing: raises $9 to $11.50
Manifestorr: folds 
skars07: folds 
Uncalled bet ($9) returned to BumHuntKing
BumHuntKing collected $6 from pot
BumHuntKing: doesn't show hand 
*** SUMMARY ***
Total pot $6 | Rake $0 
Seat 1: CEPTT folded before Flop (didn't bet)
Seat 2: Svartinge133 folded before Flop (didn't bet)
Seat 3: skars07 (button) folded before Flop
Seat 4: BumHuntKing (small blind) collected ($6)
Seat 5: Manifestorr (big blind) folded before Flop
Seat 6: EasyGamerrr folded before Flop (didn't bet)



PokerStars Hand #254556636372:  Hold'em No Limit ($0.50/$1.00 USD) - 2025/01/25 2:49:27 WET [2025/01/25 21:49:27 ET]
Table 'Ankaios IV' 6-max Seat #4 is the button
Seat 1: CEPTT ($167.59 in chips) 
Seat 2: Svartinge133 ($77.16 in chips) 
Seat 3: skars07 ($104.22 in chips) 
Seat 4: BumHuntKing ($143.35 in chips) 
Seat 5: Manifestorr ($100 in chips) 
Seat 6: EasyGamerrr ($253.25 in chips) 
Manifestorr: posts small blind $0.50
EasyGamerrr: posts big blind $1
*** HOLE CARDS ***
CEPTT: folds 
Svartinge133: raises $2 to $3
skars07: folds 
BumHuntKing: folds 
Manifestorr: folds 
EasyGamerrr: folds 
Uncalled bet ($2) returned to Svartinge133
Svartinge133 collected $2.50 from pot
Svartinge133: doesn't show hand 
*** SUMMARY ***
Total pot $2.50 | Rake $0 
Seat 1: CEPTT folded before Flop (didn't bet)
Seat 2: Svartinge133 collected ($2.50)
Seat 3: skars07 folded before Flop (didn't bet)
Seat 4: BumHuntKing (button) folded before Flop (didn't bet)
Seat 5: Manifestorr (small blind) folded before Flop
Seat 6: EasyGamerrr (big blind) folded before Flop



PokerStars Hand #254556638207:  Hold'em No Limit ($0.50/$1.00 USD) - 2025/01/25 2:49:39 WET [2025/01/25 21:49:39 ET]
Table 'Ankaios IV' 6-max Seat #5 is the button
Seat 1: CEPTT ($167.59 in chips) 
Seat 2: Svartinge133 ($78.66 in chips) 
Seat 3: skars07 ($104.22 in chips) 
Seat 4: BumHuntKing ($143.35 in chips) 
Seat 5: Manifestorr ($100 in chips) 
Seat 6: EasyGamerrr ($252.25 in chips) 
EasyGamerrr: posts small blind $0.50
CEPTT: posts big blind $1
*** HOLE CARDS ***
Svartinge133: raises $2 to $3
skars07: folds 
BumHuntKing: folds 
Manifestorr: folds 
EasyGamerrr: folds 
CEPTT: folds 
Uncalled bet ($2) returned to Svartinge133
Svartinge133 collected $2.50 from pot
Svartinge133: doesn't show hand 
*** SUMMARY ***
Total pot $2.50 | Rake $0 
Seat 1: CEPTT (big blind) folded before Flop
Seat 2: Svartinge133 collected ($2.50)
Seat 3: skars07 folded before Flop (didn't bet)
Seat 4: BumHuntKing folded before Flop (didn't bet)
Seat 5: Manifestorr (button) folded before Flop (didn't bet)
Seat 6: EasyGamerrr (small blind) folded before Flop



PokerStars Hand #254556641652:  Hold'em No Limit ($0.50/$1.00 USD) - 2025/01/25 2:50:03 WET [2025/01/25 21:50:03 ET]
Table 'Ankaios IV' 6-max Seat #6 is the button
Seat 1: CEPTT ($166.59 in chips) 
Seat 2: Svartinge133 ($80.16 in chips) 
Seat 3: skars07 ($104.22 in chips) 
Seat 4: BumHuntKing ($143.35 in chips) 
Seat 5: Manifestorr ($100 in chips) 
Seat 6: EasyGamerrr ($251.75 in chips) 
CEPTT: posts small blind $0.50
Svartinge133: posts big blind $1
*** HOLE CARDS ***
skars07: folds 
BumHuntKing: raises $1.20 to $2.20
Manifestorr: folds 
EasyGamerrr: folds 
CEPTT: folds 
Svartinge133: folds 
Uncalled bet ($1.20) returned to BumHuntKing
BumHuntKing collected $2.50 from pot
BumHuntKing: doesn't show hand 
*** SUMMARY ***
Total pot $2.50 | Rake $0 
Seat 1: CEPTT (small blind) folded before Flop
Seat 2: Svartinge133 (big blind) folded before Flop
Seat 3: skars07 folded before Flop (didn't bet)
Seat 4: BumHuntKing collected ($2.50)
Seat 5: Manifestorr folded before Flop (didn't bet)
Seat 6: EasyGamerrr (button) folded before Flop (didn't bet)



PokerStars Hand #254556647911:  Hold'em No Limit ($0.50/$1.00 USD) - 2025/01/25 2:50:45 WET [2025/01/25 21:50:45 ET]
Table 'Ankaios IV' 6-max Seat #1 is the button
Seat 1: CEPTT ($166.09 in chips) 
Seat 2: Svartinge133 ($79.16 in chips) 
Seat 3: skars07 ($104.22 in chips) 
Seat 4: BumHuntKing ($144.85 in chips) 
Seat 5: Manifestorr ($100 in chips) 
Seat 6: EasyGamerrr ($251.75 in chips) 
Svartinge133: posts small blind $0.50
skars07: posts big blind $1
*** HOLE CARDS ***
BumHuntKing: folds 
Manifestorr: folds 
EasyGamerrr: raises $1.50 to $2.50
CEPTT: folds 
Svartinge133: folds 
skars07: raises $10.50 to $13
EasyGamerrr: calls $10.50
*** FLOP *** [Ac Ts 5h]
skars07: bets $8.31
EasyGamerrr: folds 
Uncalled bet ($8.31) returned to skars07
skars07 collected $25.18 from pot
skars07: doesn't show hand 
*** SUMMARY ***
Total pot $26.50 | Rake $1.32 
Board [Ac Ts 5h]
Seat 1: CEPTT (button) folded before Flop (didn't bet)
Seat 2: Svartinge133 (small blind) folded before Flop
Seat 3: skars07 (big blind) collected ($25.18)
Seat 4: BumHuntKing folded before Flop (didn't bet)
Seat 5: Manifestorr folded before Flop (didn't bet)
Seat 6: EasyGamerrr folded on the Flop



PokerStars Hand #254556656688:  Hold'em No Limit ($0.50/$1.00 USD) - 2025/01/25 2:51:44 WET [2025/01/25 21:51:44 ET]
Table 'Ankaios IV' 6-max Seat #2 is the button
Seat 1: CEPTT ($166.09 in chips) 
Seat 2: Svartinge133 ($78.66 in chips) 
Seat 3: skars07 ($116.40 in chips) 
Seat 4: BumHuntKing ($144.85 in chips) 
Seat 5: Manifestorr ($100 in chips) 
Seat 6: EasyGamerrr ($238.75 in chips) 
skars07: posts small blind $0.50
BumHuntKing: posts big blind $1
*** HOLE CARDS ***
Manifestorr: raises $1.20 to $2.20
EasyGamerrr: folds 
CEPTT: folds 
Svartinge133: folds 
skars07: folds 
BumHuntKing: calls $1.20
*** FLOP *** [6s 5s 6c]
BumHuntKing: checks 
Manifestorr: checks 
*** TURN *** [6s 5s 6c] [Kh]
BumHuntKing: bets $3.50
Manifestorr: folds 
Uncalled bet ($3.50) returned to BumHuntKing
BumHuntKing collected $4.66 from pot
BumHuntKing: doesn't show hand 
*** SUMMARY ***
Total pot $4.90 | Rake $0.24 
Board [6s 5s 6c Kh]
Seat 1: CEPTT folded before Flop (didn't bet)
Seat 2: Svartinge133 (button) folded before Flop (didn't bet)
Seat 3: skars07 (small blind) folded before Flop
Seat 4: BumHuntKing (big blind) collected ($4.66)
Seat 5: Manifestorr folded on the Turn
Seat 6: EasyGamerrr folded before Flop (didn't bet)



PokerStars Hand #254556663276:  Hold'em No Limit ($0.50/$1.00 USD) - 2025/01/25 2:52:29 WET [2025/01/25 21:52:29 ET]
Table 'Ankaios IV' 6-max Seat #3 is the button
Seat 1: CEPTT ($166.09 in chips) 
Seat 2: Svartinge133 ($78.66 in chips) 
Seat 3: skars07 ($115.90 in chips) 
Seat 4: BumHuntKing ($147.31 in chips) 
Seat 5: Manifestorr ($100 in chips) 
Seat 6: EasyGamerrr ($238.75 in chips) 
BumHuntKing: posts small blind $0.50
Manifestorr: posts big blind $1
*** HOLE CARDS ***
EasyGamerrr: folds 
CEPTT: folds 
Svartinge133: raises $2 to $3
skars07: folds 
BumHuntKing: folds 
Manifestorr: folds 
Uncalled bet ($2) returned to Svartinge133
Svartinge133 collected $2.50 from pot
Svartinge133: doesn't show hand 
*** SUMMARY ***
Total pot $2.50 | Rake $0 
Seat 1: CEPTT folded before Flop (didn't bet)
Seat 2: Svartinge133 collected ($2.50)
Seat 3: skars07 (button) folded before Flop (didn't bet)
Seat 4: BumHuntKing (small blind) folded before Flop
Seat 5: Manifestorr (big blind) folded before Flop
Seat 6: EasyGamerrr folded before Flop (didn't bet)



PokerStars Hand #254556665919:  Hold'em No Limit ($0.50/$1.00 USD) - 2025/01/25 2:52:46 WET [2025/01/25 21:52:46 ET]
Table 'Ankaios IV' 6-max Seat #4 is the button
Seat 1: CEPTT ($166.09 in chips) 
Seat 2: Svartinge133 ($80.16 in chips) 
Seat 3: skars07 ($115.90 in chips) 
Seat 4: BumHuntKing ($146.81 in chips) 
Seat 5: Manifestorr ($100 in chips) 
Seat 6: EasyGamerrr ($238.75 in chips) 
Manifestorr: posts small blind $0.50
EasyGamerrr: posts big blind $1
*** HOLE CARDS ***
CEPTT: folds 
Svartinge133: raises $2 to $3
skars07: folds 
BumHuntKing: folds 
Manifestorr: folds 
EasyGamerrr: folds 
Uncalled bet ($2) returned to Svartinge133
Svartinge133 collected $2.50 from pot
Svartinge133: doesn't show hand 
*** SUMMARY ***
Total pot $2.50 | Rake $0 
Seat 1: CEPTT folded before Flop (didn't bet)
Seat 2: Svartinge133 collected ($2.50)
Seat 3: skars07 folded before Flop (didn't bet)
Seat 4: BumHuntKing (button) folded before Flop (didn't bet)
Seat 5: Manifestorr (small blind) folded before Flop
Seat 6: EasyGamerrr (big blind) folded before Flop



PokerStars Hand #254556668732:  Hold'em No Limit ($0.50/$1.00 USD) - 2025/01/25 2:53:06 WET [2025/01/25 21:53:06 ET]
Table 'Ankaios IV' 6-max Seat #5 is the button
Seat 1: CEPTT ($166.09 in chips) 
Seat 2: Svartinge133 ($81.66 in chips) 
Seat 3: skars07 ($115.90 in chips) 
Seat 4: BumHuntKing ($146.81 in chips) 
Seat 5: Manifestorr ($100 in chips) 
Seat 6: EasyGamerrr ($237.75 in chips) 
EasyGamerrr: posts small blind $0.50
CEPTT: posts big blind $1
*** HOLE CARDS ***
Svartinge133: folds 
skars07: folds 
BumHuntKing: raises $1.20 to $2.20
Manifestorr: folds 
EasyGamerrr: folds 
CEPTT: folds 
Uncalled bet ($1.20) returned to BumHuntKing
BumHuntKing collected $2.50 from pot
BumHuntKing: doesn't show hand 
*** SUMMARY ***
Total pot $2.50 | Rake $0 
Seat 1: CEPTT (big blind) folded before Flop
Seat 2: Svartinge133 folded before Flop (didn't bet)
Seat 3: skars07 folded before Flop (didn't bet)
Seat 4: BumHuntKing collected ($2.50)
Seat 5: Manifestorr (button) folded before Flop (didn't bet)
Seat 6: EasyGamerrr (small blind) folded before Flop



PokerStars Hand #254556671284:  Hold'em No Limit ($0.50/$1.00 USD) - 2025/01/25 2:53:23 WET [2025/01/25 21:53:23 ET]
Table 'Ankaios IV' 6-max Seat #6 is the button
Seat 1: CEPTT ($165.09 in chips) 
Seat 2: Svartinge133 ($81.66 in chips) 
Seat 3: skars07 ($115.90 in chips) 
Seat 4: BumHuntKing ($148.31 in chips) 
Seat 5: Manifestorr ($100 in chips) 
Seat 6: EasyGamerrr ($237.25 in chips) 
CEPTT: posts small blind $0.50
Svartinge133: posts big blind $1
*** HOLE CARDS ***
skars07: folds 
BumHuntKing: folds 
Manifestorr: folds 
EasyGamerrr: raises $1.50 to $2.50
CEPTT: folds 
Svartinge133: folds 
Uncalled bet ($1.50) returned to EasyGamerrr
EasyGamerrr collected $2.50 from pot
EasyGamerrr: doesn't show hand 
*** SUMMARY ***
Total pot $2.50 | Rake $0 
Seat 1: CEPTT (small blind) folded before Flop
Seat 2: Svartinge133 (big blind) folded before Flop
Seat 3: skars07 folded before Flop (didn't bet)
Seat 4: BumHuntKing folded before Flop (didn't bet)
Seat 5: Manifestorr folded before Flop (didn't bet)
Seat 6: EasyGamerrr (button) collected ($2.50)



PokerStars Hand #254556674696:  Hold'em No Limit ($0.50/$1.00 USD) - 2025/01/25 2:53:46 WET [2025/01/25 21:53:46 ET]
Table 'Ankaios IV' 6-max Seat #1 is the button
Seat 1: CEPTT ($164.59 in chips) 
Seat 2: Svartinge133 ($80.66 in chips) 
Seat 3: skars07 ($115.90 in chips) 
Seat 4: BumHuntKing ($148.31 in chips) 
Seat 5: Manifestorr ($100 in chips) 
Seat 6: EasyGamerrr ($238.75 in chips) 
Svartinge133: posts small blind $0.50
skars07: posts big blind $1
*** HOLE CARDS ***
BumHuntKing: folds 
Manifestorr: folds 
EasyGamerrr: folds 
CEPTT: folds 
Svartinge133: raises $2 to $3
skars07: calls $2
*** FLOP *** [9d 8s Qd]
Svartinge133: bets $2.85
skars07: folds 
Uncalled bet ($2.85) returned to Svartinge133
Svartinge133 collected $5.70 from pot
Svartinge133: doesn't show hand 
*** SUMMARY ***
Total pot $6 | Rake $0.30 
Board [9d 8s Qd]
Seat 1: CEPTT (button) folded before Flop (didn't bet)
Seat 2: Svartinge133 (small blind) collected ($5.70)
Seat 3: skars07 (big blind) folded on the Flop
Seat 4: BumHuntKing folded before Flop (didn't bet)
Seat 5: Manifestorr folded before Flop (didn't bet)
Seat 6: EasyGamerrr folded before Flop (didn't bet)



PokerStars Hand #254556678938:  Hold'em No Limit ($0.50/$1.00 USD) - 2025/01/25 2:54:15 WET [2025/01/25 21:54:15 ET]
Table 'Ankaios IV' 6-max Seat #2 is the button
Seat 1: CEPTT ($164.59 in chips) 
Seat 2: Svartinge133 ($83.36 in chips) 
Seat 3: skars07 ($112.90 in chips) 
Seat 4: BumHuntKing ($148.31 in chips) 
Seat 5: Manifestorr ($100 in chips) 
Seat 6: EasyGamerrr ($238.75 in chips) 
skars07: posts small blind $0.50
BumHuntKing: posts big blind $1
*** HOLE CARDS ***
Manifestorr: folds 
EasyGamerrr: folds 
CEPTT: folds 
Svartinge133: folds 
skars07: folds 
Uncalled bet ($0.50) returned to BumHuntKing
BumHuntKing collected $1 from pot
BumHuntKing: doesn't show hand 
*** SUMMARY ***
Total pot $1 | Rake $0 
Seat 1: CEPTT folded before Flop (didn't bet)
Seat 2: Svartinge133 (button) folded before Flop (didn't bet)
Seat 3: skars07 (small blind) folded before Flop
Seat 4: BumHuntKing (big blind) collected ($1)
Seat 5: Manifestorr folded before Flop (didn't bet)
Seat 6: EasyGamerrr folded before Flop (didn't bet)



PokerStars Hand #254556681659:  Hold'em No Limit ($0.50/$1.00 USD) - 2025/01/25 2:54:33 WET [2025/01/25 21:54:33 ET]
Table 'Ankaios IV' 6-max Seat #3 is the button
Seat 1: CEPTT ($164.59 in chips) 
Seat 2: Svartinge133 ($83.36 in chips) 
Seat 3: skars07 ($112.40 in chips) 
Seat 4: BumHuntKing ($148.81 in chips) 
Seat 5: Manifestorr ($100 in chips) 
Seat 6: EasyGamerrr ($238.75 in chips) 
BumHuntKing: posts small blind $0.50
Manifestorr: posts big blind $1
*** HOLE CARDS ***
EasyGamerrr: folds 
CEPTT: folds 
Svartinge133: folds 
skars07: folds 
BumHuntKing: raises $2 to $3
Manifestorr: raises $6 to $9
BumHuntKing: folds 
Uncalled bet ($6) returned to Manifestorr
Manifestorr collected $6 from pot
*** SUMMARY ***
Total pot $6 | Rake $0 
Seat 1: CEPTT folded before Flop (didn't bet)
Seat 2: Svartinge133 folded before Flop (didn't bet)
Seat 3: skars07 (button) folded before Flop (didn't bet)
Seat 4: BumHuntKing (small blind) folded before Flop
Seat 5: Manifestorr (big blind) collected ($6)
Seat 6: EasyGamerrr folded before Flop (didn't bet)



PokerStars Hand #254556685973:  Hold'em No Limit ($0.50/$1.00 USD) - 2025/01/25 2:55:03 WET [2025/01/25 21:55:03 ET]
Table 'Ankaios IV' 6-max Seat #4 is the button
Seat 1: CEPTT ($164.59 in chips) 
Seat 2: Svartinge133 ($83.36 in chips) 
Seat 3: skars07 ($112.40 in chips) 
Seat 4: BumHuntKing ($145.81 in chips) 
Seat 5: Manifestorr ($103 in chips) 
Seat 6: EasyGamerrr ($238.75 in chips) 
Manifestorr: posts small blind $0.50
EasyGamerrr: posts big blind $1
*** HOLE CARDS ***
CEPTT: folds 
Svartinge133: calls $1
skars07: raises $3 to $4
BumHuntKing: folds 
Manifestorr: folds 
EasyGamerrr: folds 
Svartinge133: calls $3
*** FLOP *** [Ac Td As]
Svartinge133: checks 
skars07: bets $2.98
Svartinge133: raises $2.98 to $5.96
skars07: folds 
Uncalled bet ($2.98) returned to Svartinge133
Svartinge133 collected $14.69 from pot
Svartinge133: doesn't show hand 
*** SUMMARY ***
Total pot $15.46 | Rake $0.77 
Board [Ac Td As]
Seat 1: CEPTT folded before Flop (didn't bet)
Seat 2: Svartinge133 collected ($14.69)
Seat 3: skars07 folded on the Flop
Seat 4: BumHuntKing (button) folded before Flop (didn't bet)
Seat 5: Manifestorr (small blind) folded before Flop
Seat 6: EasyGamerrr (big blind) folded before Flop



PokerStars Hand #254556694287:  Hold'em No Limit ($0.50/$1.00 USD) - 2025/01/25 2:56:12 WET [2025/01/25 21:56:12 ET]
Table 'Ankaios IV' 6-max Seat #5 is the button
Seat 1: CEPTT ($164.59 in chips) 
Seat 2: Svartinge133 ($91.07 in chips) 
Seat 3: skars07 ($105.42 in chips) 
Seat 4: BumHuntKing ($145.81 in chips) 
Seat 5: Manifestorr ($102.50 in chips) 
Seat 6: EasyGamerrr ($237.75 in chips) 
EasyGamerrr: posts small blind $0.50
CEPTT: posts big blind $1
*** HOLE CARDS ***
Svartinge133: raises $2 to $3
skars07: folds 
BumHuntKing: folds 
Manifestorr: folds 
EasyGamerrr: folds 
CEPTT: calls $2
*** FLOP *** [Jh Ad 8d]
CEPTT: checks 
Svartinge133: bets $3.09
CEPTT: calls $3.09
*** TURN *** [Jh Ad 8d] [2h]
CEPTT: checks 
Svartinge133: bets $8
CEPTT: calls $8
*** RIVER *** [Jh Ad 8d 2h] [7h]
CEPTT: checks 
Svartinge133: checks 
*** SHOW DOWN ***
CEPTT: shows [Kd Jc] (a pair of Jacks)
Svartinge133: shows [8s Js] (two pair, Jacks and Eights)
Svartinge133 collected $27.25 from pot
*** SUMMARY ***
Total pot $28.68 | Rake $1.43 
Board [Jh Ad 8d 2h 7h]
Seat 1: CEPTT (big blind) showed [Kd Jc] and lost with a pair of Jacks
Seat 2: Svartinge133 showed [8s Js] and won ($27.25) with two pair, Jacks and Eights
Seat 3: skars07 folded before Flop (didn't bet)
Seat 4: BumHuntKing folded before Flop (didn't bet)
Seat 5: Manifestorr (button) folded before Flop (didn't bet)
Seat 6: EasyGamerrr (small blind) folded before Flop



PokerStars Hand #254556706121:  Hold'em No Limit ($0.50/$1.00 USD) - 2025/01/25 2:57:55 WET [2025/01/25 21:57:55 ET]
Table 'Ankaios IV' 6-max Seat #6 is the button
Seat 1: CEPTT ($150.50 in chips) 
Seat 2: Svartinge133 ($104.23 in chips) 
Seat 3: skars07 ($105.42 in chips) 
Seat 4: BumHuntKing ($145.81 in chips) 
Seat 5: Manifestorr ($102.50 in chips) 
Seat 6: EasyGamerrr ($237.25 in chips) 
CEPTT: posts small blind $0.50
Svartinge133: posts big blind $1
*** HOLE CARDS ***
skars07: folds 
BumHuntKing: folds 
Manifestorr: folds 
EasyGamerrr: raises $1.50 to $2.50
CEPTT: folds 
Svartinge133: calls $1.50
*** FLOP *** [5c Th Ks]
Svartinge133: checks 
EasyGamerrr: bets $2.09
Svartinge133: folds 
Uncalled bet ($2.09) returned to EasyGamerrr
EasyGamerrr collected $5.22 from pot
EasyGamerrr: doesn't show hand 
*** SUMMARY ***
Total pot $5.50 | Rake $0.28 
Board [5c Th Ks]
Seat 1: CEPTT (small blind) folded before Flop
Seat 2: Svartinge133 (big blind) folded on the Flop
Seat 3: skars07 folded before Flop (didn't bet)
Seat 4: BumHuntKing folded before Flop (didn't bet)
Seat 5: Manifestorr folded before Flop (didn't bet)
Seat 6: EasyGamerrr (button) collected ($5.22)



PokerStars Hand #254556710423:  Hold'em No Limit ($0.50/$1.00 USD) - 2025/01/25 2:58:32 WET [2025/01/25 21:58:32 ET]
Table 'Ankaios IV' 6-max Seat #1 is the button
Seat 1: CEPTT ($150 in chips) 
Seat 2: Svartinge133 ($101.73 in chips) 
Seat 3: skars07 ($105.42 in chips) 
Seat 4: BumHuntKing ($145.81 in chips) 
Seat 5: Manifestorr ($102.50 in chips) 
Seat 6: EasyGamerrr ($239.97 in chips) 
Svartinge133: posts small blind $0.50
skars07: posts big blind $1
*** HOLE CARDS ***
BumHuntKing: folds 
Manifestorr: folds 
EasyGamerrr: folds 
CEPTT: folds 
Svartinge133: folds 
Uncalled bet ($0.50) returned to skars07
skars07 collected $1 from pot
skars07: doesn't show hand 
*** SUMMARY ***
Total pot $1 | Rake $0 
Seat 1: CEPTT (button) folded before Flop (didn't bet)
Seat 2: Svartinge133 (small blind) folded before Flop
Seat 3: skars07 (big blind) collected ($1)
Seat 4: BumHuntKing folded before Flop (didn't bet)
Seat 5: Manifestorr folded before Flop (didn't bet)
Seat 6: EasyGamerrr folded before Flop (didn't bet)



PokerStars Hand #254556712167:  Hold'em No Limit ($0.50/$1.00 USD) - 2025/01/25 2:58:48 WET [2025/01/25 21:58:48 ET]
Table 'Ankaios IV' 6-max Seat #2 is the button
Seat 1: CEPTT ($150 in chips) 
Seat 2: Svartinge133 ($101.23 in chips) 
Seat 3: skars07 ($105.92 in chips) 
Seat 4: BumHuntKing ($145.81 in chips) 
Seat 5: Manifestorr ($102.50 in chips) 
Seat 6: EasyGamerrr ($239.97 in chips) 
skars07: posts small blind $0.50
BumHuntKing: posts big blind $1
*** HOLE CARDS ***
Manifestorr: folds 
EasyGamerrr: folds 
CEPTT: folds 
Svartinge133: raises $2 to $3
skars07: folds 
BumHuntKing: raises $9 to $12
Svartinge133: calls $9
*** FLOP *** [9c Ah 7h]
BumHuntKing: bets $5.82
Svartinge133: raises $17.46 to $23.28
BumHuntKing: calls $17.46
*** TURN *** [9c Ah 7h] [2s]
BumHuntKing: checks 
Svartinge133: bets $34.28
BumHuntKing: calls $34.28
*** RIVER *** [9c Ah 7h 2s] [Td]
BumHuntKing: checks 
Svartinge133: checks 
*** SHOW DOWN ***
BumHuntKing: shows [Ts Th] (three of a kind, Tens)
Svartinge133: mucks hand 
BumHuntKing collected $137.12 from pot
*** SUMMARY ***
Total pot $139.62 | Rake $2.50 
Board [9c Ah 7h 2s Td]
Seat 1: CEPTT folded before Flop (didn't bet)
Seat 2: Svartinge133 (button) mucked
Seat 3: skars07 (small blind) folded before Flop
Seat 4: BumHuntKing (big blind) showed [Ts Th] and won ($137.12) with three of a kind, Tens
Seat 5: Manifestorr folded before Flop (didn't bet)
Seat 6: EasyGamerrr folded before Flop (didn't bet)



PokerStars Hand #254556719523:  Hold'em No Limit ($0.50/$1.00 USD) - 2025/01/25 2:59:51 WET [2025/01/25 21:59:51 ET]
Table 'Ankaios IV' 6-max Seat #3 is the button
Seat 1: CEPTT ($150 in chips) 
Seat 2: Svartinge133 ($31.67 in chips) 
Seat 3: skars07 ($105.42 in chips) 
Seat 4: BumHuntKing ($213.37 in chips) 
Seat 5: Manifestorr ($102.50 in chips) 
Seat 6: EasyGamerrr ($239.97 in chips) 
BumHuntKing: posts small blind $0.50
Manifestorr: posts big blind $1
*** HOLE CARDS ***
EasyGamerrr: folds 
CEPTT: folds 
Svartinge133: calls $1
skars07: folds 
BumHuntKing: folds 
Manifestorr: raises $4 to $5
Svartinge133: calls $4
*** FLOP *** [3h 6h 4d]
Manifestorr: checks 
Svartinge133: checks 
*** TURN *** [3h 6h 4d] [Qd]
Manifestorr: checks 
Svartinge133: checks 
*** RIVER *** [3h 6h 4d Qd] [2h]
Manifestorr: checks 
Svartinge133: bets $26.67 and is all-in
Manifestorr: folds 
Uncalled bet ($26.67) returned to Svartinge133
Svartinge133 collected $9.98 from pot
Svartinge133: doesn't show hand 
*** SUMMARY ***
Total pot $10.50 | Rake $0.52 
Board [3h 6h 4d Qd 2h]
Seat 1: CEPTT folded before Flop (didn't bet)
Seat 2: Svartinge133 collected ($9.98)
Seat 3: skars07 (button) folded before Flop (didn't bet)
Seat 4: BumHuntKing (small blind) folded before Flop
Seat 5: Manifestorr (big blind) folded on the River
Seat 6: EasyGamerrr folded before Flop (didn't bet)



PokerStars Hand #254556723808:  Hold'em No Limit ($0.50/$1.00 USD) - 2025/01/25 3:00:27 WET [2025/01/25 22:00:27 ET]
Table 'Ankaios IV' 6-max Seat #4 is the button
Seat 1: CEPTT ($150 in chips) 
Seat 2: Svartinge133 ($36.65 in chips) 
Seat 3: skars07 ($105.42 in chips) 
Seat 4: BumHuntKing ($212.87 in chips) 
Seat 5: Manifestorr ($100 in chips) 
Seat 6: EasyGamerrr ($239.97 in chips) 
Manifestorr: posts small blind $0.50
EasyGamerrr: posts big blind $1
*** HOLE CARDS ***
CEPTT: folds 
Svartinge133: folds 
skars07: folds 
BumHuntKing: raises $1.50 to $2.50
Manifestorr: folds 
EasyGamerrr: calls $1.50
*** FLOP *** [Td 6c 5h]
EasyGamerrr: checks 
BumHuntKing: bets $1.72
EasyGamerrr: calls $1.72
*** TURN *** [Td 6c 5h] [7h]
EasyGamerrr: checks 
BumHuntKing: checks 
*** RIVER *** [Td 6c 5h 7h] [2h]
EasyGamerrr: bets $11.46
BumHuntKing: folds 
Uncalled bet ($11.46) returned to EasyGamerrr
EasyGamerrr collected $8.49 from pot
EasyGamerrr: doesn't show hand 
*** SUMMARY ***
Total pot $8.94 | Rake $0.45 
Board [Td 6c 5h 7h 2h]
Seat 1: CEPTT folded before Flop (didn't bet)
Seat 2: Svartinge133 folded before Flop (didn't bet)
Seat 3: skars07 folded before Flop (didn't bet)
Seat 4: BumHuntKing (button) folded on the River
Seat 5: Manifestorr (small blind) folded before Flop
Seat 6: EasyGamerrr (big blind) collected ($8.49)



PokerStars Hand #254556732367:  Hold'em No Limit ($0.50/$1.00 USD) - 2025/01/25 3:01:30 WET [2025/01/25 22:01:30 ET]
Table 'Ankaios IV' 6-max Seat #5 is the button
Seat 1: CEPTT ($150 in chips) 
Seat 2: Svartinge133 ($36.65 in chips) 
Seat 3: skars07 ($105.42 in chips) 
Seat 4: BumHuntKing ($208.65 in chips) 
Seat 5: Manifestorr ($100 in chips) 
Seat 6: EasyGamerrr ($244.24 in chips) 
EasyGamerrr: posts small blind $0.50
CEPTT: posts big blind $1
*** HOLE CARDS ***
Svartinge133: folds 
skars07: folds 
BumHuntKing: folds 
Manifestorr: raises $1.20 to $2.20
EasyGamerrr: folds 
CEPTT: calls $1.20
*** FLOP *** [9h 5s 8s]
CEPTT: checks 
Manifestorr: checks 
*** TURN *** [9h 5s 8s] [3c]
CEPTT: checks 
Manifestorr: checks 
*** RIVER *** [9h 5s 8s 3c] [6s]
CEPTT: checks 
Manifestorr: checks 
*** SHOW DOWN ***
CEPTT: shows [Ad 6c] (a pair of Sixes)
Manifestorr: mucks hand 
CEPTT collected $4.66 from pot
*** SUMMARY ***
Total pot $4.90 | Rake $0.24 
Board [9h 5s 8s 3c 6s]
Seat 1: CEPTT (big blind) showed [Ad 6c] and won ($4.66) with a pair of Sixes
Seat 2: Svartinge133 folded before Flop (didn't bet)
Seat 3: skars07 folded before Flop (didn't bet)
Seat 4: BumHuntKing folded before Flop (didn't bet)
Seat 5: Manifestorr (button) mucked
Seat 6: EasyGamerrr (small blind) folded before Flop



PokerStars Hand #254556742963:  Hold'em No Limit ($0.50/$1.00 USD) - 2025/01/25 3:02:44 WET [2025/01/25 22:02:44 ET]
Table 'Ankaios IV' 6-max Seat #6 is the button
Seat 1: CEPTT ($152.46 in chips) 
Seat 2: Svartinge133 ($36.65 in chips) 
Seat 3: skars07 ($105.42 in chips) 
Seat 4: BumHuntKing ($208.65 in chips) 
Seat 5: Manifestorr ($100 in chips) 
Seat 6: EasyGamerrr ($243.74 in chips) 
CEPTT: posts small blind $0.50
Svartinge133: posts big blind $1
*** HOLE CARDS ***
skars07: folds 
BumHuntKing: folds 
Manifestorr: raises $1.20 to $2.20
EasyGamerrr: folds 
CEPTT: folds 
Svartinge133: folds 
Uncalled bet ($1.20) returned to Manifestorr
Manifestorr collected $2.50 from pot
*** SUMMARY ***
Total pot $2.50 | Rake $0 
Seat 1: CEPTT (small blind) folded before Flop
Seat 2: Svartinge133 (big blind) folded before Flop
Seat 3: skars07 folded before Flop (didn't bet)
Seat 4: BumHuntKing folded before Flop (didn't bet)
Seat 5: Manifestorr collected ($2.50)
Seat 6: EasyGamerrr (button) folded before Flop (didn't bet)



PokerStars Hand #254556745555:  Hold'em No Limit ($0.50/$1.00 USD) - 2025/01/25 3:03:03 WET [2025/01/25 22:03:03 ET]
Table 'Ankaios IV' 6-max Seat #1 is the button
Seat 1: CEPTT ($151.96 in chips) 
Seat 2: Svartinge133 ($35.65 in chips) 
Seat 3: skars07 ($105.42 in chips) 
Seat 4: BumHuntKing ($208.65 in chips) 
Seat 5: Manifestorr ($101.50 in chips) 
Seat 6: EasyGamerrr ($243.74 in chips) 
Svartinge133: posts small blind $0.50
skars07: posts big blind $1
*** HOLE CARDS ***
BumHuntKing: folds 
Manifestorr: folds 
EasyGamerrr: raises $1.50 to $2.50
CEPTT: calls $2.50
Svartinge133: calls $2
skars07: folds 
*** FLOP *** [5s 2h Td]
Svartinge133: checks 
EasyGamerrr: checks 
CEPTT: checks 
*** TURN *** [5s 2h Td] [5h]
Svartinge133: bets $4.04
EasyGamerrr: folds 
CEPTT: calls $4.04
*** RIVER *** [5s 2h Td 5h] [As]
Svartinge133: checks 
CEPTT: checks 
*** SHOW DOWN ***
Svartinge133: shows [Qh 8h] (a pair of Fives)
CEPTT: shows [Kh 9h] (a pair of Fives - Ace+King kicker)
CEPTT collected $15.75 from pot
*** SUMMARY ***
Total pot $16.58 | Rake $0.83 
Board [5s 2h Td 5h As]
Seat 1: CEPTT (button) showed [Kh 9h] and won ($15.75) with a pair of Fives
Seat 2: Svartinge133 (small blind) showed [Qh 8h] and lost with a pair of Fives
Seat 3: skars07 (big blind) folded before Flop
Seat 4: BumHuntKing folded before Flop (didn't bet)
Seat 5: Manifestorr folded before Flop (didn't bet)
Seat 6: EasyGamerrr folded on the Turn



PokerStars Hand #254556756514:  Hold'em No Limit ($0.50/$1.00 USD) - 2025/01/25 3:04:19 WET [2025/01/25 22:04:19 ET]
Table 'Ankaios IV' 6-max Seat #2 is the button
Seat 1: CEPTT ($161.17 in chips) 
Seat 2: Svartinge133 ($29.11 in chips) 
Seat 3: skars07 ($104.42 in chips) 
Seat 4: BumHuntKing ($208.65 in chips) 
Seat 5: Manifestorr ($101.50 in chips) 
Seat 6: EasyGamerrr ($241.24 in chips) 
skars07: posts small blind $0.50
BumHuntKing: posts big blind $1
*** HOLE CARDS ***
Manifestorr: folds 
EasyGamerrr: raises $1 to $2
CEPTT: folds 
Svartinge133: calls $2
skars07: folds 
BumHuntKing: folds 
*** FLOP *** [8c 7d 6h]
EasyGamerrr: checks 
Svartinge133: checks 
*** TURN *** [8c 7d 6h] [5d]
EasyGamerrr: checks 
Svartinge133: bets $2.61
EasyGamerrr: folds 
Uncalled bet ($2.61) returned to Svartinge133
Svartinge133 collected $5.22 from pot
Svartinge133: doesn't show hand 
*** SUMMARY ***
Total pot $5.50 | Rake $0.28 
Board [8c 7d 6h 5d]
Seat 1: CEPTT folded before Flop (didn't bet)
Seat 2: Svartinge133 (button) collected ($5.22)
Seat 3: skars07 (small blind) folded before Flop
Seat 4: BumHuntKing (big blind) folded before Flop
Seat 5: Manifestorr folded before Flop (didn't bet)
Seat 6: EasyGamerrr folded on the Turn



PokerStars Hand #254556763124:  Hold'em No Limit ($0.50/$1.00 USD) - 2025/01/25 3:05:06 WET [2025/01/25 22:05:06 ET]
Table 'Ankaios IV' 6-max Seat #3 is the button
Seat 1: CEPTT ($161.17 in chips) 
Seat 2: Svartinge133 ($32.33 in chips) 
Seat 3: skars07 ($103.92 in chips) 
Seat 4: BumHuntKing ($207.65 in chips) 
Seat 5: Manifestorr ($101.50 in chips) 
Seat 6: EasyGamerrr ($239.24 in chips) 
BumHuntKing: posts small blind $0.50
Manifestorr: posts big blind $1
*** HOLE CARDS ***
EasyGamerrr: folds 
CEPTT: folds 
Svartinge133: raises $2.50 to $3.50
skars07: folds 
BumHuntKing: folds 
Manifestorr: folds 
Uncalled bet ($2.50) returned to Svartinge133
Svartinge133 collected $2.50 from pot
Svartinge133: doesn't show hand 
*** SUMMARY ***
Total pot $2.50 | Rake $0 
Seat 1: CEPTT folded before Flop (didn't bet)
Seat 2: Svartinge133 collected ($2.50)
Seat 3: skars07 (button) folded before Flop (didn't bet)
Seat 4: BumHuntKing (small blind) folded before Flop
Seat 5: Manifestorr (big blind) folded before Flop
Seat 6: EasyGamerrr folded before Flop (didn't bet)



PokerStars Hand #254556767125:  Hold'em No Limit ($0.50/$1.00 USD) - 2025/01/25 3:05:34 WET [2025/01/25 22:05:34 ET]
Table 'Ankaios IV' 6-max Seat #4 is the button
Seat 1: CEPTT ($161.17 in chips) 
Seat 2: Svartinge133 ($33.83 in chips) 
Seat 3: skars07 ($103.92 in chips) 
Seat 4: BumHuntKing ($207.15 in chips) 
Seat 5: Manifestorr ($100.50 in chips) 
Seat 6: EasyGamerrr ($239.24 in chips) 
Manifestorr: posts small blind $0.50
EasyGamerrr: posts big blind $1
*** HOLE CARDS ***
CEPTT: folds 
Svartinge133: folds 
skars07: folds 
BumHuntKing: raises $1.50 to $2.50
Manifestorr: folds 
EasyGamerrr: folds 
Uncalled bet ($1.50) returned to BumHuntKing
BumHuntKing collected $2.50 from pot
BumHuntKing: doesn't show hand 
*** SUMMARY ***
Total pot $2.50 | Rake $0 
Seat 1: CEPTT folded before Flop (didn't bet)
Seat 2: Svartinge133 folded before Flop (didn't bet)
Seat 3: skars07 folded before Flop (didn't bet)
Seat 4: BumHuntKing (button) collected ($2.50)
Seat 5: Manifestorr (small blind) folded before Flop
Seat 6: EasyGamerrr (big blind) folded before Flop



PokerStars Hand #254556771764:  Hold'em No Limit ($0.50/$1.00 USD) - 2025/01/25 3:06:07 WET [2025/01/25 22:06:07 ET]
Table 'Ankaios IV' 6-max Seat #5 is the button
Seat 1: CEPTT ($161.17 in chips) 
Seat 2: Svartinge133 ($33.83 in chips) 
Seat 3: skars07 ($103.92 in chips) 
Seat 4: BumHuntKing ($208.65 in chips) 
Seat 5: Manifestorr ($100 in chips) 
Seat 6: EasyGamerrr ($238.24 in chips) 
EasyGamerrr: posts small blind $0.50
CEPTT: posts big blind $1
*** HOLE CARDS ***
Svartinge133: folds 
skars07: raises $1.50 to $2.50
BumHuntKing: folds 
Manifestorr: raises $5.50 to $8
EasyGamerrr: folds 
CEPTT: folds 
skars07: folds 
Uncalled bet ($5.50) returned to Manifestorr
Manifestorr collected $6.50 from pot
*** SUMMARY ***
Total pot $6.50 | Rake $0 
Seat 1: CEPTT (big blind) folded before Flop
Seat 2: Svartinge133 folded before Flop (didn't bet)
Seat 3: skars07 folded before Flop
Seat 4: BumHuntKing folded before Flop (didn't bet)
Seat 5: Manifestorr (button) collected ($6.50)
Seat 6: EasyGamerrr (small blind) folded before Flop



PokerStars Hand #254556776809:  Hold'em No Limit ($0.50/$1.00 USD) - 2025/01/25 3:06:43 WET [2025/01/25 22:06:43 ET]
Table 'Ankaios IV' 6-max Seat #6 is the button
Seat 1: CEPTT ($160.17 in chips) 
Seat 2: Svartinge133 ($33.83 in chips) 
Seat 3: skars07 ($101.42 in chips) 
Seat 4: BumHuntKing ($208.65 in chips) 
Seat 5: Manifestorr ($104 in chips) 
Seat 6: EasyGamerrr ($237.74 in chips) 
CEPTT: posts small blind $0.50
Svartinge133: posts big blind $1
*** HOLE CARDS ***
skars07: folds 
BumHuntKing: folds 
Manifestorr: folds 
EasyGamerrr has timed out
EasyGamerrr: folds 
CEPTT: raises $2 to $3
Svartinge133: calls $2
*** FLOP *** [7h 2c Ac]
CEPTT: bets $1.22
Svartinge133: folds 
Uncalled bet ($1.22) returned to CEPTT
CEPTT collected $5.70 from pot
CEPTT: doesn't show hand 
*** SUMMARY ***
Total pot $6 | Rake $0.30 
Board [7h 2c Ac]
Seat 1: CEPTT (small blind) collected ($5.70)
Seat 2: Svartinge133 (big blind) folded on the Flop
Seat 3: skars07 folded before Flop (didn't bet)
Seat 4: BumHuntKing folded before Flop (didn't bet)
Seat 5: Manifestorr folded before Flop (didn't bet)
Seat 6: EasyGamerrr (button) folded before Flop (didn't bet)



PokerStars Hand #254556781162:  Hold'em No Limit ($0.50/$1.00 USD) - 2025/01/25 3:07:14 WET [2025/01/25 22:07:14 ET]
Table 'Ankaios IV' 6-max Seat #1 is the button
Seat 1: CEPTT ($162.87 in chips) 
Seat 2: Svartinge133 ($30.83 in chips) 
Seat 3: skars07 ($101.42 in chips) 
Seat 4: BumHuntKing ($208.65 in chips) 
Seat 5: Manifestorr ($104 in chips) 
Seat 6: EasyGamerrr ($237.74 in chips) 
Svartinge133: posts small blind $0.50
skars07: posts big blind $1
*** HOLE CARDS ***
BumHuntKing: folds 
Manifestorr: folds 
EasyGamerrr: folds 
CEPTT: folds 
Svartinge133: folds 
Uncalled bet ($0.50) returned to skars07
skars07 collected $1 from pot
skars07: doesn't show hand 
*** SUMMARY ***
Total pot $1 | Rake $0 
Seat 1: CEPTT (button) folded before Flop (didn't bet)
Seat 2: Svartinge133 (small blind) folded before Flop
Seat 3: skars07 (big blind) collected ($1)
Seat 4: BumHuntKing folded before Flop (didn't bet)
Seat 5: Manifestorr folded before Flop (didn't bet)
Seat 6: EasyGamerrr folded before Flop (didn't bet)



PokerStars Hand #254556784622:  Hold'em No Limit ($0.50/$1.00 USD) - 2025/01/25 3:07:38 WET [2025/01/25 22:07:38 ET]
Table 'Ankaios IV' 6-max Seat #2 is the button
Seat 1: CEPTT ($162.87 in chips) 
Seat 2: Svartinge133 ($30.33 in chips) 
Seat 3: skars07 ($101.92 in chips) 
Seat 4: BumHuntKing ($208.65 in chips) 
Seat 5: Manifestorr ($104 in chips) 
Seat 6: EasyGamerrr ($237.74 in chips) 
skars07: posts small blind $0.50
BumHuntKing: posts big blind $1
*** HOLE CARDS ***
Manifestorr: raises $1.20 to $2.20
EasyGamerrr: folds 
CEPTT: calls $2.20
Svartinge133: raises $5.80 to $8
skars07: folds 
BumHuntKing: folds 
Manifestorr: raises $96 to $104 and is all-in
CEPTT: folds 
Svartinge133: folds 
Uncalled bet ($96) returned to Manifestorr
Manifestorr collected $19.70 from pot
*** SUMMARY ***
Total pot $19.70 | Rake $0 
Seat 1: CEPTT folded before Flop
Seat 2: Svartinge133 (button) folded before Flop
Seat 3: skars07 (small blind) folded before Flop
Seat 4: BumHuntKing (big blind) folded before Flop
Seat 5: Manifestorr collected ($19.70)
Seat 6: EasyGamerrr folded before Flop (didn't bet)



PokerStars Hand #254556790196:  Hold'em No Limit ($0.50/$1.00 USD) - 2025/01/25 3:08:18 WET [2025/01/25 22:08:18 ET]
Table 'Ankaios IV' 6-max Seat #3 is the button
Seat 1: CEPTT ($160.67 in chips) 
Seat 2: Svartinge133 ($22.33 in chips) 
Seat 3: skars07 ($101.42 in chips) 
Seat 4: BumHuntKing ($207.65 in chips) 
Seat 5: Manifestorr ($115.70 in chips) 
Seat 6: EasyGamerrr ($237.74 in chips) 
BumHuntKing: posts small blind $0.50
Manifestorr: posts big blind $1
*** HOLE CARDS ***
EasyGamerrr: folds 
CEPTT: raises $1.25 to $2.25
Svartinge133: folds 
skars07: folds 
BumHuntKing: folds 
Manifestorr: folds 
Uncalled bet ($1.25) returned to CEPTT
CEPTT collected $2.50 from pot
CEPTT: doesn't show hand 
*** SUMMARY ***
Total pot $2.50 | Rake $0 
Seat 1: CEPTT collected ($2.50)
Seat 2: Svartinge133 folded before Flop (didn't bet)
Seat 3: skars07 (button) folded before Flop (didn't bet)
Seat 4: BumHuntKing (small blind) folded before Flop
Seat 5: Manifestorr (big blind) folded before Flop
Seat 6: EasyGamerrr folded before Flop (didn't bet)



PokerStars Hand #254556792213:  Hold'em No Limit ($0.50/$1.00 USD) - 2025/01/25 3:08:33 WET [2025/01/25 22:08:33 ET]
Table 'Ankaios IV' 6-max Seat #4 is the button
Seat 1: CEPTT ($162.17 in chips) 
Seat 2: Svartinge133 ($22.33 in chips) 
Seat 3: skars07 ($101.42 in chips) 
Seat 4: BumHuntKing ($207.15 in chips) 
Seat 5: Manifestorr ($114.70 in chips) 
Seat 6: EasyGamerrr ($237.74 in chips) 
Manifestorr: posts small blind $0.50
EasyGamerrr: posts big blind $1
*** HOLE CARDS ***
CEPTT: folds 
Svartinge133: raises $2.50 to $3.50
skars07: folds 
BumHuntKing: folds 
Manifestorr: folds 
EasyGamerrr: folds 
Uncalled bet ($2.50) returned to Svartinge133
Svartinge133 collected $2.50 from pot
Svartinge133: doesn't show hand 
*** SUMMARY ***
Total pot $2.50 | Rake $0 
Seat 1: CEPTT folded before Flop (didn't bet)
Seat 2: Svartinge133 collected ($2.50)
Seat 3: skars07 folded before Flop (didn't bet)
Seat 4: BumHuntKing (button) folded before Flop (didn't bet)
Seat 5: Manifestorr (small blind) folded before Flop
Seat 6: EasyGamerrr (big blind) folded before Flop



PokerStars Hand #254556794813:  Hold'em No Limit ($0.50/$1.00 USD) - 2025/01/25 3:08:52 WET [2025/01/25 22:08:52 ET]
Table 'Ankaios IV' 6-max Seat #5 is the button
Seat 1: CEPTT ($162.17 in chips) 
Seat 2: Svartinge133 ($23.83 in chips) 
Seat 3: skars07 ($101.42 in chips) 
Seat 4: BumHuntKing ($207.15 in chips) 
Seat 5: Manifestorr ($114.20 in chips) 
Seat 6: EasyGamerrr ($236.74 in chips) 
EasyGamerrr: posts small blind $0.50
CEPTT: posts big blind $1
*** HOLE CARDS ***
Svartinge133: folds 
skars07: folds 
BumHuntKing: folds 
Manifestorr: raises $1.20 to $2.20
EasyGamerrr: raises $8.80 to $11
CEPTT: folds 
Manifestorr: folds 
Uncalled bet ($8.80) returned to EasyGamerrr
EasyGamerrr collected $5.40 from pot
EasyGamerrr: doesn't show hand 
*** SUMMARY ***
Total pot $5.40 | Rake $0 
Seat 1: CEPTT (big blind) folded before Flop
Seat 2: Svartinge133 folded before Flop (didn't bet)
Seat 3: skars07 folded before Flop (didn't bet)
Seat 4: BumHuntKing folded before Flop (didn't bet)
Seat 5: Manifestorr (button) folded before Flop
Seat 6: EasyGamerrr (small blind) collected ($5.40)



PokerStars Hand #254556798948:  Hold'em No Limit ($0.50/$1.00 USD) - 2025/01/25 3:09:22 WET [2025/01/25 22:09:22 ET]
Table 'Ankaios IV' 6-max Seat #6 is the button
Seat 1: CEPTT ($161.17 in chips) 
Seat 2: Svartinge133 ($23.83 in chips) 
Seat 3: skars07 ($101.42 in chips) 
Seat 4: BumHuntKing ($207.15 in chips) 
Seat 5: Manifestorr ($112 in chips) 
Seat 6: EasyGamerrr ($239.94 in chips) 
CEPTT: posts small blind $0.50
Svartinge133: posts big blind $1
*** HOLE CARDS ***
skars07: folds 
BumHuntKing: folds 
Manifestorr: folds 
EasyGamerrr: folds 
CEPTT: folds 
Uncalled bet ($0.50) returned to Svartinge133
Svartinge133 collected $1 from pot
Svartinge133: doesn't show hand 
*** SUMMARY ***
Total pot $1 | Rake $0 
Seat 1: CEPTT (small blind) folded before Flop
Seat 2: Svartinge133 (big blind) collected ($1)
Seat 3: skars07 folded before Flop (didn't bet)
Seat 4: BumHuntKing folded before Flop (didn't bet)
Seat 5: Manifestorr folded before Flop (didn't bet)
Seat 6: EasyGamerrr (button) folded before Flop (didn't bet)



PokerStars Hand #254556801523:  Hold'em No Limit ($0.50/$1.00 USD) - 2025/01/25 3:09:41 WET [2025/01/25 22:09:41 ET]
Table 'Ankaios IV' 6-max Seat #1 is the button
Seat 1: CEPTT ($160.67 in chips) 
Seat 2: Svartinge133 ($24.33 in chips) 
Seat 3: skars07 ($101.42 in chips) 
Seat 4: BumHuntKing ($207.15 in chips) 
Seat 5: Manifestorr ($112 in chips) 
Seat 6: EasyGamerrr ($239.94 in chips) 
Svartinge133: posts small blind $0.50
skars07: posts big blind $1
*** HOLE CARDS ***
BumHuntKing: folds 
Manifestorr: folds 
EasyGamerrr: raises $1.50 to $2.50
CEPTT: folds 
Svartinge133: calls $2
skars07: folds 
*** FLOP *** [4s Th 8s]
Svartinge133: checks 
EasyGamerrr: bets $1.88
Svartinge133: calls $1.88
*** TURN *** [4s Th 8s] [9s]
Svartinge133: checks 
EasyGamerrr: bets $4.45
Svartinge133: calls $4.45
*** RIVER *** [4s Th 8s 9s] [4d]
Svartinge133: checks 
EasyGamerrr: bets $15.60
Svartinge133: folds 
Uncalled bet ($15.60) returned to EasyGamerrr
EasyGamerrr collected $17.73 from pot
EasyGamerrr: doesn't show hand 
*** SUMMARY ***
Total pot $18.66 | Rake $0.93 
Board [4s Th 8s 9s 4d]
Seat 1: CEPTT (button) folded before Flop (didn't bet)
Seat 2: Svartinge133 (small blind) folded on the River
Seat 3: skars07 (big blind) folded before Flop
Seat 4: BumHuntKing folded before Flop (didn't bet)
Seat 5: Manifestorr folded before Flop (didn't bet)
Seat 6: EasyGamerrr collected ($17.73)



PokerStars Hand #254556811270:  Hold'em No Limit ($0.50/$1.00 USD) - 2025/01/25 3:10:52 WET [2025/01/25 22:10:52 ET]
Table 'Ankaios IV' 6-max Seat #2 is the button
Seat 1: CEPTT ($160.67 in chips) 
Seat 2: Svartinge133 ($15.50 in chips) 
Seat 3: skars07 ($100.42 in chips) 
Seat 4: BumHuntKing ($207.15 in chips) 
Seat 5: Manifestorr ($112 in chips) 
Seat 6: EasyGamerrr ($248.84 in chips) 
skars07: posts small blind $0.50
BumHuntKing: posts big blind $1
*** HOLE CARDS ***
Manifestorr: folds 
EasyGamerrr has timed out
EasyGamerrr: folds 
CEPTT: folds 
Svartinge133: folds 
skars07: raises $2 to $3
BumHuntKing: folds 
Uncalled bet ($2) returned to skars07
skars07 collected $2 from pot
skars07: doesn't show hand 
*** SUMMARY ***
Total pot $2 | Rake $0 
Seat 1: CEPTT folded before Flop (didn't bet)
Seat 2: Svartinge133 (button) folded before Flop (didn't bet)
Seat 3: skars07 (small blind) collected ($2)
Seat 4: BumHuntKing (big blind) folded before Flop
Seat 5: Manifestorr folded before Flop (didn't bet)
Seat 6: EasyGamerrr folded before Flop (didn't bet)



PokerStars Hand #254556815291:  Hold'em No Limit ($0.50/$1.00 USD) - 2025/01/25 3:11:21 WET [2025/01/25 22:11:21 ET]
Table 'Ankaios IV' 6-max Seat #3 is the button
Seat 1: CEPTT ($160.67 in chips) 
Seat 2: Svartinge133 ($15.50 in chips) 
Seat 3: skars07 ($101.42 in chips) 
Seat 4: BumHuntKing ($206.15 in chips) 
Seat 5: Manifestorr ($112 in chips) 
Seat 6: EasyGamerrr ($248.84 in chips) 
BumHuntKing: posts small blind $0.50
Manifestorr: posts big blind $1
*** HOLE CARDS ***
EasyGamerrr: folds 
CEPTT: folds 
Svartinge133: folds 
skars07: folds 
BumHuntKing: raises $2 to $3
Manifestorr: calls $2
*** FLOP *** [9h 8d 5h]
BumHuntKing: checks 
Manifestorr: checks 
*** TURN *** [9h 8d 5h] [3h]
BumHuntKing: bets $1.88
Manifestorr: calls $1.88
*** RIVER *** [9h 8d 5h 3h] [Qs]
BumHuntKing: bets $4.63
Manifestorr: folds 
Uncalled bet ($4.63) returned to BumHuntKing
BumHuntKing collected $9.27 from pot
BumHuntKing: doesn't show hand 
*** SUMMARY ***
Total pot $9.76 | Rake $0.49 
Board [9h 8d 5h 3h Qs]
Seat 1: CEPTT folded before Flop (didn't bet)
Seat 2: Svartinge133 folded before Flop (didn't bet)
Seat 3: skars07 (button) folded before Flop (didn't bet)
Seat 4: BumHuntKing (small blind) collected ($9.27)
Seat 5: Manifestorr (big blind) folded on the River
Seat 6: EasyGamerrr folded before Flop (didn't bet)



PokerStars Hand #254556823498:  Hold'em No Limit ($0.50/$1.00 USD) - 2025/01/25 3:12:21 WET [2025/01/25 22:12:21 ET]
Table 'Ankaios IV' 6-max Seat #4 is the button
Seat 1: CEPTT ($160.67 in chips) 
Seat 2: Svartinge133 ($15.50 in chips) 
Seat 3: skars07 ($101.42 in chips) 
Seat 4: BumHuntKing ($210.54 in chips) 
Seat 5: Manifestorr ($107.12 in chips) 
Seat 6: EasyGamerrr ($248.84 in chips) 
Manifestorr: posts small blind $0.50
EasyGamerrr: posts big blind $1
*** HOLE CARDS ***
CEPTT: folds 
Svartinge133: folds 
skars07: folds 
BumHuntKing: folds 
Manifestorr: raises $2 to $3
EasyGamerrr: folds 
Uncalled bet ($2) returned to Manifestorr
Manifestorr collected $2 from pot
*** SUMMARY ***
Total pot $2 | Rake $0 
Seat 1: CEPTT folded before Flop (didn't bet)
Seat 2: Svartinge133 folded before Flop (didn't bet)
Seat 3: skars07 folded before Flop (didn't bet)
Seat 4: BumHuntKing (button) folded before Flop (didn't bet)
Seat 5: Manifestorr (small blind) collected ($2)
Seat 6: EasyGamerrr (big blind) folded before Flop



PokerStars Hand #254556825159:  Hold'em No Limit ($0.50/$1.00 USD) - 2025/01/25 3:12:34 WET [2025/01/25 22:12:34 ET]
Table 'Ankaios IV' 6-max Seat #5 is the button
Seat 1: CEPTT ($160.67 in chips) 
Seat 2: Svartinge133 ($15.50 in chips) 
Seat 3: skars07 ($101.42 in chips) 
Seat 4: BumHuntKing ($210.54 in chips) 
Seat 5: Manifestorr ($108.12 in chips) 
Seat 6: EasyGamerrr ($247.84 in chips) 
EasyGamerrr: posts small blind $0.50
CEPTT: posts big blind $1
*** HOLE CARDS ***
Svartinge133: raises $14.50 to $15.50 and is all-in
skars07: folds 
BumHuntKing: folds 
Manifestorr: folds 
EasyGamerrr: folds 
CEPTT: folds 
Uncalled bet ($14.50) returned to Svartinge133
Svartinge133 collected $2.50 from pot
Svartinge133: doesn't show hand 
*** SUMMARY ***
Total pot $2.50 | Rake $0 
Seat 1: CEPTT (big blind) folded before Flop
Seat 2: Svartinge133 collected ($2.50)
Seat 3: skars07 folded before Flop (didn't bet)
Seat 4: BumHuntKing folded before Flop (didn't bet)
Seat 5: Manifestorr (button) folded before Flop (didn't bet)
Seat 6: EasyGamerrr (small blind) folded before Flop



PokerStars Hand #254556828532:  Hold'em No Limit ($0.50/$1.00 USD) - 2025/01/25 3:12:59 WET [2025/01/25 22:12:59 ET]
Table 'Ankaios IV' 6-max Seat #6 is the button
Seat 1: CEPTT ($159.67 in chips) 
Seat 2: Svartinge133 ($17 in chips) 
Seat 3: skars07 ($101.42 in chips) 
Seat 4: BumHuntKing ($210.54 in chips) 
Seat 5: Manifestorr ($108.12 in chips) 
Seat 6: EasyGamerrr ($247.34 in chips) 
CEPTT: posts small blind $0.50
Svartinge133: posts big blind $1
*** HOLE CARDS ***
skars07: raises $1.50 to $2.50
BumHuntKing: raises $6 to $8.50
Manifestorr: folds 
EasyGamerrr: folds 
CEPTT: folds 
Svartinge133: folds 
skars07: folds 
Uncalled bet ($6) returned to BumHuntKing
BumHuntKing collected $6.50 from pot
BumHuntKing: doesn't show hand 
*** SUMMARY ***
Total pot $6.50 | Rake $0 
Seat 1: CEPTT (small blind) folded before Flop
Seat 2: Svartinge133 (big blind) folded before Flop
Seat 3: skars07 folded before Flop
Seat 4: BumHuntKing collected ($6.50)
Seat 5: Manifestorr folded before Flop (didn't bet)
Seat 6: EasyGamerrr (button) folded before Flop (didn't bet)



PokerStars Hand #254556831257:  Hold'em No Limit ($0.50/$1.00 USD) - 2025/01/25 3:13:18 WET [2025/01/25 22:13:18 ET]
Table 'Ankaios IV' 6-max Seat #1 is the button
Seat 1: CEPTT ($159.17 in chips) 
Seat 2: Svartinge133 ($16 in chips) 
Seat 3: skars07 ($100 in chips) 
Seat 4: BumHuntKing ($214.54 in chips) 
Seat 5: Manifestorr ($108.12 in chips) 
Seat 6: EasyGamerrr ($247.34 in chips) 
Svartinge133: posts small blind $0.50
skars07: posts big blind $1
*** HOLE CARDS ***
BumHuntKing: folds 
Manifestorr: raises $1.20 to $2.20
EasyGamerrr: raises $4.80 to $7
CEPTT: folds 
Svartinge133: folds 
skars07: folds 
Manifestorr: raises $16 to $23
EasyGamerrr: calls $16
*** FLOP *** [9h Jd Jh]
Manifestorr: checks 
EasyGamerrr: checks 
*** TURN *** [9h Jd Jh] [Qh]
Manifestorr: checks 
EasyGamerrr: bets $14.89
Manifestorr: calls $14.89
*** RIVER *** [9h Jd Jh Qh] [Ks]
Manifestorr: checks 
EasyGamerrr: checks 
*** SHOW DOWN ***
Manifestorr: shows [Ad Qc] (two pair, Queens and Jacks)
EasyGamerrr: shows [Qd Kd] (two pair, Kings and Queens)
EasyGamerrr collected $74.78 from pot
*** SUMMARY ***
Total pot $77.28 | Rake $2.50 
Board [9h Jd Jh Qh Ks]
Seat 1: CEPTT (button) folded before Flop (didn't bet)
Seat 2: Svartinge133 (small blind) folded before Flop
Seat 3: skars07 (big blind) folded before Flop
Seat 4: BumHuntKing folded before Flop (didn't bet)
Seat 5: Manifestorr showed [Ad Qc] and lost with two pair, Queens and Jacks
Seat 6: EasyGamerrr showed [Qd Kd] and won ($74.78) with two pair, Kings and Queens



PokerStars Hand #254556867325:  Hold'em No Limit ($0.50/$1.00 USD) - 2025/01/25 3:17:45 WET [2025/01/25 22:17:45 ET]
Table 'Ankaios IV' 6-max Seat #5 is the button
Seat 1: CEPTT ($156.92 in chips) 
Seat 2: Svartinge133 ($3.32 in chips) 
Seat 3: skars07 ($100 in chips) 
Seat 4: BumHuntKing ($235.13 in chips) 
Seat 5: Manifestorr ($100 in chips) 
Seat 6: EasyGamerrr ($278.23 in chips) 
EasyGamerrr: posts small blind $0.50
CEPTT: posts big blind $1
*** HOLE CARDS ***
Svartinge133: raises $2.32 to $3.32 and is all-in
skars07: folds 
BumHuntKing: folds 
Manifestorr: folds 
EasyGamerrr: folds 
CEPTT: calls $2.32
*** FLOP *** [3h Ah Qs]
*** TURN *** [3h Ah Qs] [2c]
*** RIVER *** [3h Ah Qs 2c] [Jh]
*** SHOW DOWN ***
CEPTT: shows [5h 2h] (a flush, Ace high)
Svartinge133: shows [Ad 6c] (a pair of Aces)
CEPTT collected $6.78 from pot
*** SUMMARY ***
Total pot $7.14 | Rake $0.36 
Board [3h Ah Qs 2c Jh]
Seat 1: CEPTT (big blind) showed [5h 2h] and won ($6.78) with a flush, Ace high
Seat 2: Svartinge133 showed [Ad 6c] and lost with a pair of Aces
Seat 3: skars07 folded before Flop (didn't bet)
Seat 4: BumHuntKing folded before Flop (didn't bet)
Seat 5: Manifestorr (button) folded before Flop (didn't bet)
Seat 6: EasyGamerrr (small blind) folded before Flop



PokerStars Hand #254556872848:  Hold'em No Limit ($0.50/$1.00 USD) - 2025/01/25 3:18:25 WET [2025/01/25 22:18:25 ET]
Table 'Ankaios IV' 6-max Seat #6 is the button
Seat 2: Svartinge133 ($0 in chips) is sitting out
Seat 1: CEPTT ($160.38 in chips) 
Seat 3: skars07 ($100 in chips) 
Seat 4: BumHuntKing ($235.13 in chips) 
Seat 5: Manifestorr ($100 in chips) 
Seat 6: EasyGamerrr ($277.73 in chips) 
CEPTT: posts small blind $0.50
skars07: posts big blind $1
*** HOLE CARDS ***
BumHuntKing: folds 
Manifestorr: raises $1.20 to $2.20
EasyGamerrr: folds 
CEPTT: folds 
Svartinge133 leaves the table
skars07: raises $9.80 to $12
Manifestorr: calls $9.80
*** FLOP *** [Qc Ks 5s]
PoKeRaRcSuNY joins the table at seat #2 
skars07: bets $7.68
PoKeRaRcSuNY leaves the table
Manifestorr: folds 
Uncalled bet ($7.68) returned to skars07
skars07 collected $23.28 from pot
skars07: doesn't show hand 
*** SUMMARY ***
Total pot $24.50 | Rake $1.22 
Board [Qc Ks 5s]
Seat 2: Svartinge133
Seat 1: CEPTT (small blind) folded before Flop
Seat 3: skars07 (big blind) collected ($23.28)
Seat 4: BumHuntKing folded before Flop (didn't bet)
Seat 5: Manifestorr folded on the Flop
Seat 6: EasyGamerrr (button) folded before Flop (didn't bet)



PokerStars Hand #254556880948:  Hold'em No Limit ($0.50/$1.00 USD) - 2025/01/25 3:19:26 WET [2025/01/25 22:19:26 ET]
Table 'Ankaios IV' 6-max Seat #1 is the button
Seat 1: CEPTT ($159.88 in chips) 
Seat 3: skars07 ($111.28 in chips) 
Seat 4: BumHuntKing ($235.13 in chips) 
Seat 5: Manifestorr ($100 in chips) 
Seat 6: EasyGamerrr ($277.73 in chips) 
skars07: posts small blind $0.50
BumHuntKing: posts big blind $1
*** HOLE CARDS ***
Manifestorr: folds 
EasyGamerrr: folds 
CEPTT: folds 
skars07: folds 
Uncalled bet ($0.50) returned to BumHuntKing
BumHuntKing collected $1 from pot
BumHuntKing: doesn't show hand 
*** SUMMARY ***
Total pot $1 | Rake $0 
Seat 1: CEPTT (button) folded before Flop (didn't bet)
Seat 3: skars07 (small blind) folded before Flop
Seat 4: BumHuntKing (big blind) collected ($1)
Seat 5: Manifestorr folded before Flop (didn't bet)
Seat 6: EasyGamerrr folded before Flop (didn't bet)



PokerStars Hand #254556884594:  Hold'em No Limit ($0.50/$1.00 USD) - 2025/01/25 3:19:53 WET [2025/01/25 22:19:53 ET]
Table 'Ankaios IV' 6-max Seat #3 is the button
Seat 6: EasyGamerrr ($277.73 in chips) is sitting out
Seat 1: CEPTT ($159.88 in chips) 
Seat 3: skars07 ($110.78 in chips) 
Seat 4: BumHuntKing ($235.63 in chips) 
Seat 5: Manifestorr ($100 in chips) 
BumHuntKing: posts small blind $0.50
Manifestorr: posts big blind $1
*** HOLE CARDS ***
CEPTT: folds 
EasyGamerrr leaves the table
skars07: folds 
BumHuntKing: raises $2 to $3
Manifestorr: calls $2
*** FLOP *** [Ad 2c Kh]
BumHuntKing: bets $4.28
Manifestorr: folds 
Uncalled bet ($4.28) returned to BumHuntKing
BumHuntKing collected $5.70 from pot
BumHuntKing: doesn't show hand 
*** SUMMARY ***
Total pot $6 | Rake $0.30 
Board [Ad 2c Kh]
Seat 6: EasyGamerrr
Seat 1: CEPTT folded before Flop (didn't bet)
Seat 3: skars07 (button) folded before Flop (didn't bet)
Seat 4: BumHuntKing (small blind) collected ($5.70)
Seat 5: Manifestorr (big blind) folded on the Flop



PokerStars Hand #254556887451:  Hold'em No Limit ($0.50/$1.00 USD) - 2025/01/25 3:20:14 WET [2025/01/25 22:20:14 ET]
Table 'Ankaios IV' 6-max Seat #5 is the button
Seat 1: CEPTT ($159.88 in chips) is sitting out
Seat 3: skars07 ($110.78 in chips) is sitting out
Seat 4: BumHuntKing ($238.33 in chips) 
Seat 5: Manifestorr ($100 in chips) 
Manifestorr: posts small blind $0.50
CEPTT: is sitting out 
skars07: is sitting out 
BumHuntKing: posts big blind $1
*** HOLE CARDS ***
Manifestorr: folds 
Uncalled bet ($0.50) returned to BumHuntKing
BumHuntKing collected $1 from pot
BumHuntKing: doesn't show hand 
CEPTT leaves the table
*** SUMMARY ***
Total pot $1 | Rake $0 
Seat 1: CEPTT
Seat 3: skars07
Seat 4: BumHuntKing (big blind) collected ($1)
Seat 5: Manifestorr (button) (small blind) folded before Flop



