PokerStars Hand #254551991316:  Hold'em No Limit ($0.50/$1.00 USD) - 2025/01/25 21:08:29 WET [2025/01/25 16:08:29 ET]
Table 'Ushakaron IV' 6-max Seat #1 is the button
Seat 1: ghc_2 ($100 in chips) 
Seat 2: Rezzonner ($122.51 in chips) 
Seat 3: MLira1 ($100 in chips) 
Seat 4: Hmizzle17 ($63.25 in chips) 
Seat 5: skars07 ($100 in chips) 
Seat 6: Poker9803 ($100 in chips) 
Rezzonner: posts small blind $0.50
MLira1: posts big blind $1
*** HOLE CARDS ***
Hmizzle17: folds 
skars07: folds 
Poker9803: folds 
ghc_2: raises $1.40 to $2.40
Rezzonner: folds 
MLira1: folds 
Uncalled bet ($1.40) returned to ghc_2
ghc_2 collected $2.50 from pot
ghc_2: doesn't show hand 
*** SUMMARY ***
Total pot $2.50 | Rake $0 
Seat 1: ghc_2 (button) collected ($2.50)
Seat 2: Rezzonner (small blind) folded before Flop
Seat 3: MLira1 (big blind) folded before Flop
Seat 4: Hmizzle17 folded before Flop (didn't bet)
Seat 5: skars07 folded before Flop (didn't bet)
Seat 6: Poker9803 folded before Flop (didn't bet)



PokerStars Hand #254551995312:  Hold'em No Limit ($0.50/$1.00 USD) - 2025/01/25 21:08:42 WET [2025/01/25 16:08:42 ET]
Table 'Ushakaron IV' 6-max Seat #2 is the button
Seat 1: ghc_2 ($101.50 in chips) 
Seat 2: Rezzonner ($122.01 in chips) 
Seat 3: MLira1 ($100 in chips) 
Seat 4: Hmizzle17 ($63.25 in chips) 
Seat 5: skars07 ($100 in chips) 
Seat 6: Poker9803 ($100 in chips) 
MLira1: posts small blind $0.50
Hmizzle17: posts big blind $1
*** HOLE CARDS ***
skars07: folds 
Poker9803: folds 
ghc_2: folds 
Rezzonner: raises $1.50 to $2.50
MLira1: folds 
Hmizzle17: calls $1.50
*** FLOP *** [7s 6h Ac]
Hmizzle17: checks 
Rezzonner: checks 
*** TURN *** [7s 6h Ac] [Kd]
Hmizzle17: checks 
Rezzonner: checks 
*** RIVER *** [7s 6h Ac Kd] [9h]
Hmizzle17: bets $4.50
Rezzonner: calls $4.50
*** SHOW DOWN ***
Hmizzle17: shows [Th 8d] (a straight, Six to Ten)
Rezzonner: mucks hand 
Hmizzle17 collected $13.78 from pot
*** SUMMARY ***
Total pot $14.50 | Rake $0.72 
Board [7s 6h Ac Kd 9h]
Seat 1: ghc_2 folded before Flop (didn't bet)
Seat 2: Rezzonner (button) mucked
Seat 3: MLira1 (small blind) folded before Flop
Seat 4: Hmizzle17 (big blind) showed [Th 8d] and won ($13.78) with a straight, Six to Ten
Seat 5: skars07 folded before Flop (didn't bet)
Seat 6: Poker9803 folded before Flop (didn't bet)



PokerStars Hand #254552015180:  Hold'em No Limit ($0.50/$1.00 USD) - 2025/01/25 21:09:48 WET [2025/01/25 16:09:48 ET]
Table 'Ushakaron IV' 6-max Seat #3 is the button
Seat 1: ghc_2 ($101.50 in chips) 
Seat 2: Rezzonner ($115.01 in chips) 
Seat 3: MLira1 ($100 in chips) 
Seat 4: Hmizzle17 ($70.03 in chips) 
Seat 5: skars07 ($100 in chips) 
Seat 6: Poker9803 ($100 in chips) 
Hmizzle17: posts small blind $0.50
skars07: posts big blind $1
*** HOLE CARDS ***
Poker9803: folds 
ghc_2: folds 
Rezzonner: folds 
MLira1: folds 
Hmizzle17: calls $0.50
skars07: raises $3 to $4
Hmizzle17: calls $3
*** FLOP *** [2c Jc 6c]
Hmizzle17: checks 
skars07: bets $2.51
Hmizzle17: raises $12.49 to $15
skars07: folds 
Uncalled bet ($12.49) returned to Hmizzle17
Hmizzle17 collected $12.37 from pot
*** SUMMARY ***
Total pot $13.02 | Rake $0.65 
Board [2c Jc 6c]
Seat 1: ghc_2 folded before Flop (didn't bet)
Seat 2: Rezzonner folded before Flop (didn't bet)
Seat 3: MLira1 (button) folded before Flop (didn't bet)
Seat 4: Hmizzle17 (small blind) collected ($12.37)
Seat 5: skars07 (big blind) folded on the Flop
Seat 6: Poker9803 folded before Flop (didn't bet)



PokerStars Hand #254552027243:  Hold'em No Limit ($0.50/$1.00 USD) - 2025/01/25 21:10:28 WET [2025/01/25 16:10:28 ET]
Table 'Ushakaron IV' 6-max Seat #4 is the button
Seat 1: ghc_2 ($101.50 in chips) 
Seat 2: Rezzonner ($115.01 in chips) 
Seat 3: MLira1 ($100 in chips) 
Seat 4: Hmizzle17 ($75.89 in chips) 
Seat 5: skars07 ($100 in chips) 
Seat 6: Poker9803 ($100 in chips) 
skars07: posts small blind $0.50
Poker9803: posts big blind $1
*** HOLE CARDS ***
ghc_2: folds 
Rezzonner: raises $1.50 to $2.50
MLira1: raises $5 to $7.50
Hmizzle17: folds 
skars07: folds 
Poker9803: folds 
Rezzonner: raises $12.50 to $20
MLira1: calls $12.50
*** FLOP *** [8c 3h 2s]
Rezzonner: bets $9.86
MLira1: calls $9.86
*** TURN *** [8c 3h 2s] [Ts]
Rezzonner: bets $14.68
MLira1: calls $14.68
*** RIVER *** [8c 3h 2s Ts] [4s]
Rezzonner: bets $70.47 and is all-in
MLira1: calls $55.46 and is all-in
Uncalled bet ($15.01) returned to Rezzonner
*** SHOW DOWN ***
Rezzonner: shows [Ks As] (a flush, Ace high)
MLira1: shows [Ad Ac] (a pair of Aces)
Rezzonner collected $199 from pot
*** SUMMARY ***
Total pot $201.50 | Rake $2.50 
Board [8c 3h 2s Ts 4s]
Seat 1: ghc_2 folded before Flop (didn't bet)
Seat 2: Rezzonner showed [Ks As] and won ($199) with a flush, Ace high
Seat 3: MLira1 showed [Ad Ac] and lost with a pair of Aces
Seat 4: Hmizzle17 (button) folded before Flop (didn't bet)
Seat 5: skars07 (small blind) folded before Flop
Seat 6: Poker9803 (big blind) folded before Flop



PokerStars Hand #254552057674:  Hold'em No Limit ($0.50/$1.00 USD) - 2025/01/25 21:12:09 WET [2025/01/25 16:12:09 ET]
Table 'Ushakaron IV' 6-max Seat #5 is the button
Seat 1: ghc_2 ($101.50 in chips) 
Seat 2: Rezzonner ($214.01 in chips) 
Seat 3: MLira1 ($100 in chips) 
Seat 4: Hmizzle17 ($75.89 in chips) 
Seat 5: skars07 ($100 in chips) 
Seat 6: Poker9803 ($100 in chips) 
Poker9803: posts small blind $0.50
ghc_2: posts big blind $1
*** HOLE CARDS ***
Rezzonner: folds 
MLira1: folds 
Hmizzle17: folds 
skars07: folds 
Poker9803: folds 
Uncalled bet ($0.50) returned to ghc_2
ghc_2 collected $1 from pot
ghc_2: doesn't show hand 
*** SUMMARY ***
Total pot $1 | Rake $0 
Seat 1: ghc_2 (big blind) collected ($1)
Seat 2: Rezzonner folded before Flop (didn't bet)
Seat 3: MLira1 folded before Flop (didn't bet)
Seat 4: Hmizzle17 folded before Flop (didn't bet)
Seat 5: skars07 (button) folded before Flop (didn't bet)
Seat 6: Poker9803 (small blind) folded before Flop



PokerStars Hand #254552061295:  Hold'em No Limit ($0.50/$1.00 USD) - 2025/01/25 21:12:21 WET [2025/01/25 16:12:21 ET]
Table 'Ushakaron IV' 6-max Seat #6 is the button
Seat 1: ghc_2 ($102 in chips) 
Seat 2: Rezzonner ($214.01 in chips) 
Seat 3: MLira1 ($100 in chips) 
Seat 4: Hmizzle17 ($75.89 in chips) 
Seat 5: skars07 ($100 in chips) 
Seat 6: Poker9803 ($100 in chips) 
ghc_2: posts small blind $0.50
Rezzonner: posts big blind $1
*** HOLE CARDS ***
MLira1: folds 
Hmizzle17: folds 
skars07: folds 
Poker9803: folds 
ghc_2: raises $2 to $3
Rezzonner: folds 
Uncalled bet ($2) returned to ghc_2
ghc_2 collected $2 from pot
ghc_2: doesn't show hand 
*** SUMMARY ***
Total pot $2 | Rake $0 
Seat 1: ghc_2 (small blind) collected ($2)
Seat 2: Rezzonner (big blind) folded before Flop
Seat 3: MLira1 folded before Flop (didn't bet)
Seat 4: Hmizzle17 folded before Flop (didn't bet)
Seat 5: skars07 folded before Flop (didn't bet)
Seat 6: Poker9803 (button) folded before Flop (didn't bet)



PokerStars Hand #254552068121:  Hold'em No Limit ($0.50/$1.00 USD) - 2025/01/25 21:12:44 WET [2025/01/25 16:12:44 ET]
Table 'Ushakaron IV' 6-max Seat #1 is the button
Seat 1: ghc_2 ($103 in chips) 
Seat 2: Rezzonner ($213.01 in chips) 
Seat 3: MLira1 ($100 in chips) 
Seat 4: Hmizzle17 ($75.89 in chips) 
Seat 5: skars07 ($100 in chips) 
Seat 6: Poker9803 ($100 in chips) 
Rezzonner: posts small blind $0.50
MLira1: posts big blind $1
*** HOLE CARDS ***
Hmizzle17: folds 
skars07: folds 
Poker9803: raises $1.50 to $2.50
ghc_2: folds 
Rezzonner: folds 
MLira1: folds 
Uncalled bet ($1.50) returned to Poker9803
Poker9803 collected $2.50 from pot
Poker9803: doesn't show hand 
*** SUMMARY ***
Total pot $2.50 | Rake $0 
Seat 1: ghc_2 (button) folded before Flop (didn't bet)
Seat 2: Rezzonner (small blind) folded before Flop
Seat 3: MLira1 (big blind) folded before Flop
Seat 4: Hmizzle17 folded before Flop (didn't bet)
Seat 5: skars07 folded before Flop (didn't bet)
Seat 6: Poker9803 collected ($2.50)



PokerStars Hand #254552074796:  Hold'em No Limit ($0.50/$1.00 USD) - 2025/01/25 21:13:05 WET [2025/01/25 16:13:05 ET]
Table 'Ushakaron IV' 6-max Seat #2 is the button
Seat 1: ghc_2 ($103 in chips) 
Seat 2: Rezzonner ($212.51 in chips) 
Seat 3: MLira1 ($100 in chips) 
Seat 4: Hmizzle17 ($75.89 in chips) 
Seat 5: skars07 ($100 in chips) 
Seat 6: Poker9803 ($101.50 in chips) 
MLira1: posts small blind $0.50
Hmizzle17: posts big blind $1
*** HOLE CARDS ***
skars07: folds 
Poker9803: folds 
ghc_2: folds 
Rezzonner: folds 
MLira1: folds 
Uncalled bet ($0.50) returned to Hmizzle17
Hmizzle17 collected $1 from pot
*** SUMMARY ***
Total pot $1 | Rake $0 
Seat 1: ghc_2 folded before Flop (didn't bet)
Seat 2: Rezzonner (button) folded before Flop (didn't bet)
Seat 3: MLira1 (small blind) folded before Flop
Seat 4: Hmizzle17 (big blind) collected ($1)
Seat 5: skars07 folded before Flop (didn't bet)
Seat 6: Poker9803 folded before Flop (didn't bet)



PokerStars Hand #254552077414:  Hold'em No Limit ($0.50/$1.00 USD) - 2025/01/25 21:13:14 WET [2025/01/25 16:13:14 ET]
Table 'Ushakaron IV' 6-max Seat #3 is the button
Seat 1: ghc_2 ($103 in chips) 
Seat 2: Rezzonner ($212.51 in chips) 
Seat 3: MLira1 ($100 in chips) 
Seat 4: Hmizzle17 ($76.39 in chips) 
Seat 5: skars07 ($100 in chips) 
Seat 6: Poker9803 ($101.50 in chips) 
Hmizzle17: posts small blind $0.50
skars07: posts big blind $1
*** HOLE CARDS ***
Poker9803: folds 
ghc_2: folds 
Rezzonner: raises $1.50 to $2.50
MLira1: folds 
Hmizzle17: folds 
skars07: raises $10.50 to $13
Rezzonner: folds 
Uncalled bet ($10.50) returned to skars07
skars07 collected $5.50 from pot
skars07: doesn't show hand 
*** SUMMARY ***
Total pot $5.50 | Rake $0 
Seat 1: ghc_2 folded before Flop (didn't bet)
Seat 2: Rezzonner folded before Flop
Seat 3: MLira1 (button) folded before Flop (didn't bet)
Seat 4: Hmizzle17 (small blind) folded before Flop
Seat 5: skars07 (big blind) collected ($5.50)
Seat 6: Poker9803 folded before Flop (didn't bet)



PokerStars Hand #254552085572:  Hold'em No Limit ($0.50/$1.00 USD) - 2025/01/25 21:13:41 WET [2025/01/25 16:13:41 ET]
Table 'Ushakaron IV' 6-max Seat #4 is the button
Seat 1: ghc_2 ($103 in chips) 
Seat 2: Rezzonner ($210.01 in chips) 
Seat 3: MLira1 ($100 in chips) 
Seat 4: Hmizzle17 ($75.89 in chips) 
Seat 5: skars07 ($103 in chips) 
Seat 6: Poker9803 ($101.50 in chips) 
skars07: posts small blind $0.50
Poker9803: posts big blind $1
*** HOLE CARDS ***
ghc_2: raises $1 to $2
Rezzonner: folds 
MLira1: folds 
Hmizzle17: raises $4 to $6
skars07: folds 
Poker9803: folds 
ghc_2: calls $4
*** FLOP *** [Jh 6h Ks]
ghc_2: checks 
Hmizzle17: checks 
*** TURN *** [Jh 6h Ks] [Qs]
ghc_2: checks 
Hmizzle17: bets $4
ghc_2: raises $20.50 to $24.50
Hmizzle17: calls $20.50
*** RIVER *** [Jh 6h Ks Qs] [6d]
ghc_2: bets $72.50 and is all-in
Hmizzle17: calls $45.39 and is all-in
Uncalled bet ($27.11) returned to ghc_2
*** SHOW DOWN ***
ghc_2: shows [Jc Jd] (a full house, Jacks full of Sixes)
Hmizzle17: shows [Qh Kc] (two pair, Kings and Queens)
ghc_2 collected $150.78 from pot
*** SUMMARY ***
Total pot $153.28 | Rake $2.50 
Board [Jh 6h Ks Qs 6d]
Seat 1: ghc_2 showed [Jc Jd] and won ($150.78) with a full house, Jacks full of Sixes
Seat 2: Rezzonner folded before Flop (didn't bet)
Seat 3: MLira1 folded before Flop (didn't bet)
Seat 4: Hmizzle17 (button) showed [Qh Kc] and lost with two pair, Kings and Queens
Seat 5: skars07 (small blind) folded before Flop
Seat 6: Poker9803 (big blind) folded before Flop



PokerStars Hand #254552114237:  Hold'em No Limit ($0.50/$1.00 USD) - 2025/01/25 21:15:16 WET [2025/01/25 16:15:16 ET]
Table 'Ushakaron IV' 6-max Seat #5 is the button
Seat 4: Hmizzle17 ($0 in chips) is sitting out
Seat 1: ghc_2 ($177.89 in chips) 
Seat 2: Rezzonner ($210.01 in chips) 
Seat 3: MLira1 ($100 in chips) 
Seat 5: skars07 ($102.50 in chips) 
Seat 6: Poker9803 ($100.50 in chips) 
Poker9803: posts small blind $0.50
ghc_2: posts big blind $1
*** HOLE CARDS ***
Hmizzle17 is disconnected 
Rezzonner: folds 
MLira1: folds 
skars07: raises $1.50 to $2.50
Poker9803: folds 
ghc_2: folds 
Uncalled bet ($1.50) returned to skars07
skars07 collected $2.50 from pot
skars07: doesn't show hand 
*** SUMMARY ***
Total pot $2.50 | Rake $0 
Seat 4: Hmizzle17
Seat 1: ghc_2 (big blind) folded before Flop
Seat 2: Rezzonner folded before Flop (didn't bet)
Seat 3: MLira1 folded before Flop (didn't bet)
Seat 5: skars07 (button) collected ($2.50)
Seat 6: Poker9803 (small blind) folded before Flop



PokerStars Hand #254552119820:  Hold'em No Limit ($0.50/$1.00 USD) - 2025/01/25 21:15:34 WET [2025/01/25 16:15:34 ET]
Table 'Ushakaron IV' 6-max Seat #6 is the button
Seat 4: Hmizzle17 ($0 in chips) is sitting out
Seat 1: ghc_2 ($176.89 in chips) 
Seat 2: Rezzonner ($210.01 in chips) 
Seat 3: MLira1 ($100 in chips) 
Seat 5: skars07 ($104 in chips) 
Seat 6: Poker9803 ($100 in chips) 
ghc_2: posts small blind $0.50
Rezzonner: posts big blind $1
*** HOLE CARDS ***
MLira1: folds 
skars07: folds 
Poker9803: folds 
MLira1 leaves the table
ghc_2: folds 
Uncalled bet ($0.50) returned to Rezzonner
Rezzonner collected $1 from pot
Rezzonner: doesn't show hand 
*** SUMMARY ***
Total pot $1 | Rake $0 
Seat 4: Hmizzle17
Seat 1: ghc_2 (small blind) folded before Flop
Seat 2: Rezzonner (big blind) collected ($1)
Seat 3: MLira1 folded before Flop (didn't bet)
Seat 5: skars07 folded before Flop (didn't bet)
Seat 6: Poker9803 (button) folded before Flop (didn't bet)



PokerStars Hand #254552122990:  Hold'em No Limit ($0.50/$1.00 USD) - 2025/01/25 21:15:44 WET [2025/01/25 16:15:44 ET]
Table 'Ushakaron IV' 6-max Seat #1 is the button
Seat 4: Hmizzle17 ($0 in chips) is sitting out
Seat 5: skars07 ($104 in chips) is sitting out
Seat 1: ghc_2 ($176.39 in chips) 
Seat 2: Rezzonner ($210.51 in chips) 
Seat 6: Poker9803 ($100 in chips) 
Rezzonner: posts small blind $0.50
skars07: is sitting out 
xxxZeka joins the table at seat #3 
Poker9803: posts big blind $1
*** HOLE CARDS ***
ghc_2: folds 
Rezzonner: folds 
Uncalled bet ($0.50) returned to Poker9803
skars07 leaves the table
Poker9803 collected $1 from pot
Poker9803: doesn't show hand 
*** SUMMARY ***
Total pot $1 | Rake $0 
Seat 4: Hmizzle17
Seat 5: skars07
Seat 1: ghc_2 (button) folded before Flop (didn't bet)
Seat 2: Rezzonner (small blind) folded before Flop
Seat 6: Poker9803 (big blind) collected ($1)



PokerStars Hand #254552125136:  Hold'em No Limit ($0.50/$1.00 USD) - 2025/01/25 21:15:51 WET [2025/01/25 16:15:51 ET]
Table 'Ushakaron IV' 6-max Seat #6 is the button
Seat 1: ghc_2 ($176.39 in chips) is sitting out
Seat 3: xxxZeka ($100 in chips) is sitting out
Seat 4: Hmizzle17 ($0 in chips) is sitting out
Seat 2: Rezzonner ($210.01 in chips) 
Seat 6: Poker9803 ($100.50 in chips) 
Poker9803: posts small blind $0.50
ghc_2: is sitting out 
Rezzonner: posts big blind $1
*** HOLE CARDS ***
Poker9803: raises $2 to $3
Rezzonner: folds 
Uncalled bet ($2) returned to Poker9803
xxxZeka leaves the table
Poker9803 collected $2 from pot
Poker9803: doesn't show hand 
*** SUMMARY ***
Total pot $2 | Rake $0 
Seat 1: ghc_2
Seat 3: xxxZeka
Seat 4: Hmizzle17
Seat 2: Rezzonner (big blind) folded before Flop
Seat 6: Poker9803 (button) (small blind) collected ($2)



PokerStars Hand #254552128240:  Hold'em No Limit ($0.50/$1.00 USD) - 2025/01/25 21:16:02 WET [2025/01/25 16:16:02 ET]
Table 'Ushakaron IV' 6-max Seat #2 is the button
Seat 4: Hmizzle17 ($0 in chips) is sitting out
Seat 1: ghc_2 ($176.39 in chips) 
Seat 2: Rezzonner ($209.01 in chips) 
Seat 6: Poker9803 ($101.50 in chips) 
Poker9803: posts small blind $0.50
ghc_2: posts big blind $1
*** HOLE CARDS ***
Rezzonner: raises $1.50 to $2.50
TheFourthWall joins the table at seat #5 
Poker9803: folds 
elcutez joins the table at seat #3 
elcutez is disconnected 
ghc_2: calls $1.50
*** FLOP *** [3d Tc Jd]
ghc_2: bets $2.09
Rezzonner: calls $2.09
*** TURN *** [3d Tc Jd] [As]
ghc_2: bets $6.90
Rezzonner: folds 
Uncalled bet ($6.90) returned to ghc_2
ghc_2 collected $9.20 from pot
ghc_2: doesn't show hand 
*** SUMMARY ***
Total pot $9.68 | Rake $0.48 
Board [3d Tc Jd As]
Seat 4: Hmizzle17
Seat 1: ghc_2 (big blind) collected ($9.20)
Seat 2: Rezzonner (button) folded on the Turn
Seat 6: Poker9803 (small blind) folded before Flop



PokerStars Hand #254552141701:  Hold'em No Limit ($0.50/$1.00 USD) - 2025/01/25 21:16:46 WET [2025/01/25 16:16:46 ET]
Table 'Ushakaron IV' 6-max Seat #6 is the button
Seat 4: Hmizzle17 ($0 in chips) is sitting out
Seat 5: TheFourthWall ($100 in chips) is sitting out
Seat 1: ghc_2 ($181 in chips) 
Seat 2: Rezzonner ($204.42 in chips) 
Seat 3: elcutez ($100 in chips) 
Seat 6: Poker9803 ($101 in chips) 
ghc_2: posts small blind $0.50
Rezzonner: posts big blind $1
elcutez: posts big blind $1
TheFourthWall: sits out 
*** HOLE CARDS ***
elcutez: checks 
Poker9803: folds 
ghc_2: calls $0.50
Rezzonner: checks 
*** FLOP *** [Ah Tc Qs]
ghc_2: checks 
Rezzonner: checks 
elcutez: checks 
*** TURN *** [Ah Tc Qs] [8d]
ghc_2: bets $2.14
Rezzonner: folds 
elcutez: folds 
Uncalled bet ($2.14) returned to ghc_2
ghc_2 collected $2.85 from pot
ghc_2: doesn't show hand 
*** SUMMARY ***
Total pot $3 | Rake $0.15 
Board [Ah Tc Qs 8d]
Seat 4: Hmizzle17
Seat 5: TheFourthWall
Seat 1: ghc_2 (small blind) collected ($2.85)
Seat 2: Rezzonner (big blind) folded on the Turn
Seat 3: elcutez folded on the Turn (didn't bet)
Seat 6: Poker9803 (button) folded before Flop (didn't bet)



PokerStars Hand #254552151739:  Hold'em No Limit ($0.50/$1.00 USD) - 2025/01/25 21:17:19 WET [2025/01/25 16:17:19 ET]
Table 'Ushakaron IV' 6-max Seat #1 is the button
Seat 4: Hmizzle17 ($0 in chips) is sitting out
Seat 5: TheFourthWall ($100 in chips) is sitting out
Seat 1: ghc_2 ($182.85 in chips) 
Seat 2: Rezzonner ($203.42 in chips) 
Seat 3: elcutez ($99 in chips) 
Seat 6: Poker9803 ($101 in chips) 
Rezzonner: posts small blind $0.50
elcutez: posts big blind $1
TheFourthWall: sits out 
*** HOLE CARDS ***
Poker9803: raises $1.50 to $2.50
ghc_2: folds 
Rezzonner: folds 
elcutez: folds 
Uncalled bet ($1.50) returned to Poker9803
Poker9803 collected $2.50 from pot
Poker9803: doesn't show hand 
*** SUMMARY ***
Total pot $2.50 | Rake $0 
Seat 4: Hmizzle17
Seat 5: TheFourthWall
Seat 1: ghc_2 (button) folded before Flop (didn't bet)
Seat 2: Rezzonner (small blind) folded before Flop
Seat 3: elcutez (big blind) folded before Flop
Seat 6: Poker9803 collected ($2.50)



PokerStars Hand #254552157061:  Hold'em No Limit ($0.50/$1.00 USD) - 2025/01/25 21:17:37 WET [2025/01/25 16:17:37 ET]
Table 'Ushakaron IV' 6-max Seat #2 is the button
Seat 4: Hmizzle17 ($0 in chips) is sitting out
Seat 1: ghc_2 ($182.85 in chips) 
Seat 2: Rezzonner ($202.92 in chips) 
Seat 3: elcutez ($98 in chips) 
Seat 5: TheFourthWall ($100 in chips) 
Seat 6: Poker9803 ($102.50 in chips) 
elcutez: posts small blind $0.50
TheFourthWall: posts big blind $1
*** HOLE CARDS ***
Poker9803: folds 
ghc_2: folds 
Rezzonner: folds 
Poker9803 leaves the table
elcutez: folds 
Uncalled bet ($0.50) returned to TheFourthWall
TheFourthWall collected $1 from pot
TheFourthWall: doesn't show hand 
xxxZeka joins the table at seat #6 
*** SUMMARY ***
Total pot $1 | Rake $0 
Seat 4: Hmizzle17
Seat 1: ghc_2 folded before Flop (didn't bet)
Seat 2: Rezzonner (button) folded before Flop (didn't bet)
Seat 3: elcutez (small blind) folded before Flop
Seat 5: TheFourthWall (big blind) collected ($1)
Seat 6: Poker9803 folded before Flop (didn't bet)



PokerStars Hand #254552160900:  Hold'em No Limit ($0.50/$1.00 USD) - 2025/01/25 21:17:49 WET [2025/01/25 16:17:49 ET]
Table 'Ushakaron IV' 6-max Seat #3 is the button
Seat 4: Hmizzle17 ($0 in chips) is sitting out
Seat 1: ghc_2 ($182.85 in chips) 
Seat 2: Rezzonner ($202.92 in chips) 
Seat 3: elcutez ($97.50 in chips) 
Seat 5: TheFourthWall ($100.50 in chips) 
Seat 6: xxxZeka ($100 in chips) 
TheFourthWall: posts small blind $0.50
xxxZeka: posts big blind $1
*** HOLE CARDS ***
ghc_2: raises $1 to $2
Rezzonner: folds 
elcutez: folds 
TheFourthWall: folds 
xxxZeka: folds 
Uncalled bet ($1) returned to ghc_2
ghc_2 collected $2.50 from pot
ghc_2: doesn't show hand 
elcutez leaves the table
*** SUMMARY ***
Total pot $2.50 | Rake $0 
Seat 4: Hmizzle17
Seat 1: ghc_2 collected ($2.50)
Seat 2: Rezzonner folded before Flop (didn't bet)
Seat 3: elcutez (button) folded before Flop (didn't bet)
Seat 5: TheFourthWall (small blind) folded before Flop
Seat 6: xxxZeka (big blind) folded before Flop



PokerStars Hand #254552168787:  Hold'em No Limit ($0.50/$1.00 USD) - 2025/01/25 21:18:15 WET [2025/01/25 16:18:15 ET]
Table 'Ushakaron IV' 6-max Seat #5 is the button
Seat 4: Hmizzle17 ($0 in chips) is sitting out
Seat 1: ghc_2 ($184.35 in chips) 
Seat 2: Rezzonner ($202.92 in chips) 
Seat 5: TheFourthWall ($100 in chips) 
Seat 6: xxxZeka ($100 in chips) 
xxxZeka: posts small blind $0.50
ghc_2: posts big blind $1
*** HOLE CARDS ***
Rezzonner: folds 
TheFourthWall: folds 
Rezzonner leaves the table
xxxZeka: folds 
Uncalled bet ($0.50) returned to ghc_2
ghc_2 collected $1 from pot
ghc_2: doesn't show hand 
*** SUMMARY ***
Total pot $1 | Rake $0 
Seat 4: Hmizzle17
Seat 1: ghc_2 (big blind) collected ($1)
Seat 2: Rezzonner folded before Flop (didn't bet)
Seat 5: TheFourthWall (button) folded before Flop (didn't bet)
Seat 6: xxxZeka (small blind) folded before Flop



PokerStars Hand #254552174173:  Hold'em No Limit ($0.50/$1.00 USD) - 2025/01/25 21:18:33 WET [2025/01/25 16:18:33 ET]
Table 'Ushakaron IV' 6-max Seat #6 is the button
Seat 4: Hmizzle17 ($0 in chips) is sitting out
Seat 1: ghc_2 ($184.85 in chips) 
Seat 5: TheFourthWall ($100 in chips) 
Seat 6: xxxZeka ($100 in chips) 
ghc_2: posts small blind $0.50
TheFourthWall: posts big blind $1
*** HOLE CARDS ***
xxxZeka: raises $1.50 to $2.50
ghc_2: folds 
TheFourthWall: folds 
Uncalled bet ($1.50) returned to xxxZeka
xxxZeka collected $2.50 from pot
Hmizzle17 leaves the table
xxxZeka: doesn't show hand 
*** SUMMARY ***
Total pot $2.50 | Rake $0 
Seat 4: Hmizzle17
Seat 1: ghc_2 (small blind) folded before Flop
Seat 5: TheFourthWall (big blind) folded before Flop
Seat 6: xxxZeka (button) collected ($2.50)



PokerStars Hand #254552178316:  Hold'em No Limit ($0.50/$1.00 USD) - 2025/01/25 21:18:47 WET [2025/01/25 16:18:47 ET]
Table 'Ushakaron IV' 6-max Seat #1 is the button
Seat 1: ghc_2 ($184.35 in chips) 
Seat 5: TheFourthWall ($99 in chips) 
Seat 6: xxxZeka ($101.50 in chips) 
TheFourthWall: posts small blind $0.50
xxxZeka: posts big blind $1
*** HOLE CARDS ***
ghc_2: folds 
TheFourthWall: folds 
Uncalled bet ($0.50) returned to xxxZeka
xxxZeka collected $1 from pot
xxxZeka: doesn't show hand 
klauninsh joins the table at seat #2 
*** SUMMARY ***
Total pot $1 | Rake $0 
Seat 1: ghc_2 (button) folded before Flop (didn't bet)
Seat 5: TheFourthWall (small blind) folded before Flop
Seat 6: xxxZeka (big blind) collected ($1)



PokerStars Hand #254552180551:  Hold'em No Limit ($0.50/$1.00 USD) - 2025/01/25 21:18:54 WET [2025/01/25 16:18:54 ET]
Table 'Ushakaron IV' 6-max Seat #5 is the button
Seat 1: ghc_2 ($184.35 in chips) is sitting out
Seat 2: klauninsh ($96.12 in chips) 
Seat 5: TheFourthWall ($98.50 in chips) 
Seat 6: xxxZeka ($102 in chips) 
xxxZeka: posts small blind $0.50
pr0tecto joins the table at seat #3 
ghc_2: is sitting out 
klauninsh: posts big blind $1
*** HOLE CARDS ***
yzuk joins the table at seat #4 
TheFourthWall: folds 
xxxZeka: folds 
Uncalled bet ($0.50) returned to klauninsh
ghc_2 leaves the table
klauninsh collected $1 from pot
klauninsh: doesn't show hand 
*** SUMMARY ***
Total pot $1 | Rake $0 
Seat 1: ghc_2
Seat 2: klauninsh (big blind) collected ($1)
Seat 5: TheFourthWall (button) folded before Flop (didn't bet)
Seat 6: xxxZeka (small blind) folded before Flop



PokerStars Hand #254552183105:  Hold'em No Limit ($0.50/$1.00 USD) - 2025/01/25 21:19:03 WET [2025/01/25 16:19:03 ET]
Table 'Ushakaron IV' 6-max Seat #6 is the button
Seat 4: yzuk ($100 in chips) is sitting out
Seat 2: klauninsh ($96.62 in chips) 
Seat 3: pr0tecto ($100 in chips) 
Seat 5: TheFourthWall ($98.50 in chips) 
Seat 6: xxxZeka ($101.50 in chips) 
klauninsh: posts small blind $0.50
pr0tecto: posts big blind $1
yzuk: sits out 
*** HOLE CARDS ***
TheFourthWall: folds 
xxxZeka: folds 
klauninsh: folds 
Uncalled bet ($0.50) returned to pr0tecto
pr0tecto collected $1 from pot
pr0tecto: doesn't show hand 
Rigx joins the table at seat #1 
*** SUMMARY ***
Total pot $1 | Rake $0 
Seat 4: yzuk
Seat 2: klauninsh (small blind) folded before Flop
Seat 3: pr0tecto (big blind) collected ($1)
Seat 5: TheFourthWall folded before Flop (didn't bet)
Seat 6: xxxZeka (button) folded before Flop (didn't bet)



PokerStars Hand #254552186491:  Hold'em No Limit ($0.50/$1.00 USD) - 2025/01/25 21:19:14 WET [2025/01/25 16:19:14 ET]
Table 'Ushakaron IV' 6-max Seat #2 is the button
Seat 1: Rigx ($40 in chips) is sitting out
Seat 2: klauninsh ($96.12 in chips) 
Seat 3: pr0tecto ($100.50 in chips) 
Seat 4: yzuk ($100 in chips) 
Seat 5: TheFourthWall ($100 in chips) 
Seat 6: xxxZeka ($101.50 in chips) 
pr0tecto: posts small blind $0.50
yzuk: posts big blind $1
Rigx: sits out 
*** HOLE CARDS ***
TheFourthWall: folds 
xxxZeka: folds 
klauninsh: folds 
pr0tecto: raises $1.24 to $2.24
yzuk: folds 
Uncalled bet ($1.24) returned to pr0tecto
pr0tecto collected $2 from pot
pr0tecto: doesn't show hand 
*** SUMMARY ***
Total pot $2 | Rake $0 
Seat 1: Rigx
Seat 2: klauninsh (button) folded before Flop (didn't bet)
Seat 3: pr0tecto (small blind) collected ($2)
Seat 4: yzuk (big blind) folded before Flop
Seat 5: TheFourthWall folded before Flop (didn't bet)
Seat 6: xxxZeka folded before Flop (didn't bet)



PokerStars Hand #254552191448:  Hold'em No Limit ($0.50/$1.00 USD) - 2025/01/25 21:19:30 WET [2025/01/25 16:19:30 ET]
Table 'Ushakaron IV' 6-max Seat #3 is the button
Seat 1: Rigx ($40 in chips) 
Seat 2: klauninsh ($96.12 in chips) 
Seat 3: pr0tecto ($101.50 in chips) 
Seat 4: yzuk ($100 in chips) 
Seat 5: TheFourthWall ($100 in chips) 
Seat 6: xxxZeka ($101.50 in chips) 
yzuk: posts small blind $0.50
TheFourthWall: posts big blind $1
Rigx: posts big blind $1
*** HOLE CARDS ***
xxxZeka: folds 
Rigx: checks 
klauninsh: folds 
pr0tecto: folds 
yzuk: folds 
TheFourthWall: checks 
*** FLOP *** [9h 2s Jd]
TheFourthWall: checks 
Rigx: checks 
*** TURN *** [9h 2s Jd] [7c]
TheFourthWall: checks 
Rigx: checks 
*** RIVER *** [9h 2s Jd 7c] [Ac]
TheFourthWall: checks 
Rigx: checks 
*** SHOW DOWN ***
TheFourthWall: shows [3h 2c] (a pair of Deuces)
Rigx: mucks hand 
TheFourthWall collected $2.38 from pot
*** SUMMARY ***
Total pot $2.50 | Rake $0.12 
Board [9h 2s Jd 7c Ac]
Seat 1: Rigx mucked
Seat 2: klauninsh folded before Flop (didn't bet)
Seat 3: pr0tecto (button) folded before Flop (didn't bet)
Seat 4: yzuk (small blind) folded before Flop
Seat 5: TheFourthWall (big blind) showed [3h 2c] and won ($2.38) with a pair of Deuces
Seat 6: xxxZeka folded before Flop (didn't bet)



PokerStars Hand #254552203762:  Hold'em No Limit ($0.50/$1.00 USD) - 2025/01/25 21:20:11 WET [2025/01/25 16:20:11 ET]
Table 'Ushakaron IV' 6-max Seat #4 is the button
Seat 1: Rigx ($39 in chips) 
Seat 2: klauninsh ($96.12 in chips) 
Seat 3: pr0tecto ($101.50 in chips) 
Seat 4: yzuk ($100 in chips) 
Seat 5: TheFourthWall ($101.38 in chips) 
Seat 6: xxxZeka ($101.50 in chips) 
TheFourthWall: posts small blind $0.50
xxxZeka: posts big blind $1
*** HOLE CARDS ***
Rigx: calls $1
klauninsh: folds 
pr0tecto: raises $3.50 to $4.50
yzuk: raises $6 to $10.50
TheFourthWall: folds 
xxxZeka: folds 
Rigx: folds 
pr0tecto: calls $6
*** FLOP *** [Qs 9h 5s]
pr0tecto: checks 
yzuk: bets $5.80
pr0tecto: calls $5.80
*** TURN *** [Qs 9h 5s] [Ac]
pr0tecto: checks 
yzuk: checks 
*** RIVER *** [Qs 9h 5s Ac] [3c]
pr0tecto: checks 
yzuk: checks 
*** SHOW DOWN ***
pr0tecto: shows [Kc Jh] (high card Ace)
yzuk: shows [8h 8s] (a pair of Eights)
yzuk collected $33.34 from pot
*** SUMMARY ***
Total pot $35.10 | Rake $1.76 
Board [Qs 9h 5s Ac 3c]
Seat 1: Rigx folded before Flop
Seat 2: klauninsh folded before Flop (didn't bet)
Seat 3: pr0tecto showed [Kc Jh] and lost with high card Ace
Seat 4: yzuk (button) showed [8h 8s] and won ($33.34) with a pair of Eights
Seat 5: TheFourthWall (small blind) folded before Flop
Seat 6: xxxZeka (big blind) folded before Flop



PokerStars Hand #254552224740:  Hold'em No Limit ($0.50/$1.00 USD) - 2025/01/25 21:21:20 WET [2025/01/25 16:21:20 ET]
Table 'Ushakaron IV' 6-max Seat #5 is the button
Seat 1: Rigx ($38 in chips) 
Seat 2: klauninsh ($96.12 in chips) 
Seat 3: pr0tecto ($100 in chips) 
Seat 4: yzuk ($117.04 in chips) 
Seat 5: TheFourthWall ($100.88 in chips) 
Seat 6: xxxZeka ($100.50 in chips) 
xxxZeka: posts small blind $0.50
Rigx: posts big blind $1
*** HOLE CARDS ***
klauninsh: folds 
pr0tecto: folds 
yzuk: folds 
TheFourthWall: raises $1.40 to $2.40
xxxZeka: folds 
Rigx: calls $1.40
*** FLOP *** [Jd Th 6d]
Rigx: checks 
TheFourthWall: checks 
*** TURN *** [Jd Th 6d] [7h]
Rigx: checks 
TheFourthWall: bets $3
Rigx: folds 
Uncalled bet ($3) returned to TheFourthWall
TheFourthWall collected $5.04 from pot
TheFourthWall: doesn't show hand 
*** SUMMARY ***
Total pot $5.30 | Rake $0.26 
Board [Jd Th 6d 7h]
Seat 1: Rigx (big blind) folded on the Turn
Seat 2: klauninsh folded before Flop (didn't bet)
Seat 3: pr0tecto folded before Flop (didn't bet)
Seat 4: yzuk folded before Flop (didn't bet)
Seat 5: TheFourthWall (button) collected ($5.04)
Seat 6: xxxZeka (small blind) folded before Flop



PokerStars Hand #254552233442:  Hold'em No Limit ($0.50/$1.00 USD) - 2025/01/25 21:21:48 WET [2025/01/25 16:21:48 ET]
Table 'Ushakaron IV' 6-max Seat #6 is the button
Seat 1: Rigx ($35.60 in chips) 
Seat 2: klauninsh ($96.12 in chips) 
Seat 3: pr0tecto ($100 in chips) 
Seat 4: yzuk ($117.04 in chips) 
Seat 5: TheFourthWall ($103.52 in chips) 
Seat 6: xxxZeka ($100 in chips) 
Rigx: posts small blind $0.50
klauninsh: posts big blind $1
*** HOLE CARDS ***
pr0tecto: folds 
yzuk: folds 
TheFourthWall: folds 
xxxZeka: raises $1.50 to $2.50
Rigx: folds 
klauninsh: calls $1.50
*** FLOP *** [Kh 9c Js]
klauninsh: checks 
xxxZeka: checks 
*** TURN *** [Kh 9c Js] [6s]
klauninsh: bets $1
xxxZeka: calls $1
*** RIVER *** [Kh 9c Js 6s] [Qs]
klauninsh: checks 
xxxZeka: bets $4.70
klauninsh: folds 
Uncalled bet ($4.70) returned to xxxZeka
xxxZeka collected $7.12 from pot
xxxZeka: doesn't show hand 
*** SUMMARY ***
Total pot $7.50 | Rake $0.38 
Board [Kh 9c Js 6s Qs]
Seat 1: Rigx (small blind) folded before Flop
Seat 2: klauninsh (big blind) folded on the River
Seat 3: pr0tecto folded before Flop (didn't bet)
Seat 4: yzuk folded before Flop (didn't bet)
Seat 5: TheFourthWall folded before Flop (didn't bet)
Seat 6: xxxZeka (button) collected ($7.12)



PokerStars Hand #254552244668:  Hold'em No Limit ($0.50/$1.00 USD) - 2025/01/25 21:22:25 WET [2025/01/25 16:22:25 ET]
Table 'Ushakaron IV' 6-max Seat #1 is the button
Seat 1: Rigx ($35.10 in chips) 
Seat 2: klauninsh ($92.62 in chips) 
Seat 3: pr0tecto ($100 in chips) 
Seat 4: yzuk ($117.04 in chips) 
Seat 5: TheFourthWall ($103.52 in chips) 
Seat 6: xxxZeka ($103.62 in chips) 
klauninsh: posts small blind $0.50
pr0tecto: posts big blind $1
*** HOLE CARDS ***
yzuk: folds 
TheFourthWall: raises $1.40 to $2.40
xxxZeka: folds 
Rigx: calls $2.40
klauninsh: raises $2.40 to $4.80
pr0tecto: folds 
TheFourthWall: calls $2.40
Rigx: calls $2.40
*** FLOP *** [4d 3s 5s]
klauninsh: checks 
TheFourthWall: checks 
Rigx: bets $1
klauninsh: calls $1
TheFourthWall: calls $1
*** TURN *** [4d 3s 5s] [Td]
klauninsh: checks 
TheFourthWall: checks 
Rigx: bets $8
klauninsh: calls $8
TheFourthWall: calls $8
*** RIVER *** [4d 3s 5s Td] [2d]
klauninsh: bets $12
TheFourthWall: raises $20 to $32
Rigx: calls $21.30 and is all-in
klauninsh: calls $20
*** SHOW DOWN ***
TheFourthWall: shows [Jd Qd] (a flush, Queen high)
klauninsh: mucks hand 
TheFourthWall collected $21.40 from side pot
Rigx: mucks hand 
TheFourthWall collected $103.80 from main pot
*** SUMMARY ***
Total pot $127.70 Main pot $103.80. Side pot $21.40. | Rake $2.50 
Board [4d 3s 5s Td 2d]
Seat 1: Rigx (button) mucked
Seat 2: klauninsh (small blind) mucked
Seat 3: pr0tecto (big blind) folded before Flop
Seat 4: yzuk folded before Flop (didn't bet)
Seat 5: TheFourthWall showed [Jd Qd] and won ($125.20) with a flush, Queen high
Seat 6: xxxZeka folded before Flop (didn't bet)



PokerStars Hand #254552272156:  Hold'em No Limit ($0.50/$1.00 USD) - 2025/01/25 21:23:57 WET [2025/01/25 16:23:57 ET]
Table 'Ushakaron IV' 6-max Seat #2 is the button
Seat 1: Rigx ($0 in chips) is sitting out
Seat 2: klauninsh ($46.82 in chips) 
Seat 3: pr0tecto ($99 in chips) 
Seat 4: yzuk ($117.04 in chips) 
Seat 5: TheFourthWall ($182.92 in chips) 
Seat 6: xxxZeka ($103.62 in chips) 
pr0tecto: posts small blind $0.50
yzuk: posts big blind $1
*** HOLE CARDS ***
TheFourthWall: folds 
xxxZeka: folds 
klauninsh: folds 
Rigx leaves the table
pr0tecto: raises $1.24 to $2.24
BoyLoc0 joins the table at seat #1 
yzuk: calls $1.24
*** FLOP *** [4d 4c Ts]
pr0tecto: bets $1.41
yzuk: raises $2.99 to $4.40
pr0tecto: calls $2.99
*** TURN *** [4d 4c Ts] [7s]
pr0tecto: bets $6.44
yzuk: folds 
Uncalled bet ($6.44) returned to pr0tecto
pr0tecto collected $12.62 from pot
pr0tecto: doesn't show hand 
*** SUMMARY ***
Total pot $13.28 | Rake $0.66 
Board [4d 4c Ts 7s]
Seat 1: Rigx
Seat 2: klauninsh (button) folded before Flop (didn't bet)
Seat 3: pr0tecto (small blind) collected ($12.62)
Seat 4: yzuk (big blind) folded on the Turn
Seat 5: TheFourthWall folded before Flop (didn't bet)
Seat 6: xxxZeka folded before Flop (didn't bet)



PokerStars Hand #254552285990:  Hold'em No Limit ($0.50/$1.00 USD) - 2025/01/25 21:24:43 WET [2025/01/25 16:24:43 ET]
Table 'Ushakaron IV' 6-max Seat #3 is the button
Seat 1: BoyLoc0 ($100 in chips) is sitting out
Seat 2: klauninsh ($46.82 in chips) 
Seat 3: pr0tecto ($104.98 in chips) 
Seat 4: yzuk ($110.40 in chips) 
Seat 5: TheFourthWall ($182.92 in chips) 
Seat 6: xxxZeka ($103.62 in chips) 
yzuk: posts small blind $0.50
TheFourthWall: posts big blind $1
BoyLoc0: sits out 
*** HOLE CARDS ***
xxxZeka: folds 
klauninsh: calls $1
pr0tecto: raises $3.50 to $4.50
yzuk: folds 
TheFourthWall: calls $3.50
klauninsh: calls $3.50
*** FLOP *** [9h 9d Js]
TheFourthWall: checks 
klauninsh: checks 
pr0tecto: checks 
*** TURN *** [9h 9d Js] [6d]
TheFourthWall: checks 
klauninsh: checks 
pr0tecto: checks 
*** RIVER *** [9h 9d Js 6d] [Kc]
TheFourthWall: checks 
klauninsh: checks 
pr0tecto: checks 
*** SHOW DOWN ***
TheFourthWall: shows [Kh Qh] (two pair, Kings and Nines)
klauninsh: mucks hand 
pr0tecto: mucks hand 
TheFourthWall collected $13.30 from pot
*** SUMMARY ***
Total pot $14 | Rake $0.70 
Board [9h 9d Js 6d Kc]
Seat 1: BoyLoc0
Seat 2: klauninsh mucked
Seat 3: pr0tecto (button) mucked
Seat 4: yzuk (small blind) folded before Flop
Seat 5: TheFourthWall (big blind) showed [Kh Qh] and won ($13.30) with two pair, Kings and Nines
Seat 6: xxxZeka folded before Flop (didn't bet)



PokerStars Hand #254552297281:  Hold'em No Limit ($0.50/$1.00 USD) - 2025/01/25 21:25:21 WET [2025/01/25 16:25:21 ET]
Table 'Ushakaron IV' 6-max Seat #4 is the button
Seat 1: BoyLoc0 ($100 in chips) is sitting out
Seat 2: klauninsh ($42.32 in chips) 
Seat 3: pr0tecto ($100.48 in chips) 
Seat 4: yzuk ($109.90 in chips) 
Seat 5: TheFourthWall ($191.72 in chips) 
Seat 6: xxxZeka ($103.62 in chips) 
TheFourthWall: posts small blind $0.50
xxxZeka: posts big blind $1
BoyLoc0: sits out 
*** HOLE CARDS ***
klauninsh: calls $1
pr0tecto: folds 
yzuk: raises $2.50 to $3.50
TheFourthWall: folds 
xxxZeka: folds 
klauninsh: calls $2.50
*** FLOP *** [3d 7h 9s]
klauninsh: checks 
yzuk: bets $2.75
klauninsh: folds 
Uncalled bet ($2.75) returned to yzuk
yzuk collected $8.08 from pot
yzuk: doesn't show hand 
*** SUMMARY ***
Total pot $8.50 | Rake $0.42 
Board [3d 7h 9s]
Seat 1: BoyLoc0
Seat 2: klauninsh folded on the Flop
Seat 3: pr0tecto folded before Flop (didn't bet)
Seat 4: yzuk (button) collected ($8.08)
Seat 5: TheFourthWall (small blind) folded before Flop
Seat 6: xxxZeka (big blind) folded before Flop



PokerStars Hand #254552305861:  Hold'em No Limit ($0.50/$1.00 USD) - 2025/01/25 21:25:49 WET [2025/01/25 16:25:49 ET]
Table 'Ushakaron IV' 6-max Seat #5 is the button
Seat 1: BoyLoc0 ($100 in chips) 
Seat 2: klauninsh ($38.82 in chips) 
Seat 3: pr0tecto ($100.48 in chips) 
Seat 4: yzuk ($114.48 in chips) 
Seat 5: TheFourthWall ($191.22 in chips) 
Seat 6: xxxZeka ($102.62 in chips) 
xxxZeka: posts small blind $0.50
BoyLoc0: posts big blind $1
*** HOLE CARDS ***
klauninsh: folds 
pr0tecto: folds 
yzuk: folds 
TheFourthWall: folds 
xxxZeka: raises $2 to $3
BoyLoc0: calls $2
*** FLOP *** [6c 9h Kh]
xxxZeka: checks 
BoyLoc0: checks 
*** TURN *** [6c 9h Kh] [Qs]
xxxZeka: checks 
BoyLoc0: checks 
*** RIVER *** [6c 9h Kh Qs] [8h]
xxxZeka: checks 
BoyLoc0: checks 
*** SHOW DOWN ***
xxxZeka: shows [8d Ah] (a pair of Eights)
BoyLoc0: mucks hand 
xxxZeka collected $5.70 from pot
*** SUMMARY ***
Total pot $6 | Rake $0.30 
Board [6c 9h Kh Qs 8h]
Seat 1: BoyLoc0 (big blind) mucked
Seat 2: klauninsh folded before Flop (didn't bet)
Seat 3: pr0tecto folded before Flop (didn't bet)
Seat 4: yzuk folded before Flop (didn't bet)
Seat 5: TheFourthWall (button) folded before Flop (didn't bet)
Seat 6: xxxZeka (small blind) showed [8d Ah] and won ($5.70) with a pair of Eights



PokerStars Hand #254552320325:  Hold'em No Limit ($0.50/$1.00 USD) - 2025/01/25 21:26:37 WET [2025/01/25 16:26:37 ET]
Table 'Ushakaron IV' 6-max Seat #6 is the button
Seat 1: BoyLoc0 ($100 in chips) 
Seat 2: klauninsh ($38.82 in chips) 
Seat 3: pr0tecto ($100.48 in chips) 
Seat 4: yzuk ($114.48 in chips) 
Seat 5: TheFourthWall ($191.22 in chips) 
Seat 6: xxxZeka ($105.32 in chips) 
BoyLoc0: posts small blind $0.50
klauninsh: posts big blind $1
*** HOLE CARDS ***
pr0tecto: folds 
yzuk: folds 
TheFourthWall: folds 
xxxZeka: folds 
BoyLoc0: raises $2 to $3
klauninsh: folds 
Uncalled bet ($2) returned to BoyLoc0
BoyLoc0 collected $2 from pot
BoyLoc0: doesn't show hand 
*** SUMMARY ***
Total pot $2 | Rake $0 
Seat 1: BoyLoc0 (small blind) collected ($2)
Seat 2: klauninsh (big blind) folded before Flop
Seat 3: pr0tecto folded before Flop (didn't bet)
Seat 4: yzuk folded before Flop (didn't bet)
Seat 5: TheFourthWall folded before Flop (didn't bet)
Seat 6: xxxZeka (button) folded before Flop (didn't bet)



PokerStars Hand #254552324695:  Hold'em No Limit ($0.50/$1.00 USD) - 2025/01/25 21:26:52 WET [2025/01/25 16:26:52 ET]
Table 'Ushakaron IV' 6-max Seat #1 is the button
Seat 1: BoyLoc0 ($101 in chips) 
Seat 2: klauninsh ($37.82 in chips) 
Seat 3: pr0tecto ($100.48 in chips) 
Seat 4: yzuk ($114.48 in chips) 
Seat 5: TheFourthWall ($191.22 in chips) 
Seat 6: xxxZeka ($105.32 in chips) 
klauninsh: posts small blind $0.50
pr0tecto: posts big blind $1
*** HOLE CARDS ***
yzuk: folds 
TheFourthWall: raises $1.40 to $2.40
xxxZeka: raises $5.60 to $8
BoyLoc0: folds 
klauninsh: folds 
pr0tecto: folds 
TheFourthWall: folds 
Uncalled bet ($5.60) returned to xxxZeka
xxxZeka collected $6.30 from pot
xxxZeka: doesn't show hand 
*** SUMMARY ***
Total pot $6.30 | Rake $0 
Seat 1: BoyLoc0 (button) folded before Flop (didn't bet)
Seat 2: klauninsh (small blind) folded before Flop
Seat 3: pr0tecto (big blind) folded before Flop
Seat 4: yzuk folded before Flop (didn't bet)
Seat 5: TheFourthWall folded before Flop
Seat 6: xxxZeka collected ($6.30)



PokerStars Hand #254552331192:  Hold'em No Limit ($0.50/$1.00 USD) - 2025/01/25 21:27:13 WET [2025/01/25 16:27:13 ET]
Table 'Ushakaron IV' 6-max Seat #2 is the button
Seat 1: BoyLoc0 ($101 in chips) 
Seat 2: klauninsh ($37.32 in chips) 
Seat 3: pr0tecto ($99.48 in chips) 
Seat 4: yzuk ($114.48 in chips) 
Seat 5: TheFourthWall ($188.82 in chips) 
Seat 6: xxxZeka ($109.22 in chips) 
pr0tecto: posts small blind $0.50
yzuk: posts big blind $1
*** HOLE CARDS ***
TheFourthWall: folds 
xxxZeka: folds 
BoyLoc0: folds 
TheFourthWall leaves the table
klauninsh: calls $1
pr0tecto: folds 
yzuk: checks 
*** FLOP *** [9s 8d 2s]
XneferX joins the table at seat #5 
yzuk: bets $1.21
klauninsh: calls $1.21
*** TURN *** [9s 8d 2s] [As]
yzuk: bets $2.38
klauninsh: folds 
Uncalled bet ($2.38) returned to yzuk
yzuk collected $4.67 from pot
yzuk: doesn't show hand 
*** SUMMARY ***
Total pot $4.92 | Rake $0.25 
Board [9s 8d 2s As]
Seat 1: BoyLoc0 folded before Flop (didn't bet)
Seat 2: klauninsh (button) folded on the Turn
Seat 3: pr0tecto (small blind) folded before Flop
Seat 4: yzuk (big blind) collected ($4.67)
Seat 5: TheFourthWall folded before Flop (didn't bet)
Seat 6: xxxZeka folded before Flop (didn't bet)



PokerStars Hand #254552338499:  Hold'em No Limit ($0.50/$1.00 USD) - 2025/01/25 21:27:38 WET [2025/01/25 16:27:38 ET]
Table 'Ushakaron IV' 6-max Seat #3 is the button
Seat 1: BoyLoc0 ($101 in chips) 
Seat 2: klauninsh ($35.11 in chips) 
Seat 3: pr0tecto ($100 in chips) 
Seat 4: yzuk ($116.94 in chips) 
Seat 5: XneferX ($100 in chips) 
Seat 6: xxxZeka ($109.22 in chips) 
yzuk: posts small blind $0.50
XneferX: posts big blind $1
*** HOLE CARDS ***
xxxZeka: folds 
BoyLoc0: raises $1.50 to $2.50
klauninsh: folds 
pr0tecto: raises $5.50 to $8
yzuk: folds 
XneferX: folds 
BoyLoc0: calls $5.50
*** FLOP *** [Qd Tc 9h]
BoyLoc0: checks 
pr0tecto: checks 
*** TURN *** [Qd Tc 9h] [8d]
BoyLoc0: checks 
pr0tecto: checks 
*** RIVER *** [Qd Tc 9h 8d] [2d]
BoyLoc0: checks 
pr0tecto: bets $9.97
BoyLoc0: raises $83.03 to $93 and is all-in
pr0tecto: folds 
Uncalled bet ($83.03) returned to BoyLoc0
BoyLoc0 collected $35.57 from pot
BoyLoc0: doesn't show hand 
*** SUMMARY ***
Total pot $37.44 | Rake $1.87 
Board [Qd Tc 9h 8d 2d]
Seat 1: BoyLoc0 collected ($35.57)
Seat 2: klauninsh folded before Flop (didn't bet)
Seat 3: pr0tecto (button) folded on the River
Seat 4: yzuk (small blind) folded before Flop
Seat 5: XneferX (big blind) folded before Flop
Seat 6: xxxZeka folded before Flop (didn't bet)



PokerStars Hand #254552360863:  Hold'em No Limit ($0.50/$1.00 USD) - 2025/01/25 21:28:52 WET [2025/01/25 16:28:52 ET]
Table 'Ushakaron IV' 6-max Seat #4 is the button
Seat 1: BoyLoc0 ($118.60 in chips) 
Seat 2: klauninsh ($35.11 in chips) 
Seat 3: pr0tecto ($100 in chips) 
Seat 4: yzuk ($116.44 in chips) 
Seat 5: XneferX ($100 in chips) 
Seat 6: xxxZeka ($109.22 in chips) 
XneferX: posts small blind $0.50
xxxZeka: posts big blind $1
*** HOLE CARDS ***
BoyLoc0: folds 
klauninsh: calls $1
pr0tecto: raises $3.50 to $4.50
yzuk: folds 
XneferX: folds 
xxxZeka: folds 
klauninsh: calls $3.50
*** FLOP *** [4h 9d Jh]
klauninsh: bets $2
pr0tecto: raises $6 to $8
klauninsh: calls $6
*** TURN *** [4h 9d Jh] [Qs]
klauninsh: bets $5
pr0tecto: calls $5
*** RIVER *** [4h 9d Jh Qs] [9c]
klauninsh: bets $17.61 and is all-in
pr0tecto: calls $17.61
*** SHOW DOWN ***
klauninsh: shows [9h Kh] (three of a kind, Nines)
pr0tecto: shows [8s Js] (two pair, Jacks and Nines)
klauninsh collected $69.22 from pot
*** SUMMARY ***
Total pot $71.72 | Rake $2.50 
Board [4h 9d Jh Qs 9c]
Seat 1: BoyLoc0 folded before Flop (didn't bet)
Seat 2: klauninsh showed [9h Kh] and won ($69.22) with three of a kind, Nines
Seat 3: pr0tecto showed [8s Js] and lost with two pair, Jacks and Nines
Seat 4: yzuk (button) folded before Flop (didn't bet)
Seat 5: XneferX (small blind) folded before Flop
Seat 6: xxxZeka (big blind) folded before Flop



PokerStars Hand #254552374732:  Hold'em No Limit ($0.50/$1.00 USD) - 2025/01/25 21:29:39 WET [2025/01/25 16:29:39 ET]
Table 'Ushakaron IV' 6-max Seat #5 is the button
Seat 1: BoyLoc0 ($118.60 in chips) 
Seat 2: klauninsh ($69.22 in chips) 
Seat 3: pr0tecto ($100 in chips) 
Seat 4: yzuk ($116.44 in chips) 
Seat 5: XneferX ($100 in chips) 
Seat 6: xxxZeka ($108.22 in chips) 
xxxZeka: posts small blind $0.50
BoyLoc0: posts big blind $1
*** HOLE CARDS ***
klauninsh: folds 
pr0tecto: raises $1.10 to $2.10
yzuk: folds 
XneferX: folds 
xxxZeka: folds 
BoyLoc0: folds 
Uncalled bet ($1.10) returned to pr0tecto
pr0tecto collected $2.50 from pot
pr0tecto: doesn't show hand 
*** SUMMARY ***
Total pot $2.50 | Rake $0 
Seat 1: BoyLoc0 (big blind) folded before Flop
Seat 2: klauninsh folded before Flop (didn't bet)
Seat 3: pr0tecto collected ($2.50)
Seat 4: yzuk folded before Flop (didn't bet)
Seat 5: XneferX (button) folded before Flop (didn't bet)
Seat 6: xxxZeka (small blind) folded before Flop



PokerStars Hand #254552381506:  Hold'em No Limit ($0.50/$1.00 USD) - 2025/01/25 21:30:01 WET [2025/01/25 16:30:01 ET]
Table 'Ushakaron IV' 6-max Seat #6 is the button
Seat 1: BoyLoc0 ($117.60 in chips) 
Seat 2: klauninsh ($69.22 in chips) 
Seat 3: pr0tecto ($101.50 in chips) 
Seat 4: yzuk ($116.44 in chips) 
Seat 5: XneferX ($100 in chips) 
Seat 6: xxxZeka ($107.72 in chips) 
BoyLoc0: posts small blind $0.50
klauninsh: posts big blind $1
*** HOLE CARDS ***
pr0tecto: folds 
yzuk: raises $1.50 to $2.50
XneferX: folds 
xxxZeka: folds 
BoyLoc0: folds 
klauninsh: calls $1.50
*** FLOP *** [Ks 9h Kc]
klauninsh: checks 
yzuk: bets $1.77
klauninsh: calls $1.77
*** TURN *** [Ks 9h Kc] [7c]
klauninsh: checks 
yzuk: bets $2.92
klauninsh: calls $2.92
*** RIVER *** [Ks 9h Kc 7c] [Qd]
klauninsh: checks 
yzuk: checks 
*** SHOW DOWN ***
klauninsh: shows [Qc Kh] (a full house, Kings full of Queens)
yzuk: mucks hand 
klauninsh collected $14.14 from pot
*** SUMMARY ***
Total pot $14.88 | Rake $0.74 
Board [Ks 9h Kc 7c Qd]
Seat 1: BoyLoc0 (small blind) folded before Flop
Seat 2: klauninsh (big blind) showed [Qc Kh] and won ($14.14) with a full house, Kings full of Queens
Seat 3: pr0tecto folded before Flop (didn't bet)
Seat 4: yzuk mucked
Seat 5: XneferX folded before Flop (didn't bet)
Seat 6: xxxZeka (button) folded before Flop (didn't bet)



PokerStars Hand #254552390908:  Hold'em No Limit ($0.50/$1.00 USD) - 2025/01/25 21:30:32 WET [2025/01/25 16:30:32 ET]
Table 'Ushakaron IV' 6-max Seat #1 is the button
Seat 1: BoyLoc0 ($117.10 in chips) 
Seat 2: klauninsh ($76.17 in chips) 
Seat 3: pr0tecto ($101.50 in chips) 
Seat 4: yzuk ($109.25 in chips) 
Seat 5: XneferX ($100 in chips) 
Seat 6: xxxZeka ($107.72 in chips) 
klauninsh: posts small blind $0.50
pr0tecto: posts big blind $1
*** HOLE CARDS ***
yzuk: folds 
XneferX: folds 
xxxZeka: folds 
BoyLoc0: folds 
klauninsh: folds 
Uncalled bet ($0.50) returned to pr0tecto
pr0tecto collected $1 from pot
pr0tecto: doesn't show hand 
*** SUMMARY ***
Total pot $1 | Rake $0 
Seat 1: BoyLoc0 (button) folded before Flop (didn't bet)
Seat 2: klauninsh (small blind) folded before Flop
Seat 3: pr0tecto (big blind) collected ($1)
Seat 4: yzuk folded before Flop (didn't bet)
Seat 5: XneferX folded before Flop (didn't bet)
Seat 6: xxxZeka folded before Flop (didn't bet)



PokerStars Hand #254552393954:  Hold'em No Limit ($0.50/$1.00 USD) - 2025/01/25 21:30:43 WET [2025/01/25 16:30:43 ET]
Table 'Ushakaron IV' 6-max Seat #2 is the button
Seat 1: BoyLoc0 ($117.10 in chips) 
Seat 2: klauninsh ($75.67 in chips) 
Seat 3: pr0tecto ($102 in chips) 
Seat 4: yzuk ($109.25 in chips) 
Seat 5: XneferX ($100 in chips) 
Seat 6: xxxZeka ($107.72 in chips) 
pr0tecto: posts small blind $0.50
yzuk: posts big blind $1
*** HOLE CARDS ***
XneferX: folds 
xxxZeka: folds 
BoyLoc0: raises $1.50 to $2.50
klauninsh: calls $2.50
pr0tecto: folds 
yzuk: calls $1.50
*** FLOP *** [2h 6d As]
yzuk: checks 
BoyLoc0: checks 
klauninsh: checks 
*** TURN *** [2h 6d As] [Ah]
yzuk: checks 
BoyLoc0: checks 
klauninsh: checks 
*** RIVER *** [2h 6d As Ah] [7s]
yzuk: checks 
BoyLoc0: bets $10
klauninsh: folds 
yzuk: folds 
Uncalled bet ($10) returned to BoyLoc0
BoyLoc0 collected $7.60 from pot
BoyLoc0: doesn't show hand 
*** SUMMARY ***
Total pot $8 | Rake $0.40 
Board [2h 6d As Ah 7s]
Seat 1: BoyLoc0 collected ($7.60)
Seat 2: klauninsh (button) folded on the River
Seat 3: pr0tecto (small blind) folded before Flop
Seat 4: yzuk (big blind) folded on the River
Seat 5: XneferX folded before Flop (didn't bet)
Seat 6: xxxZeka folded before Flop (didn't bet)



PokerStars Hand #254552415567:  Hold'em No Limit ($0.50/$1.00 USD) - 2025/01/25 21:31:54 WET [2025/01/25 16:31:54 ET]
Table 'Ushakaron IV' 6-max Seat #3 is the button
Seat 2: klauninsh ($73.17 in chips) 
Seat 3: pr0tecto ($101.50 in chips) 
Seat 4: yzuk ($106.75 in chips) 
Seat 5: XneferX ($100 in chips) 
Seat 6: xxxZeka ($107.72 in chips) 
yzuk: posts small blind $0.50
XneferX: posts big blind $1
*** HOLE CARDS ***
sta$igk joins the table at seat #1 
xxxZeka: folds 
klauninsh: calls $1
pr0tecto: folds 
yzuk: folds 
XneferX: checks 
*** FLOP *** [3h 7c Ah]
XneferX: checks 
klauninsh: checks 
*** TURN *** [3h 7c Ah] [Td]
XneferX: checks 
klauninsh: checks 
*** RIVER *** [3h 7c Ah Td] [2s]
XneferX: checks 
klauninsh: bets $2
XneferX: calls $2
*** SHOW DOWN ***
klauninsh: shows [9s Th] (a pair of Tens)
XneferX: mucks hand 
klauninsh collected $6.18 from pot
*** SUMMARY ***
Total pot $6.50 | Rake $0.32 
Board [3h 7c Ah Td 2s]
Seat 2: klauninsh showed [9s Th] and won ($6.18) with a pair of Tens
Seat 3: pr0tecto (button) folded before Flop (didn't bet)
Seat 4: yzuk (small blind) folded before Flop
Seat 5: XneferX (big blind) mucked
Seat 6: xxxZeka folded before Flop (didn't bet)



PokerStars Hand #254552424413:  Hold'em No Limit ($0.50/$1.00 USD) - 2025/01/25 21:32:23 WET [2025/01/25 16:32:23 ET]
Table 'Ushakaron IV' 6-max Seat #4 is the button
Seat 1: sta$igk ($100 in chips) is sitting out
Seat 2: klauninsh ($76.35 in chips) 
Seat 3: pr0tecto ($101.50 in chips) 
Seat 4: yzuk ($106.25 in chips) 
Seat 5: XneferX ($100 in chips) 
Seat 6: xxxZeka ($107.72 in chips) 
XneferX: posts small blind $0.50
xxxZeka: posts big blind $1
sta$igk: sits out 
*** HOLE CARDS ***
klauninsh: calls $1
pr0tecto: folds 
yzuk: raises $3 to $4
XneferX: raises $10 to $14
xxxZeka: folds 
klauninsh: folds 
yzuk: calls $10
*** FLOP *** [Td 6c 9h]
XneferX: checks 
yzuk: checks 
*** TURN *** [Td 6c 9h] [Kh]
klauninsh is disconnected 
XneferX: checks 
yzuk: bets $14.54
XneferX: calls $14.54
*** RIVER *** [Td 6c 9h Kh] [9s]
XneferX: checks 
yzuk: checks 
*** SHOW DOWN ***
XneferX: shows [Qh Kc] (two pair, Kings and Nines)
yzuk: shows [Ad Ks] (two pair, Kings and Nines - Ace kicker)
yzuk collected $56.58 from pot
*** SUMMARY ***
Total pot $59.08 | Rake $2.50 
Board [Td 6c 9h Kh 9s]
Seat 1: sta$igk
Seat 2: klauninsh folded before Flop
Seat 3: pr0tecto folded before Flop (didn't bet)
Seat 4: yzuk (button) showed [Ad Ks] and won ($56.58) with two pair, Kings and Nines
Seat 5: XneferX (small blind) showed [Qh Kc] and lost with two pair, Kings and Nines
Seat 6: xxxZeka (big blind) folded before Flop



PokerStars Hand #254552453711:  Hold'em No Limit ($0.50/$1.00 USD) - 2025/01/25 21:34:01 WET [2025/01/25 16:34:01 ET]
Table 'Ushakaron IV' 6-max Seat #5 is the button
Seat 1: sta$igk ($100 in chips) 
Seat 2: klauninsh ($75.35 in chips) 
Seat 3: pr0tecto ($101.50 in chips) 
Seat 4: yzuk ($134.29 in chips) 
Seat 5: XneferX ($100 in chips) 
Seat 6: xxxZeka ($106.72 in chips) 
xxxZeka: posts small blind $0.50
sta$igk: posts big blind $1
*** HOLE CARDS ***
klauninsh: folds 
pr0tecto: folds 
yzuk: raises $1.50 to $2.50
XneferX: folds 
xxxZeka: folds 
sta$igk: calls $1.50
*** FLOP *** [2h As 3h]
sta$igk: checks 
yzuk: bets $2.66
sta$igk: raises $7.91 to $10.57
yzuk: folds 
Uncalled bet ($7.91) returned to sta$igk
sta$igk collected $10.28 from pot
sta$igk: doesn't show hand 
*** SUMMARY ***
Total pot $10.82 | Rake $0.54 
Board [2h As 3h]
Seat 1: sta$igk (big blind) collected ($10.28)
Seat 2: klauninsh folded before Flop (didn't bet)
Seat 3: pr0tecto folded before Flop (didn't bet)
Seat 4: yzuk folded on the Flop
Seat 5: XneferX (button) folded before Flop (didn't bet)
Seat 6: xxxZeka (small blind) folded before Flop



PokerStars Hand #254552468472:  Hold'em No Limit ($0.50/$1.00 USD) - 2025/01/25 21:34:50 WET [2025/01/25 16:34:50 ET]
Table 'Ushakaron IV' 6-max Seat #6 is the button
Seat 1: sta$igk ($105.12 in chips) 
Seat 2: klauninsh ($75.35 in chips) 
Seat 3: pr0tecto ($101.50 in chips) 
Seat 4: yzuk ($129.13 in chips) 
Seat 5: XneferX ($100 in chips) 
Seat 6: xxxZeka ($106.22 in chips) 
sta$igk: posts small blind $0.50
klauninsh: posts big blind $1
*** HOLE CARDS ***
pr0tecto: raises $1.10 to $2.10
yzuk: folds 
XneferX: folds 
xxxZeka: folds 
sta$igk: folds 
klauninsh: folds 
Uncalled bet ($1.10) returned to pr0tecto
pr0tecto collected $2.50 from pot
pr0tecto: doesn't show hand 
*** SUMMARY ***
Total pot $2.50 | Rake $0 
Seat 1: sta$igk (small blind) folded before Flop
Seat 2: klauninsh (big blind) folded before Flop
Seat 3: pr0tecto collected ($2.50)
Seat 4: yzuk folded before Flop (didn't bet)
Seat 5: XneferX folded before Flop (didn't bet)
Seat 6: xxxZeka (button) folded before Flop (didn't bet)



PokerStars Hand #254552473438:  Hold'em No Limit ($0.50/$1.00 USD) - 2025/01/25 21:35:06 WET [2025/01/25 16:35:06 ET]
Table 'Ushakaron IV' 6-max Seat #1 is the button
Seat 1: sta$igk ($104.62 in chips) 
Seat 2: klauninsh ($74.35 in chips) 
Seat 3: pr0tecto ($103 in chips) 
Seat 4: yzuk ($129.13 in chips) 
Seat 5: XneferX ($100 in chips) 
Seat 6: xxxZeka ($106.22 in chips) 
klauninsh: posts small blind $0.50
pr0tecto: posts big blind $1
*** HOLE CARDS ***
yzuk: folds 
XneferX: folds 
xxxZeka: folds 
sta$igk: raises $1.50 to $2.50
klauninsh: folds 
pr0tecto: raises $8.50 to $11
sta$igk: raises $13 to $24
pr0tecto: raises $79 to $103 and is all-in
sta$igk: calls $79
*** FIRST FLOP *** [Td 4c 6h]
*** FIRST TURN *** [Td 4c 6h] [2c]
*** FIRST RIVER *** [Td 4c 6h 2c] [9d]
*** SECOND FLOP *** [Ah 2s 3h]
*** SECOND TURN *** [Ah 2s 3h] [9h]
*** SECOND RIVER *** [Ah 2s 3h 9h] [4d]
*** FIRST SHOW DOWN ***
pr0tecto: shows [8d 8h] (a pair of Eights)
sta$igk: shows [Jh Jc] (a pair of Jacks)
sta$igk collected $102 from pot
*** SECOND SHOW DOWN ***
pr0tecto: shows [8d 8h] (a pair of Eights)
sta$igk: shows [Jh Jc] (a pair of Jacks)
sta$igk collected $102 from pot
*** SUMMARY ***
Total pot $206.50 | Rake $2.50 
Hand was run twice
FIRST Board [Td 4c 6h 2c 9d]
SECOND Board [Ah 2s 3h 9h 4d]
Seat 1: sta$igk (button) showed [Jh Jc] and won ($102) with a pair of Jacks, and won ($102) with a pair of Jacks
Seat 2: klauninsh (small blind) folded before Flop
Seat 3: pr0tecto (big blind) showed [8d 8h] and lost with a pair of Eights, and lost with a pair of Eights
Seat 4: yzuk folded before Flop (didn't bet)
Seat 5: XneferX folded before Flop (didn't bet)
Seat 6: xxxZeka folded before Flop (didn't bet)



PokerStars Hand #254552487201:  Hold'em No Limit ($0.50/$1.00 USD) - 2025/01/25 21:35:52 WET [2025/01/25 16:35:52 ET]
Table 'Ushakaron IV' 6-max Seat #2 is the button
Seat 1: sta$igk ($205.62 in chips) 
Seat 2: klauninsh ($73.85 in chips) 
Seat 3: pr0tecto ($100 in chips) 
Seat 4: yzuk ($129.13 in chips) 
Seat 5: XneferX ($100 in chips) 
Seat 6: xxxZeka ($106.22 in chips) 
pr0tecto: posts small blind $0.50
yzuk: posts big blind $1
*** HOLE CARDS ***
XneferX: folds 
xxxZeka: folds 
sta$igk: folds 
klauninsh: calls $1
pr0tecto: raises $3.50 to $4.50
yzuk: folds 
klauninsh: calls $3.50
*** FLOP *** [4d Qs Td]
pr0tecto: checks 
klauninsh: checks 
*** TURN *** [4d Qs Td] [Ah]
pr0tecto: bets $4.84
klauninsh: calls $4.84
*** RIVER *** [4d Qs Td Ah] [5d]
pr0tecto: bets $12.34
klauninsh: folds 
Uncalled bet ($12.34) returned to pr0tecto
pr0tecto collected $18.70 from pot
pr0tecto: doesn't show hand 
*** SUMMARY ***
Total pot $19.68 | Rake $0.98 
Board [4d Qs Td Ah 5d]
Seat 1: sta$igk folded before Flop (didn't bet)
Seat 2: klauninsh (button) folded on the River
Seat 3: pr0tecto (small blind) collected ($18.70)
Seat 4: yzuk (big blind) folded before Flop
Seat 5: XneferX folded before Flop (didn't bet)
Seat 6: xxxZeka folded before Flop (didn't bet)



PokerStars Hand #254552500248:  Hold'em No Limit ($0.50/$1.00 USD) - 2025/01/25 21:36:36 WET [2025/01/25 16:36:36 ET]
Table 'Ushakaron IV' 6-max Seat #3 is the button
Seat 1: sta$igk ($205.62 in chips) 
Seat 2: klauninsh ($64.51 in chips) 
Seat 3: pr0tecto ($109.36 in chips) 
Seat 4: yzuk ($128.13 in chips) 
Seat 5: XneferX ($100 in chips) 
Seat 6: xxxZeka ($106.22 in chips) 
yzuk: posts small blind $0.50
XneferX: posts big blind $1
*** HOLE CARDS ***
xxxZeka: folds 
sta$igk: folds 
klauninsh: calls $1
pr0tecto: folds 
yzuk: folds 
XneferX: checks 
*** FLOP *** [7h Td 4d]
XneferX: checks 
klauninsh: checks 
*** TURN *** [7h Td 4d] [Kd]
XneferX: bets $1.83
klauninsh: calls $1.83
*** RIVER *** [7h Td 4d Kd] [Kh]
XneferX: bets $4.50
klauninsh: folds 
Uncalled bet ($4.50) returned to XneferX
XneferX collected $5.85 from pot
XneferX: doesn't show hand 
*** SUMMARY ***
Total pot $6.16 | Rake $0.31 
Board [7h Td 4d Kd Kh]
Seat 1: sta$igk folded before Flop (didn't bet)
Seat 2: klauninsh folded on the River
Seat 3: pr0tecto (button) folded before Flop (didn't bet)
Seat 4: yzuk (small blind) folded before Flop
Seat 5: XneferX (big blind) collected ($5.85)
Seat 6: xxxZeka folded before Flop (didn't bet)



PokerStars Hand #254552510533:  Hold'em No Limit ($0.50/$1.00 USD) - 2025/01/25 21:37:10 WET [2025/01/25 16:37:10 ET]
Table 'Ushakaron IV' 6-max Seat #4 is the button
Seat 1: sta$igk ($205.62 in chips) 
Seat 2: klauninsh ($61.68 in chips) 
Seat 3: pr0tecto ($109.36 in chips) 
Seat 4: yzuk ($127.63 in chips) 
Seat 5: XneferX ($103.02 in chips) 
Seat 6: xxxZeka ($106.22 in chips) 
XneferX: posts small blind $0.50
xxxZeka: posts big blind $1
*** HOLE CARDS ***
sta$igk: raises $1.50 to $2.50
klauninsh: folds 
pr0tecto: folds 
yzuk: folds 
XneferX: raises $8.50 to $11
xxxZeka: folds 
sta$igk: folds 
Uncalled bet ($8.50) returned to XneferX
XneferX collected $6 from pot
XneferX: doesn't show hand 
*** SUMMARY ***
Total pot $6 | Rake $0 
Seat 1: sta$igk folded before Flop
Seat 2: klauninsh folded before Flop (didn't bet)
Seat 3: pr0tecto folded before Flop (didn't bet)
Seat 4: yzuk (button) folded before Flop (didn't bet)
Seat 5: XneferX (small blind) collected ($6)
Seat 6: xxxZeka (big blind) folded before Flop



PokerStars Hand #254552517304:  Hold'em No Limit ($0.50/$1.00 USD) - 2025/01/25 21:37:32 WET [2025/01/25 16:37:32 ET]
Table 'Ushakaron IV' 6-max Seat #5 is the button
Seat 1: sta$igk ($203.12 in chips) is sitting out
Seat 2: klauninsh ($61.68 in chips) 
Seat 3: pr0tecto ($109.36 in chips) 
Seat 4: yzuk ($127.63 in chips) 
Seat 5: XneferX ($106.52 in chips) 
Seat 6: xxxZeka ($105.22 in chips) 
xxxZeka: posts small blind $0.50
sta$igk: is sitting out 
klauninsh: posts big blind $1
*** HOLE CARDS ***
sta$igk leaves the table
pr0tecto: folds 
yzuk: folds 
XneferX: raises $1.77 to $2.77
xxxZeka: folds 
klauninsh: folds 
Uncalled bet ($1.77) returned to XneferX
XneferX collected $2.50 from pot
XneferX: doesn't show hand 
*** SUMMARY ***
Total pot $2.50 | Rake $0 
Seat 1: sta$igk
Seat 2: klauninsh (big blind) folded before Flop
Seat 3: pr0tecto folded before Flop (didn't bet)
Seat 4: yzuk folded before Flop (didn't bet)
Seat 5: XneferX (button) collected ($2.50)
Seat 6: xxxZeka (small blind) folded before Flop



PokerStars Hand #254552522093:  Hold'em No Limit ($0.50/$1.00 USD) - 2025/01/25 21:37:48 WET [2025/01/25 16:37:48 ET]
Table 'Ushakaron IV' 6-max Seat #6 is the button
Seat 2: klauninsh ($60.68 in chips) 
Seat 3: pr0tecto ($109.36 in chips) 
Seat 4: yzuk ($127.63 in chips) 
Seat 5: XneferX ($108.02 in chips) 
Seat 6: xxxZeka ($104.72 in chips) 
klauninsh: posts small blind $0.50
pr0tecto: posts big blind $1
*** HOLE CARDS ***
yzuk: folds 
XneferX: folds 
xxxZeka: folds 
klauninsh: calls $0.50
pr0tecto: checks 
*** FLOP *** [Ks 3d 9s]
klauninsh: checks 
pr0tecto: checks 
*** TURN *** [Ks 3d 9s] [5c]
klauninsh: checks 
pr0tecto: checks 
*** RIVER *** [Ks 3d 9s 5c] [Qh]
klauninsh: checks 
pr0tecto: checks 
*** SHOW DOWN ***
klauninsh: shows [2h As] (high card Ace)
pr0tecto: shows [3c 7s] (a pair of Threes)
pr0tecto collected $1.90 from pot
*** SUMMARY ***
Total pot $2 | Rake $0.10 
Board [Ks 3d 9s 5c Qh]
Seat 2: klauninsh (small blind) showed [2h As] and lost with high card Ace
Seat 3: pr0tecto (big blind) showed [3c 7s] and won ($1.90) with a pair of Threes
Seat 4: yzuk folded before Flop (didn't bet)
Seat 5: XneferX folded before Flop (didn't bet)
Seat 6: xxxZeka (button) folded before Flop (didn't bet)



PokerStars Hand #254552530962:  Hold'em No Limit ($0.50/$1.00 USD) - 2025/01/25 21:38:18 WET [2025/01/25 16:38:18 ET]
Table 'Ushakaron IV' 6-max Seat #2 is the button
Seat 6: xxxZeka ($104.72 in chips) is sitting out
Seat 2: klauninsh ($59.68 in chips) 
Seat 3: pr0tecto ($110.26 in chips) 
Seat 4: yzuk ($127.63 in chips) 
Seat 5: XneferX ($108.02 in chips) 
pr0tecto: posts small blind $0.50
yzuk: posts big blind $1
*** HOLE CARDS ***
XneferX: raises $1.30 to $2.30
klauninsh: folds 
pr0tecto: folds 
yzuk: calls $1.30
*** FLOP *** [Ad Td 6c]
yzuk: checks 
XneferX: bets $5.66
yzuk: folds 
Uncalled bet ($5.66) returned to XneferX
Pippa83 joins the table at seat #1 
XneferX collected $4.84 from pot
XneferX: doesn't show hand 
*** SUMMARY ***
Total pot $5.10 | Rake $0.26 
Board [Ad Td 6c]
Seat 6: xxxZeka
Seat 2: klauninsh (button) folded before Flop (didn't bet)
Seat 3: pr0tecto (small blind) folded before Flop
Seat 4: yzuk (big blind) folded on the Flop
Seat 5: XneferX collected ($4.84)



PokerStars Hand #254552541110:  Hold'em No Limit ($0.50/$1.00 USD) - 2025/01/25 21:38:51 WET [2025/01/25 16:38:51 ET]
Table 'Ushakaron IV' 6-max Seat #3 is the button
Seat 1: Pippa83 ($100 in chips) is sitting out
Seat 6: xxxZeka ($104.72 in chips) is sitting out
Seat 2: klauninsh ($59.68 in chips) 
Seat 3: pr0tecto ($109.76 in chips) 
Seat 4: yzuk ($125.33 in chips) 
Seat 5: XneferX ($110.56 in chips) 
yzuk: posts small blind $0.50
XneferX: posts big blind $1
Pippa83: sits out 
*** HOLE CARDS ***
klauninsh: calls $1
pr0tecto: folds 
yzuk: raises $3 to $4
XneferX: folds 
klauninsh: calls $3
*** FLOP *** [2d 6s 5h]
yzuk: bets $2.91
klauninsh: folds 
Uncalled bet ($2.91) returned to yzuk
yzuk collected $8.55 from pot
yzuk: doesn't show hand 
*** SUMMARY ***
Total pot $9 | Rake $0.45 
Board [2d 6s 5h]
Seat 1: Pippa83
Seat 6: xxxZeka
Seat 2: klauninsh folded on the Flop
Seat 3: pr0tecto (button) folded before Flop (didn't bet)
Seat 4: yzuk (small blind) collected ($8.55)
Seat 5: XneferX (big blind) folded before Flop



PokerStars Hand #254552550473:  Hold'em No Limit ($0.50/$1.00 USD) - 2025/01/25 21:39:23 WET [2025/01/25 16:39:23 ET]
Table 'Ushakaron IV' 6-max Seat #4 is the button
Seat 6: xxxZeka ($104.72 in chips) is sitting out
Seat 1: Pippa83 ($100 in chips) 
Seat 2: klauninsh ($55.68 in chips) 
Seat 3: pr0tecto ($109.76 in chips) 
Seat 4: yzuk ($129.88 in chips) 
Seat 5: XneferX ($109.56 in chips) 
XneferX: posts small blind $0.50
Pippa83: posts big blind $1
*** HOLE CARDS ***
klauninsh: raises $2 to $3
pr0tecto: folds 
yzuk: folds 
XneferX: folds 
Pippa83: raises $9 to $12
klauninsh: raises $43.68 to $55.68 and is all-in
Pippa83: calls $43.68
*** FLOP *** [5h 5s 2c]
*** TURN *** [5h 5s 2c] [Ad]
*** RIVER *** [5h 5s 2c Ad] [2s]
*** SHOW DOWN ***
Pippa83: shows [Ah Qd] (two pair, Aces and Fives)
klauninsh: shows [Ac Kh] (two pair, Aces and Fives - King kicker)
klauninsh collected $109.36 from pot
*** SUMMARY ***
Total pot $111.86 | Rake $2.50 
Board [5h 5s 2c Ad 2s]
Seat 6: xxxZeka
Seat 1: Pippa83 (big blind) showed [Ah Qd] and lost with two pair, Aces and Fives
Seat 2: klauninsh showed [Ac Kh] and won ($109.36) with two pair, Aces and Fives
Seat 3: pr0tecto folded before Flop (didn't bet)
Seat 4: yzuk (button) folded before Flop (didn't bet)
Seat 5: XneferX (small blind) folded before Flop



PokerStars Hand #254552559024:  Hold'em No Limit ($0.50/$1.00 USD) - 2025/01/25 21:39:51 WET [2025/01/25 16:39:51 ET]
Table 'Ushakaron IV' 6-max Seat #5 is the button
Seat 6: xxxZeka ($104.72 in chips) is sitting out
Seat 1: Pippa83 ($100 in chips) 
Seat 2: klauninsh ($109.36 in chips) 
Seat 3: pr0tecto ($109.76 in chips) 
Seat 4: yzuk ($129.88 in chips) 
Seat 5: XneferX ($109.06 in chips) 
Pippa83: posts small blind $0.50
klauninsh: posts big blind $1
*** HOLE CARDS ***
pr0tecto: folds 
yzuk: raises $1.50 to $2.50
XneferX: folds 
Pippa83: folds 
klauninsh: calls $1.50
*** FLOP *** [Tc 8s Jc]
klauninsh: checks 
yzuk: bets $1.77
klauninsh: calls $1.77
*** TURN *** [Tc 8s Jc] [As]
klauninsh: checks 
yzuk: bets $12.88
klauninsh: calls $12.88
*** RIVER *** [Tc 8s Jc As] [Qd]
klauninsh: checks 
yzuk: bets $11.24
klauninsh: calls $11.24
*** SHOW DOWN ***
yzuk: shows [Kd Qc] (a straight, Ten to Ace)
klauninsh: mucks hand 
yzuk collected $54.78 from pot
*** SUMMARY ***
Total pot $57.28 | Rake $2.50 
Board [Tc 8s Jc As Qd]
Seat 6: xxxZeka
Seat 1: Pippa83 (small blind) folded before Flop
Seat 2: klauninsh (big blind) mucked
Seat 3: pr0tecto folded before Flop (didn't bet)
Seat 4: yzuk showed [Kd Qc] and won ($54.78) with a straight, Ten to Ace
Seat 5: XneferX (button) folded before Flop (didn't bet)



PokerStars Hand #254552572579:  Hold'em No Limit ($0.50/$1.00 USD) - 2025/01/25 21:40:37 WET [2025/01/25 16:40:37 ET]
Table 'Ushakaron IV' 6-max Seat #1 is the button
Seat 6: xxxZeka ($104.72 in chips) is sitting out
Seat 1: Pippa83 ($100 in chips) 
Seat 2: klauninsh ($80.97 in chips) 
Seat 3: pr0tecto ($109.76 in chips) 
Seat 4: yzuk ($156.27 in chips) 
Seat 5: XneferX ($109.06 in chips) 
klauninsh: posts small blind $0.50
pr0tecto: posts big blind $1
*** HOLE CARDS ***
yzuk: folds 
XneferX: folds 
Pippa83: raises $1.50 to $2.50
klauninsh: calls $2
pr0tecto: folds 
*** FLOP *** [2c 2d 6s]
klauninsh: checks 
Pippa83: bets $4.28
klauninsh: folds 
Uncalled bet ($4.28) returned to Pippa83
Pippa83 collected $5.70 from pot
Pippa83: doesn't show hand 
*** SUMMARY ***
Total pot $6 | Rake $0.30 
Board [2c 2d 6s]
Seat 6: xxxZeka
Seat 1: Pippa83 (button) collected ($5.70)
Seat 2: klauninsh (small blind) folded on the Flop
Seat 3: pr0tecto (big blind) folded before Flop
Seat 4: yzuk folded before Flop (didn't bet)
Seat 5: XneferX folded before Flop (didn't bet)



PokerStars Hand #254552580791:  Hold'em No Limit ($0.50/$1.00 USD) - 2025/01/25 21:41:04 WET [2025/01/25 16:41:04 ET]
Table 'Ushakaron IV' 6-max Seat #2 is the button
Seat 6: xxxZeka ($104.72 in chips) is sitting out
Seat 1: Pippa83 ($103.20 in chips) 
Seat 2: klauninsh ($78.47 in chips) 
Seat 3: pr0tecto ($108.76 in chips) 
Seat 4: yzuk ($156.27 in chips) 
Seat 5: XneferX ($109.06 in chips) 
pr0tecto: posts small blind $0.50
yzuk: posts big blind $1
*** HOLE CARDS ***
XneferX: folds 
Pippa83: folds 
klauninsh: folds 
pr0tecto: raises $1.24 to $2.24
yzuk: raises $6.76 to $9
pr0tecto: folds 
Uncalled bet ($6.76) returned to yzuk
yzuk collected $4.48 from pot
yzuk: doesn't show hand 
*** SUMMARY ***
Total pot $4.48 | Rake $0 
Seat 6: xxxZeka
Seat 1: Pippa83 folded before Flop (didn't bet)
Seat 2: klauninsh (button) folded before Flop (didn't bet)
Seat 3: pr0tecto (small blind) folded before Flop
Seat 4: yzuk (big blind) collected ($4.48)
Seat 5: XneferX folded before Flop (didn't bet)



PokerStars Hand #254552589303:  Hold'em No Limit ($0.50/$1.00 USD) - 2025/01/25 21:41:33 WET [2025/01/25 16:41:33 ET]
Table 'Ushakaron IV' 6-max Seat #3 is the button
Seat 6: xxxZeka ($104.72 in chips) is sitting out
Seat 1: Pippa83 ($103.20 in chips) 
Seat 2: klauninsh ($78.47 in chips) 
Seat 3: pr0tecto ($106.52 in chips) 
Seat 4: yzuk ($158.51 in chips) 
Seat 5: XneferX ($109.06 in chips) 
yzuk: posts small blind $0.50
XneferX: posts big blind $1
*** HOLE CARDS ***
Pippa83: folds 
klauninsh: calls $1
pr0tecto: folds 
yzuk: folds 
XneferX: checks 
*** FLOP *** [Js Th As]
XneferX: checks 
klauninsh: bets $2
XneferX: calls $2
*** TURN *** [Js Th As] [2s]
XneferX: checks 
klauninsh: checks 
*** RIVER *** [Js Th As 2s] [3c]
XneferX: bets $4.76
klauninsh: calls $4.76
*** SHOW DOWN ***
XneferX: shows [4s Qs] (a flush, Ace high)
klauninsh: mucks hand 
XneferX collected $15.22 from pot
*** SUMMARY ***
Total pot $16.02 | Rake $0.80 
Board [Js Th As 2s 3c]
Seat 6: xxxZeka
Seat 1: Pippa83 folded before Flop (didn't bet)
Seat 2: klauninsh mucked
Seat 3: pr0tecto (button) folded before Flop (didn't bet)
Seat 4: yzuk (small blind) folded before Flop
Seat 5: XneferX (big blind) showed [4s Qs] and won ($15.22) with a flush, Ace high



PokerStars Hand #254552606581:  Hold'em No Limit ($0.50/$1.00 USD) - 2025/01/25 21:42:32 WET [2025/01/25 16:42:32 ET]
Table 'Ushakaron IV' 6-max Seat #4 is the button
Seat 1: Pippa83 ($103.20 in chips) 
Seat 2: klauninsh ($70.71 in chips) 
Seat 3: pr0tecto ($106.52 in chips) 
Seat 4: yzuk ($158.01 in chips) 
Seat 5: XneferX ($116.52 in chips) 
Seat 6: xxxZeka ($104.72 in chips) 
XneferX: posts small blind $0.50
xxxZeka: posts big blind $1
*** HOLE CARDS ***
Pippa83: folds 
klauninsh: folds 
pr0tecto: folds 
yzuk: raises $1.50 to $2.50
XneferX: folds 
xxxZeka: folds 
Uncalled bet ($1.50) returned to yzuk
yzuk collected $2.50 from pot
yzuk: doesn't show hand 
*** SUMMARY ***
Total pot $2.50 | Rake $0 
Seat 1: Pippa83 folded before Flop (didn't bet)
Seat 2: klauninsh folded before Flop (didn't bet)
Seat 3: pr0tecto folded before Flop (didn't bet)
Seat 4: yzuk (button) collected ($2.50)
Seat 5: XneferX (small blind) folded before Flop
Seat 6: xxxZeka (big blind) folded before Flop



PokerStars Hand #254552610841:  Hold'em No Limit ($0.50/$1.00 USD) - 2025/01/25 21:42:46 WET [2025/01/25 16:42:46 ET]
Table 'Ushakaron IV' 6-max Seat #5 is the button
Seat 1: Pippa83 ($103.20 in chips) 
Seat 2: klauninsh ($70.71 in chips) 
Seat 3: pr0tecto ($106.52 in chips) 
Seat 4: yzuk ($159.51 in chips) 
Seat 5: XneferX ($116.02 in chips) 
Seat 6: xxxZeka ($103.72 in chips) 
xxxZeka: posts small blind $0.50
Pippa83: posts big blind $1
*** HOLE CARDS ***
klauninsh: folds 
pr0tecto: raises $1.10 to $2.10
yzuk: folds 
XneferX: folds 
xxxZeka: raises $8.90 to $11
Pippa83: folds 
pr0tecto: calls $8.90
*** FLOP *** [8c 3d Td]
xxxZeka: checks 
pr0tecto: bets $7.21
xxxZeka: folds 
Uncalled bet ($7.21) returned to pr0tecto
pr0tecto collected $21.85 from pot
pr0tecto: doesn't show hand 
*** SUMMARY ***
Total pot $23 | Rake $1.15 
Board [8c 3d Td]
Seat 1: Pippa83 (big blind) folded before Flop
Seat 2: klauninsh folded before Flop (didn't bet)
Seat 3: pr0tecto collected ($21.85)
Seat 4: yzuk folded before Flop (didn't bet)
Seat 5: XneferX (button) folded before Flop (didn't bet)
Seat 6: xxxZeka (small blind) folded on the Flop



PokerStars Hand #254552627743:  Hold'em No Limit ($0.50/$1.00 USD) - 2025/01/25 21:43:44 WET [2025/01/25 16:43:44 ET]
Table 'Ushakaron IV' 6-max Seat #6 is the button
Seat 1: Pippa83 ($102.20 in chips) 
Seat 2: klauninsh ($70.71 in chips) 
Seat 3: pr0tecto ($117.37 in chips) 
Seat 4: yzuk ($159.51 in chips) 
Seat 5: XneferX ($116.02 in chips) 
Seat 6: xxxZeka ($100 in chips) 
Pippa83: posts small blind $0.50
klauninsh: posts big blind $1
*** HOLE CARDS ***
pr0tecto: folds 
yzuk: folds 
XneferX: raises $1.30 to $2.30
xxxZeka: folds 
Pippa83: folds 
klauninsh: calls $1.30
*** FLOP *** [Qd 7c 5h]
klauninsh: checks 
XneferX: bets $1.20
klauninsh: calls $1.20
*** TURN *** [Qd 7c 5h] [Ah]
klauninsh: bets $3
XneferX: calls $3
*** RIVER *** [Qd 7c 5h Ah] [4h]
klauninsh: bets $5
XneferX: raises $22.09 to $27.09
klauninsh: calls $22.09
*** SHOW DOWN ***
XneferX: shows [8h 9h] (a flush, Ace high)
klauninsh: mucks hand 
XneferX collected $65.18 from pot
*** SUMMARY ***
Total pot $67.68 | Rake $2.50 
Board [Qd 7c 5h Ah 4h]
Seat 1: Pippa83 (small blind) folded before Flop
Seat 2: klauninsh (big blind) mucked
Seat 3: pr0tecto folded before Flop (didn't bet)
Seat 4: yzuk folded before Flop (didn't bet)
Seat 5: XneferX showed [8h 9h] and won ($65.18) with a flush, Ace high
Seat 6: xxxZeka (button) folded before Flop (didn't bet)



PokerStars Hand #254552647408:  Hold'em No Limit ($0.50/$1.00 USD) - 2025/01/25 21:44:51 WET [2025/01/25 16:44:51 ET]
Table 'Ushakaron IV' 6-max Seat #1 is the button
Seat 1: Pippa83 ($101.70 in chips) 
Seat 2: klauninsh ($37.12 in chips) 
Seat 3: pr0tecto ($117.37 in chips) 
Seat 4: yzuk ($159.51 in chips) 
Seat 5: XneferX ($147.61 in chips) 
Seat 6: xxxZeka ($100 in chips) 
klauninsh: posts small blind $0.50
pr0tecto: posts big blind $1
*** HOLE CARDS ***
yzuk: folds 
XneferX: raises $1.10 to $2.10
xxxZeka: folds 
Pippa83: folds 
klauninsh: folds 
pr0tecto: folds 
Uncalled bet ($1.10) returned to XneferX
XneferX collected $2.50 from pot
XneferX: doesn't show hand 
*** SUMMARY ***
Total pot $2.50 | Rake $0 
Seat 1: Pippa83 (button) folded before Flop (didn't bet)
Seat 2: klauninsh (small blind) folded before Flop
Seat 3: pr0tecto (big blind) folded before Flop
Seat 4: yzuk folded before Flop (didn't bet)
Seat 5: XneferX collected ($2.50)
Seat 6: xxxZeka folded before Flop (didn't bet)



PokerStars Hand #254552652520:  Hold'em No Limit ($0.50/$1.00 USD) - 2025/01/25 21:45:08 WET [2025/01/25 16:45:08 ET]
Table 'Ushakaron IV' 6-max Seat #2 is the button
Seat 1: Pippa83 ($101.70 in chips) 
Seat 2: klauninsh ($36.62 in chips) 
Seat 3: pr0tecto ($116.37 in chips) 
Seat 4: yzuk ($159.51 in chips) 
Seat 5: XneferX ($149.11 in chips) 
Seat 6: xxxZeka ($100 in chips) 
pr0tecto: posts small blind $0.50
yzuk: posts big blind $1
*** HOLE CARDS ***
XneferX: folds 
xxxZeka: folds 
Pippa83: raises $1.50 to $2.50
klauninsh: folds 
pr0tecto: folds 
yzuk: folds 
Uncalled bet ($1.50) returned to Pippa83
Pippa83 collected $2.50 from pot
Pippa83: doesn't show hand 
*** SUMMARY ***
Total pot $2.50 | Rake $0 
Seat 1: Pippa83 collected ($2.50)
Seat 2: klauninsh (button) folded before Flop (didn't bet)
Seat 3: pr0tecto (small blind) folded before Flop
Seat 4: yzuk (big blind) folded before Flop
Seat 5: XneferX folded before Flop (didn't bet)
Seat 6: xxxZeka folded before Flop (didn't bet)



PokerStars Hand #254552657480:  Hold'em No Limit ($0.50/$1.00 USD) - 2025/01/25 21:45:25 WET [2025/01/25 16:45:25 ET]
Table 'Ushakaron IV' 6-max Seat #3 is the button
Seat 1: Pippa83 ($103.20 in chips) 
Seat 2: klauninsh ($36.62 in chips) 
Seat 3: pr0tecto ($115.87 in chips) 
Seat 4: yzuk ($158.51 in chips) 
Seat 5: XneferX ($149.11 in chips) 
Seat 6: xxxZeka ($100 in chips) 
yzuk: posts small blind $0.50
XneferX: posts big blind $1
*** HOLE CARDS ***
xxxZeka: folds 
Pippa83: folds 
klauninsh: folds 
pr0tecto: raises $2 to $3
yzuk: raises $10 to $13
XneferX: folds 
pr0tecto: folds 
Uncalled bet ($10) returned to yzuk
yzuk collected $7 from pot
yzuk: doesn't show hand 
*** SUMMARY ***
Total pot $7 | Rake $0 
Seat 1: Pippa83 folded before Flop (didn't bet)
Seat 2: klauninsh folded before Flop (didn't bet)
Seat 3: pr0tecto (button) folded before Flop
Seat 4: yzuk (small blind) collected ($7)
Seat 5: XneferX (big blind) folded before Flop
Seat 6: xxxZeka folded before Flop (didn't bet)



PokerStars Hand #254552663457:  Hold'em No Limit ($0.50/$1.00 USD) - 2025/01/25 21:45:46 WET [2025/01/25 16:45:46 ET]
Table 'Ushakaron IV' 6-max Seat #4 is the button
Seat 1: Pippa83 ($103.20 in chips) 
Seat 2: klauninsh ($36.62 in chips) 
Seat 3: pr0tecto ($112.87 in chips) 
Seat 4: yzuk ($162.51 in chips) 
Seat 5: XneferX ($148.11 in chips) 
Seat 6: xxxZeka ($100 in chips) 
XneferX: posts small blind $0.50
xxxZeka: posts big blind $1
*** HOLE CARDS ***
Pippa83: folds 
klauninsh: calls $1
pr0tecto: raises $3.50 to $4.50
yzuk: folds 
XneferX: folds 
xxxZeka: folds 
klauninsh: calls $3.50
*** FLOP *** [6c Th 2s]
klauninsh: checks 
pr0tecto: checks 
*** TURN *** [6c Th 2s] [8c]
klauninsh: bets $3
pr0tecto: calls $3
*** RIVER *** [6c Th 2s 8c] [7d]
klauninsh: bets $4
pr0tecto: folds 
Uncalled bet ($4) returned to klauninsh
klauninsh collected $15.68 from pot
*** SUMMARY ***
Total pot $16.50 | Rake $0.82 
Board [6c Th 2s 8c 7d]
Seat 1: Pippa83 folded before Flop (didn't bet)
Seat 2: klauninsh collected ($15.68)
Seat 3: pr0tecto folded on the River
Seat 4: yzuk (button) folded before Flop (didn't bet)
Seat 5: XneferX (small blind) folded before Flop
Seat 6: xxxZeka (big blind) folded before Flop



PokerStars Hand #254552679400:  Hold'em No Limit ($0.50/$1.00 USD) - 2025/01/25 21:46:41 WET [2025/01/25 16:46:41 ET]
Table 'Ushakaron IV' 6-max Seat #5 is the button
Seat 1: Pippa83 ($103.20 in chips) 
Seat 2: klauninsh ($44.80 in chips) 
Seat 3: pr0tecto ($105.37 in chips) 
Seat 4: yzuk ($162.51 in chips) 
Seat 5: XneferX ($147.61 in chips) 
Seat 6: xxxZeka ($100 in chips) 
xxxZeka: posts small blind $0.50
Pippa83: posts big blind $1
*** HOLE CARDS ***
klauninsh: calls $1
pr0tecto: folds 
yzuk: folds 
XneferX: folds 
xxxZeka: folds 
Pippa83: checks 
*** FLOP *** [5h 7s Td]
Pippa83: checks 
klauninsh: checks 
*** TURN *** [5h 7s Td] [2c]
Pippa83: checks 
klauninsh: checks 
*** RIVER *** [5h 7s Td 2c] [7d]
Pippa83: checks 
klauninsh: bets $3
Pippa83: folds 
Uncalled bet ($3) returned to klauninsh
klauninsh collected $2.38 from pot
*** SUMMARY ***
Total pot $2.50 | Rake $0.12 
Board [5h 7s Td 2c 7d]
Seat 1: Pippa83 (big blind) folded on the River
Seat 2: klauninsh collected ($2.38)
Seat 3: pr0tecto folded before Flop (didn't bet)
Seat 4: yzuk folded before Flop (didn't bet)
Seat 5: XneferX (button) folded before Flop (didn't bet)
Seat 6: xxxZeka (small blind) folded before Flop



PokerStars Hand #254552689652:  Hold'em No Limit ($0.50/$1.00 USD) - 2025/01/25 21:47:16 WET [2025/01/25 16:47:16 ET]
Table 'Ushakaron IV' 6-max Seat #6 is the button
Seat 1: Pippa83 ($102.20 in chips) 
Seat 2: klauninsh ($46.18 in chips) 
Seat 3: pr0tecto ($105.37 in chips) 
Seat 4: yzuk ($162.51 in chips) 
Seat 5: XneferX ($147.61 in chips) 
Seat 6: xxxZeka ($100 in chips) 
Pippa83: posts small blind $0.50
klauninsh: posts big blind $1
*** HOLE CARDS ***
pr0tecto: folds 
yzuk: folds 
XneferX: folds 
xxxZeka: raises $1.50 to $2.50
Pippa83: folds 
klauninsh: calls $1.50
*** FLOP *** [Qs Jh 4d]
klauninsh: checks 
xxxZeka: checks 
*** TURN *** [Qs Jh 4d] [6d]
klauninsh: checks 
xxxZeka: bets $3.45
klauninsh: folds 
Uncalled bet ($3.45) returned to xxxZeka
xxxZeka collected $5.22 from pot
xxxZeka: doesn't show hand 
*** SUMMARY ***
Total pot $5.50 | Rake $0.28 
Board [Qs Jh 4d 6d]
Seat 1: Pippa83 (small blind) folded before Flop
Seat 2: klauninsh (big blind) folded on the Turn
Seat 3: pr0tecto folded before Flop (didn't bet)
Seat 4: yzuk folded before Flop (didn't bet)
Seat 5: XneferX folded before Flop (didn't bet)
Seat 6: xxxZeka (button) collected ($5.22)



PokerStars Hand #254552700705:  Hold'em No Limit ($0.50/$1.00 USD) - 2025/01/25 21:47:53 WET [2025/01/25 16:47:53 ET]
Table 'Ushakaron IV' 6-max Seat #1 is the button
Seat 1: Pippa83 ($101.70 in chips) 
Seat 2: klauninsh ($43.68 in chips) 
Seat 3: pr0tecto ($105.37 in chips) 
Seat 4: yzuk ($162.51 in chips) 
Seat 5: XneferX ($147.61 in chips) 
Seat 6: xxxZeka ($102.72 in chips) 
klauninsh: posts small blind $0.50
pr0tecto: posts big blind $1
*** HOLE CARDS ***
yzuk: folds 
XneferX: folds 
xxxZeka: raises $1.50 to $2.50
Pippa83: folds 
klauninsh: folds 
pr0tecto: folds 
Uncalled bet ($1.50) returned to xxxZeka
xxxZeka collected $2.50 from pot
xxxZeka: doesn't show hand 
*** SUMMARY ***
Total pot $2.50 | Rake $0 
Seat 1: Pippa83 (button) folded before Flop (didn't bet)
Seat 2: klauninsh (small blind) folded before Flop
Seat 3: pr0tecto (big blind) folded before Flop
Seat 4: yzuk folded before Flop (didn't bet)
Seat 5: XneferX folded before Flop (didn't bet)
Seat 6: xxxZeka collected ($2.50)



PokerStars Hand #254552705706:  Hold'em No Limit ($0.50/$1.00 USD) - 2025/01/25 21:48:10 WET [2025/01/25 16:48:10 ET]
Table 'Ushakaron IV' 6-max Seat #2 is the button
Seat 1: Pippa83 ($101.70 in chips) 
Seat 2: klauninsh ($43.18 in chips) 
Seat 3: pr0tecto ($104.37 in chips) 
Seat 4: yzuk ($162.51 in chips) 
Seat 5: XneferX ($147.61 in chips) 
Seat 6: xxxZeka ($104.22 in chips) 
pr0tecto: posts small blind $0.50
yzuk: posts big blind $1
*** HOLE CARDS ***
XneferX: folds 
xxxZeka: folds 
Pippa83: folds 
klauninsh: calls $1
pr0tecto: folds 
yzuk: checks 
*** FLOP *** [4s As 6c]
yzuk: checks 
klauninsh: checks 
*** TURN *** [4s As 6c] [7s]
yzuk: checks 
klauninsh: checks 
*** RIVER *** [4s As 6c 7s] [Kd]
yzuk: bets $1.21
klauninsh: raises $2.21 to $3.42
yzuk: folds 
Uncalled bet ($2.21) returned to klauninsh
klauninsh collected $4.67 from pot
*** SUMMARY ***
Total pot $4.92 | Rake $0.25 
Board [4s As 6c 7s Kd]
Seat 1: Pippa83 folded before Flop (didn't bet)
Seat 2: klauninsh (button) collected ($4.67)
Seat 3: pr0tecto (small blind) folded before Flop
Seat 4: yzuk (big blind) folded on the River
Seat 5: XneferX folded before Flop (didn't bet)
Seat 6: xxxZeka folded before Flop (didn't bet)



PokerStars Hand #254552712404:  Hold'em No Limit ($0.50/$1.00 USD) - 2025/01/25 21:48:33 WET [2025/01/25 16:48:33 ET]
Table 'Ushakaron IV' 6-max Seat #3 is the button
Seat 1: Pippa83 ($101.70 in chips) 
Seat 2: klauninsh ($45.64 in chips) 
Seat 3: pr0tecto ($103.87 in chips) 
Seat 4: yzuk ($160.30 in chips) 
Seat 5: XneferX ($147.61 in chips) 
Seat 6: xxxZeka ($104.22 in chips) 
yzuk: posts small blind $0.50
XneferX: posts big blind $1
*** HOLE CARDS ***
xxxZeka: folds 
Pippa83: raises $1.20 to $2.20
klauninsh: calls $2.20
pr0tecto: folds 
yzuk: raises $11.80 to $14
XneferX: folds 
Pippa83: folds 
klauninsh: calls $11.80
*** FLOP *** [Ah Jd Kh]
yzuk: checks 
klauninsh: bets $10
yzuk: calls $10
*** TURN *** [Ah Jd Kh] [9s]
yzuk: checks 
klauninsh: bets $21.64 and is all-in
yzuk: folds 
Uncalled bet ($21.64) returned to klauninsh
klauninsh collected $48.70 from pot
*** SUMMARY ***
Total pot $51.20 | Rake $2.50 
Board [Ah Jd Kh 9s]
Seat 1: Pippa83 folded before Flop
Seat 2: klauninsh collected ($48.70)
Seat 3: pr0tecto (button) folded before Flop (didn't bet)
Seat 4: yzuk (small blind) folded on the Turn
Seat 5: XneferX (big blind) folded before Flop
Seat 6: xxxZeka folded before Flop (didn't bet)



PokerStars Hand #254552726840:  Hold'em No Limit ($0.50/$1.00 USD) - 2025/01/25 21:49:22 WET [2025/01/25 16:49:22 ET]
Table 'Ushakaron IV' 6-max Seat #4 is the button
Seat 1: Pippa83 ($100 in chips) 
Seat 2: klauninsh ($70.34 in chips) 
Seat 3: pr0tecto ($103.87 in chips) 
Seat 4: yzuk ($136.30 in chips) 
Seat 5: XneferX ($146.61 in chips) 
Seat 6: xxxZeka ($104.22 in chips) 
XneferX: posts small blind $0.50
xxxZeka: posts big blind $1
*** HOLE CARDS ***
Pippa83: raises $1.20 to $2.20
klauninsh: folds 
pr0tecto: folds 
yzuk: folds 
XneferX: folds 
xxxZeka: calls $1.20
*** FLOP *** [Tc Jh Ks]
xxxZeka: checks 
Pippa83: bets $2.50
xxxZeka: calls $2.50
*** TURN *** [Tc Jh Ks] [9s]
xxxZeka: checks 
Pippa83: checks 
*** RIVER *** [Tc Jh Ks 9s] [Jd]
xxxZeka: bets $3.10
Pippa83: raises $11.70 to $14.80
xxxZeka: folds 
Uncalled bet ($11.70) returned to Pippa83
Pippa83 collected $15.30 from pot
Pippa83: doesn't show hand 
*** SUMMARY ***
Total pot $16.10 | Rake $0.80 
Board [Tc Jh Ks 9s Jd]
Seat 1: Pippa83 collected ($15.30)
Seat 2: klauninsh folded before Flop (didn't bet)
Seat 3: pr0tecto folded before Flop (didn't bet)
Seat 4: yzuk (button) folded before Flop (didn't bet)
Seat 5: XneferX (small blind) folded before Flop
Seat 6: xxxZeka (big blind) folded on the River



PokerStars Hand #254552758603:  Hold'em No Limit ($0.50/$1.00 USD) - 2025/01/25 21:51:13 WET [2025/01/25 16:51:13 ET]
Table 'Ushakaron IV' 6-max Seat #5 is the button
Seat 1: Pippa83 ($107.50 in chips) 
Seat 2: klauninsh ($70.34 in chips) 
Seat 3: pr0tecto ($103.87 in chips) 
Seat 4: yzuk ($136.30 in chips) 
Seat 5: XneferX ($146.11 in chips) 
Seat 6: xxxZeka ($100 in chips) 
xxxZeka: posts small blind $0.50
Pippa83: posts big blind $1
*** HOLE CARDS ***
klauninsh: calls $1
pr0tecto: folds 
yzuk: raises $3 to $4
XneferX: raises $8 to $12
xxxZeka: folds 
Pippa83: folds 
klauninsh: folds 
yzuk: raises $16 to $28
XneferX: raises $118.11 to $146.11 and is all-in
yzuk: folds 
Uncalled bet ($118.11) returned to XneferX
XneferX collected $58.50 from pot
XneferX: doesn't show hand 
*** SUMMARY ***
Total pot $58.50 | Rake $0 
Seat 1: Pippa83 (big blind) folded before Flop
Seat 2: klauninsh folded before Flop
Seat 3: pr0tecto folded before Flop (didn't bet)
Seat 4: yzuk folded before Flop
Seat 5: XneferX (button) collected ($58.50)
Seat 6: xxxZeka (small blind) folded before Flop



PokerStars Hand #254552774717:  Hold'em No Limit ($0.50/$1.00 USD) - 2025/01/25 21:52:10 WET [2025/01/25 16:52:10 ET]
Table 'Ushakaron IV' 6-max Seat #6 is the button
Seat 1: Pippa83 ($106.50 in chips) 
Seat 2: klauninsh ($69.34 in chips) 
Seat 3: pr0tecto ($103.87 in chips) 
Seat 4: yzuk ($108.30 in chips) 
Seat 5: XneferX ($176.61 in chips) 
Seat 6: xxxZeka ($100 in chips) 
Pippa83: posts small blind $0.50
klauninsh: posts big blind $1
*** HOLE CARDS ***
pr0tecto: folds 
yzuk: folds 
XneferX: folds 
xxxZeka: folds 
Pippa83: raises $2 to $3
klauninsh: folds 
Uncalled bet ($2) returned to Pippa83
Pippa83 collected $2 from pot
Pippa83: doesn't show hand 
*** SUMMARY ***
Total pot $2 | Rake $0 
Seat 1: Pippa83 (small blind) collected ($2)
Seat 2: klauninsh (big blind) folded before Flop
Seat 3: pr0tecto folded before Flop (didn't bet)
Seat 4: yzuk folded before Flop (didn't bet)
Seat 5: XneferX folded before Flop (didn't bet)
Seat 6: xxxZeka (button) folded before Flop (didn't bet)



PokerStars Hand #254552781564:  Hold'em No Limit ($0.50/$1.00 USD) - 2025/01/25 21:52:34 WET [2025/01/25 16:52:34 ET]
Table 'Ushakaron IV' 6-max Seat #1 is the button
Seat 3: pr0tecto ($103.87 in chips) is sitting out
Seat 4: yzuk ($108.30 in chips) is sitting out
Seat 1: Pippa83 ($107.50 in chips) 
Seat 2: klauninsh ($68.34 in chips) 
Seat 5: XneferX ($176.61 in chips) 
Seat 6: xxxZeka ($100 in chips) 
klauninsh: posts small blind $0.50
pr0tecto: is sitting out 
yzuk: is sitting out 
XneferX: posts big blind $1
*** HOLE CARDS ***
xxxZeka: folds 
yzuk leaves the table
Pippa83: raises $1.50 to $2.50
klauninsh: calls $2
XneferX: folds 
*** FLOP *** [8c 5c Jc]
klauninsh: checks 
Pippa83: bets $1.43
klauninsh: calls $1.43
*** TURN *** [8c 5c Jc] [Qc]
klauninsh: checks 
Pippa83: checks 
*** RIVER *** [8c 5c Jc Qc] [3c]
klauninsh: bets $4
Pippa83: calls $4
*** SHOW DOWN ***
klauninsh: shows [Kc Js] (a flush, King high)
Pippa83: mucks hand 
klauninsh collected $16.02 from pot
*** SUMMARY ***
Total pot $16.86 | Rake $0.84 
Board [8c 5c Jc Qc 3c]
Seat 3: pr0tecto
Seat 4: yzuk
Seat 1: Pippa83 (button) mucked
Seat 2: klauninsh (small blind) showed [Kc Js] and won ($16.02) with a flush, King high
Seat 5: XneferX (big blind) folded before Flop
Seat 6: xxxZeka folded before Flop (didn't bet)



PokerStars Hand #254552796080:  Hold'em No Limit ($0.50/$1.00 USD) - 2025/01/25 21:53:25 WET [2025/01/25 16:53:25 ET]
Table 'Ushakaron IV' 6-max Seat #2 is the button
Seat 3: pr0tecto ($103.87 in chips) is sitting out
Seat 1: Pippa83 ($100 in chips) 
Seat 2: klauninsh ($76.43 in chips) 
Seat 5: XneferX ($175.61 in chips) 
Seat 6: xxxZeka ($100 in chips) 
XneferX: posts small blind $0.50
xxxZeka: posts big blind $1
*** HOLE CARDS ***
Pippa83: folds 
klauninsh: folds 
XneferX: folds 
Uncalled bet ($0.50) returned to xxxZeka
xxxZeka collected $1 from pot
xxxZeka: doesn't show hand 
*** SUMMARY ***
Total pot $1 | Rake $0 
Seat 3: pr0tecto
Seat 1: Pippa83 folded before Flop (didn't bet)
Seat 2: klauninsh (button) folded before Flop (didn't bet)
Seat 5: XneferX (small blind) folded before Flop
Seat 6: xxxZeka (big blind) collected ($1)



PokerStars Hand #254552800268:  Hold'em No Limit ($0.50/$1.00 USD) - 2025/01/25 21:53:39 WET [2025/01/25 16:53:39 ET]
Table 'Ushakaron IV' 6-max Seat #5 is the button
Seat 3: pr0tecto ($103.87 in chips) is sitting out
Seat 1: Pippa83 ($100 in chips) 
Seat 2: klauninsh ($76.43 in chips) 
Seat 5: XneferX ($175.11 in chips) 
Seat 6: xxxZeka ($100.50 in chips) 
xxxZeka: posts small blind $0.50
Pippa83: posts big blind $1
*** HOLE CARDS ***
BoyLoc0 joins the table at seat #4 
klauninsh: folds 
XneferX: folds 
xxxZeka: folds 
Uncalled bet ($0.50) returned to Pippa83
Pippa83 collected $1 from pot
Pippa83: doesn't show hand 
*** SUMMARY ***
Total pot $1 | Rake $0 
Seat 3: pr0tecto
Seat 1: Pippa83 (big blind) collected ($1)
Seat 2: klauninsh folded before Flop (didn't bet)
Seat 5: XneferX (button) folded before Flop (didn't bet)
Seat 6: xxxZeka (small blind) folded before Flop



PokerStars Hand #254552805744:  Hold'em No Limit ($0.50/$1.00 USD) - 2025/01/25 21:53:59 WET [2025/01/25 16:53:59 ET]
Table 'Ushakaron IV' 6-max Seat #6 is the button
Seat 3: pr0tecto ($103.87 in chips) is sitting out
Seat 4: BoyLoc0 ($122.20 in chips) is sitting out
Seat 1: Pippa83 ($100.50 in chips) 
Seat 2: klauninsh ($76.43 in chips) 
Seat 5: XneferX ($175.11 in chips) 
Seat 6: xxxZeka ($100 in chips) 
Pippa83: posts small blind $0.50
klauninsh: posts big blind $1
BoyLoc0: sits out 
*** HOLE CARDS ***
XneferX: folds 
xxxZeka: folds 
Pippa83: raises $2 to $3
klauninsh: folds 
Uncalled bet ($2) returned to Pippa83
Pippa83 collected $2 from pot
Pippa83: doesn't show hand 
*** SUMMARY ***
Total pot $2 | Rake $0 
Seat 3: pr0tecto
Seat 4: BoyLoc0
Seat 1: Pippa83 (small blind) collected ($2)
Seat 2: klauninsh (big blind) folded before Flop
Seat 5: XneferX folded before Flop (didn't bet)
Seat 6: xxxZeka (button) folded before Flop (didn't bet)



PokerStars Hand #254552810280:  Hold'em No Limit ($0.50/$1.00 USD) - 2025/01/25 21:54:15 WET [2025/01/25 16:54:15 ET]
Table 'Ushakaron IV' 6-max Seat #1 is the button
Seat 3: pr0tecto ($103.87 in chips) is sitting out
Seat 1: Pippa83 ($101.50 in chips) 
Seat 2: klauninsh ($75.43 in chips) 
Seat 4: BoyLoc0 ($122.20 in chips) 
Seat 5: XneferX ($175.11 in chips) 
Seat 6: xxxZeka ($100 in chips) 
klauninsh: posts small blind $0.50
BoyLoc0: posts big blind $1
*** HOLE CARDS ***
XneferX: folds 
xxxZeka: folds 
Pippa83: raises $1.50 to $2.50
klauninsh: calls $2
BoyLoc0: folds 
*** FLOP *** [Ah 4h Ks]
klauninsh: checks 
Pippa83: bets $4.28
klauninsh: folds 
Uncalled bet ($4.28) returned to Pippa83
Pippa83 collected $5.70 from pot
Pippa83: doesn't show hand 
*** SUMMARY ***
Total pot $6 | Rake $0.30 
Board [Ah 4h Ks]
Seat 3: pr0tecto
Seat 1: Pippa83 (button) collected ($5.70)
Seat 2: klauninsh (small blind) folded on the Flop
Seat 4: BoyLoc0 (big blind) folded before Flop
Seat 5: XneferX folded before Flop (didn't bet)
Seat 6: xxxZeka folded before Flop (didn't bet)



PokerStars Hand #254552816004:  Hold'em No Limit ($0.50/$1.00 USD) - 2025/01/25 21:54:35 WET [2025/01/25 16:54:35 ET]
Table 'Ushakaron IV' 6-max Seat #2 is the button
Seat 3: pr0tecto ($103.87 in chips) is sitting out
Seat 1: Pippa83 ($104.70 in chips) 
Seat 2: klauninsh ($72.93 in chips) 
Seat 4: BoyLoc0 ($121.20 in chips) 
Seat 5: XneferX ($175.11 in chips) 
Seat 6: xxxZeka ($100 in chips) 
BoyLoc0: posts small blind $0.50
XneferX: posts big blind $1
*** HOLE CARDS ***
xxxZeka: folds 
Pippa83: raises $1.50 to $2.50
klauninsh: raises $2.50 to $5
BoyLoc0: folds 
XneferX: folds 
Pippa83: calls $2.50
*** FLOP *** [3h 5d Th]
Pippa83: checks 
klauninsh: bets $5
Pippa83: calls $5
*** TURN *** [3h 5d Th] [8s]
Pippa83: checks 
klauninsh: checks 
*** RIVER *** [3h 5d Th 8s] [Tc]
Pippa83: checks 
klauninsh: checks 
*** SHOW DOWN ***
Pippa83: shows [Qs Ac] (a pair of Tens)
klauninsh: shows [As Kd] (a pair of Tens - Ace+King kicker)
klauninsh collected $20.42 from pot
*** SUMMARY ***
Total pot $21.50 | Rake $1.08 
Board [3h 5d Th 8s Tc]
Seat 3: pr0tecto
Seat 1: Pippa83 showed [Qs Ac] and lost with a pair of Tens
Seat 2: klauninsh (button) showed [As Kd] and won ($20.42) with a pair of Tens
Seat 4: BoyLoc0 (small blind) folded before Flop
Seat 5: XneferX (big blind) folded before Flop
Seat 6: xxxZeka folded before Flop (didn't bet)



PokerStars Hand #254552829564:  Hold'em No Limit ($0.50/$1.00 USD) - 2025/01/25 21:55:28 WET [2025/01/25 16:55:28 ET]
Table 'Ushakaron IV' 6-max Seat #4 is the button
Seat 3: pr0tecto ($103.87 in chips) is sitting out
Seat 1: Pippa83 ($100 in chips) 
Seat 2: klauninsh ($83.35 in chips) 
Seat 4: BoyLoc0 ($120.70 in chips) 
Seat 5: XneferX ($174.11 in chips) 
Seat 6: xxxZeka ($100 in chips) 
XneferX: posts small blind $0.50
xxxZeka: posts big blind $1
*** HOLE CARDS ***
Pippa83: folds 
klauninsh: calls $1
BoyLoc0: raises $3 to $4
XneferX: folds 
xxxZeka: folds 
klauninsh: calls $3
*** FLOP *** [Jc Th 4d]
klauninsh: checks 
BoyLoc0: checks 
*** TURN *** [Jc Th 4d] [4h]
klauninsh: checks 
BoyLoc0: checks 
*** RIVER *** [Jc Th 4d 4h] [Kh]
klauninsh: checks 
BoyLoc0: checks 
*** SHOW DOWN ***
klauninsh: shows [8h Ad] (a pair of Fours)
BoyLoc0: shows [7d 7c] (two pair, Sevens and Fours)
BoyLoc0 collected $9.02 from pot
*** SUMMARY ***
Total pot $9.50 | Rake $0.48 
Board [Jc Th 4d 4h Kh]
Seat 3: pr0tecto
Seat 1: Pippa83 folded before Flop (didn't bet)
Seat 2: klauninsh showed [8h Ad] and lost with a pair of Fours
Seat 4: BoyLoc0 (button) showed [7d 7c] and won ($9.02) with two pair, Sevens and Fours
Seat 5: XneferX (small blind) folded before Flop
Seat 6: xxxZeka (big blind) folded before Flop



PokerStars Hand #254552836167:  Hold'em No Limit ($0.50/$1.00 USD) - 2025/01/25 21:56:01 WET [2025/01/25 16:56:01 ET]
Table 'Ushakaron IV' 6-max Seat #5 is the button
Seat 1: Pippa83 ($100 in chips) is sitting out
Seat 3: pr0tecto ($103.87 in chips) is sitting out
Seat 2: klauninsh ($79.35 in chips) 
Seat 4: BoyLoc0 ($125.72 in chips) 
Seat 5: XneferX ($173.61 in chips) 
Seat 6: xxxZeka ($100 in chips) 
xxxZeka: posts small blind $0.50
klauninsh: posts big blind $1
*** HOLE CARDS ***
BoyLoc0: folds 
XneferX: raises $1.77 to $2.77
xxxZeka: folds 
klauninsh: raises $2.77 to $5.54
XneferX: folds 
Uncalled bet ($2.77) returned to klauninsh
klauninsh collected $6.04 from pot
*** SUMMARY ***
Total pot $6.04 | Rake $0 
Seat 1: Pippa83
Seat 3: pr0tecto
Seat 2: klauninsh (big blind) collected ($6.04)
Seat 4: BoyLoc0 folded before Flop (didn't bet)
Seat 5: XneferX (button) folded before Flop
Seat 6: xxxZeka (small blind) folded before Flop



PokerStars Hand #254552840134:  Hold'em No Limit ($0.50/$1.00 USD) - 2025/01/25 21:56:21 WET [2025/01/25 16:56:21 ET]
Table 'Ushakaron IV' 6-max Seat #6 is the button
Seat 1: Pippa83 ($100 in chips) is sitting out
Seat 2: klauninsh ($82.62 in chips) 
Seat 3: pr0tecto ($103.87 in chips) 
Seat 4: BoyLoc0 ($125.72 in chips) 
Seat 5: XneferX ($170.84 in chips) 
Seat 6: xxxZeka ($100 in chips) 
klauninsh: posts small blind $0.50
pr0tecto: posts big blind $1
*** HOLE CARDS ***
BoyLoc0: folds 
XneferX: folds 
xxxZeka: raises $1.50 to $2.50
klauninsh: calls $2
pr0tecto: folds 
*** FLOP *** [Ad 6d 8s]
klauninsh: checks 
xxxZeka: checks 
*** TURN *** [Ad 6d 8s] [Ts]
klauninsh: checks 
xxxZeka: bets $2
klauninsh: folds 
Uncalled bet ($2) returned to xxxZeka
xxxZeka collected $5.70 from pot
xxxZeka: doesn't show hand 
*** SUMMARY ***
Total pot $6 | Rake $0.30 
Board [Ad 6d 8s Ts]
Seat 1: Pippa83
Seat 2: klauninsh (small blind) folded on the Turn
Seat 3: pr0tecto (big blind) folded before Flop
Seat 4: BoyLoc0 folded before Flop (didn't bet)
Seat 5: XneferX folded before Flop (didn't bet)
Seat 6: xxxZeka (button) collected ($5.70)



PokerStars Hand #254552845708:  Hold'em No Limit ($0.50/$1.00 USD) - 2025/01/25 21:56:49 WET [2025/01/25 16:56:49 ET]
Table 'Ushakaron IV' 6-max Seat #2 is the button
Seat 1: Pippa83 ($100 in chips) is sitting out
Seat 2: klauninsh ($80.12 in chips) 
Seat 3: pr0tecto ($102.87 in chips) 
Seat 4: BoyLoc0 ($125.72 in chips) 
Seat 5: XneferX ($170.84 in chips) 
Seat 6: xxxZeka ($103.20 in chips) 
pr0tecto: posts small blind $0.50
BoyLoc0: posts big blind $1
*** HOLE CARDS ***
XneferX: folds 
xxxZeka: folds 
klauninsh: calls $1
pr0tecto: folds 
BoyLoc0: checks 
*** FLOP *** [Qh Qs 7c]
BoyLoc0: bets $2
klauninsh: folds 
Uncalled bet ($2) returned to BoyLoc0
BoyLoc0 collected $2.38 from pot
BoyLoc0: doesn't show hand 
*** SUMMARY ***
Total pot $2.50 | Rake $0.12 
Board [Qh Qs 7c]
Seat 1: Pippa83
Seat 2: klauninsh (button) folded on the Flop
Seat 3: pr0tecto (small blind) folded before Flop
Seat 4: BoyLoc0 (big blind) collected ($2.38)
Seat 5: XneferX folded before Flop (didn't bet)
Seat 6: xxxZeka folded before Flop (didn't bet)



PokerStars Hand #254552849651:  Hold'em No Limit ($0.50/$1.00 USD) - 2025/01/25 21:57:08 WET [2025/01/25 16:57:08 ET]
Table 'Ushakaron IV' 6-max Seat #3 is the button
Seat 1: Pippa83 ($100 in chips) is sitting out
Seat 2: klauninsh ($79.12 in chips) 
Seat 3: pr0tecto ($102.37 in chips) 
Seat 4: BoyLoc0 ($127.10 in chips) 
Seat 5: XneferX ($170.84 in chips) 
Seat 6: xxxZeka ($103.20 in chips) 
BoyLoc0: posts small blind $0.50
XneferX: posts big blind $1
*** HOLE CARDS ***
xxxZeka: raises $1.50 to $2.50
klauninsh: folds 
pr0tecto: folds 
BoyLoc0: folds 
XneferX: calls $1.50
*** FLOP *** [9d Ts 9s]
XneferX: checks 
xxxZeka: checks 
*** TURN *** [9d Ts 9s] [Ks]
XneferX: bets $4.02
xxxZeka: folds 
Uncalled bet ($4.02) returned to XneferX
XneferX collected $5.22 from pot
XneferX: doesn't show hand 
*** SUMMARY ***
Total pot $5.50 | Rake $0.28 
Board [9d Ts 9s Ks]
Seat 1: Pippa83
Seat 2: klauninsh folded before Flop (didn't bet)
Seat 3: pr0tecto (button) folded before Flop (didn't bet)
Seat 4: BoyLoc0 (small blind) folded before Flop
Seat 5: XneferX (big blind) collected ($5.22)
Seat 6: xxxZeka folded on the Turn



PokerStars Hand #254552859684:  Hold'em No Limit ($0.50/$1.00 USD) - 2025/01/25 21:57:56 WET [2025/01/25 16:57:56 ET]
Table 'Ushakaron IV' 6-max Seat #4 is the button
Seat 1: Pippa83 ($100 in chips) is sitting out
Seat 2: klauninsh ($79.12 in chips) 
Seat 3: pr0tecto ($102.37 in chips) 
Seat 4: BoyLoc0 ($126.60 in chips) 
Seat 5: XneferX ($173.56 in chips) 
Seat 6: xxxZeka ($100.70 in chips) 
XneferX: posts small blind $0.50
xxxZeka: posts big blind $1
*** HOLE CARDS ***
klauninsh: folds 
pr0tecto: folds 
BoyLoc0: raises $1.50 to $2.50
XneferX: folds 
xxxZeka: folds 
Uncalled bet ($1.50) returned to BoyLoc0
BoyLoc0 collected $2.50 from pot
BoyLoc0: doesn't show hand 
*** SUMMARY ***
Total pot $2.50 | Rake $0 
Seat 1: Pippa83
Seat 2: klauninsh folded before Flop (didn't bet)
Seat 3: pr0tecto folded before Flop (didn't bet)
Seat 4: BoyLoc0 (button) collected ($2.50)
Seat 5: XneferX (small blind) folded before Flop
Seat 6: xxxZeka (big blind) folded before Flop



PokerStars Hand #254552861967:  Hold'em No Limit ($0.50/$1.00 USD) - 2025/01/25 21:58:07 WET [2025/01/25 16:58:07 ET]
Table 'Ushakaron IV' 6-max Seat #5 is the button
Seat 1: Pippa83 ($100 in chips) 
Seat 2: klauninsh ($79.12 in chips) 
Seat 3: pr0tecto ($102.37 in chips) 
Seat 4: BoyLoc0 ($128.10 in chips) 
Seat 5: XneferX ($173.06 in chips) 
Seat 6: xxxZeka ($100 in chips) 
xxxZeka: posts small blind $0.50
Pippa83: posts big blind $1
*** HOLE CARDS ***
klauninsh: folds 
pr0tecto: folds 
BoyLoc0: raises $1.50 to $2.50
XneferX: folds 
xxxZeka: folds 
Pippa83: folds 
Uncalled bet ($1.50) returned to BoyLoc0
BoyLoc0 collected $2.50 from pot
BoyLoc0: doesn't show hand 
*** SUMMARY ***
Total pot $2.50 | Rake $0 
Seat 1: Pippa83 (big blind) folded before Flop
Seat 2: klauninsh folded before Flop (didn't bet)
Seat 3: pr0tecto folded before Flop (didn't bet)
Seat 4: BoyLoc0 collected ($2.50)
Seat 5: XneferX (button) folded before Flop (didn't bet)
Seat 6: xxxZeka (small blind) folded before Flop



PokerStars Hand #254552868935:  Hold'em No Limit ($0.50/$1.00 USD) - 2025/01/25 21:58:41 WET [2025/01/25 16:58:41 ET]
Table 'Ushakaron IV' 6-max Seat #6 is the button
Seat 1: Pippa83 ($100 in chips) 
Seat 2: klauninsh ($79.12 in chips) 
Seat 3: pr0tecto ($102.37 in chips) 
Seat 4: BoyLoc0 ($129.60 in chips) 
Seat 5: XneferX ($173.06 in chips) 
Seat 6: xxxZeka ($100 in chips) 
Pippa83: posts small blind $0.50
klauninsh: posts big blind $1
*** HOLE CARDS ***
pr0tecto: folds 
BoyLoc0: folds 
XneferX: raises $1.30 to $2.30
xxxZeka: folds 
Pippa83: folds 
klauninsh: folds 
Uncalled bet ($1.30) returned to XneferX
XneferX collected $2.50 from pot
XneferX: doesn't show hand 
*** SUMMARY ***
Total pot $2.50 | Rake $0 
Seat 1: Pippa83 (small blind) folded before Flop
Seat 2: klauninsh (big blind) folded before Flop
Seat 3: pr0tecto folded before Flop (didn't bet)
Seat 4: BoyLoc0 folded before Flop (didn't bet)
Seat 5: XneferX collected ($2.50)
Seat 6: xxxZeka (button) folded before Flop (didn't bet)



PokerStars Hand #254552872732:  Hold'em No Limit ($0.50/$1.00 USD) - 2025/01/25 21:58:58 WET [2025/01/25 16:58:58 ET]
Table 'Ushakaron IV' 6-max Seat #1 is the button
Seat 1: Pippa83 ($100 in chips) 
Seat 2: klauninsh ($78.12 in chips) 
Seat 3: pr0tecto ($102.37 in chips) 
Seat 4: BoyLoc0 ($129.60 in chips) 
Seat 5: XneferX ($174.56 in chips) 
Seat 6: xxxZeka ($100 in chips) 
klauninsh: posts small blind $0.50
pr0tecto: posts big blind $1
*** HOLE CARDS ***
BoyLoc0: folds 
XneferX: folds 
xxxZeka: raises $1.50 to $2.50
Pippa83: folds 
klauninsh: calls $2
pr0tecto: folds 
*** FLOP *** [9d 8h Kd]
klauninsh: checks 
xxxZeka: bets $1.88
klauninsh: folds 
Uncalled bet ($1.88) returned to xxxZeka
xxxZeka collected $5.70 from pot
xxxZeka: doesn't show hand 
*** SUMMARY ***
Total pot $6 | Rake $0.30 
Board [9d 8h Kd]
Seat 1: Pippa83 (button) folded before Flop (didn't bet)
Seat 2: klauninsh (small blind) folded on the Flop
Seat 3: pr0tecto (big blind) folded before Flop
Seat 4: BoyLoc0 folded before Flop (didn't bet)
Seat 5: XneferX folded before Flop (didn't bet)
Seat 6: xxxZeka collected ($5.70)



PokerStars Hand #254553075908:  Hold'em No Limit ($0.50/$1.00 USD) - 2025/01/25 22:11:21 WET [2025/01/25 17:11:21 ET]
Table 'Ushakaron IV' 6-max Seat #2 is the button
Seat 3: XneferX ($161.56 in chips) is sitting out
Seat 1: Pippa83 ($138.43 in chips) 
Seat 2: Unipoker11 ($100 in chips) 
Unipoker11: posts small blind $0.50
Pippa83: posts big blind $1
*** HOLE CARDS ***
XneferX leaves the table
Unipoker11: raises $1.50 to $2.50
Pippa83: folds 
Uncalled bet ($1.50) returned to Unipoker11
Unipoker11 collected $2 from pot
Unipoker11: doesn't show hand 
*** SUMMARY ***
Total pot $2 | Rake $0 
Seat 3: XneferX
Seat 1: Pippa83 (big blind) folded before Flop
Seat 2: Unipoker11 (button) (small blind) collected ($2)



PokerStars Hand #254553086482:  Hold'em No Limit ($0.50/$1.00 USD) - 2025/01/25 22:11:58 WET [2025/01/25 17:11:58 ET]
Table 'Ushakaron IV' 6-max Seat #5 is the button
Seat 1: Pippa83 ($137.43 in chips) 
Seat 2: Unipoker11 ($101 in chips) 
Seat 5: XneferX ($161.56 in chips) 
Pippa83: posts small blind $0.50
Unipoker11: posts big blind $1
*** HOLE CARDS ***
XneferX: raises $1.77 to $2.77
Pippa83: folds 
Unipoker11: folds 
Uncalled bet ($1.77) returned to XneferX
XneferX collected $2.50 from pot
XneferX: doesn't show hand 
*** SUMMARY ***
Total pot $2.50 | Rake $0 
Seat 1: Pippa83 (small blind) folded before Flop
Seat 2: Unipoker11 (big blind) folded before Flop
Seat 5: XneferX (button) collected ($2.50)



PokerStars Hand #254553091533:  Hold'em No Limit ($0.50/$1.00 USD) - 2025/01/25 22:12:16 WET [2025/01/25 17:12:16 ET]
Table 'Ushakaron IV' 6-max Seat #1 is the button
Seat 1: Pippa83 ($136.93 in chips) 
Seat 2: Unipoker11 ($100 in chips) 
Seat 5: XneferX ($163.06 in chips) 
Unipoker11: posts small blind $0.50
XneferX: posts big blind $1
*** HOLE CARDS ***
Pippa83: raises $1.50 to $2.50
quadbogey99 joins the table at seat #3 
quadbogey99 is disconnected 
Unipoker11: folds 
XneferX: folds 
Uncalled bet ($1.50) returned to Pippa83
Nicedaymybro joins the table at seat #4 
Unipoker11 leaves the table
Pippa83 collected $2.50 from pot
Pippa83: doesn't show hand 
*** SUMMARY ***
Total pot $2.50 | Rake $0 
Seat 1: Pippa83 (button) collected ($2.50)
Seat 2: Unipoker11 (small blind) folded before Flop
Seat 5: XneferX (big blind) folded before Flop



PokerStars Hand #254553096055:  Hold'em No Limit ($0.50/$1.00 USD) - 2025/01/25 22:12:32 WET [2025/01/25 17:12:32 ET]
Table 'Ushakaron IV' 6-max Seat #5 is the button
Seat 4: Nicedaymybro ($100 in chips) is sitting out
Seat 1: Pippa83 ($138.43 in chips) 
Seat 3: quadbogey99 ($44.37 in chips) 
Seat 5: XneferX ($162.06 in chips) 
Pippa83: posts small blind $0.50
quadbogey99: posts big blind $1
Nicedaymybro: sits out 
*** HOLE CARDS ***
blistein joins the table at seat #6 
z00mba joins the table at seat #2 
XneferX: raises $1.77 to $2.77
Pippa83: folds 
quadbogey99: folds 
Uncalled bet ($1.77) returned to XneferX
XneferX collected $2.50 from pot
XneferX: doesn't show hand 
*** SUMMARY ***
Total pot $2.50 | Rake $0 
Seat 4: Nicedaymybro
Seat 1: Pippa83 (small blind) folded before Flop
Seat 3: quadbogey99 (big blind) folded before Flop
Seat 5: XneferX (button) collected ($2.50)



PokerStars Hand #254553099866:  Hold'em No Limit ($0.50/$1.00 USD) - 2025/01/25 22:12:45 WET [2025/01/25 17:12:45 ET]
Table 'Ushakaron IV' 6-max Seat #1 is the button
Seat 2: z00mba ($100 in chips) is sitting out
Seat 6: blistein ($100 in chips) is sitting out
Seat 1: Pippa83 ($137.93 in chips) 
Seat 3: quadbogey99 ($43.37 in chips) 
Seat 4: Nicedaymybro ($100 in chips) 
Seat 5: XneferX ($163.56 in chips) 
quadbogey99: posts small blind $0.50
Nicedaymybro: posts big blind $1
blistein: sits out 
*** HOLE CARDS ***
XneferX: folds 
Pippa83: folds 
quadbogey99: calls $0.50
z00mba leaves the table
Nicedaymybro: checks 
*** FLOP *** [Qs 8c 6h]
sskripka joins the table at seat #2 
quadbogey99: checks 
Nicedaymybro: checks 
*** TURN *** [Qs 8c 6h] [Jc]
quadbogey99: checks 
Nicedaymybro: bets $1
quadbogey99: calls $1
*** RIVER *** [Qs 8c 6h Jc] [2h]
quadbogey99: checks 
Nicedaymybro: checks 
*** SHOW DOWN ***
quadbogey99: shows [9h Ad] (high card Ace)
Nicedaymybro: shows [Td 2d] (a pair of Deuces)
Nicedaymybro collected $3.80 from pot
*** SUMMARY ***
Total pot $4 | Rake $0.20 
Board [Qs 8c 6h Jc 2h]
Seat 2: z00mba
Seat 6: blistein
Seat 1: Pippa83 (button) folded before Flop (didn't bet)
Seat 3: quadbogey99 (small blind) showed [9h Ad] and lost with high card Ace
Seat 4: Nicedaymybro (big blind) showed [Td 2d] and won ($3.80) with a pair of Deuces
Seat 5: XneferX folded before Flop (didn't bet)



PokerStars Hand #254553107735:  Hold'em No Limit ($0.50/$1.00 USD) - 2025/01/25 22:13:12 WET [2025/01/25 17:13:12 ET]
Table 'Ushakaron IV' 6-max Seat #3 is the button
Seat 2: sskripka ($100 in chips) is sitting out
Seat 6: blistein ($100 in chips) is sitting out
Seat 1: Pippa83 ($137.93 in chips) 
Seat 3: quadbogey99 ($41.37 in chips) 
Seat 4: Nicedaymybro ($101.80 in chips) 
Seat 5: XneferX ($163.56 in chips) 
Nicedaymybro: posts small blind $0.50
XneferX: posts big blind $1
blistein: sits out 
sskripka: sits out 
*** HOLE CARDS ***
Pippa83: folds 
quadbogey99: folds 
Nicedaymybro: raises $2 to $3
quadbogey99 leaves the table
XneferX: calls $2
*** FLOP *** [5c 9d 3h]
Nicedaymybro: checks 
XneferX: checks 
*** TURN *** [5c 9d 3h] [6c]
Nicedaymybro: checks 
XneferX: bets $1.94
Nicedaymybro: calls $1.94
*** RIVER *** [5c 9d 3h 6c] [2s]
Nicedaymybro: checks 
XneferX: bets $4.79
Nicedaymybro: calls $4.79
*** SHOW DOWN ***
XneferX: shows [6d 3d] (two pair, Sixes and Threes)
Nicedaymybro: mucks hand 
lilabully joins the table at seat #3 
lilabully is disconnected 
XneferX collected $18.49 from pot
*** SUMMARY ***
Total pot $19.46 | Rake $0.97 
Board [5c 9d 3h 6c 2s]
Seat 2: sskripka
Seat 6: blistein
Seat 1: Pippa83 folded before Flop (didn't bet)
Seat 3: quadbogey99 (button) folded before Flop (didn't bet)
Seat 4: Nicedaymybro (small blind) mucked
Seat 5: XneferX (big blind) showed [6d 3d] and won ($18.49) with two pair, Sixes and Threes



PokerStars Hand #254553125817:  Hold'em No Limit ($0.50/$1.00 USD) - 2025/01/25 22:14:16 WET [2025/01/25 17:14:16 ET]
Table 'Ushakaron IV' 6-max Seat #4 is the button
Seat 2: sskripka ($100 in chips) is sitting out
Seat 3: lilabully ($100 in chips) is sitting out
Seat 1: Pippa83 ($137.93 in chips) 
Seat 4: Nicedaymybro ($100 in chips) 
Seat 5: XneferX ($172.32 in chips) 
Seat 6: blistein ($100 in chips) 
XneferX: posts small blind $0.50
blistein: posts big blind $1
sskripka: sits out 
lilabully: sits out 
*** HOLE CARDS ***
Pippa83: folds 
Nicedaymybro: folds 
XneferX: raises $2 to $3
blistein: calls $2
*** FLOP *** [5c 3c 5d]
XneferX: bets $1.94
blistein: calls $1.94
*** TURN *** [5c 3c 5d] [6c]
XneferX: bets $4.79
blistein: calls $4.79
*** RIVER *** [5c 3c 5d 6c] [Td]
XneferX: checks 
blistein: checks 
*** SHOW DOWN ***
XneferX: shows [8d 8c] (two pair, Eights and Fives)
blistein: mucks hand 
XneferX collected $18.49 from pot
*** SUMMARY ***
Total pot $19.46 | Rake $0.97 
Board [5c 3c 5d 6c Td]
Seat 2: sskripka
Seat 3: lilabully
Seat 1: Pippa83 folded before Flop (didn't bet)
Seat 4: Nicedaymybro (button) folded before Flop (didn't bet)
Seat 5: XneferX (small blind) showed [8d 8c] and won ($18.49) with two pair, Eights and Fives
Seat 6: blistein (big blind) mucked



PokerStars Hand #254553154585:  Hold'em No Limit ($0.50/$1.00 USD) - 2025/01/25 22:15:56 WET [2025/01/25 17:15:56 ET]
Table 'Ushakaron IV' 6-max Seat #5 is the button
Seat 2: sskripka ($100 in chips) is sitting out
Seat 1: Pippa83 ($137.93 in chips) 
Seat 3: lilabully ($100 in chips) 
Seat 4: Nicedaymybro ($100 in chips) 
Seat 5: XneferX ($181.08 in chips) 
Seat 6: blistein ($100 in chips) 
blistein: posts small blind $0.50
Pippa83: posts big blind $1
sskripka: sits out 
lilabully: posts big blind $1
*** HOLE CARDS ***
lilabully: checks 
Nicedaymybro: folds 
XneferX: folds 
blistein: raises $3 to $4
Pippa83: raises $8 to $12
lilabully: folds 
blistein: raises $88 to $100 and is all-in
Pippa83: folds 
Uncalled bet ($88) returned to blistein
blistein collected $25 from pot
blistein: doesn't show hand 
*** SUMMARY ***
Total pot $25 | Rake $0 
Seat 2: sskripka
Seat 1: Pippa83 (big blind) folded before Flop
Seat 3: lilabully folded before Flop (didn't bet)
Seat 4: Nicedaymybro folded before Flop (didn't bet)
Seat 5: XneferX (button) folded before Flop (didn't bet)
Seat 6: blistein (small blind) collected ($25)



PokerStars Hand #254553170647:  Hold'em No Limit ($0.50/$1.00 USD) - 2025/01/25 22:16:52 WET [2025/01/25 17:16:52 ET]
Table 'Ushakaron IV' 6-max Seat #6 is the button
Seat 1: Pippa83 ($125.93 in chips) 
Seat 2: sskripka ($100 in chips) 
Seat 3: lilabully ($99 in chips) 
Seat 4: Nicedaymybro ($100 in chips) 
Seat 5: XneferX ($181.08 in chips) 
Seat 6: blistein ($113 in chips) 
Pippa83: posts small blind $0.50
sskripka: posts big blind $1
*** HOLE CARDS ***
lilabully: folds 
Nicedaymybro: folds 
XneferX: folds 
blistein: folds 
Pippa83: folds 
Uncalled bet ($0.50) returned to sskripka
sskripka collected $1 from pot
sskripka: doesn't show hand 
*** SUMMARY ***
Total pot $1 | Rake $0 
Seat 1: Pippa83 (small blind) folded before Flop
Seat 2: sskripka (big blind) collected ($1)
Seat 3: lilabully folded before Flop (didn't bet)
Seat 4: Nicedaymybro folded before Flop (didn't bet)
Seat 5: XneferX folded before Flop (didn't bet)
Seat 6: blistein (button) folded before Flop (didn't bet)



PokerStars Hand #254553174546:  Hold'em No Limit ($0.50/$1.00 USD) - 2025/01/25 22:17:05 WET [2025/01/25 17:17:05 ET]
Table 'Ushakaron IV' 6-max Seat #1 is the button
Seat 1: Pippa83 ($125.43 in chips) 
Seat 2: sskripka ($100.50 in chips) 
Seat 3: lilabully ($99 in chips) 
Seat 4: Nicedaymybro ($100 in chips) 
Seat 5: XneferX ($181.08 in chips) 
Seat 6: blistein ($113 in chips) 
sskripka: posts small blind $0.50
lilabully: posts big blind $1
*** HOLE CARDS ***
Nicedaymybro: folds 
XneferX: folds 
blistein: raises $1.30 to $2.30
Pippa83: raises $5.20 to $7.50
sskripka: folds 
lilabully: calls $6.50
blistein: calls $5.20
*** FLOP *** [8s Kh 8d]
lilabully: checks 
blistein: checks 
Pippa83: bets $5.46
lilabully: calls $5.46
blistein: calls $5.46
*** TURN *** [8s Kh 8d] [9d]
lilabully: bets $18.71
blistein: calls $18.71
Pippa83: folds 
*** RIVER *** [8s Kh 8d 9d] [3s]
lilabully: bets $10
blistein: raises $71.33 to $81.33 and is all-in
lilabully: folds 
Uncalled bet ($71.33) returned to blistein
blistein collected $94.30 from pot
blistein: doesn't show hand 
*** SUMMARY ***
Total pot $96.80 | Rake $2.50 
Board [8s Kh 8d 9d 3s]
Seat 1: Pippa83 (button) folded on the Turn
Seat 2: sskripka (small blind) folded before Flop
Seat 3: lilabully (big blind) folded on the River
Seat 4: Nicedaymybro folded before Flop (didn't bet)
Seat 5: XneferX folded before Flop (didn't bet)
Seat 6: blistein collected ($94.30)



PokerStars Hand #254553209652:  Hold'em No Limit ($0.50/$1.00 USD) - 2025/01/25 22:19:07 WET [2025/01/25 17:19:07 ET]
Table 'Ushakaron IV' 6-max Seat #2 is the button
Seat 1: Pippa83 ($112.47 in chips) 
Seat 2: sskripka ($100 in chips) 
Seat 3: lilabully ($57.33 in chips) 
Seat 4: Nicedaymybro ($100 in chips) 
Seat 5: XneferX ($181.08 in chips) 
Seat 6: blistein ($165.63 in chips) 
lilabully: posts small blind $0.50
Nicedaymybro: posts big blind $1
*** HOLE CARDS ***
XneferX: folds 
blistein: folds 
Pippa83: raises $1.50 to $2.50
sskripka: folds 
lilabully: folds 
Nicedaymybro: folds 
Uncalled bet ($1.50) returned to Pippa83
Pippa83 collected $2.50 from pot
Pippa83: doesn't show hand 
*** SUMMARY ***
Total pot $2.50 | Rake $0 
Seat 1: Pippa83 collected ($2.50)
Seat 2: sskripka (button) folded before Flop (didn't bet)
Seat 3: lilabully (small blind) folded before Flop
Seat 4: Nicedaymybro (big blind) folded before Flop
Seat 5: XneferX folded before Flop (didn't bet)
Seat 6: blistein folded before Flop (didn't bet)



PokerStars Hand #254553214255:  Hold'em No Limit ($0.50/$1.00 USD) - 2025/01/25 22:19:23 WET [2025/01/25 17:19:23 ET]
Table 'Ushakaron IV' 6-max Seat #3 is the button
Seat 1: Pippa83 ($113.97 in chips) 
Seat 2: sskripka ($100 in chips) 
Seat 3: lilabully ($72.01 in chips) 
Seat 4: Nicedaymybro ($100 in chips) 
Seat 5: XneferX ($181.08 in chips) 
Seat 6: blistein ($165.63 in chips) 
Nicedaymybro: posts small blind $0.50
XneferX: posts big blind $1
*** HOLE CARDS ***
blistein: folds 
Pippa83: raises $1 to $2
sskripka: folds 
lilabully: calls $2
Nicedaymybro: folds 
XneferX: folds 
*** FLOP *** [8h 5d 3h]
Pippa83: checks 
lilabully: checks 
*** TURN *** [8h 5d 3h] [8d]
Pippa83: bets $1.31
lilabully: raises $4.31 to $5.62
Pippa83: calls $4.31
*** RIVER *** [8h 5d 3h 8d] [Td]
Pippa83: checks 
lilabully: bets $15.90
blistein leaves the table
BoyLoc0 joins the table at seat #6 
Pippa83: calls $15.90
*** SHOW DOWN ***
lilabully: shows [8c 9d] (three of a kind, Eights)
Pippa83: mucks hand 
lilabully collected $46.11 from pot
*** SUMMARY ***
Total pot $48.54 | Rake $2.43 
Board [8h 5d 3h 8d Td]
Seat 1: Pippa83 mucked
Seat 2: sskripka folded before Flop (didn't bet)
Seat 3: lilabully (button) showed [8c 9d] and won ($46.11) with three of a kind, Eights
Seat 4: Nicedaymybro (small blind) folded before Flop
Seat 5: XneferX (big blind) folded before Flop
Seat 6: blistein folded before Flop (didn't bet)



PokerStars Hand #254553235094:  Hold'em No Limit ($0.50/$1.00 USD) - 2025/01/25 22:20:36 WET [2025/01/25 17:20:36 ET]
Table 'Ushakaron IV' 6-max Seat #4 is the button
Seat 1: Pippa83 ($100 in chips) 
Seat 2: sskripka ($100 in chips) 
Seat 3: lilabully ($94.60 in chips) 
Seat 4: Nicedaymybro ($100 in chips) 
Seat 5: XneferX ($180.08 in chips) 
Seat 6: BoyLoc0 ($121.65 in chips) 
XneferX: posts small blind $0.50
BoyLoc0: posts big blind $1
*** HOLE CARDS ***
Pippa83: folds 
sskripka: folds 
lilabully: folds 
Nicedaymybro: folds 
XneferX: folds 
Uncalled bet ($0.50) returned to BoyLoc0
BoyLoc0 collected $1 from pot
BoyLoc0: doesn't show hand 
*** SUMMARY ***
Total pot $1 | Rake $0 
Seat 1: Pippa83 folded before Flop (didn't bet)
Seat 2: sskripka folded before Flop (didn't bet)
Seat 3: lilabully folded before Flop (didn't bet)
Seat 4: Nicedaymybro (button) folded before Flop (didn't bet)
Seat 5: XneferX (small blind) folded before Flop
Seat 6: BoyLoc0 (big blind) collected ($1)



PokerStars Hand #254553241176:  Hold'em No Limit ($0.50/$1.00 USD) - 2025/01/25 22:20:57 WET [2025/01/25 17:20:57 ET]
Table 'Ushakaron IV' 6-max Seat #5 is the button
Seat 1: Pippa83 ($100 in chips) 
Seat 2: sskripka ($100 in chips) 
Seat 3: lilabully ($94.60 in chips) 
Seat 4: Nicedaymybro ($100 in chips) 
Seat 5: XneferX ($179.58 in chips) 
Seat 6: BoyLoc0 ($122.15 in chips) 
BoyLoc0: posts small blind $0.50
Pippa83: posts big blind $1
*** HOLE CARDS ***
sskripka: folds 
lilabully: folds 
Nicedaymybro: folds 
XneferX: folds 
BoyLoc0: raises $2 to $3
Pippa83: folds 
Uncalled bet ($2) returned to BoyLoc0
BoyLoc0 collected $2 from pot
BoyLoc0: doesn't show hand 
*** SUMMARY ***
Total pot $2 | Rake $0 
Seat 1: Pippa83 (big blind) folded before Flop
Seat 2: sskripka folded before Flop (didn't bet)
Seat 3: lilabully folded before Flop (didn't bet)
Seat 4: Nicedaymybro folded before Flop (didn't bet)
Seat 5: XneferX (button) folded before Flop (didn't bet)
Seat 6: BoyLoc0 (small blind) collected ($2)



PokerStars Hand #254553246939:  Hold'em No Limit ($0.50/$1.00 USD) - 2025/01/25 22:21:17 WET [2025/01/25 17:21:17 ET]
Table 'Ushakaron IV' 6-max Seat #6 is the button
Seat 2: sskripka ($100 in chips) is sitting out
Seat 1: Pippa83 ($100 in chips) 
Seat 3: lilabully ($94.60 in chips) 
Seat 4: Nicedaymybro ($100 in chips) 
Seat 5: XneferX ($179.58 in chips) 
Seat 6: BoyLoc0 ($123.15 in chips) 
Pippa83: posts small blind $0.50
sskripka: is sitting out 
lilabully: posts big blind $1
*** HOLE CARDS ***
Nicedaymybro: raises $1.50 to $2.50
XneferX: folds 
BoyLoc0: raises $5 to $7.50
Pippa83: folds 
lilabully: folds 
Nicedaymybro: folds 
Uncalled bet ($5) returned to BoyLoc0
BoyLoc0 collected $6.50 from pot
BoyLoc0: doesn't show hand 
*** SUMMARY ***
Total pot $6.50 | Rake $0 
Seat 2: sskripka
Seat 1: Pippa83 (small blind) folded before Flop
Seat 3: lilabully (big blind) folded before Flop
Seat 4: Nicedaymybro folded before Flop
Seat 5: XneferX folded before Flop (didn't bet)
Seat 6: BoyLoc0 (button) collected ($6.50)



PokerStars Hand #254553252674:  Hold'em No Limit ($0.50/$1.00 USD) - 2025/01/25 22:21:38 WET [2025/01/25 17:21:38 ET]
Table 'Ushakaron IV' 6-max Seat #1 is the button
Seat 2: sskripka ($100 in chips) is sitting out
Seat 1: Pippa83 ($100 in chips) 
Seat 3: lilabully ($93.60 in chips) 
Seat 4: Nicedaymybro ($100 in chips) 
Seat 5: XneferX ($179.58 in chips) 
Seat 6: BoyLoc0 ($127.15 in chips) 
lilabully: posts small blind $0.50
Nicedaymybro: posts big blind $1
*** HOLE CARDS ***
XneferX: folds 
BoyLoc0: folds 
Pippa83: raises $1.50 to $2.50
lilabully: calls $2
Nicedaymybro: folds 
*** FLOP *** [7c 6d 3s]
lilabully: checks 
Pippa83: checks 
*** TURN *** [7c 6d 3s] [Ks]
lilabully: bets $5.70
Pippa83: calls $5.70
*** RIVER *** [7c 6d 3s Ks] [2d]
lilabully: bets $8.27
Pippa83: calls $8.27
*** SHOW DOWN ***
lilabully: shows [8h 8d] (a pair of Eights)
Pippa83: shows [5c Kc] (a pair of Kings)
Pippa83 collected $32.24 from pot
*** SUMMARY ***
Total pot $33.94 | Rake $1.70 
Board [7c 6d 3s Ks 2d]
Seat 2: sskripka
Seat 1: Pippa83 (button) showed [5c Kc] and won ($32.24) with a pair of Kings
Seat 3: lilabully (small blind) showed [8h 8d] and lost with a pair of Eights
Seat 4: Nicedaymybro (big blind) folded before Flop
Seat 5: XneferX folded before Flop (didn't bet)
Seat 6: BoyLoc0 folded before Flop (didn't bet)



PokerStars Hand #254553266284:  Hold'em No Limit ($0.50/$1.00 USD) - 2025/01/25 22:22:26 WET [2025/01/25 17:22:26 ET]
Table 'Ushakaron IV' 6-max Seat #3 is the button
Seat 2: sskripka ($100 in chips) is sitting out
Seat 1: Pippa83 ($115.77 in chips) 
Seat 3: lilabully ($77.13 in chips) 
Seat 4: Nicedaymybro ($100 in chips) 
Seat 5: XneferX ($179.58 in chips) 
Seat 6: BoyLoc0 ($127.15 in chips) 
Nicedaymybro: posts small blind $0.50
XneferX: posts big blind $1
*** HOLE CARDS ***
BoyLoc0: raises $1.50 to $2.50
Pippa83: folds 
sskripka leaves the table
lilabully: folds 
Nicedaymybro: folds 
kvcsszblcs joins the table at seat #2 
XneferX: calls $1.50
*** FLOP *** [5c 7s Qh]
XneferX: checks 
BoyLoc0: bets $1.72
XneferX: folds 
Uncalled bet ($1.72) returned to BoyLoc0
BoyLoc0 collected $5.22 from pot
BoyLoc0: doesn't show hand 
*** SUMMARY ***
Total pot $5.50 | Rake $0.28 
Board [5c 7s Qh]
Seat 2: sskripka
Seat 1: Pippa83 folded before Flop (didn't bet)
Seat 3: lilabully (button) folded before Flop (didn't bet)
Seat 4: Nicedaymybro (small blind) folded before Flop
Seat 5: XneferX (big blind) folded on the Flop
Seat 6: BoyLoc0 collected ($5.22)



PokerStars Hand #254553282079:  Hold'em No Limit ($0.50/$1.00 USD) - 2025/01/25 22:23:22 WET [2025/01/25 17:23:22 ET]
Table 'Ushakaron IV' 6-max Seat #4 is the button
Seat 2: kvcsszblcs ($100 in chips) is sitting out
Seat 6: BoyLoc0 ($129.87 in chips) is sitting out
Seat 1: Pippa83 ($115.77 in chips) 
Seat 3: lilabully ($77.13 in chips) 
Seat 4: Nicedaymybro ($100 in chips) 
Seat 5: XneferX ($177.08 in chips) 
XneferX: posts small blind $0.50
BoyLoc0: is sitting out 
Pippa83: posts big blind $1
kvcsszblcs: sits out 
*** HOLE CARDS ***
BoyLoc0 leaves the table
lilabully: calls $1
Nicedaymybro: folds 
Bejondeiala joins the table at seat #6 
XneferX: folds 
Pippa83: checks 
*** FLOP *** [6c Qh 3s]
Pippa83: checks 
lilabully: checks 
*** TURN *** [6c Qh 3s] [Ac]
Pippa83: checks 
lilabully: bets $1
Pippa83: folds 
Uncalled bet ($1) returned to lilabully
lilabully collected $2.38 from pot
*** SUMMARY ***
Total pot $2.50 | Rake $0.12 
Board [6c Qh 3s Ac]
Seat 2: kvcsszblcs
Seat 6: BoyLoc0
Seat 1: Pippa83 (big blind) folded on the Turn
Seat 3: lilabully collected ($2.38)
Seat 4: Nicedaymybro (button) folded before Flop (didn't bet)
Seat 5: XneferX (small blind) folded before Flop



PokerStars Hand #254553293858:  Hold'em No Limit ($0.50/$1.00 USD) - 2025/01/25 22:24:04 WET [2025/01/25 17:24:04 ET]
Table 'Ushakaron IV' 6-max Seat #5 is the button
Seat 6: Bejondeiala ($100 in chips) is sitting out
Seat 1: Pippa83 ($114.77 in chips) 
Seat 2: kvcsszblcs ($100 in chips) 
Seat 3: lilabully ($78.51 in chips) 
Seat 4: Nicedaymybro ($100 in chips) 
Seat 5: XneferX ($176.58 in chips) 
Pippa83: posts small blind $0.50
kvcsszblcs: posts big blind $1
*** HOLE CARDS ***
lilabully: folds 
Nicedaymybro: raises $1.50 to $2.50
XneferX: raises $5 to $7.50
Pippa83: folds 
kvcsszblcs: folds 
Nicedaymybro: folds 
Uncalled bet ($5) returned to XneferX
XneferX collected $6.50 from pot
XneferX: doesn't show hand 
*** SUMMARY ***
Total pot $6.50 | Rake $0 
Seat 6: Bejondeiala
Seat 1: Pippa83 (small blind) folded before Flop
Seat 2: kvcsszblcs (big blind) folded before Flop
Seat 3: lilabully folded before Flop (didn't bet)
Seat 4: Nicedaymybro folded before Flop
Seat 5: XneferX (button) collected ($6.50)



PokerStars Hand #254553302561:  Hold'em No Limit ($0.50/$1.00 USD) - 2025/01/25 22:24:36 WET [2025/01/25 17:24:36 ET]
Table 'Ushakaron IV' 6-max Seat #1 is the button
Seat 6: Bejondeiala ($100 in chips) is sitting out
Seat 1: Pippa83 ($114.27 in chips) 
Seat 2: kvcsszblcs ($100 in chips) 
Seat 3: lilabully ($78.51 in chips) 
Seat 4: Nicedaymybro ($100 in chips) 
Seat 5: XneferX ($180.58 in chips) 
kvcsszblcs: posts small blind $0.50
lilabully: posts big blind $1
Bejondeiala: sits out 
*** HOLE CARDS ***
Nicedaymybro: folds 
XneferX: folds 
Pippa83: raises $1.50 to $2.50
kvcsszblcs: folds 
lilabully: calls $1.50
*** FLOP *** [Kc 5s Ts]
lilabully: checks 
Pippa83: checks 
*** TURN *** [Kc 5s Ts] [5c]
lilabully: checks 
Pippa83: checks 
*** RIVER *** [Kc 5s Ts 5c] [4s]
lilabully: checks 
Pippa83: bets $3.92
lilabully: folds 
Uncalled bet ($3.92) returned to Pippa83
Pippa83 collected $5.22 from pot
Pippa83: doesn't show hand 
*** SUMMARY ***
Total pot $5.50 | Rake $0.28 
Board [Kc 5s Ts 5c 4s]
Seat 6: Bejondeiala
Seat 1: Pippa83 (button) collected ($5.22)
Seat 2: kvcsszblcs (small blind) folded before Flop
Seat 3: lilabully (big blind) folded on the River
Seat 4: Nicedaymybro folded before Flop (didn't bet)
Seat 5: XneferX folded before Flop (didn't bet)



PokerStars Hand #254553323376:  Hold'em No Limit ($0.50/$1.00 USD) - 2025/01/25 22:25:50 WET [2025/01/25 17:25:50 ET]
Table 'Ushakaron IV' 6-max Seat #2 is the button
Seat 6: Bejondeiala ($100 in chips) is sitting out
Seat 1: Pippa83 ($116.99 in chips) 
Seat 2: kvcsszblcs ($100 in chips) 
Seat 3: lilabully ($76.01 in chips) 
Seat 4: Nicedaymybro ($100 in chips) 
Seat 5: XneferX ($180.58 in chips) 
lilabully: posts small blind $0.50
Nicedaymybro: posts big blind $1
Bejondeiala: sits out 
*** HOLE CARDS ***
XneferX: folds 
Pippa83: folds 
kvcsszblcs: raises $1.25 to $2.25
lilabully: folds 
Nicedaymybro: calls $1.25
*** FLOP *** [Jd Qd 3d]
Nicedaymybro: checks 
kvcsszblcs: bets $1
Nicedaymybro: raises $3.38 to $4.38
kvcsszblcs: calls $3.38
*** TURN *** [Jd Qd 3d] [9h]
Nicedaymybro: checks 
kvcsszblcs: checks 
*** RIVER *** [Jd Qd 3d 9h] [7c]
Nicedaymybro: checks 
kvcsszblcs: bets $9.80
Nicedaymybro: folds 
Uncalled bet ($9.80) returned to kvcsszblcs
kvcsszblcs collected $13.07 from pot
kvcsszblcs: doesn't show hand 
*** SUMMARY ***
Total pot $13.76 | Rake $0.69 
Board [Jd Qd 3d 9h 7c]
Seat 6: Bejondeiala
Seat 1: Pippa83 folded before Flop (didn't bet)
Seat 2: kvcsszblcs (button) collected ($13.07)
Seat 3: lilabully (small blind) folded before Flop
Seat 4: Nicedaymybro (big blind) folded on the River
Seat 5: XneferX folded before Flop (didn't bet)



PokerStars Hand #254553349389:  Hold'em No Limit ($0.50/$1.00 USD) - 2025/01/25 22:27:24 WET [2025/01/25 17:27:24 ET]
Table 'Ushakaron IV' 6-max Seat #3 is the button
Seat 6: Bejondeiala ($100 in chips) is sitting out
Seat 1: Pippa83 ($116.99 in chips) 
Seat 2: kvcsszblcs ($106.44 in chips) 
Seat 3: lilabully ($75.51 in chips) 
Seat 4: Nicedaymybro ($100 in chips) 
Seat 5: XneferX ($180.58 in chips) 
Nicedaymybro: posts small blind $0.50
XneferX: posts big blind $1
Bejondeiala: sits out 
*** HOLE CARDS ***
Pippa83: raises $1.50 to $2.50
kvcsszblcs: folds 
lilabully: folds 
Nicedaymybro: folds 
XneferX: folds 
Uncalled bet ($1.50) returned to Pippa83
Pippa83 collected $2.50 from pot
Pippa83: doesn't show hand 
*** SUMMARY ***
Total pot $2.50 | Rake $0 
Seat 6: Bejondeiala
Seat 1: Pippa83 collected ($2.50)
Seat 2: kvcsszblcs folded before Flop (didn't bet)
Seat 3: lilabully (button) folded before Flop (didn't bet)
Seat 4: Nicedaymybro (small blind) folded before Flop
Seat 5: XneferX (big blind) folded before Flop



PokerStars Hand #254553354424:  Hold'em No Limit ($0.50/$1.00 USD) - 2025/01/25 22:27:42 WET [2025/01/25 17:27:42 ET]
Table 'Ushakaron IV' 6-max Seat #4 is the button
Seat 1: Pippa83 ($118.49 in chips) 
Seat 2: kvcsszblcs ($106.44 in chips) 
Seat 3: lilabully ($75.51 in chips) 
Seat 4: Nicedaymybro ($100 in chips) 
Seat 5: XneferX ($179.58 in chips) 
Seat 6: Bejondeiala ($100 in chips) 
XneferX: posts small blind $0.50
Bejondeiala: posts big blind $1
*** HOLE CARDS ***
Pippa83: raises $1.20 to $2.20
kvcsszblcs: folds 
lilabully: raises $8.90 to $11.10
Nicedaymybro: folds 
XneferX: folds 
Bejondeiala: folds 
Pippa83: folds 
Uncalled bet ($8.90) returned to lilabully
lilabully collected $5.90 from pot
*** SUMMARY ***
Total pot $5.90 | Rake $0 
Seat 1: Pippa83 folded before Flop
Seat 2: kvcsszblcs folded before Flop (didn't bet)
Seat 3: lilabully collected ($5.90)
Seat 4: Nicedaymybro (button) folded before Flop (didn't bet)
Seat 5: XneferX (small blind) folded before Flop
Seat 6: Bejondeiala (big blind) folded before Flop



PokerStars Hand #254553363024:  Hold'em No Limit ($0.50/$1.00 USD) - 2025/01/25 22:28:13 WET [2025/01/25 17:28:13 ET]
Table 'Ushakaron IV' 6-max Seat #5 is the button
Seat 1: Pippa83 ($116.29 in chips) 
Seat 2: kvcsszblcs ($106.44 in chips) 
Seat 3: lilabully ($79.21 in chips) 
Seat 4: Nicedaymybro ($100 in chips) 
Seat 5: XneferX ($179.08 in chips) 
Seat 6: Bejondeiala ($100 in chips) 
Bejondeiala: posts small blind $0.50
Pippa83: posts big blind $1
*** HOLE CARDS ***
kvcsszblcs: folds 
lilabully: folds 
Nicedaymybro: folds 
XneferX: folds 
Bejondeiala: raises $2 to $3
Pippa83: calls $2
*** FLOP *** [Kd 6s 5d]
Bejondeiala: bets $2
Pippa83: folds 
Uncalled bet ($2) returned to Bejondeiala
Bejondeiala collected $5.70 from pot
Bejondeiala: doesn't show hand 
*** SUMMARY ***
Total pot $6 | Rake $0.30 
Board [Kd 6s 5d]
Seat 1: Pippa83 (big blind) folded on the Flop
Seat 2: kvcsszblcs folded before Flop (didn't bet)
Seat 3: lilabully folded before Flop (didn't bet)
Seat 4: Nicedaymybro folded before Flop (didn't bet)
Seat 5: XneferX (button) folded before Flop (didn't bet)
Seat 6: Bejondeiala (small blind) collected ($5.70)



PokerStars Hand #254553372080:  Hold'em No Limit ($0.50/$1.00 USD) - 2025/01/25 22:28:46 WET [2025/01/25 17:28:46 ET]
Table 'Ushakaron IV' 6-max Seat #6 is the button
Seat 1: Pippa83 ($113.29 in chips) 
Seat 2: kvcsszblcs ($106.44 in chips) 
Seat 3: lilabully ($79.21 in chips) 
Seat 4: Nicedaymybro ($100 in chips) 
Seat 5: XneferX ($179.08 in chips) 
Seat 6: Bejondeiala ($102.70 in chips) 
Pippa83: posts small blind $0.50
kvcsszblcs: posts big blind $1
*** HOLE CARDS ***
lilabully: folds 
Nicedaymybro: folds 
XneferX: folds 
Bejondeiala: folds 
Pippa83: folds 
Uncalled bet ($0.50) returned to kvcsszblcs
kvcsszblcs collected $1 from pot
kvcsszblcs: doesn't show hand 
*** SUMMARY ***
Total pot $1 | Rake $0 
Seat 1: Pippa83 (small blind) folded before Flop
Seat 2: kvcsszblcs (big blind) collected ($1)
Seat 3: lilabully folded before Flop (didn't bet)
Seat 4: Nicedaymybro folded before Flop (didn't bet)
Seat 5: XneferX folded before Flop (didn't bet)
Seat 6: Bejondeiala (button) folded before Flop (didn't bet)



PokerStars Hand #254553375169:  Hold'em No Limit ($0.50/$1.00 USD) - 2025/01/25 22:28:57 WET [2025/01/25 17:28:57 ET]
Table 'Ushakaron IV' 6-max Seat #1 is the button
Seat 1: Pippa83 ($112.79 in chips) 
Seat 2: kvcsszblcs ($106.94 in chips) 
Seat 3: lilabully ($79.21 in chips) 
Seat 4: Nicedaymybro ($100 in chips) 
Seat 5: XneferX ($179.08 in chips) 
Seat 6: Bejondeiala ($102.70 in chips) 
kvcsszblcs: posts small blind $0.50
lilabully: posts big blind $1
*** HOLE CARDS ***
Nicedaymybro: raises $1.50 to $2.50
XneferX: folds 
Bejondeiala: folds 
Pippa83: folds 
kvcsszblcs: folds 
lilabully: calls $1.50
*** FLOP *** [Th 4h Ah]
lilabully: checks 
Nicedaymybro: checks 
*** TURN *** [Th 4h Ah] [2h]
lilabully: checks 
Nicedaymybro: checks 
*** RIVER *** [Th 4h Ah 2h] [Tc]
lilabully: bets $2.61
Nicedaymybro: calls $2.61
*** SHOW DOWN ***
lilabully: shows [6c Kd] (a pair of Tens)
Nicedaymybro: shows [7h 7d] (a flush, Ace high)
Nicedaymybro collected $10.18 from pot
*** SUMMARY ***
Total pot $10.72 | Rake $0.54 
Board [Th 4h Ah 2h Tc]
Seat 1: Pippa83 (button) folded before Flop (didn't bet)
Seat 2: kvcsszblcs (small blind) folded before Flop
Seat 3: lilabully (big blind) showed [6c Kd] and lost with a pair of Tens
Seat 4: Nicedaymybro showed [7h 7d] and won ($10.18) with a flush, Ace high
Seat 5: XneferX folded before Flop (didn't bet)
Seat 6: Bejondeiala folded before Flop (didn't bet)



PokerStars Hand #254553386142:  Hold'em No Limit ($0.50/$1.00 USD) - 2025/01/25 22:29:37 WET [2025/01/25 17:29:37 ET]
Table 'Ushakaron IV' 6-max Seat #2 is the button
Seat 1: Pippa83 ($112.79 in chips) 
Seat 2: kvcsszblcs ($106.44 in chips) 
Seat 3: lilabully ($74.10 in chips) 
Seat 4: Nicedaymybro ($105.07 in chips) 
Seat 5: XneferX ($179.08 in chips) 
Seat 6: Bejondeiala ($102.70 in chips) 
lilabully: posts small blind $0.50
Nicedaymybro: posts big blind $1
*** HOLE CARDS ***
XneferX: folds 
Bejondeiala: folds 
Pippa83: folds 
kvcsszblcs: folds 
lilabully: calls $0.50
Nicedaymybro: raises $2.50 to $3.50
lilabully: calls $2.50
*** FLOP *** [As 8h Jc]
lilabully: checks 
Nicedaymybro: bets $3.33
lilabully: calls $3.33
*** TURN *** [As 8h Jc] [2c]
lilabully: bets $6.49
Nicedaymybro: raises $17.15 to $23.64
lilabully: folds 
Uncalled bet ($17.15) returned to Nicedaymybro
Nicedaymybro collected $25.31 from pot
Nicedaymybro: doesn't show hand 
*** SUMMARY ***
Total pot $26.64 | Rake $1.33 
Board [As 8h Jc 2c]
Seat 1: Pippa83 folded before Flop (didn't bet)
Seat 2: kvcsszblcs (button) folded before Flop (didn't bet)
Seat 3: lilabully (small blind) folded on the Turn
Seat 4: Nicedaymybro (big blind) collected ($25.31)
Seat 5: XneferX folded before Flop (didn't bet)
Seat 6: Bejondeiala folded before Flop (didn't bet)



PokerStars Hand #254553399782:  Hold'em No Limit ($0.50/$1.00 USD) - 2025/01/25 22:30:27 WET [2025/01/25 17:30:27 ET]
Table 'Ushakaron IV' 6-max Seat #3 is the button
Seat 5: XneferX ($179.08 in chips) is sitting out
Seat 1: Pippa83 ($112.79 in chips) 
Seat 2: kvcsszblcs ($106.44 in chips) 
Seat 3: lilabully ($60.78 in chips) 
Seat 4: Nicedaymybro ($117.06 in chips) 
Seat 6: Bejondeiala ($102.70 in chips) 
Nicedaymybro: posts small blind $0.50
XneferX: is sitting out 
Bejondeiala: posts big blind $1
*** HOLE CARDS ***
Pippa83: raises $1.20 to $2.20
kvcsszblcs: folds 
lilabully: folds 
Nicedaymybro: folds 
Bejondeiala: folds 
Uncalled bet ($1.20) returned to Pippa83
Pippa83 collected $2.50 from pot
Pippa83: doesn't show hand 
*** SUMMARY ***
Total pot $2.50 | Rake $0 
Seat 5: XneferX
Seat 1: Pippa83 collected ($2.50)
Seat 2: kvcsszblcs folded before Flop (didn't bet)
Seat 3: lilabully (button) folded before Flop (didn't bet)
Seat 4: Nicedaymybro (small blind) folded before Flop
Seat 6: Bejondeiala (big blind) folded before Flop



PokerStars Hand #254553403213:  Hold'em No Limit ($0.50/$1.00 USD) - 2025/01/25 22:30:39 WET [2025/01/25 17:30:39 ET]
Table 'Ushakaron IV' 6-max Seat #4 is the button
Seat 5: XneferX ($179.08 in chips) is sitting out
Seat 1: Pippa83 ($114.29 in chips) 
Seat 2: kvcsszblcs ($106.44 in chips) 
Seat 3: lilabully ($60.78 in chips) 
Seat 4: Nicedaymybro ($116.56 in chips) 
Seat 6: Bejondeiala ($101.70 in chips) 
Bejondeiala: posts small blind $0.50
Pippa83: posts big blind $1
*** HOLE CARDS ***
kvcsszblcs is connected 
kvcsszblcs: folds 
lilabully: folds 
Nicedaymybro: folds 
Bejondeiala: folds 
Uncalled bet ($0.50) returned to Pippa83
Pippa83 collected $1 from pot
Pippa83: doesn't show hand 
*** SUMMARY ***
Total pot $1 | Rake $0 
Seat 5: XneferX
Seat 1: Pippa83 (big blind) collected ($1)
Seat 2: kvcsszblcs folded before Flop (didn't bet)
Seat 3: lilabully folded before Flop (didn't bet)
Seat 4: Nicedaymybro (button) folded before Flop (didn't bet)
Seat 6: Bejondeiala (small blind) folded before Flop



PokerStars Hand #254553409462:  Hold'em No Limit ($0.50/$1.00 USD) - 2025/01/25 22:31:01 WET [2025/01/25 17:31:01 ET]
Table 'Ushakaron IV' 6-max Seat #6 is the button
Seat 5: XneferX ($179.08 in chips) is sitting out
Seat 1: Pippa83 ($114.79 in chips) 
Seat 2: kvcsszblcs ($106.44 in chips) 
Seat 3: lilabully ($60.78 in chips) 
Seat 4: Nicedaymybro ($116.56 in chips) 
Seat 6: Bejondeiala ($101.20 in chips) 
Pippa83: posts small blind $0.50
kvcsszblcs: posts big blind $1
*** HOLE CARDS ***
lilabully: calls $1
Nicedaymybro: raises $3 to $4
Bejondeiala: folds 
Pippa83: folds 
kvcsszblcs: folds 
lilabully: raises $9.50 to $13.50
Nicedaymybro: folds 
Uncalled bet ($9.50) returned to lilabully
lilabully collected $9.50 from pot
*** SUMMARY ***
Total pot $9.50 | Rake $0 
Seat 5: XneferX
Seat 1: Pippa83 (small blind) folded before Flop
Seat 2: kvcsszblcs (big blind) folded before Flop
Seat 3: lilabully collected ($9.50)
Seat 4: Nicedaymybro folded before Flop
Seat 6: Bejondeiala (button) folded before Flop (didn't bet)



PokerStars Hand #254553420969:  Hold'em No Limit ($0.50/$1.00 USD) - 2025/01/25 22:31:43 WET [2025/01/25 17:31:43 ET]
Table 'Ushakaron IV' 6-max Seat #1 is the button
Seat 5: XneferX ($179.08 in chips) is sitting out
Seat 1: Pippa83 ($114.29 in chips) 
Seat 2: kvcsszblcs ($105.44 in chips) 
Seat 3: lilabully ($66.28 in chips) 
Seat 4: Nicedaymybro ($112.56 in chips) 
Seat 6: Bejondeiala ($101.20 in chips) 
kvcsszblcs: posts small blind $0.50
lilabully: posts big blind $1
*** HOLE CARDS ***
Nicedaymybro: folds 
Bejondeiala: folds 
Pippa83: folds 
kvcsszblcs: folds 
Uncalled bet ($0.50) returned to lilabully
lilabully collected $1 from pot
*** SUMMARY ***
Total pot $1 | Rake $0 
Seat 5: XneferX
Seat 1: Pippa83 (button) folded before Flop (didn't bet)
Seat 2: kvcsszblcs (small blind) folded before Flop
Seat 3: lilabully (big blind) collected ($1)
Seat 4: Nicedaymybro folded before Flop (didn't bet)
Seat 6: Bejondeiala folded before Flop (didn't bet)



PokerStars Hand #254553425425:  Hold'em No Limit ($0.50/$1.00 USD) - 2025/01/25 22:31:59 WET [2025/01/25 17:31:59 ET]
Table 'Ushakaron IV' 6-max Seat #2 is the button
Seat 5: XneferX ($179.08 in chips) is sitting out
Seat 1: Pippa83 ($114.29 in chips) 
Seat 2: kvcsszblcs ($104.94 in chips) 
Seat 3: lilabully ($66.78 in chips) 
Seat 4: Nicedaymybro ($112.56 in chips) 
Seat 6: Bejondeiala ($101.20 in chips) 
lilabully: posts small blind $0.50
Nicedaymybro: posts big blind $1
*** HOLE CARDS ***
Bejondeiala: folds 
Pippa83: folds 
kvcsszblcs: raises $1.25 to $2.25
lilabully: folds 
Nicedaymybro: raises $8.75 to $11
kvcsszblcs: folds 
Uncalled bet ($8.75) returned to Nicedaymybro
Nicedaymybro collected $5 from pot
Nicedaymybro: doesn't show hand 
*** SUMMARY ***
Total pot $5 | Rake $0 
Seat 5: XneferX
Seat 1: Pippa83 folded before Flop (didn't bet)
Seat 2: kvcsszblcs (button) folded before Flop
Seat 3: lilabully (small blind) folded before Flop
Seat 4: Nicedaymybro (big blind) collected ($5)
Seat 6: Bejondeiala folded before Flop (didn't bet)



PokerStars Hand #254553429388:  Hold'em No Limit ($0.50/$1.00 USD) - 2025/01/25 22:32:13 WET [2025/01/25 17:32:13 ET]
Table 'Ushakaron IV' 6-max Seat #3 is the button
Seat 5: XneferX ($179.08 in chips) is sitting out
Seat 1: Pippa83 ($114.29 in chips) 
Seat 2: kvcsszblcs ($102.69 in chips) 
Seat 3: lilabully ($66.28 in chips) 
Seat 4: Nicedaymybro ($115.31 in chips) 
Seat 6: Bejondeiala ($101.20 in chips) 
Nicedaymybro: posts small blind $0.50
Bejondeiala: posts big blind $1
*** HOLE CARDS ***
Pippa83: folds 
kvcsszblcs: raises $1 to $2
lilabully: folds 
Nicedaymybro: folds 
Bejondeiala: calls $1
*** FLOP *** [4d Qd 7h]
Bejondeiala: checks 
kvcsszblcs: checks 
*** TURN *** [4d Qd 7h] [5d]
Bejondeiala: checks 
kvcsszblcs: bets $2.82
Bejondeiala: calls $2.82
*** RIVER *** [4d Qd 7h 5d] [Jd]
Bejondeiala: checks 
kvcsszblcs: checks 
*** SHOW DOWN ***
Bejondeiala: shows [Ah 7d] (a flush, Queen high)
kvcsszblcs: shows [8d 9d] (a flush, Queen high - Nine higher)
kvcsszblcs collected $9.63 from pot
*** SUMMARY ***
Total pot $10.14 | Rake $0.51 
Board [4d Qd 7h 5d Jd]
Seat 5: XneferX
Seat 1: Pippa83 folded before Flop (didn't bet)
Seat 2: kvcsszblcs showed [8d 9d] and won ($9.63) with a flush, Queen high
Seat 3: lilabully (button) folded before Flop (didn't bet)
Seat 4: Nicedaymybro (small blind) folded before Flop
Seat 6: Bejondeiala (big blind) showed [Ah 7d] and lost with a flush, Queen high



PokerStars Hand #254553447678:  Hold'em No Limit ($0.50/$1.00 USD) - 2025/01/25 22:33:19 WET [2025/01/25 17:33:19 ET]
Table 'Ushakaron IV' 6-max Seat #4 is the button
Seat 5: XneferX ($179.08 in chips) is sitting out
Seat 1: Pippa83 ($114.29 in chips) 
Seat 2: kvcsszblcs ($107.50 in chips) 
Seat 3: lilabully ($66.28 in chips) 
Seat 4: Nicedaymybro ($114.81 in chips) 
Seat 6: Bejondeiala ($100 in chips) 
Bejondeiala: posts small blind $0.50
Pippa83: posts big blind $1
*** HOLE CARDS ***
kvcsszblcs: folds 
lilabully: folds 
Nicedaymybro: folds 
Bejondeiala: folds 
Uncalled bet ($0.50) returned to Pippa83
Pippa83 collected $1 from pot
Pippa83: doesn't show hand 
*** SUMMARY ***
Total pot $1 | Rake $0 
Seat 5: XneferX
Seat 1: Pippa83 (big blind) collected ($1)
Seat 2: kvcsszblcs folded before Flop (didn't bet)
Seat 3: lilabully folded before Flop (didn't bet)
Seat 4: Nicedaymybro (button) folded before Flop (didn't bet)
Seat 6: Bejondeiala (small blind) folded before Flop



PokerStars Hand #254553451527:  Hold'em No Limit ($0.50/$1.00 USD) - 2025/01/25 22:33:33 WET [2025/01/25 17:33:33 ET]
Table 'Ushakaron IV' 6-max Seat #6 is the button
Seat 5: XneferX ($179.08 in chips) is sitting out
Seat 1: Pippa83 ($114.79 in chips) 
Seat 2: kvcsszblcs ($107.50 in chips) 
Seat 3: lilabully ($66.28 in chips) 
Seat 4: Nicedaymybro ($114.81 in chips) 
Seat 6: Bejondeiala ($100 in chips) 
Pippa83: posts small blind $0.50
kvcsszblcs: posts big blind $1
*** HOLE CARDS ***
lilabully: folds 
Nicedaymybro: raises $1.50 to $2.50
Bejondeiala: folds 
Pippa83: folds 
kvcsszblcs: calls $1.50
*** FLOP *** [3c 2c Ts]
kvcsszblcs: checks 
Nicedaymybro: bets $2.09
kvcsszblcs: folds 
Uncalled bet ($2.09) returned to Nicedaymybro
Nicedaymybro collected $5.22 from pot
Nicedaymybro: doesn't show hand 
*** SUMMARY ***
Total pot $5.50 | Rake $0.28 
Board [3c 2c Ts]
Seat 5: XneferX
Seat 1: Pippa83 (small blind) folded before Flop
Seat 2: kvcsszblcs (big blind) folded on the Flop
Seat 3: lilabully folded before Flop (didn't bet)
Seat 4: Nicedaymybro collected ($5.22)
Seat 6: Bejondeiala (button) folded before Flop (didn't bet)



PokerStars Hand #254553461378:  Hold'em No Limit ($0.50/$1.00 USD) - 2025/01/25 22:34:09 WET [2025/01/25 17:34:09 ET]
Table 'Ushakaron IV' 6-max Seat #1 is the button
Seat 5: XneferX ($179.08 in chips) is sitting out
Seat 1: Pippa83 ($114.29 in chips) 
Seat 2: kvcsszblcs ($105 in chips) 
Seat 3: lilabully ($66.28 in chips) 
Seat 4: Nicedaymybro ($117.53 in chips) 
Seat 6: Bejondeiala ($100 in chips) 
kvcsszblcs: posts small blind $0.50
lilabully: posts big blind $1
*** HOLE CARDS ***
Nicedaymybro: folds 
Bejondeiala: folds 
Pippa83: raises $1.50 to $2.50
kvcsszblcs: folds 
lilabully: folds 
Uncalled bet ($1.50) returned to Pippa83
Pippa83 collected $2.50 from pot
Pippa83: doesn't show hand 
*** SUMMARY ***
Total pot $2.50 | Rake $0 
Seat 5: XneferX
Seat 1: Pippa83 (button) collected ($2.50)
Seat 2: kvcsszblcs (small blind) folded before Flop
Seat 3: lilabully (big blind) folded before Flop
Seat 4: Nicedaymybro folded before Flop (didn't bet)
Seat 6: Bejondeiala folded before Flop (didn't bet)



PokerStars Hand #254553465715:  Hold'em No Limit ($0.50/$1.00 USD) - 2025/01/25 22:34:25 WET [2025/01/25 17:34:25 ET]
Table 'Ushakaron IV' 6-max Seat #2 is the button
Seat 5: XneferX ($179.08 in chips) is sitting out
Seat 1: Pippa83 ($115.79 in chips) 
Seat 2: kvcsszblcs ($104.50 in chips) 
Seat 3: lilabully ($65.28 in chips) 
Seat 4: Nicedaymybro ($117.53 in chips) 
Seat 6: Bejondeiala ($100 in chips) 
lilabully: posts small blind $0.50
Nicedaymybro: posts big blind $1
*** HOLE CARDS ***
Bejondeiala: raises $1.10 to $2.10
Pippa83: folds 
kvcsszblcs: folds 
lilabully: calls $1.60
Nicedaymybro: calls $1.10
*** FLOP *** [3h Jc Ks]
lilabully: checks 
Nicedaymybro: checks 
Bejondeiala: checks 
*** TURN *** [3h Jc Ks] [8c]
lilabully: checks 
Nicedaymybro: bets $8.37
Bejondeiala: folds 
lilabully: calls $8.37
*** RIVER *** [3h Jc Ks 8c] [6c]
lilabully: checks 
Nicedaymybro: bets $21.89
lilabully: calls $21.89
*** SHOW DOWN ***
Nicedaymybro: shows [4c 3c] (a flush, Jack high)
lilabully: mucks hand 
Nicedaymybro collected $64.32 from pot
*** SUMMARY ***
Total pot $66.82 | Rake $2.50 
Board [3h Jc Ks 8c 6c]
Seat 5: XneferX
Seat 1: Pippa83 folded before Flop (didn't bet)
Seat 2: kvcsszblcs (button) folded before Flop (didn't bet)
Seat 3: lilabully (small blind) mucked
Seat 4: Nicedaymybro (big blind) showed [4c 3c] and won ($64.32) with a flush, Jack high
Seat 6: Bejondeiala folded on the Turn



PokerStars Hand #254553486595:  Hold'em No Limit ($0.50/$1.00 USD) - 2025/01/25 22:35:40 WET [2025/01/25 17:35:40 ET]
Table 'Ushakaron IV' 6-max Seat #3 is the button
Seat 1: Pippa83 ($115.79 in chips) 
Seat 2: kvcsszblcs ($104.50 in chips) 
Seat 3: lilabully ($32.92 in chips) 
Seat 4: Nicedaymybro ($149.49 in chips) 
Seat 5: XneferX ($179.08 in chips) 
Seat 6: Bejondeiala ($100 in chips) 
Nicedaymybro: posts small blind $0.50
XneferX: posts big blind $1
*** HOLE CARDS ***
Bejondeiala: folds 
Pippa83: folds 
kvcsszblcs: folds 
lilabully: raises $3 to $4
Nicedaymybro: folds 
XneferX: folds 
Uncalled bet ($3) returned to lilabully
lilabully collected $2.50 from pot
*** SUMMARY ***
Total pot $2.50 | Rake $0 
Seat 1: Pippa83 folded before Flop (didn't bet)
Seat 2: kvcsszblcs folded before Flop (didn't bet)
Seat 3: lilabully (button) collected ($2.50)
Seat 4: Nicedaymybro (small blind) folded before Flop
Seat 5: XneferX (big blind) folded before Flop
Seat 6: Bejondeiala folded before Flop (didn't bet)



PokerStars Hand #254553494327:  Hold'em No Limit ($0.50/$1.00 USD) - 2025/01/25 22:36:09 WET [2025/01/25 17:36:09 ET]
Table 'Ushakaron IV' 6-max Seat #4 is the button
Seat 1: Pippa83 ($115.79 in chips) 
Seat 2: kvcsszblcs ($104.50 in chips) 
Seat 3: lilabully ($34.42 in chips) 
Seat 4: Nicedaymybro ($148.99 in chips) 
Seat 5: XneferX ($178.08 in chips) 
Seat 6: Bejondeiala ($100 in chips) 
XneferX: posts small blind $0.50
Bejondeiala: posts big blind $1
*** HOLE CARDS ***
Pippa83: folds 
kvcsszblcs: folds 
lilabully: folds 
Nicedaymybro: folds 
XneferX: raises $2 to $3
Bejondeiala: calls $2
*** FLOP *** [Ah 7h Jd]
XneferX: checks 
Bejondeiala: bets $4.28
XneferX: calls $4.28
*** TURN *** [Ah 7h Jd] [Qc]
XneferX: bets $4.70
Bejondeiala: folds 
Uncalled bet ($4.70) returned to XneferX
XneferX collected $13.83 from pot
XneferX: doesn't show hand 
*** SUMMARY ***
Total pot $14.56 | Rake $0.73 
Board [Ah 7h Jd Qc]
Seat 1: Pippa83 folded before Flop (didn't bet)
Seat 2: kvcsszblcs folded before Flop (didn't bet)
Seat 3: lilabully folded before Flop (didn't bet)
Seat 4: Nicedaymybro (button) folded before Flop (didn't bet)
Seat 5: XneferX (small blind) collected ($13.83)
Seat 6: Bejondeiala (big blind) folded on the Turn



PokerStars Hand #254553511746:  Hold'em No Limit ($0.50/$1.00 USD) - 2025/01/25 22:37:13 WET [2025/01/25 17:37:13 ET]
Table 'Ushakaron IV' 6-max Seat #5 is the button
Seat 1: Pippa83 ($115.79 in chips) 
Seat 2: kvcsszblcs ($104.50 in chips) 
Seat 3: lilabully ($34.42 in chips) 
Seat 4: Nicedaymybro ($148.99 in chips) 
Seat 5: XneferX ($184.63 in chips) 
Seat 6: Bejondeiala ($100 in chips) 
Bejondeiala: posts small blind $0.50
Pippa83: posts big blind $1
*** HOLE CARDS ***
kvcsszblcs: folds 
lilabully: calls $1
Nicedaymybro: folds 
XneferX: folds 
Bejondeiala: folds 
Pippa83: raises $3.50 to $4.50
lilabully: raises $9.50 to $14
Pippa83: folds 
Uncalled bet ($9.50) returned to lilabully
lilabully collected $9.50 from pot
*** SUMMARY ***
Total pot $9.50 | Rake $0 
Seat 1: Pippa83 (big blind) folded before Flop
Seat 2: kvcsszblcs folded before Flop (didn't bet)
Seat 3: lilabully collected ($9.50)
Seat 4: Nicedaymybro folded before Flop (didn't bet)
Seat 5: XneferX (button) folded before Flop (didn't bet)
Seat 6: Bejondeiala (small blind) folded before Flop



PokerStars Hand #254553522784:  Hold'em No Limit ($0.50/$1.00 USD) - 2025/01/25 22:37:54 WET [2025/01/25 17:37:54 ET]
Table 'Ushakaron IV' 6-max Seat #6 is the button
Seat 1: Pippa83 ($111.29 in chips) 
Seat 2: kvcsszblcs ($104.50 in chips) 
Seat 3: lilabully ($39.42 in chips) 
Seat 4: Nicedaymybro ($148.99 in chips) 
Seat 5: XneferX ($184.63 in chips) 
Seat 6: Bejondeiala ($100 in chips) 
Pippa83: posts small blind $0.50
kvcsszblcs: posts big blind $1
*** HOLE CARDS ***
lilabully: folds 
Nicedaymybro: raises $1.50 to $2.50
XneferX: folds 
Bejondeiala: folds 
Pippa83: folds 
kvcsszblcs: folds 
Uncalled bet ($1.50) returned to Nicedaymybro
Nicedaymybro collected $2.50 from pot
Nicedaymybro: doesn't show hand 
*** SUMMARY ***
Total pot $2.50 | Rake $0 
Seat 1: Pippa83 (small blind) folded before Flop
Seat 2: kvcsszblcs (big blind) folded before Flop
Seat 3: lilabully folded before Flop (didn't bet)
Seat 4: Nicedaymybro collected ($2.50)
Seat 5: XneferX folded before Flop (didn't bet)
Seat 6: Bejondeiala (button) folded before Flop (didn't bet)



PokerStars Hand #254553527336:  Hold'em No Limit ($0.50/$1.00 USD) - 2025/01/25 22:38:11 WET [2025/01/25 17:38:11 ET]
Table 'Ushakaron IV' 6-max Seat #1 is the button
Seat 1: Pippa83 ($110.79 in chips) 
Seat 2: kvcsszblcs ($103.50 in chips) 
Seat 3: lilabully ($39.42 in chips) 
Seat 4: Nicedaymybro ($150.49 in chips) 
Seat 5: XneferX ($184.63 in chips) 
Seat 6: Bejondeiala ($100 in chips) 
kvcsszblcs: posts small blind $0.50
lilabully: posts big blind $1
*** HOLE CARDS ***
Nicedaymybro: folds 
XneferX: folds 
Bejondeiala: folds 
Pippa83: folds 
kvcsszblcs: folds 
Uncalled bet ($0.50) returned to lilabully
lilabully collected $1 from pot
*** SUMMARY ***
Total pot $1 | Rake $0 
Seat 1: Pippa83 (button) folded before Flop (didn't bet)
Seat 2: kvcsszblcs (small blind) folded before Flop
Seat 3: lilabully (big blind) collected ($1)
Seat 4: Nicedaymybro folded before Flop (didn't bet)
Seat 5: XneferX folded before Flop (didn't bet)
Seat 6: Bejondeiala folded before Flop (didn't bet)



PokerStars Hand #254553530672:  Hold'em No Limit ($0.50/$1.00 USD) - 2025/01/25 22:38:23 WET [2025/01/25 17:38:23 ET]
Table 'Ushakaron IV' 6-max Seat #2 is the button
Seat 1: Pippa83 ($110.79 in chips) 
Seat 2: kvcsszblcs ($103 in chips) 
Seat 3: lilabully ($39.92 in chips) 
Seat 4: Nicedaymybro ($150.49 in chips) 
Seat 5: XneferX ($184.63 in chips) 
Seat 6: Bejondeiala ($100 in chips) 
lilabully: posts small blind $0.50
Nicedaymybro: posts big blind $1
*** HOLE CARDS ***
XneferX: folds 
Bejondeiala: folds 
Pippa83: folds 
kvcsszblcs: folds 
lilabully: calls $0.50
Nicedaymybro: raises $2 to $3
lilabully: calls $2
*** FLOP *** [Qc Ad 7s]
lilabully: checks 
Nicedaymybro: bets $2.28
lilabully: calls $2.28
*** TURN *** [Qc Ad 7s] [2d]
lilabully: checks 
Nicedaymybro: checks 
*** RIVER *** [Qc Ad 7s 2d] [Kh]
lilabully: checks 
Nicedaymybro: bets $20
lilabully: folds 
Uncalled bet ($20) returned to Nicedaymybro
Nicedaymybro collected $10.03 from pot
Nicedaymybro: doesn't show hand 
*** SUMMARY ***
Total pot $10.56 | Rake $0.53 
Board [Qc Ad 7s 2d Kh]
Seat 1: Pippa83 folded before Flop (didn't bet)
Seat 2: kvcsszblcs (button) folded before Flop (didn't bet)
Seat 3: lilabully (small blind) folded on the River
Seat 4: Nicedaymybro (big blind) collected ($10.03)
Seat 5: XneferX folded before Flop (didn't bet)
Seat 6: Bejondeiala folded before Flop (didn't bet)



PokerStars Hand #254553552355:  Hold'em No Limit ($0.50/$1.00 USD) - 2025/01/25 22:39:43 WET [2025/01/25 17:39:43 ET]
Table 'Ushakaron IV' 6-max Seat #3 is the button
Seat 1: Pippa83 ($110.79 in chips) 
Seat 2: kvcsszblcs ($103 in chips) 
Seat 3: lilabully ($34.64 in chips) 
Seat 4: Nicedaymybro ($155.24 in chips) 
Seat 5: XneferX ($184.63 in chips) 
Seat 6: Bejondeiala ($100 in chips) 
Nicedaymybro: posts small blind $0.50
XneferX: posts big blind $1
*** HOLE CARDS ***
Bejondeiala: folds 
Pippa83: folds 
kvcsszblcs: folds 
lilabully: calls $1
Nicedaymybro: folds 
XneferX: checks 
*** FLOP *** [8s 7h 6c]
XneferX: checks 
lilabully: checks 
*** TURN *** [8s 7h 6c] [6d]
XneferX: checks 
lilabully: bets $2
XneferX: folds 
Uncalled bet ($2) returned to lilabully
lilabully collected $2.38 from pot
*** SUMMARY ***
Total pot $2.50 | Rake $0.12 
Board [8s 7h 6c 6d]
Seat 1: Pippa83 folded before Flop (didn't bet)
Seat 2: kvcsszblcs folded before Flop (didn't bet)
Seat 3: lilabully (button) collected ($2.38)
Seat 4: Nicedaymybro (small blind) folded before Flop
Seat 5: XneferX (big blind) folded on the Turn
Seat 6: Bejondeiala folded before Flop (didn't bet)



PokerStars Hand #254553572439:  Hold'em No Limit ($0.50/$1.00 USD) - 2025/01/25 22:40:58 WET [2025/01/25 17:40:58 ET]
Table 'Ushakaron IV' 6-max Seat #4 is the button
Seat 6: Bejondeiala ($100 in chips) is sitting out
Seat 1: Pippa83 ($110.79 in chips) 
Seat 2: kvcsszblcs ($103 in chips) 
Seat 3: lilabully ($36.02 in chips) 
Seat 4: Nicedaymybro ($154.74 in chips) 
Seat 5: XneferX ($183.63 in chips) 
XneferX: posts small blind $0.50
Bejondeiala: is sitting out 
Pippa83: posts big blind $1
*** HOLE CARDS ***
kvcsszblcs: folds 
lilabully: calls $1
Nicedaymybro: folds 
XneferX: folds 
Pippa83: checks 
*** FLOP *** [5d 7c 6d]
Pippa83: bets $1
lilabully: calls $1
*** TURN *** [5d 7c 6d] [9d]
Pippa83: checks 
Bejondeiala leaves the table
lilabully: checks 
*** RIVER *** [5d 7c 6d 9d] [2h]
Pippa83: checks 
ghc_2 joins the table at seat #6 
lilabully: bets $2
Pippa83: calls $2
*** SHOW DOWN ***
lilabully: shows [Ad Jd] (a flush, Ace high)
Pippa83: mucks hand 
lilabully collected $8.08 from pot
*** SUMMARY ***
Total pot $8.50 | Rake $0.42 
Board [5d 7c 6d 9d 2h]
Seat 6: Bejondeiala
Seat 1: Pippa83 (big blind) mucked
Seat 2: kvcsszblcs folded before Flop (didn't bet)
Seat 3: lilabully showed [Ad Jd] and won ($8.08) with a flush, Ace high
Seat 4: Nicedaymybro (button) folded before Flop (didn't bet)
Seat 5: XneferX (small blind) folded before Flop



PokerStars Hand #254553588041:  Hold'em No Limit ($0.50/$1.00 USD) - 2025/01/25 22:41:55 WET [2025/01/25 17:41:55 ET]
Table 'Ushakaron IV' 6-max Seat #5 is the button
Seat 6: ghc_2 ($184.35 in chips) is sitting out
Seat 1: Pippa83 ($106.79 in chips) 
Seat 2: kvcsszblcs ($103 in chips) 
Seat 3: lilabully ($40.10 in chips) 
Seat 4: Nicedaymybro ($154.74 in chips) 
Seat 5: XneferX ($183.13 in chips) 
Pippa83: posts small blind $0.50
kvcsszblcs: posts big blind $1
*** HOLE CARDS ***
lilabully: calls $1
Nicedaymybro: folds 
XneferX: folds 
Pippa83: raises $3.50 to $4.50
kvcsszblcs: folds 
lilabully: raises $3.50 to $8
Pippa83: calls $3.50
*** FLOP *** [4c 9s 5c]
Pippa83: checks 
lilabully: bets $16.15
Pippa83: raises $36.34 to $52.49
lilabully: calls $15.95 and is all-in
Uncalled bet ($20.39) returned to Pippa83
*** TURN *** [4c 9s 5c] [Kh]
*** RIVER *** [4c 9s 5c Kh] [3s]
*** SHOW DOWN ***
Pippa83: shows [7s 7h] (a pair of Sevens)
lilabully: shows [Ah As] (a pair of Aces)
lilabully collected $78.70 from pot
*** SUMMARY ***
Total pot $81.20 | Rake $2.50 
Board [4c 9s 5c Kh 3s]
Seat 6: ghc_2
Seat 1: Pippa83 (small blind) showed [7s 7h] and lost with a pair of Sevens
Seat 2: kvcsszblcs (big blind) folded before Flop
Seat 3: lilabully showed [Ah As] and won ($78.70) with a pair of Aces
Seat 4: Nicedaymybro folded before Flop (didn't bet)
Seat 5: XneferX (button) folded before Flop (didn't bet)



PokerStars Hand #254553611411:  Hold'em No Limit ($0.50/$1.00 USD) - 2025/01/25 22:43:21 WET [2025/01/25 17:43:21 ET]
Table 'Ushakaron IV' 6-max Seat #1 is the button
Seat 6: ghc_2 ($184.35 in chips) is sitting out
Seat 1: Pippa83 ($100 in chips) 
Seat 2: kvcsszblcs ($102 in chips) 
Seat 3: lilabully ($78.70 in chips) 
Seat 4: Nicedaymybro ($154.74 in chips) 
Seat 5: XneferX ($183.13 in chips) 
kvcsszblcs: posts small blind $0.50
lilabully: posts big blind $1
ghc_2: sits out 
*** HOLE CARDS ***
Nicedaymybro: raises $1.50 to $2.50
XneferX: folds 
Pippa83: calls $2.50
kvcsszblcs: calls $2
lilabully: folds 
*** FLOP *** [9c Ad 4s]
kvcsszblcs: checks 
Nicedaymybro: checks 
Pippa83: bets $2.67
kvcsszblcs: folds 
Nicedaymybro: calls $2.67
*** TURN *** [9c Ad 4s] [3d]
Nicedaymybro: checks 
Pippa83: bets $9.86
Nicedaymybro: calls $9.86
*** RIVER *** [9c Ad 4s 3d] [4c]
Nicedaymybro: checks 
Pippa83: bets $23.91
Nicedaymybro: folds 
Uncalled bet ($23.91) returned to Pippa83
Pippa83 collected $31.88 from pot
Pippa83: doesn't show hand 
*** SUMMARY ***
Total pot $33.56 | Rake $1.68 
Board [9c Ad 4s 3d 4c]
Seat 6: ghc_2
Seat 1: Pippa83 (button) collected ($31.88)
Seat 2: kvcsszblcs (small blind) folded on the Flop
Seat 3: lilabully (big blind) folded before Flop
Seat 4: Nicedaymybro folded on the River
Seat 5: XneferX folded before Flop (didn't bet)



PokerStars Hand #254553630128:  Hold'em No Limit ($0.50/$1.00 USD) - 2025/01/25 22:44:29 WET [2025/01/25 17:44:29 ET]
Table 'Ushakaron IV' 6-max Seat #2 is the button
Seat 6: ghc_2 ($184.35 in chips) is sitting out
Seat 1: Pippa83 ($116.85 in chips) 
Seat 2: kvcsszblcs ($99.50 in chips) 
Seat 3: lilabully ($77.70 in chips) 
Seat 4: Nicedaymybro ($139.71 in chips) 
Seat 5: XneferX ($183.13 in chips) 
lilabully: posts small blind $0.50
Nicedaymybro: posts big blind $1
ghc_2: sits out 
*** HOLE CARDS ***
XneferX: folds 
Pippa83: raises $1.50 to $2.50
kvcsszblcs: folds 
lilabully: folds 
Nicedaymybro: folds 
Uncalled bet ($1.50) returned to Pippa83
Pippa83 collected $2.50 from pot
Pippa83: doesn't show hand 
*** SUMMARY ***
Total pot $2.50 | Rake $0 
Seat 6: ghc_2
Seat 1: Pippa83 collected ($2.50)
Seat 2: kvcsszblcs (button) folded before Flop (didn't bet)
Seat 3: lilabully (small blind) folded before Flop
Seat 4: Nicedaymybro (big blind) folded before Flop
Seat 5: XneferX folded before Flop (didn't bet)



PokerStars Hand #254553635784:  Hold'em No Limit ($0.50/$1.00 USD) - 2025/01/25 22:44:50 WET [2025/01/25 17:44:50 ET]
Table 'Ushakaron IV' 6-max Seat #3 is the button
Seat 6: ghc_2 ($184.35 in chips) is sitting out
Seat 1: Pippa83 ($118.35 in chips) 
Seat 2: kvcsszblcs ($99.50 in chips) 
Seat 3: lilabully ($77.20 in chips) 
Seat 4: Nicedaymybro ($138.71 in chips) 
Seat 5: XneferX ($183.13 in chips) 
Nicedaymybro: posts small blind $0.50
XneferX: posts big blind $1
ghc_2: sits out 
*** HOLE CARDS ***
Pippa83: folds 
kvcsszblcs: folds 
lilabully: folds 
Nicedaymybro: folds 
Uncalled bet ($0.50) returned to XneferX
XneferX collected $1 from pot
XneferX: doesn't show hand 
*** SUMMARY ***
Total pot $1 | Rake $0 
Seat 6: ghc_2
Seat 1: Pippa83 folded before Flop (didn't bet)
Seat 2: kvcsszblcs folded before Flop (didn't bet)
Seat 3: lilabully (button) folded before Flop (didn't bet)
Seat 4: Nicedaymybro (small blind) folded before Flop
Seat 5: XneferX (big blind) collected ($1)



PokerStars Hand #254553638231:  Hold'em No Limit ($0.50/$1.00 USD) - 2025/01/25 22:44:59 WET [2025/01/25 17:44:59 ET]
Table 'Ushakaron IV' 6-max Seat #4 is the button
Seat 1: Pippa83 ($118.35 in chips) 
Seat 2: kvcsszblcs ($99.50 in chips) 
Seat 3: lilabully ($77.20 in chips) 
Seat 4: Nicedaymybro ($138.21 in chips) 
Seat 5: XneferX ($183.63 in chips) 
Seat 6: ghc_2 ($184.35 in chips) 
XneferX: posts small blind $0.50
ghc_2: posts big blind $1
*** HOLE CARDS ***
Pippa83: folds 
kvcsszblcs: folds 
lilabully: folds 
Nicedaymybro: folds 
XneferX: raises $2 to $3
ghc_2: calls $2
*** FLOP *** [9c 7h Kd]
XneferX: bets $1.94
ghc_2: folds 
Uncalled bet ($1.94) returned to XneferX
XneferX collected $5.70 from pot
XneferX: doesn't show hand 
*** SUMMARY ***
Total pot $6 | Rake $0.30 
Board [9c 7h Kd]
Seat 1: Pippa83 folded before Flop (didn't bet)
Seat 2: kvcsszblcs folded before Flop (didn't bet)
Seat 3: lilabully folded before Flop (didn't bet)
Seat 4: Nicedaymybro (button) folded before Flop (didn't bet)
Seat 5: XneferX (small blind) collected ($5.70)
Seat 6: ghc_2 (big blind) folded on the Flop



PokerStars Hand #254553769454:  Hold'em No Limit ($0.50/$1.00 USD) - 2025/01/25 22:53:04 WET [2025/01/25 17:53:04 ET]
Table 'Ushakaron IV' 6-max Seat #6 is the button
Seat 3: lilabully ($0 in chips) is sitting out
Seat 1: Pippa83 ($108.60 in chips) 
Seat 2: kvcsszblcs ($104 in chips) 
Seat 4: Nicedaymybro ($128.29 in chips) 
Seat 5: nikalas22 ($103.50 in chips) 
Seat 6: ghc_2 ($191.85 in chips) 
Pippa83: posts small blind $0.50
kvcsszblcs: posts big blind $1
*** HOLE CARDS ***
Nicedaymybro: folds 
nikalas22: folds 
ghc_2: folds 
Pippa83: raises $2 to $3
kvcsszblcs: raises $7 to $10
Pippa83: folds 
Uncalled bet ($7) returned to kvcsszblcs
kvcsszblcs collected $6 from pot
kvcsszblcs: doesn't show hand 
*** SUMMARY ***
Total pot $6 | Rake $0 
Seat 3: lilabully
Seat 1: Pippa83 (small blind) folded before Flop
Seat 2: kvcsszblcs (big blind) collected ($6)
Seat 4: Nicedaymybro folded before Flop (didn't bet)
Seat 5: nikalas22 folded before Flop (didn't bet)
Seat 6: ghc_2 (button) folded before Flop (didn't bet)



PokerStars Hand #254553776817:  Hold'em No Limit ($0.50/$1.00 USD) - 2025/01/25 22:53:31 WET [2025/01/25 17:53:31 ET]
Table 'Ushakaron IV' 6-max Seat #1 is the button
Seat 3: lilabully ($0 in chips) is sitting out
Seat 1: Pippa83 ($105.60 in chips) 
Seat 2: kvcsszblcs ($107 in chips) 
Seat 4: Nicedaymybro ($128.29 in chips) 
Seat 5: nikalas22 ($103.50 in chips) 
Seat 6: ghc_2 ($191.85 in chips) 
kvcsszblcs: posts small blind $0.50
Nicedaymybro: posts big blind $1
*** HOLE CARDS ***
nikalas22: folds 
ghc_2: raises $1.30 to $2.30
Pippa83: folds 
kvcsszblcs: folds 
Nicedaymybro: folds 
Uncalled bet ($1.30) returned to ghc_2
ghc_2 collected $2.50 from pot
ghc_2: doesn't show hand 
*** SUMMARY ***
Total pot $2.50 | Rake $0 
Seat 3: lilabully
Seat 1: Pippa83 (button) folded before Flop (didn't bet)
Seat 2: kvcsszblcs (small blind) folded before Flop
Seat 4: Nicedaymybro (big blind) folded before Flop
Seat 5: nikalas22 folded before Flop (didn't bet)
Seat 6: ghc_2 collected ($2.50)



PokerStars Hand #254553781669:  Hold'em No Limit ($0.50/$1.00 USD) - 2025/01/25 22:53:49 WET [2025/01/25 17:53:49 ET]
Table 'Ushakaron IV' 6-max Seat #2 is the button
Seat 3: lilabully ($0 in chips) is sitting out
Seat 1: Pippa83 ($105.60 in chips) 
Seat 2: kvcsszblcs ($106.50 in chips) 
Seat 4: Nicedaymybro ($127.29 in chips) 
Seat 5: nikalas22 ($103.50 in chips) 
Seat 6: ghc_2 ($193.35 in chips) 
Nicedaymybro: posts small blind $0.50
nikalas22: posts big blind $1
*** HOLE CARDS ***
ghc_2: folds 
Pippa83: folds 
kvcsszblcs: raises $1.25 to $2.25
Nicedaymybro: folds 
nikalas22: folds 
Uncalled bet ($1.25) returned to kvcsszblcs
kvcsszblcs collected $2.50 from pot
kvcsszblcs: doesn't show hand 
*** SUMMARY ***
Total pot $2.50 | Rake $0 
Seat 3: lilabully
Seat 1: Pippa83 folded before Flop (didn't bet)
Seat 2: kvcsszblcs (button) collected ($2.50)
Seat 4: Nicedaymybro (small blind) folded before Flop
Seat 5: nikalas22 (big blind) folded before Flop
Seat 6: ghc_2 folded before Flop (didn't bet)



PokerStars Hand #254553786348:  Hold'em No Limit ($0.50/$1.00 USD) - 2025/01/25 22:54:07 WET [2025/01/25 17:54:07 ET]
Table 'Ushakaron IV' 6-max Seat #4 is the button
Seat 3: lilabully ($0 in chips) is sitting out
Seat 1: Pippa83 ($105.60 in chips) 
Seat 2: kvcsszblcs ($108 in chips) 
Seat 4: Nicedaymybro ($126.79 in chips) 
Seat 5: nikalas22 ($102.50 in chips) 
Seat 6: ghc_2 ($193.35 in chips) 
nikalas22: posts small blind $0.50
ghc_2: posts big blind $1
*** HOLE CARDS ***
Pippa83: folds 
kvcsszblcs: folds 
Nicedaymybro: raises $1.50 to $2.50
nikalas22: raises $9.50 to $12
ghc_2: folds 
Nicedaymybro: folds 
Uncalled bet ($9.50) returned to nikalas22
nikalas22 collected $6 from pot
nikalas22: doesn't show hand 
*** SUMMARY ***
Total pot $6 | Rake $0 
Seat 3: lilabully
Seat 1: Pippa83 folded before Flop (didn't bet)
Seat 2: kvcsszblcs folded before Flop (didn't bet)
Seat 4: Nicedaymybro (button) folded before Flop
Seat 5: nikalas22 (small blind) collected ($6)
Seat 6: ghc_2 (big blind) folded before Flop



PokerStars Hand #254553792303:  Hold'em No Limit ($0.50/$1.00 USD) - 2025/01/25 22:54:29 WET [2025/01/25 17:54:29 ET]
Table 'Ushakaron IV' 6-max Seat #5 is the button
Seat 1: Pippa83 ($105.60 in chips) is sitting out
Seat 3: lilabully ($0 in chips) is sitting out
Seat 2: kvcsszblcs ($108 in chips) 
Seat 4: Nicedaymybro ($124.29 in chips) 
Seat 5: nikalas22 ($106 in chips) 
Seat 6: ghc_2 ($192.35 in chips) 
ghc_2: posts small blind $0.50
Pippa83: is sitting out 
kvcsszblcs: posts big blind $1
*** HOLE CARDS ***
Nicedaymybro: raises $1.50 to $2.50
nikalas22: folds 
Pippa83 leaves the table
ghc_2: folds 
kvcsszblcs: folds 
Uncalled bet ($1.50) returned to Nicedaymybro
Nicedaymybro collected $2.50 from pot
Nicedaymybro: doesn't show hand 
*** SUMMARY ***
Total pot $2.50 | Rake $0 
Seat 1: Pippa83
Seat 3: lilabully
Seat 2: kvcsszblcs (big blind) folded before Flop
Seat 4: Nicedaymybro collected ($2.50)
Seat 5: nikalas22 (button) folded before Flop (didn't bet)
Seat 6: ghc_2 (small blind) folded before Flop



PokerStars Hand #254553795717:  Hold'em No Limit ($0.50/$1.00 USD) - 2025/01/25 22:54:42 WET [2025/01/25 17:54:42 ET]
Table 'Ushakaron IV' 6-max Seat #6 is the button
Seat 3: lilabully ($0 in chips) is sitting out
Seat 2: kvcsszblcs ($107 in chips) 
Seat 4: Nicedaymybro ($125.79 in chips) 
Seat 5: nikalas22 ($106 in chips) 
Seat 6: ghc_2 ($191.85 in chips) 
kvcsszblcs: posts small blind $0.50
Nicedaymybro: posts big blind $1
*** HOLE CARDS ***
nikalas22: folds 
ghc_2: folds 
kvcsszblcs: folds 
Uncalled bet ($0.50) returned to Nicedaymybro
Nicedaymybro collected $1 from pot
lilabully leaves the table
Nicedaymybro: doesn't show hand 
*** SUMMARY ***
Total pot $1 | Rake $0 
Seat 3: lilabully
Seat 2: kvcsszblcs (small blind) folded before Flop
Seat 4: Nicedaymybro (big blind) collected ($1)
Seat 5: nikalas22 folded before Flop (didn't bet)
Seat 6: ghc_2 (button) folded before Flop (didn't bet)



PokerStars Hand #254553797484:  Hold'em No Limit ($0.50/$1.00 USD) - 2025/01/25 22:54:49 WET [2025/01/25 17:54:49 ET]
Table 'Ushakaron IV' 6-max Seat #2 is the button
Seat 2: kvcsszblcs ($106.50 in chips) 
Seat 4: Nicedaymybro ($126.29 in chips) 
Seat 5: nikalas22 ($106 in chips) 
Seat 6: ghc_2 ($191.85 in chips) 
Nicedaymybro: posts small blind $0.50
nikalas22: posts big blind $1
*** HOLE CARDS ***
ghc_2: raises $1.30 to $2.30
kvcsszblcs: folds 
Nicedaymybro: folds 
nikalas22: folds 
Uncalled bet ($1.30) returned to ghc_2
ghc_2 collected $2.50 from pot
ghc_2: doesn't show hand 
*** SUMMARY ***
Total pot $2.50 | Rake $0 
Seat 2: kvcsszblcs (button) folded before Flop (didn't bet)
Seat 4: Nicedaymybro (small blind) folded before Flop
Seat 5: nikalas22 (big blind) folded before Flop
Seat 6: ghc_2 collected ($2.50)



PokerStars Hand #254553801455:  Hold'em No Limit ($0.50/$1.00 USD) - 2025/01/25 22:55:04 WET [2025/01/25 17:55:04 ET]
Table 'Ushakaron IV' 6-max Seat #4 is the button
Seat 2: kvcsszblcs ($106.50 in chips) 
Seat 4: Nicedaymybro ($125.79 in chips) 
Seat 5: nikalas22 ($105 in chips) 
Seat 6: ghc_2 ($193.35 in chips) 
nikalas22: posts small blind $0.50
ghc_2: posts big blind $1
*** HOLE CARDS ***
kvcsszblcs: raises $1 to $2
Nicedaymybro: raises $5 to $7
nikalas22: folds 
ghc_2: folds 
kvcsszblcs: raises $14 to $21
Nicedaymybro: folds 
Uncalled bet ($14) returned to kvcsszblcs
kvcsszblcs collected $15.50 from pot
kvcsszblcs: doesn't show hand 
*** SUMMARY ***
Total pot $15.50 | Rake $0 
Seat 2: kvcsszblcs collected ($15.50)
Seat 4: Nicedaymybro (button) folded before Flop
Seat 5: nikalas22 (small blind) folded before Flop
Seat 6: ghc_2 (big blind) folded before Flop



PokerStars Hand #254553807822:  Hold'em No Limit ($0.50/$1.00 USD) - 2025/01/25 22:55:33 WET [2025/01/25 17:55:33 ET]
Table 'Ushakaron IV' 6-max Seat #6 is the button
Seat 2: kvcsszblcs ($115 in chips) is sitting out
Seat 4: Nicedaymybro ($118.79 in chips) is sitting out
Seat 5: nikalas22 ($104.50 in chips) 
Seat 6: ghc_2 ($192.35 in chips) 
ghc_2: posts small blind $0.50
kvcsszblcs: is sitting out 
Nicedaymybro: is sitting out 
nikalas22: posts big blind $1
*** HOLE CARDS ***
Nicedaymybro leaves the table
ghc_2: raises $1.40 to $2.40
kvcsszblcs leaves the table
nikalas22: folds 
Uncalled bet ($1.40) returned to ghc_2
ghc_2 collected $2 from pot
ghc_2: doesn't show hand 
*** SUMMARY ***
Total pot $2 | Rake $0 
Seat 2: kvcsszblcs
Seat 4: Nicedaymybro
Seat 5: nikalas22 (big blind) folded before Flop
Seat 6: ghc_2 (button) (small blind) collected ($2)



