PokerStars Hand #254553637403:  Hold'em No Limit ($0.50/$1.00 USD) - 2025/01/25 22:44:56 WET [2025/01/25 17:44:56 ET]
Table 'Thia IV' 6-max Seat #1 is the button
Seat 1: tintin641 ($100 in chips) 
Seat 2: Mr_Dick666 ($100 in chips) 
Seat 4: nikalas22 ($100 in chips) 
Seat 6: m0nTTu ($10 in chips) 
Mr_Dick666: posts small blind $0.50
Dr. Fvinagre joins the table at seat #5 
nikalas22: posts big blind $1
*** HOLE CARDS ***
Dr. Fvinagre is disconnected 
reiyser joins the table at seat #3 
m0nTTu: folds 
tintin641: raises $1.50 to $2.50
Mr_Dick666: folds 
nikalas22: folds 
Uncalled bet ($1.50) returned to tintin641
tintin641 collected $2.50 from pot
tintin641: doesn't show hand 
*** SUMMARY ***
Total pot $2.50 | Rake $0 
Seat 1: tintin641 (button) collected ($2.50)
Seat 2: Mr_Dick666 (small blind) folded before Flop
Seat 4: nikalas22 (big blind) folded before Flop
Seat 6: m0nTTu folded before Flop (didn't bet)



PokerStars Hand #254553780586:  Hold'em No Limit ($0.50/$1.00 USD) - 2025/01/25 22:53:45 WET [2025/01/25 17:53:45 ET]
Table 'Thia IV' 6-max Seat #6 is the button
Seat 1: tintin641 ($100 in chips) 
Seat 3: reiyser ($124.81 in chips) 
Seat 4: adrianos1211 ($104 in chips) 
Seat 5: Dr. Fvinagre ($17.92 in chips) 
Seat 6: nastja336 ($100 in chips) 
tintin641: posts small blind $0.50
reiyser: posts big blind $1
*** HOLE CARDS ***
adrianos1211: raises $2 to $3
Dr. Fvinagre: folds 
nastja336: folds 
tintin641: folds 
reiyser: folds 
Uncalled bet ($2) returned to adrianos1211
adrianos1211 collected $2.50 from pot
adrianos1211: doesn't show hand 
*** SUMMARY ***
Total pot $2.50 | Rake $0 
Seat 1: tintin641 (small blind) folded before Flop
Seat 3: reiyser (big blind) folded before Flop
Seat 4: adrianos1211 collected ($2.50)
Seat 5: Dr. Fvinagre folded before Flop (didn't bet)
Seat 6: nastja336 (button) folded before Flop (didn't bet)



PokerStars Hand #254553788371:  Hold'em No Limit ($0.50/$1.00 USD) - 2025/01/25 22:54:15 WET [2025/01/25 17:54:15 ET]
Table 'Thia IV' 6-max Seat #1 is the button
Seat 1: tintin641 ($100 in chips) 
Seat 3: reiyser ($123.81 in chips) 
Seat 4: adrianos1211 ($105.50 in chips) 
Seat 5: Dr. Fvinagre ($17.92 in chips) 
Seat 6: nastja336 ($100 in chips) 
reiyser: posts small blind $0.50
adrianos1211: posts big blind $1
*** HOLE CARDS ***
Dr. Fvinagre: folds 
nastja336: raises $1.50 to $2.50
tintin641: folds 
reiyser: folds 
adrianos1211: calls $1.50
*** FLOP *** [2s 4d 2d]
adrianos1211: checks 
nastja336: bets $1.72
adrianos1211: folds 
Uncalled bet ($1.72) returned to nastja336
nastja336 collected $5.22 from pot
nastja336: doesn't show hand 
*** SUMMARY ***
Total pot $5.50 | Rake $0.28 
Board [2s 4d 2d]
Seat 1: tintin641 (button) folded before Flop (didn't bet)
Seat 3: reiyser (small blind) folded before Flop
Seat 4: adrianos1211 (big blind) folded on the Flop
Seat 5: Dr. Fvinagre folded before Flop (didn't bet)
Seat 6: nastja336 collected ($5.22)



PokerStars Hand #254553801357:  Hold'em No Limit ($0.50/$1.00 USD) - 2025/01/25 22:55:04 WET [2025/01/25 17:55:04 ET]
Table 'Thia IV' 6-max Seat #3 is the button
Seat 1: tintin641 ($100 in chips) 
Seat 3: reiyser ($123.31 in chips) 
Seat 4: adrianos1211 ($103 in chips) 
Seat 5: Dr. Fvinagre ($17.92 in chips) 
Seat 6: nastja336 ($102.72 in chips) 
adrianos1211: posts small blind $0.50
Dr. Fvinagre: posts big blind $1
*** HOLE CARDS ***
nastja336: folds 
tintin641: folds 
reiyser: raises $1 to $2
adrianos1211: folds 
Dr. Fvinagre: folds 
Uncalled bet ($1) returned to reiyser
reiyser collected $2.50 from pot
reiyser: doesn't show hand 
*** SUMMARY ***
Total pot $2.50 | Rake $0 
Seat 1: tintin641 folded before Flop (didn't bet)
Seat 3: reiyser (button) collected ($2.50)
Seat 4: adrianos1211 (small blind) folded before Flop
Seat 5: Dr. Fvinagre (big blind) folded before Flop
Seat 6: nastja336 folded before Flop (didn't bet)



PokerStars Hand #254553805112:  Hold'em No Limit ($0.50/$1.00 USD) - 2025/01/25 22:55:19 WET [2025/01/25 17:55:19 ET]
Table 'Thia IV' 6-max Seat #4 is the button
Seat 6: nastja336 ($102.72 in chips) is sitting out
Seat 1: tintin641 ($100 in chips) 
Seat 3: reiyser ($124.81 in chips) 
Seat 4: adrianos1211 ($102.50 in chips) 
Seat 5: Dr. Fvinagre ($16.92 in chips) 
Dr. Fvinagre: posts small blind $0.50
nastja336: is sitting out 
tintin641: posts big blind $1
*** HOLE CARDS ***
nastja336 leaves the table
reiyser: raises $1 to $2
adrianos1211: folds 
Dr. Fvinagre: folds 
tintin641: folds 
Uncalled bet ($1) returned to reiyser
reiyser collected $2.50 from pot
reiyser: doesn't show hand 
*** SUMMARY ***
Total pot $2.50 | Rake $0 
Seat 6: nastja336
Seat 1: tintin641 (big blind) folded before Flop
Seat 3: reiyser collected ($2.50)
Seat 4: adrianos1211 (button) folded before Flop (didn't bet)
Seat 5: Dr. Fvinagre (small blind) folded before Flop



PokerStars Hand #254553807899:  Hold'em No Limit ($0.50/$1.00 USD) - 2025/01/25 22:55:34 WET [2025/01/25 17:55:34 ET]
Table 'Thia IV' 6-max Seat #5 is the button
Seat 1: tintin641 ($100 in chips) 
Seat 3: reiyser ($126.31 in chips) 
Seat 4: adrianos1211 ($102.50 in chips) 
Seat 5: Dr. Fvinagre ($16.42 in chips) 
tintin641: posts small blind $0.50
reiyser: posts big blind $1
*** HOLE CARDS ***
adrianos1211: folds 
Dr. Fvinagre: folds 
adrianos1211 leaves the table
tintin641: raises $2 to $3
reiyser: calls $2
*** FLOP *** [8s Jd Ad]
tintin641: bets $1.88
reiyser: calls $1.88
*** TURN *** [8s Jd Ad] [2c]
tintin641: checks 
reiyser: checks 
*** RIVER *** [8s Jd Ad 2c] [3c]
tintin641: bets $3.06
reiyser: calls $3.06
*** SHOW DOWN ***
tintin641: shows [Jh Kc] (a pair of Jacks)
reiyser: shows [4h Ah] (a pair of Aces)
reiyser collected $15.09 from pot
*** SUMMARY ***
Total pot $15.88 | Rake $0.79 
Board [8s Jd Ad 2c 3c]
Seat 1: tintin641 (small blind) showed [Jh Kc] and lost with a pair of Jacks
Seat 3: reiyser (big blind) showed [4h Ah] and won ($15.09) with a pair of Aces
Seat 4: adrianos1211 folded before Flop (didn't bet)
Seat 5: Dr. Fvinagre (button) folded before Flop (didn't bet)



PokerStars Hand #254553826430:  Hold'em No Limit ($0.50/$1.00 USD) - 2025/01/25 22:57:06 WET [2025/01/25 17:57:06 ET]
Table 'Thia IV' 6-max Seat #1 is the button
Seat 1: tintin641 ($100 in chips) 
Seat 3: reiyser ($133.46 in chips) 
Seat 5: Dr. Fvinagre ($16.42 in chips) 
reiyser: posts small blind $0.50
Dr. Fvinagre: posts big blind $1
*** HOLE CARDS ***
tintin641: raises $1 to $2
reiyser: raises $9 to $11
Dr. Fvinagre: folds 
tintin641: folds 
Uncalled bet ($9) returned to reiyser
reiyser collected $5 from pot
reiyser: doesn't show hand 
*** SUMMARY ***
Total pot $5 | Rake $0 
Seat 1: tintin641 (button) folded before Flop
Seat 3: reiyser (small blind) collected ($5)
Seat 5: Dr. Fvinagre (big blind) folded before Flop



