PokerStars Hand #254541073900:  Hold'em No Limit ($0.50/$1.00 USD) - 2025/01/25 3:58:39 WET [2025/01/24 22:58:39 ET]
Table 'Boreas III' 6-max Seat #4 is the button
Seat 1: Xenicide ($100 in chips) 
Seat 2: MrVern9177 ($100 in chips) 
Seat 3: steelNike ($40 in chips) 
Seat 4: equilibrium_tv ($40 in chips) 
Xenicide: posts small blind $0.50
MrVern9177: posts big blind $1
LUMBO joins the table at seat #9
*** HOLE CARDS ***
4ihKZ joins the table at seat #5 
steelNike: raises $1 to $2
equilibrium_tv: folds 
Xenicide: folds 
MrVern9177: folds 
Uncalled bet ($1) returned to steelNike
steelNike collected $2.50 from pot
*** SUMMARY ***
Total pot $2.50 | Rake $0 
Seat 1: Xenicide (small blind) folded before Flop
Seat 2: MrVern9177 (big blind) folded before Flop
Seat 3: steelNike collected ($2.50)
Seat 4: equilibrium_tv (button) folded before Flop (didn't bet)



PokerStars Hand #254541074912:  Hold'em No Limit ($0.50/$1.00 USD) - 2025/01/25 3:58:49 WET [2025/01/24 22:58:49 ET]
Table 'Boreas III' 6-max Seat #1 is the button
Seat 5: 4ihKZ ($100 in chips) is sitting out
Seat 1: Xenicide ($100 in chips) 
Seat 2: MrVern9177 ($99 in chips) 
Seat 3: steelNike ($41.50 in chips) 
Seat 4: equilibrium_tv ($40 in chips) 
MrVern9177: posts small blind $0.50
Manifestorr joins the table at seat #6 
steelNike: posts big blind $1
4ihKZ: sits out 
LUMBO joins the table at seat #9
*** HOLE CARDS ***
equilibrium_tv: folds 
Xenicide: folds 
MrVern9177: calls $0.50
4ihKZ leaves the table
steelNike: checks 
*** FLOP *** [Tc 2c Kc]
MrVern9177: checks 
steelNike: checks 
*** TURN *** [Tc 2c Kc] [Jd]
MrVern9177: bets $2
steelNike: folds 
Uncalled bet ($2) returned to MrVern9177
7bekon7 joins the table at seat #5 
MrVern9177 collected $1.90 from pot
*** SUMMARY ***
Total pot $2 | Rake $0.10 
Board [Tc 2c Kc Jd]
Seat 5: 4ihKZ
Seat 1: Xenicide (button) folded before Flop (didn't bet)
Seat 2: MrVern9177 (small blind) collected ($1.90)
Seat 3: steelNike (big blind) folded on the Turn
Seat 4: equilibrium_tv folded before Flop (didn't bet)



PokerStars Hand #254541080226:  Hold'em No Limit ($0.50/$1.00 USD) - 2025/01/25 3:59:41 WET [2025/01/24 22:59:41 ET]
Table 'Boreas III' 6-max Seat #2 is the button
Seat 5: 7bekon7 ($100 in chips) is sitting out
Seat 6: Manifestorr ($100 in chips) is sitting out
Seat 1: Xenicide ($100 in chips) 
Seat 2: MrVern9177 ($99.90 in chips) 
Seat 3: steelNike ($40.50 in chips) 
Seat 4: equilibrium_tv ($40 in chips) 
steelNike: posts small blind $0.50
equilibrium_tv: posts big blind $1
7bekon7: sits out 
Manifestorr: sits out 
LUMBO joins the table at seat #9
*** HOLE CARDS ***
Xenicide: folds 
MrVern9177: folds 
steelNike: folds 
Uncalled bet ($0.50) returned to equilibrium_tv
equilibrium_tv collected $1 from pot
*** SUMMARY ***
Total pot $1 | Rake $0 
Seat 5: 7bekon7
Seat 6: Manifestorr
Seat 1: Xenicide folded before Flop (didn't bet)
Seat 2: MrVern9177 (button) folded before Flop (didn't bet)
Seat 3: steelNike (small blind) folded before Flop
Seat 4: equilibrium_tv (big blind) collected ($1)



PokerStars Hand #254541081593:  Hold'em No Limit ($0.50/$1.00 USD) - 2025/01/25 3:59:53 WET [2025/01/24 22:59:53 ET]
Table 'Boreas III' 6-max Seat #3 is the button
Seat 6: Manifestorr ($100 in chips) is sitting out
Seat 1: Xenicide ($100 in chips) 
Seat 2: MrVern9177 ($99.90 in chips) 
Seat 3: steelNike ($40 in chips) 
Seat 4: equilibrium_tv ($40.50 in chips) 
Seat 5: 7bekon7 ($100 in chips) 
equilibrium_tv: posts small blind $0.50
7bekon7: posts big blind $1
Manifestorr: sits out 
LUMBO joins the table at seat #9
*** HOLE CARDS ***
Xenicide: raises $1 to $2
MrVern9177: calls $2
steelNike: folds 
equilibrium_tv: folds 
7bekon7: calls $1
*** FLOP *** [2d 5c 9d]
steelNike leaves the table
ponchua joins the table at seat #3 
7bekon7: checks 
Xenicide: checks 
MrVern9177: checks 
*** TURN *** [2d 5c 9d] [Js]
7bekon7: bets $3.09
Xenicide: calls $3.09
MrVern9177: calls $3.09
*** RIVER *** [2d 5c 9d Js] [Qh]
7bekon7: checks 
Xenicide: checks 
MrVern9177: bets $5
7bekon7: folds 
Xenicide: calls $5
*** SHOW DOWN ***
MrVern9177: shows [Ad 8d] (high card Ace)
Xenicide: shows [Jh Kh] (a pair of Jacks)
Xenicide collected $24.48 from pot
*** SUMMARY ***
Total pot $25.77 | Rake $1.29 
Board [2d 5c 9d Js Qh]
Seat 6: Manifestorr
Seat 1: Xenicide showed [Jh Kh] and won ($24.48) with a pair of Jacks
Seat 2: MrVern9177 showed [Ad 8d] and lost with high card Ace
Seat 3: steelNike (button) folded before Flop (didn't bet)
Seat 4: equilibrium_tv (small blind) folded before Flop
Seat 5: 7bekon7 (big blind) folded on the River



PokerStars Hand #254541094257:  Hold'em No Limit ($0.50/$1.00 USD) - 2025/01/25 4:01:43 WET [2025/01/24 23:01:43 ET]
Table 'Boreas III' 6-max Seat #4 is the button
Seat 3: ponchua ($100 in chips) is sitting out
Seat 1: Xenicide ($114.39 in chips) 
Seat 2: MrVern9177 ($89.81 in chips) 
Seat 4: equilibrium_tv ($40 in chips) 
Seat 5: 7bekon7 ($100 in chips) 
Seat 6: Manifestorr ($100 in chips) 
7bekon7: posts small blind $0.50
Manifestorr: posts big blind $1
ponchua: sits out 
LUMBO joins the table at seat #9
*** HOLE CARDS ***
Xenicide: folds 
MrVern9177: folds 
equilibrium_tv: folds 
7bekon7: calls $0.50
Manifestorr: raises $3 to $4
7bekon7: folds 
Uncalled bet ($3) returned to Manifestorr
ponchua leaves the table
Manifestorr collected $2 from pot
*** SUMMARY ***
Total pot $2 | Rake $0 
Seat 3: ponchua
Seat 1: Xenicide folded before Flop (didn't bet)
Seat 2: MrVern9177 folded before Flop (didn't bet)
Seat 4: equilibrium_tv (button) folded before Flop (didn't bet)
Seat 5: 7bekon7 (small blind) folded before Flop
Seat 6: Manifestorr (big blind) collected ($2)



PokerStars Hand #254541096649:  Hold'em No Limit ($0.50/$1.00 USD) - 2025/01/25 4:02:03 WET [2025/01/24 23:02:03 ET]
Table 'Boreas III' 6-max Seat #5 is the button
Seat 1: Xenicide ($114.39 in chips) 
Seat 2: MrVern9177 ($89.81 in chips) 
Seat 4: equilibrium_tv ($40 in chips) 
Seat 5: 7bekon7 ($100 in chips) 
Seat 6: Manifestorr ($101 in chips) 
Manifestorr: posts small blind $0.50
Xenicide: posts big blind $1
*** HOLE CARDS ***
MrVern9177: folds 
equilibrium_tv: folds 
7bekon7: raises $1.25 to $2.25
Manifestorr: folds 
Xenicide: folds 
Uncalled bet ($1.25) returned to 7bekon7
7bekon7 collected $2.50 from pot
7bekon7: doesn't show hand 
*** SUMMARY ***
Total pot $2.50 | Rake $0 
Seat 1: Xenicide (big blind) folded before Flop
Seat 2: MrVern9177 folded before Flop (didn't bet)
Seat 4: equilibrium_tv folded before Flop (didn't bet)
Seat 5: 7bekon7 (button) collected ($2.50)
Seat 6: Manifestorr (small blind) folded before Flop



PokerStars Hand #254541099202:  Hold'em No Limit ($0.50/$1.00 USD) - 2025/01/25 4:02:24 WET [2025/01/24 23:02:24 ET]
Table 'Boreas III' 6-max Seat #6 is the button
Seat 1: Xenicide ($113.39 in chips) 
Seat 2: MrVern9177 ($89.81 in chips) 
Seat 4: equilibrium_tv ($40 in chips) 
Seat 5: 7bekon7 ($101.50 in chips) 
Seat 6: Manifestorr ($100.50 in chips) 
Xenicide: posts small blind $0.50
MrVern9177: posts big blind $1
*** HOLE CARDS ***
equilibrium_tv: raises $1 to $2
7bekon7: folds 
Manifestorr: folds 
sutata joins the table at seat #3 
Xenicide: folds 
MrVern9177: folds 
Uncalled bet ($1) returned to equilibrium_tv
equilibrium_tv collected $2.50 from pot
*** SUMMARY ***
Total pot $2.50 | Rake $0 
Seat 1: Xenicide (small blind) folded before Flop
Seat 2: MrVern9177 (big blind) folded before Flop
Seat 4: equilibrium_tv collected ($2.50)
Seat 5: 7bekon7 folded before Flop (didn't bet)
Seat 6: Manifestorr (button) folded before Flop (didn't bet)



PokerStars Hand #254541101741:  Hold'em No Limit ($0.50/$1.00 USD) - 2025/01/25 4:02:44 WET [2025/01/24 23:02:44 ET]
Table 'Boreas III' 6-max Seat #1 is the button
Seat 1: Xenicide ($112.89 in chips) 
Seat 2: MrVern9177 ($88.81 in chips) 
Seat 3: sutata ($100 in chips) 
Seat 4: equilibrium_tv ($41.50 in chips) 
Seat 5: 7bekon7 ($101.50 in chips) 
Seat 6: Manifestorr ($100.50 in chips) 
MrVern9177: posts small blind $0.50
sutata: posts big blind $1
*** HOLE CARDS ***
equilibrium_tv: folds 
7bekon7: folds 
Manifestorr: folds 
Xenicide: raises $1.25 to $2.25
MrVern9177: folds 
sutata: calls $1.25
*** FLOP *** [2s 4d 3h]
sutata: bets $1.58
Xenicide: calls $1.58
*** TURN *** [2s 4d 3h] [3s]
sutata: checks 
Xenicide: checks 
*** RIVER *** [2s 4d 3h 3s] [Qd]
sutata: bets $11.55
Xenicide: folds 
Uncalled bet ($11.55) returned to sutata
sutata collected $7.75 from pot
sutata: doesn't show hand 
*** SUMMARY ***
Total pot $8.16 | Rake $0.41 
Board [2s 4d 3h 3s Qd]
Seat 1: Xenicide (button) folded on the River
Seat 2: MrVern9177 (small blind) folded before Flop
Seat 3: sutata (big blind) collected ($7.75)
Seat 4: equilibrium_tv folded before Flop (didn't bet)
Seat 5: 7bekon7 folded before Flop (didn't bet)
Seat 6: Manifestorr folded before Flop (didn't bet)



PokerStars Hand #254541109008:  Hold'em No Limit ($0.50/$1.00 USD) - 2025/01/25 4:03:44 WET [2025/01/24 23:03:44 ET]
Table 'Boreas III' 6-max Seat #2 is the button
Seat 4: equilibrium_tv ($41.50 in chips) is sitting out
Seat 1: Xenicide ($109.06 in chips) 
Seat 2: MrVern9177 ($88.31 in chips) 
Seat 3: sutata ($103.92 in chips) 
Seat 5: 7bekon7 ($101.50 in chips) 
Seat 6: Manifestorr ($100.50 in chips) 
sutata: posts small blind $0.50
equilibrium_tv: is sitting out 
7bekon7: posts big blind $1
*** HOLE CARDS ***
Manifestorr: folds 
Xenicide: raises $1 to $2
MrVern9177: raises $2 to $4
sutata: calls $3.50
7bekon7: folds 
equilibrium_tv leaves the table
Xenicide: calls $2
*** FLOP *** [3c 6s As]
sutata: checks 
Xenicide: checks 
MrVern9177: bets $2
sutata: calls $2
Xenicide: folds 
*** TURN *** [3c 6s As] [Ac]
sutata: checks 
CashfishT joins the table at seat #4 
MrVern9177: bets $3
sutata: calls $3
*** RIVER *** [3c 6s As Ac] [8c]
sutata: bets $1.97
MrVern9177: raises $13.97 to $15.94
sutata: folds 
Uncalled bet ($13.97) returned to MrVern9177
MrVern9177 collected $25.59 from pot
*** SUMMARY ***
Total pot $26.94 | Rake $1.35 
Board [3c 6s As Ac 8c]
Seat 4: equilibrium_tv
Seat 1: Xenicide folded on the Flop
Seat 2: MrVern9177 (button) collected ($25.59)
Seat 3: sutata (small blind) folded on the River
Seat 5: 7bekon7 (big blind) folded before Flop
Seat 6: Manifestorr folded before Flop (didn't bet)



PokerStars Hand #254541120918:  Hold'em No Limit ($0.50/$1.00 USD) - 2025/01/25 4:05:20 WET [2025/01/24 23:05:20 ET]
Table 'Boreas III' 6-max Seat #3 is the button
Seat 4: CashfishT ($100 in chips) is sitting out
Seat 1: Xenicide ($105.06 in chips) 
Seat 2: MrVern9177 ($102.93 in chips) 
Seat 3: sutata ($100 in chips) 
Seat 5: 7bekon7 ($100.50 in chips) 
Seat 6: Manifestorr ($100.50 in chips) 
7bekon7: posts small blind $0.50
Manifestorr: posts big blind $1
*** HOLE CARDS ***
Xenicide: folds 
MrVern9177: folds 
sutata: raises $2 to $3
7bekon7: raises $7 to $10
Manifestorr: folds 
sutata: folds 
Uncalled bet ($7) returned to 7bekon7
7bekon7 collected $7 from pot
7bekon7: doesn't show hand 
*** SUMMARY ***
Total pot $7 | Rake $0 
Seat 4: CashfishT
Seat 1: Xenicide folded before Flop (didn't bet)
Seat 2: MrVern9177 folded before Flop (didn't bet)
Seat 3: sutata (button) folded before Flop
Seat 5: 7bekon7 (small blind) collected ($7)
Seat 6: Manifestorr (big blind) folded before Flop



PokerStars Hand #254541124068:  Hold'em No Limit ($0.50/$1.00 USD) - 2025/01/25 4:05:46 WET [2025/01/24 23:05:46 ET]
Table 'Boreas III' 6-max Seat #5 is the button
Seat 4: CashfishT ($100 in chips) is sitting out
Seat 1: Xenicide ($105.06 in chips) 
Seat 2: MrVern9177 ($102.93 in chips) 
Seat 3: sutata ($100 in chips) 
Seat 5: 7bekon7 ($104.50 in chips) 
Seat 6: Manifestorr ($100 in chips) 
Manifestorr: posts small blind $0.50
Xenicide: posts big blind $1
CashfishT: sits out 
*** HOLE CARDS ***
MrVern9177: folds 
sutata: folds 
7bekon7: folds 
Manifestorr: folds 
Uncalled bet ($0.50) returned to Xenicide
Xenicide collected $1 from pot
*** SUMMARY ***
Total pot $1 | Rake $0 
Seat 4: CashfishT
Seat 1: Xenicide (big blind) collected ($1)
Seat 2: MrVern9177 folded before Flop (didn't bet)
Seat 3: sutata folded before Flop (didn't bet)
Seat 5: 7bekon7 (button) folded before Flop (didn't bet)
Seat 6: Manifestorr (small blind) folded before Flop



PokerStars Hand #254541125088:  Hold'em No Limit ($0.50/$1.00 USD) - 2025/01/25 4:05:55 WET [2025/01/24 23:05:55 ET]
Table 'Boreas III' 6-max Seat #6 is the button
Seat 4: CashfishT ($100 in chips) is sitting out
Seat 1: Xenicide ($105.56 in chips) 
Seat 2: MrVern9177 ($102.93 in chips) 
Seat 3: sutata ($100 in chips) 
Seat 5: 7bekon7 ($104.50 in chips) 
Seat 6: Manifestorr ($100 in chips) 
Xenicide: posts small blind $0.50
MrVern9177: posts big blind $1
CashfishT: sits out 
*** HOLE CARDS ***
sutata: raises $2 to $3
7bekon7: folds 
Manifestorr: folds 
Xenicide: folds 
MrVern9177: calls $2
*** FLOP *** [6s 9d 2c]
MrVern9177: checks 
sutata: bets $2.06
MrVern9177: raises $2.06 to $4.12
sutata: calls $2.06
*** TURN *** [6s 9d 2c] [9c]
MrVern9177: checks 
sutata: checks 
*** RIVER *** [6s 9d 2c 9c] [7c]
MrVern9177: bets $10
sutata: calls $10
*** SHOW DOWN ***
MrVern9177: shows [9h Kh] (three of a kind, Nines)
sutata: mucks hand 
MrVern9177 collected $33 from pot
*** SUMMARY ***
Total pot $34.74 | Rake $1.74 
Board [6s 9d 2c 9c 7c]
Seat 4: CashfishT
Seat 1: Xenicide (small blind) folded before Flop
Seat 2: MrVern9177 (big blind) showed [9h Kh] and won ($33) with three of a kind, Nines
Seat 3: sutata mucked
Seat 5: 7bekon7 folded before Flop (didn't bet)
Seat 6: Manifestorr (button) folded before Flop (didn't bet)



PokerStars Hand #254541133974:  Hold'em No Limit ($0.50/$1.00 USD) - 2025/01/25 4:07:07 WET [2025/01/24 23:07:07 ET]
Table 'Boreas III' 6-max Seat #1 is the button
Seat 4: CashfishT ($100 in chips) is sitting out
Seat 1: Xenicide ($105.06 in chips) 
Seat 2: MrVern9177 ($118.81 in chips) 
Seat 3: sutata ($100 in chips) 
Seat 5: 7bekon7 ($104.50 in chips) 
Seat 6: Manifestorr ($100 in chips) 
MrVern9177: posts small blind $0.50
sutata: posts big blind $1
CashfishT: sits out 
*** HOLE CARDS ***
7bekon7: folds 
Manifestorr: folds 
Xenicide: folds 
MrVern9177: calls $0.50
sutata: checks 
*** FLOP *** [6s Kh Ks]
MrVern9177: checks 
sutata: checks 
*** TURN *** [6s Kh Ks] [7h]
MrVern9177: bets $2
sutata: folds 
Uncalled bet ($2) returned to MrVern9177
MrVern9177 collected $1.90 from pot
*** SUMMARY ***
Total pot $2 | Rake $0.10 
Board [6s Kh Ks 7h]
Seat 4: CashfishT
Seat 1: Xenicide (button) folded before Flop (didn't bet)
Seat 2: MrVern9177 (small blind) collected ($1.90)
Seat 3: sutata (big blind) folded on the Turn
Seat 5: 7bekon7 folded before Flop (didn't bet)
Seat 6: Manifestorr folded before Flop (didn't bet)



PokerStars Hand #254541137025:  Hold'em No Limit ($0.50/$1.00 USD) - 2025/01/25 4:07:33 WET [2025/01/24 23:07:33 ET]
Table 'Boreas III' 6-max Seat #2 is the button
Seat 1: Xenicide ($105.06 in chips) 
Seat 2: MrVern9177 ($119.71 in chips) 
Seat 3: sutata ($100 in chips) 
Seat 4: CashfishT ($100 in chips) 
Seat 5: 7bekon7 ($104.50 in chips) 
Seat 6: Manifestorr ($100 in chips) 
sutata: posts small blind $0.50
CashfishT: posts big blind $1
*** HOLE CARDS ***
7bekon7: folds 
Manifestorr: folds 
Xenicide: folds 
MrVern9177: folds 
sutata: raises $2 to $3
CashfishT: folds 
Uncalled bet ($2) returned to sutata
sutata collected $2 from pot
sutata: doesn't show hand 
*** SUMMARY ***
Total pot $2 | Rake $0 
Seat 1: Xenicide folded before Flop (didn't bet)
Seat 2: MrVern9177 (button) folded before Flop (didn't bet)
Seat 3: sutata (small blind) collected ($2)
Seat 4: CashfishT (big blind) folded before Flop
Seat 5: 7bekon7 folded before Flop (didn't bet)
Seat 6: Manifestorr folded before Flop (didn't bet)



PokerStars Hand #254541138879:  Hold'em No Limit ($0.50/$1.00 USD) - 2025/01/25 4:07:48 WET [2025/01/24 23:07:48 ET]
Table 'Boreas III' 6-max Seat #3 is the button
Seat 1: Xenicide ($105.06 in chips) 
Seat 2: MrVern9177 ($119.71 in chips) 
Seat 3: sutata ($101 in chips) 
Seat 4: CashfishT ($100 in chips) 
Seat 5: 7bekon7 ($104.50 in chips) 
Seat 6: Manifestorr ($100 in chips) 
CashfishT: posts small blind $0.50
7bekon7: posts big blind $1
*** HOLE CARDS ***
Manifestorr: folds 
Xenicide: folds 
MrVern9177: calls $1
sutata: raises $3 to $4
CashfishT: folds 
7bekon7: raises $10 to $14
MrVern9177: calls $13
sutata: calls $10
*** FLOP *** [3c Ad 6h]
7bekon7: checks 
MrVern9177: checks 
sutata: checks 
*** TURN *** [3c Ad 6h] [Tc]
7bekon7: bets $15.14
MrVern9177: calls $15.14
sutata: folds 
*** RIVER *** [3c Ad 6h Tc] [7c]
7bekon7: bets $75.36 and is all-in
MrVern9177: calls $75.36
*** SHOW DOWN ***
7bekon7: shows [Kc Qh] (high card Ace)
MrVern9177: shows [Qc Ac] (a flush, Ace high)
MrVern9177 collected $221 from pot
*** SUMMARY ***
Total pot $223.50 | Rake $2.50 
Board [3c Ad 6h Tc 7c]
Seat 1: Xenicide folded before Flop (didn't bet)
Seat 2: MrVern9177 showed [Qc Ac] and won ($221) with a flush, Ace high
Seat 3: sutata (button) folded on the Turn
Seat 4: CashfishT (small blind) folded before Flop
Seat 5: 7bekon7 (big blind) showed [Kc Qh] and lost with high card Ace
Seat 6: Manifestorr folded before Flop (didn't bet)



PokerStars Hand #254541152667:  Hold'em No Limit ($0.50/$1.00 USD) - 2025/01/25 4:09:42 WET [2025/01/24 23:09:42 ET]
Table 'Boreas III' 6-max Seat #4 is the button
Seat 1: Xenicide ($105.06 in chips) 
Seat 2: MrVern9177 ($236.21 in chips) 
Seat 3: sutata ($100 in chips) 
Seat 4: CashfishT ($100 in chips) 
Seat 5: 7bekon7 ($100 in chips) 
Seat 6: Manifestorr ($100 in chips) 
7bekon7: posts small blind $0.50
Manifestorr: posts big blind $1
*** HOLE CARDS ***
Xenicide: raises $1 to $2
MrVern9177: calls $2
sutata: folds 
CashfishT: raises $8 to $10
7bekon7: folds 
Manifestorr: folds 
Xenicide: folds 
MrVern9177: raises $10 to $20
CashfishT: calls $10
*** FLOP *** [8d 6c 9d]
MrVern9177: bets $5
CashfishT: calls $5
*** TURN *** [8d 6c 9d] [6d]
MrVern9177: bets $10
CashfishT: calls $10
*** RIVER *** [8d 6c 9d 6d] [2d]
MrVern9177: bets $15
CashfishT: folds 
Uncalled bet ($15) returned to MrVern9177
MrVern9177 collected $71 from pot
*** SUMMARY ***
Total pot $73.50 | Rake $2.50 
Board [8d 6c 9d 6d 2d]
Seat 1: Xenicide folded before Flop
Seat 2: MrVern9177 collected ($71)
Seat 3: sutata folded before Flop (didn't bet)
Seat 4: CashfishT (button) folded on the River
Seat 5: 7bekon7 (small blind) folded before Flop
Seat 6: Manifestorr (big blind) folded before Flop



PokerStars Hand #254541168155:  Hold'em No Limit ($0.50/$1.00 USD) - 2025/01/25 4:11:51 WET [2025/01/24 23:11:51 ET]
Table 'Boreas III' 6-max Seat #5 is the button
Seat 1: Xenicide ($103.06 in chips) 
Seat 2: MrVern9177 ($272.21 in chips) 
Seat 3: sutata ($100 in chips) 
Seat 4: CashfishT ($100 in chips) 
Seat 5: 7bekon7 ($100 in chips) 
Seat 6: Manifestorr ($100 in chips) 
Manifestorr: posts small blind $0.50
Xenicide: posts big blind $1
*** HOLE CARDS ***
MrVern9177: folds 
sutata: folds 
CashfishT: raises $1.20 to $2.20
7bekon7: folds 
Manifestorr: folds 
Xenicide: calls $1.20
*** FLOP *** [9d 3s Js]
Xenicide: checks 
CashfishT: checks 
*** TURN *** [9d 3s Js] [Ks]
Xenicide: bets $1.44
CashfishT: calls $1.44
*** RIVER *** [9d 3s Js Ks] [Ah]
Xenicide: bets $2.59
CashfishT: folds 
Uncalled bet ($2.59) returned to Xenicide
Xenicide collected $7.39 from pot
*** SUMMARY ***
Total pot $7.78 | Rake $0.39 
Board [9d 3s Js Ks Ah]
Seat 1: Xenicide (big blind) collected ($7.39)
Seat 2: MrVern9177 folded before Flop (didn't bet)
Seat 3: sutata folded before Flop (didn't bet)
Seat 4: CashfishT folded on the River
Seat 5: 7bekon7 (button) folded before Flop (didn't bet)
Seat 6: Manifestorr (small blind) folded before Flop



PokerStars Hand #254541175081:  Hold'em No Limit ($0.50/$1.00 USD) - 2025/01/25 4:12:49 WET [2025/01/24 23:12:49 ET]
Table 'Boreas III' 6-max Seat #6 is the button
Seat 1: Xenicide ($106.81 in chips) 
Seat 2: MrVern9177 ($272.21 in chips) 
Seat 3: sutata ($100 in chips) 
Seat 4: CashfishT ($100 in chips) 
Seat 5: 7bekon7 ($100 in chips) 
Seat 6: Manifestorr ($100 in chips) 
Xenicide: posts small blind $0.50
MrVern9177: posts big blind $1
*** HOLE CARDS ***
sutata: folds 
CashfishT: folds 
7bekon7: folds 
Manifestorr: folds 
Xenicide: folds 
Uncalled bet ($0.50) returned to MrVern9177
MrVern9177 collected $1 from pot
*** SUMMARY ***
Total pot $1 | Rake $0 
Seat 1: Xenicide (small blind) folded before Flop
Seat 2: MrVern9177 (big blind) collected ($1)
Seat 3: sutata folded before Flop (didn't bet)
Seat 4: CashfishT folded before Flop (didn't bet)
Seat 5: 7bekon7 folded before Flop (didn't bet)
Seat 6: Manifestorr (button) folded before Flop (didn't bet)



PokerStars Hand #254541176548:  Hold'em No Limit ($0.50/$1.00 USD) - 2025/01/25 4:13:01 WET [2025/01/24 23:13:01 ET]
Table 'Boreas III' 6-max Seat #1 is the button
Seat 1: Xenicide ($106.31 in chips) 
Seat 2: MrVern9177 ($272.71 in chips) 
Seat 3: sutata ($100 in chips) 
Seat 4: CashfishT ($100 in chips) 
Seat 5: 7bekon7 ($100 in chips) 
Seat 6: Manifestorr ($100 in chips) 
MrVern9177: posts small blind $0.50
sutata: posts big blind $1
*** HOLE CARDS ***
CashfishT: folds 
7bekon7: raises $1.25 to $2.25
Manifestorr: folds 
Xenicide: folds 
MrVern9177: folds 
sutata: folds 
Uncalled bet ($1.25) returned to 7bekon7
7bekon7 collected $2.50 from pot
7bekon7: doesn't show hand 
*** SUMMARY ***
Total pot $2.50 | Rake $0 
Seat 1: Xenicide (button) folded before Flop (didn't bet)
Seat 2: MrVern9177 (small blind) folded before Flop
Seat 3: sutata (big blind) folded before Flop
Seat 4: CashfishT folded before Flop (didn't bet)
Seat 5: 7bekon7 collected ($2.50)
Seat 6: Manifestorr folded before Flop (didn't bet)



PokerStars Hand #254541178246:  Hold'em No Limit ($0.50/$1.00 USD) - 2025/01/25 4:13:15 WET [2025/01/24 23:13:15 ET]
Table 'Boreas III' 6-max Seat #2 is the button
Seat 1: Xenicide ($106.31 in chips) 
Seat 2: MrVern9177 ($272.21 in chips) 
Seat 3: sutata ($100 in chips) 
Seat 4: CashfishT ($100 in chips) 
Seat 5: 7bekon7 ($101.50 in chips) 
Seat 6: Manifestorr ($100 in chips) 
sutata: posts small blind $0.50
CashfishT: posts big blind $1
*** HOLE CARDS ***
7bekon7: raises $1.25 to $2.25
Manifestorr: folds 
Xenicide: folds 
MrVern9177: folds 
sutata: folds 
CashfishT: folds 
Uncalled bet ($1.25) returned to 7bekon7
7bekon7 collected $2.50 from pot
7bekon7: doesn't show hand 
*** SUMMARY ***
Total pot $2.50 | Rake $0 
Seat 1: Xenicide folded before Flop (didn't bet)
Seat 2: MrVern9177 (button) folded before Flop (didn't bet)
Seat 3: sutata (small blind) folded before Flop
Seat 4: CashfishT (big blind) folded before Flop
Seat 5: 7bekon7 collected ($2.50)
Seat 6: Manifestorr folded before Flop (didn't bet)



PokerStars Hand #254541179765:  Hold'em No Limit ($0.50/$1.00 USD) - 2025/01/25 4:13:28 WET [2025/01/24 23:13:28 ET]
Table 'Boreas III' 6-max Seat #3 is the button
Seat 1: Xenicide ($106.31 in chips) 
Seat 2: MrVern9177 ($272.21 in chips) 
Seat 3: sutata ($100 in chips) 
Seat 4: CashfishT ($100 in chips) 
Seat 5: 7bekon7 ($103 in chips) 
Seat 6: Manifestorr ($100 in chips) 
CashfishT: posts small blind $0.50
7bekon7: posts big blind $1
*** HOLE CARDS ***
Manifestorr: folds 
Xenicide: raises $1 to $2
MrVern9177: calls $2
sutata: folds 
CashfishT: folds 
7bekon7: folds 
*** FLOP *** [9h 5d 7d]
Xenicide: checks 
MrVern9177: checks 
*** TURN *** [9h 5d 7d] [9d]
Xenicide: checks 
MrVern9177: bets $3
Xenicide: raises $6.97 to $9.97
MrVern9177: folds 
Uncalled bet ($6.97) returned to Xenicide
Xenicide collected $10.92 from pot
*** SUMMARY ***
Total pot $11.50 | Rake $0.58 
Board [9h 5d 7d 9d]
Seat 1: Xenicide collected ($10.92)
Seat 2: MrVern9177 folded on the Turn
Seat 3: sutata (button) folded before Flop (didn't bet)
Seat 4: CashfishT (small blind) folded before Flop
Seat 5: 7bekon7 (big blind) folded before Flop
Seat 6: Manifestorr folded before Flop (didn't bet)



PokerStars Hand #254541186459:  Hold'em No Limit ($0.50/$1.00 USD) - 2025/01/25 4:14:24 WET [2025/01/24 23:14:24 ET]
Table 'Boreas III' 6-max Seat #4 is the button
Seat 1: Xenicide ($112.23 in chips) 
Seat 2: MrVern9177 ($267.21 in chips) 
Seat 3: sutata ($100 in chips) 
Seat 4: CashfishT ($100 in chips) 
Seat 5: 7bekon7 ($102 in chips) 
Seat 6: Manifestorr ($100 in chips) 
7bekon7: posts small blind $0.50
Manifestorr: posts big blind $1
*** HOLE CARDS ***
Xenicide: raises $1 to $2
MrVern9177: folds 
sutata: folds 
CashfishT: folds 
7bekon7: raises $5 to $7
Manifestorr: folds 
Xenicide: folds 
Uncalled bet ($5) returned to 7bekon7
7bekon7 collected $5 from pot
7bekon7: doesn't show hand 
*** SUMMARY ***
Total pot $5 | Rake $0 
Seat 1: Xenicide folded before Flop
Seat 2: MrVern9177 folded before Flop (didn't bet)
Seat 3: sutata folded before Flop (didn't bet)
Seat 4: CashfishT (button) folded before Flop (didn't bet)
Seat 5: 7bekon7 (small blind) collected ($5)
Seat 6: Manifestorr (big blind) folded before Flop



PokerStars Hand #254541189149:  Hold'em No Limit ($0.50/$1.00 USD) - 2025/01/25 4:14:47 WET [2025/01/24 23:14:47 ET]
Table 'Boreas III' 6-max Seat #5 is the button
Seat 1: Xenicide ($110.23 in chips) 
Seat 2: MrVern9177 ($267.21 in chips) 
Seat 3: sutata ($100 in chips) 
Seat 4: CashfishT ($100 in chips) 
Seat 5: 7bekon7 ($105 in chips) 
Seat 6: Manifestorr ($100 in chips) 
Manifestorr: posts small blind $0.50
Xenicide: posts big blind $1
*** HOLE CARDS ***
MrVern9177: calls $1
sutata: folds 
CashfishT: folds 
7bekon7: raises $3.50 to $4.50
Manifestorr: folds 
Xenicide: calls $3.50
MrVern9177: raises $5.50 to $10
7bekon7: raises $18.75 to $28.75
Xenicide: folds 
MrVern9177: calls $18.75
*** FLOP *** [8c 4s 2d]
MrVern9177: bets $7
7bekon7: raises $18.50 to $25.50
MrVern9177: folds 
Uncalled bet ($18.50) returned to 7bekon7
7bekon7 collected $74 from pot
7bekon7: doesn't show hand 
*** SUMMARY ***
Total pot $76.50 | Rake $2.50 
Board [8c 4s 2d]
Seat 1: Xenicide (big blind) folded before Flop
Seat 2: MrVern9177 folded on the Flop
Seat 3: sutata folded before Flop (didn't bet)
Seat 4: CashfishT folded before Flop (didn't bet)
Seat 5: 7bekon7 (button) collected ($74)
Seat 6: Manifestorr (small blind) folded before Flop



PokerStars Hand #254541197618:  Hold'em No Limit ($0.50/$1.00 USD) - 2025/01/25 4:15:58 WET [2025/01/24 23:15:58 ET]
Table 'Boreas III' 6-max Seat #6 is the button
Seat 1: Xenicide ($105.73 in chips) 
Seat 2: MrVern9177 ($231.46 in chips) 
Seat 3: sutata ($100 in chips) 
Seat 4: CashfishT ($100 in chips) 
Seat 5: 7bekon7 ($143.25 in chips) 
Seat 6: Manifestorr ($100 in chips) 
Xenicide: posts small blind $0.50
MrVern9177: posts big blind $1
*** HOLE CARDS ***
sutata: folds 
CashfishT: raises $1.20 to $2.20
7bekon7: folds 
Manifestorr: raises $4.80 to $7
Xenicide: folds 
MrVern9177: folds 
CashfishT: folds 
Uncalled bet ($4.80) returned to Manifestorr
Manifestorr collected $5.90 from pot
*** SUMMARY ***
Total pot $5.90 | Rake $0 
Seat 1: Xenicide (small blind) folded before Flop
Seat 2: MrVern9177 (big blind) folded before Flop
Seat 3: sutata folded before Flop (didn't bet)
Seat 4: CashfishT folded before Flop
Seat 5: 7bekon7 folded before Flop (didn't bet)
Seat 6: Manifestorr (button) collected ($5.90)



PokerStars Hand #254541202432:  Hold'em No Limit ($0.50/$1.00 USD) - 2025/01/25 4:16:39 WET [2025/01/24 23:16:39 ET]
Table 'Boreas III' 6-max Seat #1 is the button
Seat 1: Xenicide ($105.23 in chips) 
Seat 2: MrVern9177 ($230.46 in chips) 
Seat 3: sutata ($100 in chips) 
Seat 4: CashfishT ($100 in chips) 
Seat 5: 7bekon7 ($143.25 in chips) 
Seat 6: Manifestorr ($103.70 in chips) 
MrVern9177: posts small blind $0.50
sutata: posts big blind $1
*** HOLE CARDS ***
CashfishT: folds 
7bekon7: folds 
Manifestorr: folds 
Xenicide: raises $1.25 to $2.25
MrVern9177: calls $1.75
sutata: calls $1.25
*** FLOP *** [4s 2d 5d]
MrVern9177: checks 
sutata: checks 
Xenicide: checks 
*** TURN *** [4s 2d 5d] [6s]
MrVern9177: checks 
sutata: bets $4
Xenicide: folds 
MrVern9177: folds 
Uncalled bet ($4) returned to sutata
sutata collected $6.41 from pot
sutata: doesn't show hand 
*** SUMMARY ***
Total pot $6.75 | Rake $0.34 
Board [4s 2d 5d 6s]
Seat 1: Xenicide (button) folded on the Turn
Seat 2: MrVern9177 (small blind) folded on the Turn
Seat 3: sutata (big blind) collected ($6.41)
Seat 4: CashfishT folded before Flop (didn't bet)
Seat 5: 7bekon7 folded before Flop (didn't bet)
Seat 6: Manifestorr folded before Flop (didn't bet)



PokerStars Hand #254541208818:  Hold'em No Limit ($0.50/$1.00 USD) - 2025/01/25 4:17:33 WET [2025/01/24 23:17:33 ET]
Table 'Boreas III' 6-max Seat #2 is the button
Seat 1: Xenicide ($102.98 in chips) 
Seat 2: MrVern9177 ($228.21 in chips) 
Seat 3: sutata ($104.16 in chips) 
Seat 4: CashfishT ($100 in chips) 
Seat 5: 7bekon7 ($143.25 in chips) 
Seat 6: Manifestorr ($103.70 in chips) 
sutata: posts small blind $0.50
CashfishT: posts big blind $1
*** HOLE CARDS ***
7bekon7: folds 
Manifestorr: folds 
Xenicide: raises $1 to $2
MrVern9177: calls $2
sutata: folds 
CashfishT: folds 
*** FLOP *** [3h 6d 2s]
Xenicide: checks 
MrVern9177: checks 
*** TURN *** [3h 6d 2s] [5c]
Xenicide: checks 
MrVern9177: bets $2
Xenicide: calls $2
*** RIVER *** [3h 6d 2s 5c] [7d]
Xenicide: checks 
MrVern9177: checks 
*** SHOW DOWN ***
Xenicide: shows [3d Ad] (a pair of Threes)
MrVern9177: mucks hand 
Xenicide collected $9.02 from pot
*** SUMMARY ***
Total pot $9.50 | Rake $0.48 
Board [3h 6d 2s 5c 7d]
Seat 1: Xenicide showed [3d Ad] and won ($9.02) with a pair of Threes
Seat 2: MrVern9177 (button) mucked
Seat 3: sutata (small blind) folded before Flop
Seat 4: CashfishT (big blind) folded before Flop
Seat 5: 7bekon7 folded before Flop (didn't bet)
Seat 6: Manifestorr folded before Flop (didn't bet)



PokerStars Hand #254541213522:  Hold'em No Limit ($0.50/$1.00 USD) - 2025/01/25 4:18:13 WET [2025/01/24 23:18:13 ET]
Table 'Boreas III' 6-max Seat #3 is the button
Seat 1: Xenicide ($108 in chips) 
Seat 2: MrVern9177 ($224.21 in chips) 
Seat 3: sutata ($103.66 in chips) 
Seat 4: CashfishT ($100 in chips) 
Seat 5: 7bekon7 ($143.25 in chips) 
Seat 6: Manifestorr ($103.70 in chips) 
CashfishT: posts small blind $0.50
7bekon7: posts big blind $1
*** HOLE CARDS ***
Manifestorr: folds 
Xenicide: folds 
MrVern9177: folds 
MrVern9177 leaves the table
sutata: raises $2 to $3
CashfishT: raises $9 to $12
7bekon7: folds 
sutata: raises $12.30 to $24.30
CashfishT: calls $12.30
*** FLOP *** [9d Tc Kh]
CashfishT: checks 
sutata: bets $7.13
CashfishT: calls $7.13
*** TURN *** [9d Tc Kh] [3d]
CashfishT: checks 
sutata: checks 
*** RIVER *** [9d Tc Kh 3d] [Jd]
CashfishT: bets $68.57 and is all-in
sutata: folds 
Uncalled bet ($68.57) returned to CashfishT
CashfishT collected $61.36 from pot
CashfishT: doesn't show hand 
*** SUMMARY ***
Total pot $63.86 | Rake $2.50 
Board [9d Tc Kh 3d Jd]
Seat 1: Xenicide folded before Flop (didn't bet)
Seat 2: MrVern9177 folded before Flop (didn't bet)
Seat 3: sutata (button) folded on the River
Seat 4: CashfishT (small blind) collected ($61.36)
Seat 5: 7bekon7 (big blind) folded before Flop
Seat 6: Manifestorr folded before Flop (didn't bet)



