PokerStars Hand #254545595010:  Hold'em No Limit ($0.50/$1.00 USD) - 2025/01/25 14:39:19 WET [2025/01/25 9:39:19 ET]
Table 'Hiera IV' 6-max Seat #1 is the button
Seat 1: blackclan7 ($100 in chips) 
Seat 2: gig.gyty ($10 in chips) 
Seat 3: joaquin612 ($10 in chips) 
Seat 4: EAroca ($100 in chips) 
Seat 5: UnderC@t ($100 in chips) 
Seat 6: Gfoer ($100 in chips) 
gig.gyty: posts small blind $0.50
joaquin612: posts big blind $1
*** HOLE CARDS ***
EAroca: folds 
UnderC@t: folds 
Gfoer: raises $1.20 to $2.20
blackclan7: folds 
gig.gyty: folds 
joaquin612: folds 
Uncalled bet ($1.20) returned to Gfoer
Gfoer collected $2.50 from pot
Gfoer: doesn't show hand 
*** SUMMARY ***
Total pot $2.50 | Rake $0 
Seat 1: blackclan7 (button) folded before Flop (didn't bet)
Seat 2: gig.gyty (small blind) folded before Flop
Seat 3: joaquin612 (big blind) folded before Flop
Seat 4: EAroca folded before Flop (didn't bet)
Seat 5: UnderC@t folded before Flop (didn't bet)
Seat 6: Gfoer collected ($2.50)



PokerStars Hand #254545599387:  Hold'em No Limit ($0.50/$1.00 USD) - 2025/01/25 14:39:41 WET [2025/01/25 9:39:41 ET]
Table 'Hiera IV' 6-max Seat #2 is the button
Seat 4: EAroca ($100 in chips) is sitting out
Seat 1: blackclan7 ($100 in chips) 
Seat 2: gig.gyty ($100 in chips) 
Seat 3: joaquin612 ($100 in chips) 
Seat 5: UnderC@t ($100 in chips) 
Seat 6: Gfoer ($101.50 in chips) 
joaquin612: posts small blind $0.50
EAroca: is sitting out 
UnderC@t: posts big blind $1
*** HOLE CARDS ***
Gfoer: raises $1.20 to $2.20
blackclan7: folds 
gig.gyty: folds 
EAroca leaves the table
joaquin612: folds 
UnderC@t: folds 
Uncalled bet ($1.20) returned to Gfoer
Gfoer collected $2.50 from pot
Gfoer: doesn't show hand 
*** SUMMARY ***
Total pot $2.50 | Rake $0 
Seat 4: EAroca
Seat 1: blackclan7 folded before Flop (didn't bet)
Seat 2: gig.gyty (button) folded before Flop (didn't bet)
Seat 3: joaquin612 (small blind) folded before Flop
Seat 5: UnderC@t (big blind) folded before Flop
Seat 6: Gfoer collected ($2.50)



PokerStars Hand #254545602554:  Hold'em No Limit ($0.50/$1.00 USD) - 2025/01/25 14:39:57 WET [2025/01/25 9:39:57 ET]
Table 'Hiera IV' 6-max Seat #3 is the button
Seat 1: blackclan7 ($100 in chips) 
Seat 2: gig.gyty ($100 in chips) 
Seat 3: joaquin612 ($100 in chips) 
Seat 5: UnderC@t ($100 in chips) 
Seat 6: Gfoer ($103 in chips) 
UnderC@t: posts small blind $0.50
Gfoer: posts big blind $1
*** HOLE CARDS ***
blackclan7: folds 
gig.gyty: folds 
joaquin612: folds 
UnderC@t: raises $2 to $3
Gfoer: calls $2
*** FLOP *** [Qc Qd 2c]
UnderC@t: bets $1.71
Gfoer: folds 
Uncalled bet ($1.71) returned to UnderC@t
UnderC@t collected $5.70 from pot
UnderC@t: doesn't show hand 
*** SUMMARY ***
Total pot $6 | Rake $0.30 
Board [Qc Qd 2c]
Seat 1: blackclan7 folded before Flop (didn't bet)
Seat 2: gig.gyty folded before Flop (didn't bet)
Seat 3: joaquin612 (button) folded before Flop (didn't bet)
Seat 5: UnderC@t (small blind) collected ($5.70)
Seat 6: Gfoer (big blind) folded on the Flop



PokerStars Hand #254545608581:  Hold'em No Limit ($0.50/$1.00 USD) - 2025/01/25 14:40:27 WET [2025/01/25 9:40:27 ET]
Table 'Hiera IV' 6-max Seat #5 is the button
Seat 1: blackclan7 ($100 in chips) 
Seat 2: gig.gyty ($100 in chips) 
Seat 3: joaquin612 ($100 in chips) 
Seat 5: UnderC@t ($102.70 in chips) 
Seat 6: Gfoer ($100 in chips) 
Gfoer: posts small blind $0.50
blackclan7: posts big blind $1
*** HOLE CARDS ***
gig.gyty: folds 
joaquin612: folds 
UnderC@t: folds 
Gfoer: folds 
Uncalled bet ($0.50) returned to blackclan7
blackclan7 collected $1 from pot
blackclan7: doesn't show hand 
*** SUMMARY ***
Total pot $1 | Rake $0 
Seat 1: blackclan7 (big blind) collected ($1)
Seat 2: gig.gyty folded before Flop (didn't bet)
Seat 3: joaquin612 folded before Flop (didn't bet)
Seat 5: UnderC@t (button) folded before Flop (didn't bet)
Seat 6: Gfoer (small blind) folded before Flop



PokerStars Hand #254545610084:  Hold'em No Limit ($0.50/$1.00 USD) - 2025/01/25 14:40:35 WET [2025/01/25 9:40:35 ET]
Table 'Hiera IV' 6-max Seat #6 is the button
Seat 1: blackclan7 ($100.50 in chips) 
Seat 2: gig.gyty ($100 in chips) 
Seat 3: joaquin612 ($100 in chips) 
Seat 5: UnderC@t ($102.70 in chips) 
Seat 6: Gfoer ($100 in chips) 
blackclan7: posts small blind $0.50
gig.gyty: posts big blind $1
*** HOLE CARDS ***
joaquin612: folds 
UnderC@t: folds 
joaquin612 leaves the table
Gfoer: raises $1 to $2
blackclan7: folds 
gig.gyty: folds 
Uncalled bet ($1) returned to Gfoer
Gfoer collected $2.50 from pot
Gfoer: doesn't show hand 
*** SUMMARY ***
Total pot $2.50 | Rake $0 
Seat 1: blackclan7 (small blind) folded before Flop
Seat 2: gig.gyty (big blind) folded before Flop
Seat 3: joaquin612 folded before Flop (didn't bet)
Seat 5: UnderC@t folded before Flop (didn't bet)
Seat 6: Gfoer (button) collected ($2.50)



PokerStars Hand #254545613014:  Hold'em No Limit ($0.50/$1.00 USD) - 2025/01/25 14:40:49 WET [2025/01/25 9:40:49 ET]
Table 'Hiera IV' 6-max Seat #1 is the button
Seat 1: blackclan7 ($100 in chips) 
Seat 2: gig.gyty ($100 in chips) 
Seat 5: UnderC@t ($102.70 in chips) 
Seat 6: Gfoer ($101.50 in chips) 
gig.gyty: posts small blind $0.50
UnderC@t: posts big blind $1
*** HOLE CARDS ***
Gfoer: folds 
blackclan7: folds 
Gfoer leaves the table
gig.gyty: folds 
Uncalled bet ($0.50) returned to UnderC@t
UnderC@t collected $1 from pot
UnderC@t: doesn't show hand 
blackclan7 leaves the table
*** SUMMARY ***
Total pot $1 | Rake $0 
Seat 1: blackclan7 (button) folded before Flop (didn't bet)
Seat 2: gig.gyty (small blind) folded before Flop
Seat 5: UnderC@t (big blind) collected ($1)
Seat 6: Gfoer folded before Flop (didn't bet)



