PokerStars Hand #254552500223:  Hold'em No Limit ($0.50/$1.00 USD) - 2025/01/25 21:36:36 WET [2025/01/25 16:36:36 ET]
Table 'Spica V' 6-max Seat #2 is the button
Seat 2: XneferX ($100 in chips) 
Seat 3: Manifestorr ($100 in chips) 
Seat 6: nikalas22 ($100 in chips) 
Manifestorr: posts small blind $0.50
nikalas22: posts big blind $1
*** HOLE CARDS ***
XneferX: folds 
Manifestorr: folds 
Uncalled bet ($0.50) returned to nikalas22
nikalas22 collected $1 from pot
nikalas22: doesn't show hand 
*** SUMMARY ***
Total pot $1 | Rake $0 
Seat 2: XneferX (button) folded before Flop (didn't bet)
Seat 3: Manifestorr (small blind) folded before Flop
Seat 6: nikalas22 (big blind) collected ($1)



PokerStars Hand #254552503828:  Hold'em No Limit ($0.50/$1.00 USD) - 2025/01/25 21:36:48 WET [2025/01/25 16:36:48 ET]
Table 'Spica V' 6-max Seat #3 is the button
Seat 2: XneferX ($100 in chips) 
Seat 3: Manifestorr ($100 in chips) 
Seat 6: nikalas22 ($100.50 in chips) 
nikalas22: posts small blind $0.50
XneferX: posts big blind $1
*** HOLE CARDS ***
Manifestorr: folds 
nikalas22: folds 
Uncalled bet ($0.50) returned to XneferX
XneferX collected $1 from pot
XneferX: doesn't show hand 
*** SUMMARY ***
Total pot $1 | Rake $0 
Seat 2: XneferX (big blind) collected ($1)
Seat 3: Manifestorr (button) folded before Flop (didn't bet)
Seat 6: nikalas22 (small blind) folded before Flop



PokerStars Hand #254552508546:  Hold'em No Limit ($0.50/$1.00 USD) - 2025/01/25 21:37:04 WET [2025/01/25 16:37:04 ET]
Table 'Spica V' 6-max Seat #6 is the button
Seat 2: XneferX ($100.50 in chips) 
Seat 3: Manifestorr ($100 in chips) 
Seat 6: nikalas22 ($100 in chips) 
XneferX: posts small blind $0.50
Manifestorr: posts big blind $1
*** HOLE CARDS ***
nikalas22: folds 
XneferX: raises $1 to $2
Manifestorr: folds 
Uncalled bet ($1) returned to XneferX
XneferX collected $2 from pot
XneferX: doesn't show hand 
*** SUMMARY ***
Total pot $2 | Rake $0 
Seat 2: XneferX (small blind) collected ($2)
Seat 3: Manifestorr (big blind) folded before Flop
Seat 6: nikalas22 (button) folded before Flop (didn't bet)



PokerStars Hand #254552514956:  Hold'em No Limit ($0.50/$1.00 USD) - 2025/01/25 21:37:25 WET [2025/01/25 16:37:25 ET]
Table 'Spica V' 6-max Seat #2 is the button
Seat 2: XneferX ($101.50 in chips) 
Seat 3: Manifestorr ($100 in chips) 
Seat 6: nikalas22 ($100 in chips) 
Manifestorr: posts small blind $0.50
nikalas22: posts big blind $1
*** HOLE CARDS ***
XneferX: raises $1.77 to $2.77
Manifestorr: folds 
nikalas22: calls $1.77
*** FLOP *** [4d Ac 2h]
nikalas22: checks 
XneferX: bets $1.95
nikalas22: calls $1.95
*** TURN *** [4d Ac 2h] [Kh]
nikalas22: checks 
XneferX: checks 
*** RIVER *** [4d Ac 2h Kh] [6d]
nikalas22: bets $7.08
XneferX: calls $7.08
*** SHOW DOWN ***
nikalas22: shows [8s 5s] (high card Ace)
XneferX: shows [Ad 9d] (a pair of Aces)
XneferX collected $23.10 from pot
*** SUMMARY ***
Total pot $24.10 | Rake $1 
Board [4d Ac 2h Kh 6d]
Seat 2: XneferX (button) showed [Ad 9d] and won ($23.10) with a pair of Aces
Seat 3: Manifestorr (small blind) folded before Flop
Seat 6: nikalas22 (big blind) showed [8s 5s] and lost with high card Ace



PokerStars Hand #254552530131:  Hold'em No Limit ($0.50/$1.00 USD) - 2025/01/25 21:38:15 WET [2025/01/25 16:38:15 ET]
Table 'Spica V' 6-max Seat #3 is the button
Seat 2: XneferX ($112.80 in chips) 
Seat 3: Manifestorr ($100 in chips) 
Seat 6: nikalas22 ($100 in chips) 
nikalas22: posts small blind $0.50
XneferX: posts big blind $1
*** HOLE CARDS ***
Manifestorr: raises $1.20 to $2.20
nikalas22: folds 
XneferX: folds 
Uncalled bet ($1.20) returned to Manifestorr
Manifestorr collected $2.50 from pot
*** SUMMARY ***
Total pot $2.50 | Rake $0 
Seat 2: XneferX (big blind) folded before Flop
Seat 3: Manifestorr (button) collected ($2.50)
Seat 6: nikalas22 (small blind) folded before Flop



PokerStars Hand #254552537116:  Hold'em No Limit ($0.50/$1.00 USD) - 2025/01/25 21:38:38 WET [2025/01/25 16:38:38 ET]
Table 'Spica V' 6-max Seat #6 is the button
Seat 2: XneferX ($111.80 in chips) 
Seat 3: Manifestorr ($101.50 in chips) 
Seat 6: nikalas22 ($100 in chips) 
XneferX: posts small blind $0.50
Manifestorr: posts big blind $1
*** HOLE CARDS ***
nikalas22: folds 
XneferX: raises $1 to $2
Manifestorr: calls $1
*** FLOP *** [As Ts 6s]
XneferX: checks 
Manifestorr: checks 
*** TURN *** [As Ts 6s] [Kd]
XneferX: bets $2.93
Manifestorr: calls $2.93
*** RIVER *** [As Ts 6s Kd] [9h]
XneferX: bets $7.21
Manifestorr: folds 
Uncalled bet ($7.21) returned to XneferX
XneferX collected $9.37 from pot
XneferX: doesn't show hand 
*** SUMMARY ***
Total pot $9.86 | Rake $0.49 
Board [As Ts 6s Kd 9h]
Seat 2: XneferX (small blind) collected ($9.37)
Seat 3: Manifestorr (big blind) folded on the River
Seat 6: nikalas22 (button) folded before Flop (didn't bet)



PokerStars Hand #254552558266:  Hold'em No Limit ($0.50/$1.00 USD) - 2025/01/25 21:39:49 WET [2025/01/25 16:39:49 ET]
Table 'Spica V' 6-max Seat #2 is the button
Seat 2: XneferX ($116.24 in chips) 
Seat 3: Manifestorr ($100 in chips) 
Seat 6: nikalas22 ($100 in chips) 
Manifestorr: posts small blind $0.50
nikalas22: posts big blind $1
*** HOLE CARDS ***
XneferX: folds 
Manifestorr: raises $2 to $3
nikalas22: folds 
Uncalled bet ($2) returned to Manifestorr
Manifestorr collected $2 from pot
*** SUMMARY ***
Total pot $2 | Rake $0 
Seat 2: XneferX (button) folded before Flop (didn't bet)
Seat 3: Manifestorr (small blind) collected ($2)
Seat 6: nikalas22 (big blind) folded before Flop



PokerStars Hand #254552562652:  Hold'em No Limit ($0.50/$1.00 USD) - 2025/01/25 21:40:03 WET [2025/01/25 16:40:03 ET]
Table 'Spica V' 6-max Seat #3 is the button
Seat 2: XneferX ($116.24 in chips) 
Seat 3: Manifestorr ($101 in chips) 
Seat 6: nikalas22 ($100 in chips) 
nikalas22: posts small blind $0.50
XneferX: posts big blind $1
*** HOLE CARDS ***
Manifestorr: raises $1.20 to $2.20
nikalas22: folds 
XneferX: folds 
Uncalled bet ($1.20) returned to Manifestorr
Manifestorr collected $2.50 from pot
*** SUMMARY ***
Total pot $2.50 | Rake $0 
Seat 2: XneferX (big blind) folded before Flop
Seat 3: Manifestorr (button) collected ($2.50)
Seat 6: nikalas22 (small blind) folded before Flop



PokerStars Hand #254552568406:  Hold'em No Limit ($0.50/$1.00 USD) - 2025/01/25 21:40:23 WET [2025/01/25 16:40:23 ET]
Table 'Spica V' 6-max Seat #2 is the button
Seat 3: Manifestorr ($102.50 in chips) is sitting out
Seat 2: XneferX ($115.24 in chips) 
Seat 6: nikalas22 ($100 in chips) 
XneferX: posts small blind $0.50
Manifestorr: is sitting out 
nikalas22: posts big blind $1
*** HOLE CARDS ***
Manifestorr leaves the table
XneferX: calls $0.50
nikalas22: checks 
*** FLOP *** [5d Js Qc]
nikalas22: checks 
XneferX: checks 
*** TURN *** [5d Js Qc] [6c]
nikalas22: bets $1.43
XneferX: calls $1.43
*** RIVER *** [5d Js Qc 6c] [9s]
nikalas22: bets $6.93
XneferX: folds 
Uncalled bet ($6.93) returned to nikalas22
nikalas22 collected $4.62 from pot
nikalas22: doesn't show hand 
*** SUMMARY ***
Total pot $4.86 | Rake $0.24 
Board [5d Js Qc 6c 9s]
Seat 3: Manifestorr
Seat 2: XneferX (button) (small blind) folded on the River
Seat 6: nikalas22 (big blind) collected ($4.62)



PokerStars Hand #254552583648:  Hold'em No Limit ($0.50/$1.00 USD) - 2025/01/25 21:41:14 WET [2025/01/25 16:41:14 ET]
Table 'Spica V' 6-max Seat #6 is the button
Seat 2: XneferX ($112.81 in chips) 
Seat 6: nikalas22 ($102.19 in chips) 
nikalas22: posts small blind $0.50
XneferX: posts big blind $1
*** HOLE CARDS ***
nikalas22: raises $1.50 to $2.50
XneferX: calls $1.50
*** FLOP *** [Td Tc 4c]
XneferX: checks 
nikalas22: bets $1.43
XneferX: calls $1.43
*** TURN *** [Td Tc 4c] [3c]
XneferX: checks 
nikalas22: bets $5.60
XneferX: calls $5.60
*** RIVER *** [Td Tc 4c 3c] [9h]
XneferX: checks 
nikalas22: bets $13.58
XneferX: calls $13.58
*** SHOW DOWN ***
nikalas22: shows [Kc 5s] (a pair of Tens)
XneferX: shows [8c 8s] (two pair, Tens and Eights)
XneferX collected $45.22 from pot
*** SUMMARY ***
Total pot $46.22 | Rake $1 
Board [Td Tc 4c 3c 9h]
Seat 2: XneferX (big blind) showed [8c 8s] and won ($45.22) with two pair, Tens and Eights
Seat 6: nikalas22 (button) (small blind) showed [Kc 5s] and lost with a pair of Tens



