PokerStars Hand #254546605154:  Hold'em No Limit ($0.50/$1.00 USD) - 2025/01/25 15:59:15 WET [2025/01/25 10:59:15 ET]
Table 'Thessalia IV' 6-max Seat #2 is the button
Seat 1: Desverdi ($103.45 in chips) 
Seat 2: sta$igk ($100 in chips) 
Seat 3: 2cute4me2 ($100 in chips) 
2cute4me2: posts small blind $0.50
Desverdi: posts big blind $1
*** HOLE CARDS ***
sta$igk: folds 
2cute4me2: raises $2 to $3
Desverdi: folds 
Uncalled bet ($2) returned to 2cute4me2
2cute4me2 collected $2 from pot
2cute4me2: doesn't show hand 
*** SUMMARY ***
Total pot $2 | Rake $0 
Seat 1: Desverdi (big blind) folded before Flop
Seat 2: sta$igk (button) folded before Flop (didn't bet)
Seat 3: 2cute4me2 (small blind) collected ($2)



PokerStars Hand #254546606834:  Hold'em No Limit ($0.50/$1.00 USD) - 2025/01/25 15:59:25 WET [2025/01/25 10:59:25 ET]
Table 'Thessalia IV' 6-max Seat #3 is the button
Seat 1: Desverdi ($102.45 in chips) 
Seat 2: sta$igk ($100 in chips) 
Seat 3: 2cute4me2 ($101 in chips) 
Desverdi: posts small blind $0.50
sta$igk: posts big blind $1
*** HOLE CARDS ***
2cute4me2: folds 
Desverdi: folds 
Uncalled bet ($0.50) returned to sta$igk
sta$igk collected $1 from pot
sta$igk: doesn't show hand 
*** SUMMARY ***
Total pot $1 | Rake $0 
Seat 1: Desverdi (small blind) folded before Flop
Seat 2: sta$igk (big blind) collected ($1)
Seat 3: 2cute4me2 (button) folded before Flop (didn't bet)



PokerStars Hand #254546608187:  Hold'em No Limit ($0.50/$1.00 USD) - 2025/01/25 15:59:32 WET [2025/01/25 10:59:32 ET]
Table 'Thessalia IV' 6-max Seat #1 is the button
Seat 1: Desverdi ($101.95 in chips) 
Seat 2: sta$igk ($100.50 in chips) 
Seat 3: 2cute4me2 ($101 in chips) 
sta$igk: posts small blind $0.50
2cute4me2: posts big blind $1
*** HOLE CARDS ***
Desverdi: calls $1
sta$igk: folds 
2cute4me2: checks 
*** FLOP *** [2s 6c 4h]
2cute4me2: checks 
Desverdi: checks 
*** TURN *** [2s 6c 4h] [Th]
2cute4me2: checks 
Desverdi: checks 
*** RIVER *** [2s 6c 4h Th] [Jh]
2cute4me2: bets $1.19
Desverdi: calls $1.19
*** SHOW DOWN ***
2cute4me2: shows [5s 7s] (high card Jack)
Desverdi: shows [Kc Td] (a pair of Tens)
Desverdi collected $4.64 from pot
*** SUMMARY ***
Total pot $4.88 | Rake $0.24 
Board [2s 6c 4h Th Jh]
Seat 1: Desverdi (button) showed [Kc Td] and won ($4.64) with a pair of Tens
Seat 2: sta$igk (small blind) folded before Flop
Seat 3: 2cute4me2 (big blind) showed [5s 7s] and lost with high card Jack



PokerStars Hand #254546612619:  Hold'em No Limit ($0.50/$1.00 USD) - 2025/01/25 15:59:58 WET [2025/01/25 10:59:58 ET]
Table 'Thessalia IV' 6-max Seat #2 is the button
Seat 1: Desverdi ($104.40 in chips) 
Seat 2: sta$igk ($100 in chips) 
Seat 3: 2cute4me2 ($100 in chips) 
2cute4me2: posts small blind $0.50
Desverdi: posts big blind $1
*** HOLE CARDS ***
sta$igk: folds 
2cute4me2: raises $2 to $3
Desverdi: folds 
Uncalled bet ($2) returned to 2cute4me2
2cute4me2 collected $2 from pot
2cute4me2: doesn't show hand 
*** SUMMARY ***
Total pot $2 | Rake $0 
Seat 1: Desverdi (big blind) folded before Flop
Seat 2: sta$igk (button) folded before Flop (didn't bet)
Seat 3: 2cute4me2 (small blind) collected ($2)



PokerStars Hand #254546614114:  Hold'em No Limit ($0.50/$1.00 USD) - 2025/01/25 16:00:07 WET [2025/01/25 11:00:07 ET]
Table 'Thessalia IV' 6-max Seat #3 is the button
Seat 1: Desverdi ($103.40 in chips) 
Seat 2: sta$igk ($100 in chips) 
Seat 3: 2cute4me2 ($101 in chips) 
Desverdi: posts small blind $0.50
sta$igk: posts big blind $1
*** HOLE CARDS ***
2cute4me2: folds 
Desverdi: folds 
Uncalled bet ($0.50) returned to sta$igk
sta$igk collected $1 from pot
sta$igk: doesn't show hand 
*** SUMMARY ***
Total pot $1 | Rake $0 
Seat 1: Desverdi (small blind) folded before Flop
Seat 2: sta$igk (big blind) collected ($1)
Seat 3: 2cute4me2 (button) folded before Flop (didn't bet)



PokerStars Hand #254546615132:  Hold'em No Limit ($0.50/$1.00 USD) - 2025/01/25 16:00:13 WET [2025/01/25 11:00:13 ET]
Table 'Thessalia IV' 6-max Seat #1 is the button
Seat 1: Desverdi ($102.90 in chips) 
Seat 2: sta$igk ($100.50 in chips) 
Seat 3: 2cute4me2 ($101 in chips) 
sta$igk: posts small blind $0.50
2cute4me2: posts big blind $1
*** HOLE CARDS ***
Desverdi: folds 
sta$igk: raises $2 to $3
2cute4me2: raises $6 to $9
sta$igk: calls $6
*** FLOP *** [9s 4s 9d]
sta$igk: checks 
Desverdi leaves the table
2cute4me2: bets $5.47
sta$igk: calls $5.47
*** TURN *** [9s 4s 9d] [8h]
sta$igk: checks 
2cute4me2: checks 
*** RIVER *** [9s 4s 9d 8h] [6d]
sta$igk: bets $23.75
2cute4me2: folds 
Uncalled bet ($23.75) returned to sta$igk
sta$igk collected $27.94 from pot
sta$igk: doesn't show hand 
*** SUMMARY ***
Total pot $28.94 | Rake $1 
Board [9s 4s 9d 8h 6d]
Seat 1: Desverdi (button) folded before Flop (didn't bet)
Seat 2: sta$igk (small blind) collected ($27.94)
Seat 3: 2cute4me2 (big blind) folded on the River



PokerStars Hand #254546650456:  Hold'em No Limit ($0.50/$1.00 USD) - 2025/01/25 16:02:59 WET [2025/01/25 11:02:59 ET]
Table 'Thessalia IV' 6-max Seat #2 is the button
Seat 1: amphii ($20 in chips) 
Seat 2: sta$igk ($113.97 in chips) 
Seat 3: Diamondplaces ($41.07 in chips) 
Seat 4: nastja336 ($100 in chips) 
Seat 5: yzuk ($100 in chips) 
Diamondplaces: posts small blind $0.50
nastja336: posts big blind $1
*** HOLE CARDS ***
yzuk: folds 
amphii: folds 
sta$igk: raises $1.50 to $2.50
Diamondplaces: folds 
nastja336: folds 
Uncalled bet ($1.50) returned to sta$igk
sta$igk collected $2.50 from pot
sta$igk: doesn't show hand 
*** SUMMARY ***
Total pot $2.50 | Rake $0 
Seat 1: amphii folded before Flop (didn't bet)
Seat 2: sta$igk (button) collected ($2.50)
Seat 3: Diamondplaces (small blind) folded before Flop
Seat 4: nastja336 (big blind) folded before Flop
Seat 5: yzuk folded before Flop (didn't bet)



PokerStars Hand #254546653510:  Hold'em No Limit ($0.50/$1.00 USD) - 2025/01/25 16:03:13 WET [2025/01/25 11:03:13 ET]
Table 'Thessalia IV' 6-max Seat #3 is the button
Seat 1: amphii ($20 in chips) 
Seat 2: sta$igk ($115.47 in chips) 
Seat 3: Diamondplaces ($40.57 in chips) 
Seat 4: nastja336 ($100 in chips) 
Seat 5: yzuk ($100 in chips) 
nastja336: posts small blind $0.50
yzuk: posts big blind $1
*** HOLE CARDS ***
amphii: folds 
sta$igk: folds 
Diamondplaces: folds 
nastja336: folds 
Uncalled bet ($0.50) returned to yzuk
yzuk collected $1 from pot
yzuk: doesn't show hand 
*** SUMMARY ***
Total pot $1 | Rake $0 
Seat 1: amphii folded before Flop (didn't bet)
Seat 2: sta$igk folded before Flop (didn't bet)
Seat 3: Diamondplaces (button) folded before Flop (didn't bet)
Seat 4: nastja336 (small blind) folded before Flop
Seat 5: yzuk (big blind) collected ($1)



PokerStars Hand #254546657131:  Hold'em No Limit ($0.50/$1.00 USD) - 2025/01/25 16:03:29 WET [2025/01/25 11:03:29 ET]
Table 'Thessalia IV' 6-max Seat #4 is the button
Seat 1: amphii ($20 in chips) 
Seat 2: sta$igk ($115.47 in chips) 
Seat 3: Diamondplaces ($40.57 in chips) 
Seat 4: nastja336 ($100 in chips) 
Seat 5: yzuk ($100.50 in chips) 
yzuk: posts small blind $0.50
amphii: posts big blind $1
*** HOLE CARDS ***
marian33372 joins the table at seat #6 
marian33372 is disconnected 
sta$igk: folds 
Diamondplaces: folds 
nastja336: folds 
yzuk: raises $2 to $3
amphii: calls $2
*** FLOP *** [9h 7c Kh]
yzuk: checks 
amphii: checks 
*** TURN *** [9h 7c Kh] [Js]
yzuk: checks 
amphii: bets $4.28
yzuk: raises $93.22 to $97.50 and is all-in
amphii: calls $12.72 and is all-in
Uncalled bet ($80.50) returned to yzuk
*** RIVER *** [9h 7c Kh Js] [Ah]
*** SHOW DOWN ***
yzuk: shows [Jd Qs] (a pair of Jacks)
amphii: shows [Ts Qh] (a straight, Ten to Ace)
amphii collected $38 from pot
*** SUMMARY ***
Total pot $40 | Rake $2 
Board [9h 7c Kh Js Ah]
Seat 1: amphii (big blind) showed [Ts Qh] and won ($38) with a straight, Ten to Ace
Seat 2: sta$igk folded before Flop (didn't bet)
Seat 3: Diamondplaces folded before Flop (didn't bet)
Seat 4: nastja336 (button) folded before Flop (didn't bet)
Seat 5: yzuk (small blind) showed [Jd Qs] and lost with a pair of Jacks



PokerStars Hand #254546667200:  Hold'em No Limit ($0.50/$1.00 USD) - 2025/01/25 16:04:12 WET [2025/01/25 11:04:12 ET]
Table 'Thessalia IV' 6-max Seat #5 is the button
Seat 6: marian33372 ($49.79 in chips) is sitting out
Seat 1: amphii ($38 in chips) 
Seat 2: sta$igk ($115.47 in chips) 
Seat 3: Diamondplaces ($40.57 in chips) 
Seat 4: nastja336 ($100 in chips) 
Seat 5: yzuk ($100 in chips) 
amphii: posts small blind $0.50
sta$igk: posts big blind $1
*** HOLE CARDS ***
Diamondplaces: folds 
nastja336: raises $1.50 to $2.50
yzuk: folds 
amphii: folds 
sta$igk: calls $1.50
*** FLOP *** [Qd 7h 9d]
sta$igk: checks 
nastja336: bets $1.72
sta$igk: calls $1.72
*** TURN *** [Qd 7h 9d] [Kh]
sta$igk: checks 
nastja336: bets $11.29
sta$igk: calls $11.29
*** RIVER *** [Qd 7h 9d Kh] [8s]
sta$igk: checks 
nastja336: bets $39.82
sta$igk: folds 
Uncalled bet ($39.82) returned to nastja336
nastja336 collected $29.94 from pot
nastja336: doesn't show hand 
*** SUMMARY ***
Total pot $31.52 | Rake $1.58 
Board [Qd 7h 9d Kh 8s]
Seat 6: marian33372
Seat 1: amphii (small blind) folded before Flop
Seat 2: sta$igk (big blind) folded on the River
Seat 3: Diamondplaces folded before Flop (didn't bet)
Seat 4: nastja336 collected ($29.94)
Seat 5: yzuk (button) folded before Flop (didn't bet)



PokerStars Hand #254546687836:  Hold'em No Limit ($0.50/$1.00 USD) - 2025/01/25 16:05:39 WET [2025/01/25 11:05:39 ET]
Table 'Thessalia IV' 6-max Seat #1 is the button
Seat 1: amphii ($37.50 in chips) 
Seat 2: sta$igk ($100 in chips) 
Seat 3: Diamondplaces ($40.57 in chips) 
Seat 4: nastja336 ($114.43 in chips) 
Seat 5: yzuk ($100 in chips) 
Seat 6: marian33372 ($49.79 in chips) 
sta$igk: posts small blind $0.50
Diamondplaces: posts big blind $1
marian33372: posts big blind $1
*** HOLE CARDS ***
nastja336: raises $4 to $5
yzuk: folds 
marian33372: calls $4
amphii: folds 
sta$igk: folds 
Diamondplaces: folds 
*** FLOP *** [5h 2s 6s]
nastja336: checks 
marian33372: checks 
*** TURN *** [5h 2s 6s] [6c]
nastja336: checks 
marian33372: checks 
*** RIVER *** [5h 2s 6s 6c] [3h]
nastja336: checks 
marian33372: bets $3
nastja336: folds 
Uncalled bet ($3) returned to marian33372
marian33372 collected $10.92 from pot
*** SUMMARY ***
Total pot $11.50 | Rake $0.58 
Board [5h 2s 6s 6c 3h]
Seat 1: amphii (button) folded before Flop (didn't bet)
Seat 2: sta$igk (small blind) folded before Flop
Seat 3: Diamondplaces (big blind) folded before Flop
Seat 4: nastja336 folded on the River
Seat 5: yzuk folded before Flop (didn't bet)
Seat 6: marian33372 collected ($10.92)



PokerStars Hand #254546697011:  Hold'em No Limit ($0.50/$1.00 USD) - 2025/01/25 16:06:18 WET [2025/01/25 11:06:18 ET]
Table 'Thessalia IV' 6-max Seat #2 is the button
Seat 1: amphii ($37.50 in chips) 
Seat 2: sta$igk ($100 in chips) 
Seat 3: Diamondplaces ($39.57 in chips) 
Seat 4: nastja336 ($109.43 in chips) 
Seat 5: yzuk ($100 in chips) 
Seat 6: marian33372 ($55.71 in chips) 
Diamondplaces: posts small blind $0.50
nastja336: posts big blind $1
*** HOLE CARDS ***
yzuk: folds 
marian33372: calls $1
amphii: raises $3 to $4
sta$igk: folds 
Diamondplaces: raises $35.57 to $39.57 and is all-in
nastja336: folds 
marian33372: folds 
amphii: folds 
Uncalled bet ($35.57) returned to Diamondplaces
Diamondplaces collected $10 from pot
*** SUMMARY ***
Total pot $10 | Rake $0 
Seat 1: amphii folded before Flop
Seat 2: sta$igk (button) folded before Flop (didn't bet)
Seat 3: Diamondplaces (small blind) collected ($10)
Seat 4: nastja336 (big blind) folded before Flop
Seat 5: yzuk folded before Flop (didn't bet)
Seat 6: marian33372 folded before Flop



PokerStars Hand #254546701970:  Hold'em No Limit ($0.50/$1.00 USD) - 2025/01/25 16:06:39 WET [2025/01/25 11:06:39 ET]
Table 'Thessalia IV' 6-max Seat #3 is the button
Seat 1: amphii ($33.50 in chips) 
Seat 2: sta$igk ($100 in chips) 
Seat 3: Diamondplaces ($45.57 in chips) 
Seat 4: nastja336 ($108.43 in chips) 
Seat 5: yzuk ($100 in chips) 
Seat 6: marian33372 ($54.71 in chips) 
nastja336: posts small blind $0.50
yzuk: posts big blind $1
*** HOLE CARDS ***
marian33372: calls $1
amphii: folds 
sta$igk: folds 
Diamondplaces: raises $1 to $2
nastja336: folds 
yzuk: folds 
marian33372: calls $1
*** FLOP *** [Th 9c Jc]
marian33372: checks 
Diamondplaces: bets $5.22
marian33372: calls $5.22
*** TURN *** [Th 9c Jc] [Jh]
marian33372: checks 
Diamondplaces: bets $15.14
marian33372: calls $15.14
*** RIVER *** [Th 9c Jc Jh] [Tc]
marian33372: checks 
Diamondplaces: bets $23.21 and is all-in
marian33372: calls $23.21
*** SHOW DOWN ***
Diamondplaces: shows [Js 9d] (a full house, Jacks full of Tens)
marian33372: shows [7c Qc] (a flush, Queen high)
Diamondplaces collected $90.14 from pot
*** SUMMARY ***
Total pot $92.64 | Rake $2.50 
Board [Th 9c Jc Jh Tc]
Seat 1: amphii folded before Flop (didn't bet)
Seat 2: sta$igk folded before Flop (didn't bet)
Seat 3: Diamondplaces (button) showed [Js 9d] and won ($90.14) with a full house, Jacks full of Tens
Seat 4: nastja336 (small blind) folded before Flop
Seat 5: yzuk (big blind) folded before Flop
Seat 6: marian33372 showed [7c Qc] and lost with a flush, Queen high



PokerStars Hand #254546713184:  Hold'em No Limit ($0.50/$1.00 USD) - 2025/01/25 16:07:27 WET [2025/01/25 11:07:27 ET]
Table 'Thessalia IV' 6-max Seat #4 is the button
Seat 1: amphii ($33.50 in chips) 
Seat 2: sta$igk ($100 in chips) 
Seat 3: Diamondplaces ($90.14 in chips) 
Seat 4: nastja336 ($107.93 in chips) 
Seat 5: yzuk ($100 in chips) 
Seat 6: marian33372 ($9.14 in chips) 
yzuk: posts small blind $0.50
marian33372: posts big blind $1
*** HOLE CARDS ***
amphii: raises $1.50 to $2.50
sta$igk: folds 
Diamondplaces: folds 
nastja336: calls $2.50
yzuk: folds 
marian33372: raises $1.50 to $4
amphii: raises $29.50 to $33.50 and is all-in
nastja336: folds 
marian33372: calls $5.14 and is all-in
Uncalled bet ($24.36) returned to amphii
*** FLOP *** [9s 5c 2c]
*** TURN *** [9s 5c 2c] [Tc]
*** RIVER *** [9s 5c 2c Tc] [9h]
*** SHOW DOWN ***
marian33372: shows [Jc Kc] (a flush, King high)
amphii: shows [Qh Qc] (two pair, Queens and Nines)
marian33372 collected $20.22 from pot
*** SUMMARY ***
Total pot $21.28 | Rake $1.06 
Board [9s 5c 2c Tc 9h]
Seat 1: amphii showed [Qh Qc] and lost with two pair, Queens and Nines
Seat 2: sta$igk folded before Flop (didn't bet)
Seat 3: Diamondplaces folded before Flop (didn't bet)
Seat 4: nastja336 (button) folded before Flop
Seat 5: yzuk (small blind) folded before Flop
Seat 6: marian33372 (big blind) showed [Jc Kc] and won ($20.22) with a flush, King high



PokerStars Hand #254546721239:  Hold'em No Limit ($0.50/$1.00 USD) - 2025/01/25 16:08:01 WET [2025/01/25 11:08:01 ET]
Table 'Thessalia IV' 6-max Seat #5 is the button
Seat 1: amphii ($24.36 in chips) 
Seat 2: sta$igk ($100 in chips) 
Seat 3: Diamondplaces ($90.14 in chips) 
Seat 4: nastja336 ($105.43 in chips) 
Seat 5: yzuk ($100 in chips) 
Seat 6: marian33372 ($20.22 in chips) 
marian33372: posts small blind $0.50
amphii: posts big blind $1
*** HOLE CARDS ***
sta$igk: folds 
Diamondplaces: calls $1
nastja336: folds 
yzuk: folds 
marian33372: raises $1 to $2
amphii: folds 
Diamondplaces: calls $1
*** FLOP *** [3c 4s 5c]
marian33372: bets $3
Diamondplaces: raises $3 to $6
marian33372: calls $3
*** TURN *** [3c 4s 5c] [2s]
marian33372: checks 
Diamondplaces: bets $1
marian33372: calls $1
*** RIVER *** [3c 4s 5c 2s] [Ac]
marian33372: checks 
Diamondplaces: bets $18.05
marian33372: folds 
Uncalled bet ($18.05) returned to Diamondplaces
Diamondplaces collected $18.05 from pot
*** SUMMARY ***
Total pot $19 | Rake $0.95 
Board [3c 4s 5c 2s Ac]
Seat 1: amphii (big blind) folded before Flop
Seat 2: sta$igk folded before Flop (didn't bet)
Seat 3: Diamondplaces collected ($18.05)
Seat 4: nastja336 folded before Flop (didn't bet)
Seat 5: yzuk (button) folded before Flop (didn't bet)
Seat 6: marian33372 (small blind) folded on the River



PokerStars Hand #254546733173:  Hold'em No Limit ($0.50/$1.00 USD) - 2025/01/25 16:08:52 WET [2025/01/25 11:08:52 ET]
Table 'Thessalia IV' 6-max Seat #6 is the button
Seat 1: amphii ($23.36 in chips) 
Seat 2: sta$igk ($100 in chips) 
Seat 3: Diamondplaces ($99.19 in chips) 
Seat 4: nastja336 ($105.43 in chips) 
Seat 5: yzuk ($100 in chips) 
Seat 6: marian33372 ($11.22 in chips) 
amphii: posts small blind $0.50
sta$igk: posts big blind $1
*** HOLE CARDS ***
Diamondplaces: folds 
nastja336: folds 
yzuk: folds 
marian33372: raises $1 to $2
amphii: folds 
sta$igk: calls $1
*** FLOP *** [Ad Th 7d]
sta$igk: checks 
marian33372: bets $2
sta$igk: folds 
Uncalled bet ($2) returned to marian33372
marian33372 collected $4.28 from pot
*** SUMMARY ***
Total pot $4.50 | Rake $0.22 
Board [Ad Th 7d]
Seat 1: amphii (small blind) folded before Flop
Seat 2: sta$igk (big blind) folded on the Flop
Seat 3: Diamondplaces folded before Flop (didn't bet)
Seat 4: nastja336 folded before Flop (didn't bet)
Seat 5: yzuk folded before Flop (didn't bet)
Seat 6: marian33372 (button) collected ($4.28)



PokerStars Hand #254546738849:  Hold'em No Limit ($0.50/$1.00 USD) - 2025/01/25 16:09:16 WET [2025/01/25 11:09:16 ET]
Table 'Thessalia IV' 6-max Seat #1 is the button
Seat 1: amphii ($22.86 in chips) 
Seat 2: sta$igk ($100 in chips) 
Seat 3: Diamondplaces ($99.19 in chips) 
Seat 4: nastja336 ($105.43 in chips) 
Seat 5: yzuk ($100 in chips) 
Seat 6: marian33372 ($13.50 in chips) 
sta$igk: posts small blind $0.50
Diamondplaces: posts big blind $1
*** HOLE CARDS ***
nastja336: folds 
yzuk: raises $1.50 to $2.50
marian33372: calls $2.50
amphii: folds 
sta$igk: folds 
Diamondplaces: calls $1.50
*** FLOP *** [Jd Js 7h]
Diamondplaces: checks 
yzuk: checks 
marian33372: bets $4
Diamondplaces: folds 
yzuk: calls $4
*** TURN *** [Jd Js 7h] [3s]
yzuk: checks 
marian33372: bets $7 and is all-in
yzuk: calls $7
*** RIVER *** [Jd Js 7h 3s] [9c]
*** SHOW DOWN ***
yzuk: shows [Ks Jc] (three of a kind, Jacks)
marian33372: shows [6s 4h] (a pair of Jacks)
yzuk collected $28.50 from pot
*** SUMMARY ***
Total pot $30 | Rake $1.50 
Board [Jd Js 7h 3s 9c]
Seat 1: amphii (button) folded before Flop (didn't bet)
Seat 2: sta$igk (small blind) folded before Flop
Seat 3: Diamondplaces (big blind) folded on the Flop
Seat 4: nastja336 folded before Flop (didn't bet)
Seat 5: yzuk showed [Ks Jc] and won ($28.50) with three of a kind, Jacks
Seat 6: marian33372 showed [6s 4h] and lost with a pair of Jacks



PokerStars Hand #254546747771:  Hold'em No Limit ($0.50/$1.00 USD) - 2025/01/25 16:09:55 WET [2025/01/25 11:09:55 ET]
Table 'Thessalia IV' 6-max Seat #2 is the button
Seat 6: marian33372 ($0 in chips) is sitting out
Seat 1: amphii ($22.86 in chips) 
Seat 2: sta$igk ($100 in chips) 
Seat 3: Diamondplaces ($96.69 in chips) 
Seat 4: nastja336 ($105.43 in chips) 
Seat 5: yzuk ($115 in chips) 
Diamondplaces: posts small blind $0.50
nastja336: posts big blind $1
*** HOLE CARDS ***
yzuk: folds 
amphii: folds 
sta$igk: raises $1.50 to $2.50
Diamondplaces: folds 
nastja336: folds 
Uncalled bet ($1.50) returned to sta$igk
sta$igk collected $2.50 from pot
sta$igk: doesn't show hand 
*** SUMMARY ***
Total pot $2.50 | Rake $0 
Seat 6: marian33372
Seat 1: amphii folded before Flop (didn't bet)
Seat 2: sta$igk (button) collected ($2.50)
Seat 3: Diamondplaces (small blind) folded before Flop
Seat 4: nastja336 (big blind) folded before Flop
Seat 5: yzuk folded before Flop (didn't bet)



PokerStars Hand #254546751411:  Hold'em No Limit ($0.50/$1.00 USD) - 2025/01/25 16:10:10 WET [2025/01/25 11:10:10 ET]
Table 'Thessalia IV' 6-max Seat #3 is the button
Seat 1: amphii ($22.86 in chips) 
Seat 2: sta$igk ($101.50 in chips) 
Seat 3: Diamondplaces ($96.19 in chips) 
Seat 4: nastja336 ($104.43 in chips) 
Seat 5: yzuk ($115 in chips) 
Seat 6: marian33372 ($51.24 in chips) 
nastja336: posts small blind $0.50
yzuk: posts big blind $1
*** HOLE CARDS ***
marian33372: calls $1
amphii: folds 
sta$igk: folds 
Diamondplaces: calls $1
nastja336: calls $0.50
yzuk: checks 
*** FLOP *** [Ts Th 6h]
nastja336: checks 
yzuk: checks 
marian33372: checks 
Diamondplaces: bets $3.80
nastja336: folds 
yzuk: folds 
marian33372: folds 
Uncalled bet ($3.80) returned to Diamondplaces
Diamondplaces collected $3.80 from pot
*** SUMMARY ***
Total pot $4 | Rake $0.20 
Board [Ts Th 6h]
Seat 1: amphii folded before Flop (didn't bet)
Seat 2: sta$igk folded before Flop (didn't bet)
Seat 3: Diamondplaces (button) collected ($3.80)
Seat 4: nastja336 (small blind) folded on the Flop
Seat 5: yzuk (big blind) folded on the Flop
Seat 6: marian33372 folded on the Flop



PokerStars Hand #254546760484:  Hold'em No Limit ($0.50/$1.00 USD) - 2025/01/25 16:10:49 WET [2025/01/25 11:10:49 ET]
Table 'Thessalia IV' 6-max Seat #4 is the button
Seat 1: amphii ($22.86 in chips) 
Seat 2: sta$igk ($101.50 in chips) 
Seat 3: Diamondplaces ($98.99 in chips) 
Seat 4: nastja336 ($103.43 in chips) 
Seat 5: yzuk ($114 in chips) 
Seat 6: marian33372 ($50.24 in chips) 
yzuk: posts small blind $0.50
marian33372: posts big blind $1
*** HOLE CARDS ***
amphii: folds 
sta$igk: raises $1.50 to $2.50
Diamondplaces: folds 
nastja336: folds 
yzuk: folds 
marian33372: raises $1.50 to $4
sta$igk: calls $1.50
*** FLOP *** [8s 8h Qc]
marian33372: checks 
sta$igk: bets $2.67
marian33372: folds 
Uncalled bet ($2.67) returned to sta$igk
sta$igk collected $8.08 from pot
sta$igk: doesn't show hand 
*** SUMMARY ***
Total pot $8.50 | Rake $0.42 
Board [8s 8h Qc]
Seat 1: amphii folded before Flop (didn't bet)
Seat 2: sta$igk collected ($8.08)
Seat 3: Diamondplaces folded before Flop (didn't bet)
Seat 4: nastja336 (button) folded before Flop (didn't bet)
Seat 5: yzuk (small blind) folded before Flop
Seat 6: marian33372 (big blind) folded on the Flop



PokerStars Hand #254546769739:  Hold'em No Limit ($0.50/$1.00 USD) - 2025/01/25 16:11:28 WET [2025/01/25 11:11:28 ET]
Table 'Thessalia IV' 6-max Seat #5 is the button
Seat 1: amphii ($22.86 in chips) 
Seat 2: sta$igk ($105.58 in chips) 
Seat 3: Diamondplaces ($98.99 in chips) 
Seat 4: nastja336 ($103.43 in chips) 
Seat 5: yzuk ($113.50 in chips) 
Seat 6: marian33372 ($46.24 in chips) 
marian33372: posts small blind $0.50
amphii: posts big blind $1
*** HOLE CARDS ***
sta$igk: folds 
Diamondplaces: folds 
nastja336: folds 
yzuk: folds 
marian33372: calls $0.50
amphii: checks 
*** FLOP *** [3c 4s Kc]
marian33372: checks 
amphii: bets $1
marian33372: folds 
Uncalled bet ($1) returned to amphii
amphii collected $1.90 from pot
amphii: doesn't show hand 
*** SUMMARY ***
Total pot $2 | Rake $0.10 
Board [3c 4s Kc]
Seat 1: amphii (big blind) collected ($1.90)
Seat 2: sta$igk folded before Flop (didn't bet)
Seat 3: Diamondplaces folded before Flop (didn't bet)
Seat 4: nastja336 folded before Flop (didn't bet)
Seat 5: yzuk (button) folded before Flop (didn't bet)
Seat 6: marian33372 (small blind) folded on the Flop



PokerStars Hand #254546774306:  Hold'em No Limit ($0.50/$1.00 USD) - 2025/01/25 16:11:48 WET [2025/01/25 11:11:48 ET]
Table 'Thessalia IV' 6-max Seat #6 is the button
Seat 1: amphii ($23.76 in chips) 
Seat 2: sta$igk ($105.58 in chips) 
Seat 3: Diamondplaces ($98.99 in chips) 
Seat 4: nastja336 ($103.43 in chips) 
Seat 5: yzuk ($113.50 in chips) 
Seat 6: marian33372 ($45.24 in chips) 
amphii: posts small blind $0.50
sta$igk: posts big blind $1
*** HOLE CARDS ***
Diamondplaces has timed out
Diamondplaces: folds 
nastja336: folds 
yzuk: raises $1.50 to $2.50
marian33372: calls $2.50
amphii: folds 
sta$igk: calls $1.50
*** FLOP *** [9d Jh 2h]
sta$igk: checks 
yzuk: checks 
marian33372: bets $3
sta$igk: raises $13 to $16
yzuk: folds 
marian33372: calls $13
*** TURN *** [9d Jh 2h] [Jd]
sta$igk: checks 
marian33372: checks 
*** RIVER *** [9d Jh 2h Jd] [Ac]
Diamondplaces leaves the table
sta$igk: bets $38
marian33372: calls $26.74 and is all-in
Uncalled bet ($11.26) returned to sta$igk
*** SHOW DOWN ***
sta$igk: shows [9c Jc] (a full house, Jacks full of Nines)
marian33372: shows [9h Js] (a full house, Jacks full of Nines)
sta$igk collected $45.49 from pot
marian33372 collected $45.49 from pot
*** SUMMARY ***
Total pot $93.48 | Rake $2.50 
Board [9d Jh 2h Jd Ac]
Seat 1: amphii (small blind) folded before Flop
Seat 2: sta$igk (big blind) showed [9c Jc] and won ($45.49) with a full house, Jacks full of Nines
Seat 3: Diamondplaces folded before Flop (didn't bet)
Seat 4: nastja336 folded before Flop (didn't bet)
Seat 5: yzuk folded on the Flop
Seat 6: marian33372 (button) showed [9h Js] and won ($45.49) with a full house, Jacks full of Nines



PokerStars Hand #254546796730:  Hold'em No Limit ($0.50/$1.00 USD) - 2025/01/25 16:13:23 WET [2025/01/25 11:13:23 ET]
Table 'Thessalia IV' 6-max Seat #1 is the button
Seat 1: amphii ($23.26 in chips) 
Seat 2: sta$igk ($105.83 in chips) 
Seat 4: nastja336 ($103.43 in chips) 
Seat 5: yzuk ($111 in chips) 
Seat 6: marian33372 ($45.49 in chips) 
sta$igk: posts small blind $0.50
nastja336: posts big blind $1
*** HOLE CARDS ***
yzuk: folds 
marian33372: folds 
amphii: raises $1.30 to $2.30
sta$igk: folds 
nastja336: folds 
Uncalled bet ($1.30) returned to amphii
amphii collected $2.50 from pot
amphii: doesn't show hand 
*** SUMMARY ***
Total pot $2.50 | Rake $0 
Seat 1: amphii (button) collected ($2.50)
Seat 2: sta$igk (small blind) folded before Flop
Seat 4: nastja336 (big blind) folded before Flop
Seat 5: yzuk folded before Flop (didn't bet)
Seat 6: marian33372 folded before Flop (didn't bet)



PokerStars Hand #254546799242:  Hold'em No Limit ($0.50/$1.00 USD) - 2025/01/25 16:13:33 WET [2025/01/25 11:13:33 ET]
Table 'Thessalia IV' 6-max Seat #2 is the button
Seat 1: amphii ($24.76 in chips) 
Seat 2: sta$igk ($105.33 in chips) 
Seat 4: nastja336 ($102.43 in chips) 
Seat 5: yzuk ($111 in chips) 
Seat 6: marian33372 ($45.49 in chips) 
nastja336: posts small blind $0.50
yzuk: posts big blind $1
*** HOLE CARDS ***
marian33372: calls $1
amphii: folds 
sta$igk: folds 
nastja336: raises $4 to $5
yzuk: folds 
marian33372: calls $4
*** FLOP *** [5s 8s Kd]
tintin641 joins the table at seat #3 
nastja336: bets $5.23
marian33372: folds 
Uncalled bet ($5.23) returned to nastja336
nastja336 collected $10.45 from pot
nastja336: doesn't show hand 
*** SUMMARY ***
Total pot $11 | Rake $0.55 
Board [5s 8s Kd]
Seat 1: amphii folded before Flop (didn't bet)
Seat 2: sta$igk (button) folded before Flop (didn't bet)
Seat 4: nastja336 (small blind) collected ($10.45)
Seat 5: yzuk (big blind) folded before Flop
Seat 6: marian33372 folded on the Flop



PokerStars Hand #254546806273:  Hold'em No Limit ($0.50/$1.00 USD) - 2025/01/25 16:14:03 WET [2025/01/25 11:14:03 ET]
Table 'Thessalia IV' 6-max Seat #4 is the button
Seat 3: tintin641 ($100 in chips) is sitting out
Seat 1: amphii ($24.76 in chips) 
Seat 2: sta$igk ($105.33 in chips) 
Seat 4: nastja336 ($107.88 in chips) 
Seat 5: yzuk ($110 in chips) 
Seat 6: marian33372 ($40.49 in chips) 
yzuk: posts small blind $0.50
marian33372: posts big blind $1
tintin641: sits out 
*** HOLE CARDS ***
amphii: raises $1.30 to $2.30
sta$igk: folds 
nastja336: folds 
yzuk: folds 
marian33372: calls $1.30
*** FLOP *** [8d Ac 4h]
marian33372: checks 
amphii: bets $1.60
marian33372: folds 
Uncalled bet ($1.60) returned to amphii
amphii collected $4.84 from pot
amphii: doesn't show hand 
*** SUMMARY ***
Total pot $5.10 | Rake $0.26 
Board [8d Ac 4h]
Seat 3: tintin641
Seat 1: amphii collected ($4.84)
Seat 2: sta$igk folded before Flop (didn't bet)
Seat 4: nastja336 (button) folded before Flop (didn't bet)
Seat 5: yzuk (small blind) folded before Flop
Seat 6: marian33372 (big blind) folded on the Flop



PokerStars Hand #254546813024:  Hold'em No Limit ($0.50/$1.00 USD) - 2025/01/25 16:14:31 WET [2025/01/25 11:14:31 ET]
Table 'Thessalia IV' 6-max Seat #5 is the button
Seat 3: tintin641 ($100 in chips) is sitting out
Seat 1: amphii ($27.30 in chips) 
Seat 2: sta$igk ($105.33 in chips) 
Seat 4: nastja336 ($107.88 in chips) 
Seat 5: yzuk ($109.50 in chips) 
Seat 6: marian33372 ($38.19 in chips) 
marian33372: posts small blind $0.50
amphii: posts big blind $1
tintin641: sits out 
*** HOLE CARDS ***
sta$igk: folds 
nastja336: folds 
yzuk: folds 
marian33372: calls $0.50
amphii: checks 
*** FLOP *** [6s 4c Kh]
marian33372: checks 
amphii: checks 
*** TURN *** [6s 4c Kh] [Ac]
marian33372: checks 
amphii: bets $1.43
marian33372: folds 
Uncalled bet ($1.43) returned to amphii
amphii collected $1.90 from pot
amphii: doesn't show hand 
*** SUMMARY ***
Total pot $2 | Rake $0.10 
Board [6s 4c Kh Ac]
Seat 3: tintin641
Seat 1: amphii (big blind) collected ($1.90)
Seat 2: sta$igk folded before Flop (didn't bet)
Seat 4: nastja336 folded before Flop (didn't bet)
Seat 5: yzuk (button) folded before Flop (didn't bet)
Seat 6: marian33372 (small blind) folded on the Turn



PokerStars Hand #254546816904:  Hold'em No Limit ($0.50/$1.00 USD) - 2025/01/25 16:14:47 WET [2025/01/25 11:14:47 ET]
Table 'Thessalia IV' 6-max Seat #6 is the button
Seat 3: tintin641 ($100 in chips) is sitting out
Seat 1: amphii ($28.20 in chips) 
Seat 2: sta$igk ($105.33 in chips) 
Seat 4: nastja336 ($107.88 in chips) 
Seat 5: yzuk ($109.50 in chips) 
Seat 6: marian33372 ($37.19 in chips) 
amphii: posts small blind $0.50
sta$igk: posts big blind $1
tintin641: sits out 
*** HOLE CARDS ***
nastja336: folds 
yzuk: folds 
marian33372: calls $1
amphii: calls $0.50
sta$igk: raises $5 to $6
marian33372: calls $5
amphii: folds 
*** FLOP *** [5c 8d 7c]
sta$igk: checks 
marian33372: bets $10
sta$igk: folds 
Uncalled bet ($10) returned to marian33372
marian33372 collected $12.35 from pot
*** SUMMARY ***
Total pot $13 | Rake $0.65 
Board [5c 8d 7c]
Seat 3: tintin641
Seat 1: amphii (small blind) folded before Flop
Seat 2: sta$igk (big blind) folded on the Flop
Seat 4: nastja336 folded before Flop (didn't bet)
Seat 5: yzuk folded before Flop (didn't bet)
Seat 6: marian33372 (button) collected ($12.35)



PokerStars Hand #254546824934:  Hold'em No Limit ($0.50/$1.00 USD) - 2025/01/25 16:15:20 WET [2025/01/25 11:15:20 ET]
Table 'Thessalia IV' 6-max Seat #1 is the button
Seat 1: amphii ($27.20 in chips) 
Seat 2: sta$igk ($100 in chips) 
Seat 3: tintin641 ($100 in chips) 
Seat 4: nastja336 ($107.88 in chips) 
Seat 5: yzuk ($109.50 in chips) 
Seat 6: marian33372 ($43.54 in chips) 
sta$igk: posts small blind $0.50
tintin641: posts big blind $1
*** HOLE CARDS ***
nastja336: raises $1.50 to $2.50
yzuk: folds 
marian33372: calls $2.50
amphii: folds 
sta$igk: folds 
tintin641: raises $11 to $13.50
nastja336: folds 
marian33372: calls $11
*** FLOP *** [Ac Qh 5d]
tintin641: bets $4
marian33372: folds 
Uncalled bet ($4) returned to tintin641
tintin641 collected $28.50 from pot
tintin641: doesn't show hand 
*** SUMMARY ***
Total pot $30 | Rake $1.50 
Board [Ac Qh 5d]
Seat 1: amphii (button) folded before Flop (didn't bet)
Seat 2: sta$igk (small blind) folded before Flop
Seat 3: tintin641 (big blind) collected ($28.50)
Seat 4: nastja336 folded before Flop
Seat 5: yzuk folded before Flop (didn't bet)
Seat 6: marian33372 folded on the Flop



PokerStars Hand #254546834059:  Hold'em No Limit ($0.50/$1.00 USD) - 2025/01/25 16:15:59 WET [2025/01/25 11:15:59 ET]
Table 'Thessalia IV' 6-max Seat #2 is the button
Seat 1: amphii ($27.20 in chips) 
Seat 2: sta$igk ($100 in chips) 
Seat 3: tintin641 ($115 in chips) 
Seat 4: nastja336 ($105.38 in chips) 
Seat 5: yzuk ($109.50 in chips) 
Seat 6: marian33372 ($30.04 in chips) 
tintin641: posts small blind $0.50
nastja336: posts big blind $1
*** HOLE CARDS ***
yzuk: folds 
marian33372: calls $1
amphii: raises $2.50 to $3.50
sta$igk: folds 
tintin641: folds 
nastja336: calls $2.50
marian33372: calls $2.50
*** FLOP *** [Qc 6h 8h]
nastja336: checks 
marian33372: checks 
amphii: bets $3.45
nastja336: calls $3.45
marian33372: folds 
*** TURN *** [Qc 6h 8h] [4h]
nastja336: checks 
amphii: checks 
*** RIVER *** [Qc 6h 8h 4h] [5c]
nastja336: checks 
amphii: checks 
*** SHOW DOWN ***
nastja336: shows [9s Qs] (a pair of Queens)
amphii: mucks hand 
nastja336 collected $17 from pot
*** SUMMARY ***
Total pot $17.90 | Rake $0.90 
Board [Qc 6h 8h 4h 5c]
Seat 1: amphii mucked
Seat 2: sta$igk (button) folded before Flop (didn't bet)
Seat 3: tintin641 (small blind) folded before Flop
Seat 4: nastja336 (big blind) showed [9s Qs] and won ($17) with a pair of Queens
Seat 5: yzuk folded before Flop (didn't bet)
Seat 6: marian33372 folded on the Flop



PokerStars Hand #254546843887:  Hold'em No Limit ($0.50/$1.00 USD) - 2025/01/25 16:16:40 WET [2025/01/25 11:16:40 ET]
Table 'Thessalia IV' 6-max Seat #3 is the button
Seat 1: amphii ($20.25 in chips) 
Seat 2: sta$igk ($100 in chips) 
Seat 3: tintin641 ($114.50 in chips) 
Seat 4: nastja336 ($115.43 in chips) 
Seat 5: yzuk ($109.50 in chips) 
Seat 6: marian33372 ($26.54 in chips) 
nastja336: posts small blind $0.50
yzuk: posts big blind $1
*** HOLE CARDS ***
marian33372: calls $1
amphii: folds 
sta$igk: folds 
tintin641: folds 
nastja336: folds 
yzuk: checks 
*** FLOP *** [4c Jc 4s]
yzuk: checks 
marian33372: checks 
*** TURN *** [4c Jc 4s] [Qc]
yzuk: checks 
marian33372: checks 
*** RIVER *** [4c Jc 4s Qc] [Kd]
yzuk: bets $1.21
marian33372: raises $5.79 to $7
yzuk: folds 
Uncalled bet ($5.79) returned to marian33372
marian33372 collected $4.67 from pot
*** SUMMARY ***
Total pot $4.92 | Rake $0.25 
Board [4c Jc 4s Qc Kd]
Seat 1: amphii folded before Flop (didn't bet)
Seat 2: sta$igk folded before Flop (didn't bet)
Seat 3: tintin641 (button) folded before Flop (didn't bet)
Seat 4: nastja336 (small blind) folded before Flop
Seat 5: yzuk (big blind) folded on the River
Seat 6: marian33372 collected ($4.67)



PokerStars Hand #254546850196:  Hold'em No Limit ($0.50/$1.00 USD) - 2025/01/25 16:17:06 WET [2025/01/25 11:17:06 ET]
Table 'Thessalia IV' 6-max Seat #4 is the button
Seat 1: amphii ($20.25 in chips) 
Seat 2: sta$igk ($100 in chips) 
Seat 3: tintin641 ($114.50 in chips) 
Seat 4: nastja336 ($114.93 in chips) 
Seat 5: yzuk ($107.29 in chips) 
Seat 6: marian33372 ($29 in chips) 
yzuk: posts small blind $0.50
marian33372: posts big blind $1
*** HOLE CARDS ***
amphii: folds 
sta$igk: folds 
tintin641: raises $1.50 to $2.50
nastja336: folds 
yzuk: folds 
marian33372: calls $1.50
*** FLOP *** [Jd Qs Js]
marian33372: checks 
tintin641: bets $1.72
marian33372: folds 
Uncalled bet ($1.72) returned to tintin641
tintin641 collected $5.22 from pot
tintin641: doesn't show hand 
*** SUMMARY ***
Total pot $5.50 | Rake $0.28 
Board [Jd Qs Js]
Seat 1: amphii folded before Flop (didn't bet)
Seat 2: sta$igk folded before Flop (didn't bet)
Seat 3: tintin641 collected ($5.22)
Seat 4: nastja336 (button) folded before Flop (didn't bet)
Seat 5: yzuk (small blind) folded before Flop
Seat 6: marian33372 (big blind) folded on the Flop



PokerStars Hand #254546856826:  Hold'em No Limit ($0.50/$1.00 USD) - 2025/01/25 16:17:34 WET [2025/01/25 11:17:34 ET]
Table 'Thessalia IV' 6-max Seat #5 is the button
Seat 1: amphii ($20.25 in chips) 
Seat 2: sta$igk ($100 in chips) 
Seat 3: tintin641 ($117.22 in chips) 
Seat 4: nastja336 ($114.93 in chips) 
Seat 5: yzuk ($106.79 in chips) 
Seat 6: marian33372 ($26.50 in chips) 
marian33372: posts small blind $0.50
amphii: posts big blind $1
*** HOLE CARDS ***
sta$igk: folds 
tintin641: raises $1.50 to $2.50
nastja336: folds 
yzuk: folds 
marian33372: calls $2
amphii: folds 
*** FLOP *** [Ts Jc 9d]
marian33372: checks 
tintin641: checks 
*** TURN *** [Ts Jc 9d] [7c]
marian33372: bets $1
tintin641: calls $1
*** RIVER *** [Ts Jc 9d 7c] [5s]
marian33372: checks 
tintin641: bets $10
marian33372: folds 
Uncalled bet ($10) returned to tintin641
tintin641 collected $7.60 from pot
tintin641: doesn't show hand 
*** SUMMARY ***
Total pot $8 | Rake $0.40 
Board [Ts Jc 9d 7c 5s]
Seat 1: amphii (big blind) folded before Flop
Seat 2: sta$igk folded before Flop (didn't bet)
Seat 3: tintin641 collected ($7.60)
Seat 4: nastja336 folded before Flop (didn't bet)
Seat 5: yzuk (button) folded before Flop (didn't bet)
Seat 6: marian33372 (small blind) folded on the River



PokerStars Hand #254546871377:  Hold'em No Limit ($0.50/$1.00 USD) - 2025/01/25 16:18:36 WET [2025/01/25 11:18:36 ET]
Table 'Thessalia IV' 6-max Seat #6 is the button
Seat 1: amphii ($20 in chips) 
Seat 2: sta$igk ($100 in chips) 
Seat 3: tintin641 ($121.32 in chips) 
Seat 4: nastja336 ($114.93 in chips) 
Seat 5: yzuk ($106.79 in chips) 
Seat 6: marian33372 ($23 in chips) 
amphii: posts small blind $0.50
sta$igk: posts big blind $1
*** HOLE CARDS ***
tintin641: folds 
nastja336: folds 
yzuk: raises $1.50 to $2.50
marian33372: raises $1.50 to $4
amphii: raises $16 to $20 and is all-in
sta$igk: folds 
yzuk: raises $86.79 to $106.79 and is all-in
marian33372: calls $19 and is all-in
Uncalled bet ($83.79) returned to yzuk
*** FLOP *** [3c 4c 6d]
*** TURN *** [3c 4c 6d] [5d]
*** RIVER *** [3c 4c 6d 5d] [Td]
*** SHOW DOWN ***
yzuk: shows [Ad Js] (high card Ace)
marian33372: shows [As Kc] (high card Ace - King kicker)
marian33372 collected $6 from side pot
amphii: shows [Ah Qh] (high card Ace - lower kicker)
marian33372 collected $58.50 from main pot
*** SUMMARY ***
Total pot $67 Main pot $58.50. Side pot $6. | Rake $2.50 
Board [3c 4c 6d 5d Td]
Seat 1: amphii (small blind) showed [Ah Qh] and lost with high card Ace
Seat 2: sta$igk (big blind) folded before Flop
Seat 3: tintin641 folded before Flop (didn't bet)
Seat 4: nastja336 folded before Flop (didn't bet)
Seat 5: yzuk showed [Ad Js] and lost with high card Ace
Seat 6: marian33372 (button) showed [As Kc] and won ($64.50) with high card Ace



PokerStars Hand #254546878296:  Hold'em No Limit ($0.50/$1.00 USD) - 2025/01/25 16:19:04 WET [2025/01/25 11:19:04 ET]
Table 'Thessalia IV' 6-max Seat #1 is the button
Seat 1: amphii ($20 in chips) 
Seat 2: sta$igk ($100 in chips) 
Seat 3: tintin641 ($121.32 in chips) 
Seat 4: nastja336 ($114.93 in chips) 
Seat 5: yzuk ($100 in chips) 
Seat 6: marian33372 ($64.50 in chips) 
sta$igk: posts small blind $0.50
tintin641: posts big blind $1
*** HOLE CARDS ***
nastja336: folds 
yzuk: folds 
marian33372: calls $1
amphii: folds 
sta$igk: folds 
tintin641: checks 
*** FLOP *** [Td 2s 5c]
tintin641: checks 
marian33372: checks 
*** TURN *** [Td 2s 5c] [5h]
tintin641: checks 
marian33372: checks 
*** RIVER *** [Td 2s 5c 5h] [7d]
tintin641: bets $3.57
marian33372: calls $3.57
*** SHOW DOWN ***
tintin641: shows [5s 9c] (three of a kind, Fives)
marian33372: mucks hand 
tintin641 collected $9.16 from pot
*** SUMMARY ***
Total pot $9.64 | Rake $0.48 
Board [Td 2s 5c 5h 7d]
Seat 1: amphii (button) folded before Flop (didn't bet)
Seat 2: sta$igk (small blind) folded before Flop
Seat 3: tintin641 (big blind) showed [5s 9c] and won ($9.16) with three of a kind, Fives
Seat 4: nastja336 folded before Flop (didn't bet)
Seat 5: yzuk folded before Flop (didn't bet)
Seat 6: marian33372 mucked



PokerStars Hand #254546887833:  Hold'em No Limit ($0.50/$1.00 USD) - 2025/01/25 16:19:44 WET [2025/01/25 11:19:44 ET]
Table 'Thessalia IV' 6-max Seat #2 is the button
Seat 1: amphii ($20 in chips) 
Seat 2: sta$igk ($100 in chips) 
Seat 3: tintin641 ($125.91 in chips) 
Seat 4: nastja336 ($114.93 in chips) 
Seat 5: yzuk ($100 in chips) 
Seat 6: marian33372 ($59.93 in chips) 
tintin641: posts small blind $0.50
nastja336: posts big blind $1
*** HOLE CARDS ***
yzuk: folds 
marian33372: calls $1
amphii: folds 
sta$igk: raises $3 to $4
tintin641: folds 
nastja336: folds 
marian33372: calls $3
*** FLOP *** [8d Ts 9d]
marian33372: checks 
sta$igk: bets $2.98
marian33372: calls $2.98
*** TURN *** [8d Ts 9d] [7h]
marian33372: checks 
sta$igk: checks 
*** RIVER *** [8d Ts 9d 7h] [Kd]
marian33372: bets $8
sta$igk: calls $8
*** SHOW DOWN ***
marian33372: shows [Ad Qd] (a flush, Ace high)
sta$igk: mucks hand 
marian33372 collected $29.89 from pot
*** SUMMARY ***
Total pot $31.46 | Rake $1.57 
Board [8d Ts 9d 7h Kd]
Seat 1: amphii folded before Flop (didn't bet)
Seat 2: sta$igk (button) mucked
Seat 3: tintin641 (small blind) folded before Flop
Seat 4: nastja336 (big blind) folded before Flop
Seat 5: yzuk folded before Flop (didn't bet)
Seat 6: marian33372 showed [Ad Qd] and won ($29.89) with a flush, Ace high



PokerStars Hand #254546898425:  Hold'em No Limit ($0.50/$1.00 USD) - 2025/01/25 16:20:28 WET [2025/01/25 11:20:28 ET]
Table 'Thessalia IV' 6-max Seat #3 is the button
Seat 1: amphii ($20 in chips) 
Seat 2: sta$igk ($100 in chips) 
Seat 3: tintin641 ($125.41 in chips) 
Seat 4: nastja336 ($113.93 in chips) 
Seat 5: yzuk ($100 in chips) 
Seat 6: marian33372 ($74.84 in chips) 
nastja336: posts small blind $0.50
yzuk: posts big blind $1
*** HOLE CARDS ***
marian33372: calls $1
amphii: folds 
sta$igk: folds 
tintin641: raises $3 to $4
nastja336: folds 
yzuk: folds 
marian33372: calls $3
*** FLOP *** [Jd 4d 2c]
marian33372: checks 
tintin641: bets $2.98
marian33372: calls $2.98
*** TURN *** [Jd 4d 2c] [Ah]
marian33372: checks 
tintin641: checks 
*** RIVER *** [Jd 4d 2c Ah] [9d]
marian33372: checks 
tintin641: checks 
*** SHOW DOWN ***
marian33372: shows [3h 3s] (a pair of Threes)
tintin641: shows [4c Kc] (a pair of Fours)
tintin641 collected $14.69 from pot
*** SUMMARY ***
Total pot $15.46 | Rake $0.77 
Board [Jd 4d 2c Ah 9d]
Seat 1: amphii folded before Flop (didn't bet)
Seat 2: sta$igk folded before Flop (didn't bet)
Seat 3: tintin641 (button) showed [4c Kc] and won ($14.69) with a pair of Fours
Seat 4: nastja336 (small blind) folded before Flop
Seat 5: yzuk (big blind) folded before Flop
Seat 6: marian33372 showed [3h 3s] and lost with a pair of Threes



PokerStars Hand #254546912832:  Hold'em No Limit ($0.50/$1.00 USD) - 2025/01/25 16:21:29 WET [2025/01/25 11:21:29 ET]
Table 'Thessalia IV' 6-max Seat #4 is the button
Seat 1: amphii ($20 in chips) 
Seat 2: sta$igk ($100 in chips) 
Seat 3: tintin641 ($133.12 in chips) 
Seat 4: nastja336 ($113.43 in chips) 
Seat 5: yzuk ($100 in chips) 
Seat 6: marian33372 ($67.86 in chips) 
yzuk: posts small blind $0.50
marian33372: posts big blind $1
*** HOLE CARDS ***
amphii: folds 
sta$igk: raises $1.50 to $2.50
tintin641: folds 
nastja336: calls $2.50
yzuk: folds 
marian33372: calls $1.50
*** FLOP *** [Jd Qs 7c]
marian33372: checks 
sta$igk: bets $2.51
nastja336: folds 
marian33372: calls $2.51
*** TURN *** [Jd Qs 7c] [5s]
marian33372: checks 
sta$igk: checks 
*** RIVER *** [Jd Qs 7c 5s] [Ah]
marian33372: checks 
sta$igk: checks 
*** SHOW DOWN ***
marian33372: shows [2d 7d] (a pair of Sevens)
sta$igk: shows [Ks 7s] (a pair of Sevens - Ace+King kicker)
sta$igk collected $12.37 from pot
*** SUMMARY ***
Total pot $13.02 | Rake $0.65 
Board [Jd Qs 7c 5s Ah]
Seat 1: amphii folded before Flop (didn't bet)
Seat 2: sta$igk showed [Ks 7s] and won ($12.37) with a pair of Sevens
Seat 3: tintin641 folded before Flop (didn't bet)
Seat 4: nastja336 (button) folded on the Flop
Seat 5: yzuk (small blind) folded before Flop
Seat 6: marian33372 (big blind) showed [2d 7d] and lost with a pair of Sevens



PokerStars Hand #254546924618:  Hold'em No Limit ($0.50/$1.00 USD) - 2025/01/25 16:22:19 WET [2025/01/25 11:22:19 ET]
Table 'Thessalia IV' 6-max Seat #5 is the button
Seat 1: amphii ($20 in chips) 
Seat 2: sta$igk ($107.36 in chips) 
Seat 3: tintin641 ($133.12 in chips) 
Seat 4: nastja336 ($110.93 in chips) 
Seat 5: yzuk ($100 in chips) 
Seat 6: marian33372 ($62.85 in chips) 
marian33372: posts small blind $0.50
amphii: posts big blind $1
*** HOLE CARDS ***
sta$igk: folds 
tintin641: raises $1.50 to $2.50
nastja336: folds 
yzuk: folds 
marian33372: calls $2
amphii: folds 
*** FLOP *** [9c 7h 3d]
marian33372: bets $1
tintin641: raises $5.78 to $6.78
marian33372: folds 
Uncalled bet ($5.78) returned to tintin641
tintin641 collected $7.60 from pot
tintin641: doesn't show hand 
*** SUMMARY ***
Total pot $8 | Rake $0.40 
Board [9c 7h 3d]
Seat 1: amphii (big blind) folded before Flop
Seat 2: sta$igk folded before Flop (didn't bet)
Seat 3: tintin641 collected ($7.60)
Seat 4: nastja336 folded before Flop (didn't bet)
Seat 5: yzuk (button) folded before Flop (didn't bet)
Seat 6: marian33372 (small blind) folded on the Flop



PokerStars Hand #254546931958:  Hold'em No Limit ($0.50/$1.00 USD) - 2025/01/25 16:22:50 WET [2025/01/25 11:22:50 ET]
Table 'Thessalia IV' 6-max Seat #6 is the button
Seat 1: amphii ($20 in chips) 
Seat 2: sta$igk ($107.36 in chips) 
Seat 3: tintin641 ($137.22 in chips) 
Seat 4: nastja336 ($110.93 in chips) 
Seat 5: yzuk ($100 in chips) 
Seat 6: marian33372 ($59.35 in chips) 
amphii: posts small blind $0.50
sta$igk: posts big blind $1
*** HOLE CARDS ***
tintin641: folds 
nastja336: folds 
yzuk: folds 
marian33372: folds 
marian33372 leaves the table
amphii: raises $19 to $20 and is all-in
sta$igk: folds 
Uncalled bet ($19) returned to amphii
amphii collected $2 from pot
amphii: doesn't show hand 
*** SUMMARY ***
Total pot $2 | Rake $0 
Seat 1: amphii (small blind) collected ($2)
Seat 2: sta$igk (big blind) folded before Flop
Seat 3: tintin641 folded before Flop (didn't bet)
Seat 4: nastja336 folded before Flop (didn't bet)
Seat 5: yzuk folded before Flop (didn't bet)
Seat 6: marian33372 (button) folded before Flop (didn't bet)



PokerStars Hand #254546934521:  Hold'em No Limit ($0.50/$1.00 USD) - 2025/01/25 16:23:01 WET [2025/01/25 11:23:01 ET]
Table 'Thessalia IV' 6-max Seat #1 is the button
Seat 1: amphii ($21 in chips) 
Seat 2: sta$igk ($106.36 in chips) 
Seat 3: tintin641 ($137.22 in chips) 
Seat 4: nastja336 ($110.93 in chips) 
Seat 5: yzuk ($100 in chips) 
sta$igk: posts small blind $0.50
tintin641: posts big blind $1
*** HOLE CARDS ***
nastja336: folds 
nastja336 leaves the table
yzuk: raises $1.50 to $2.50
amphii: folds 
sta$igk: raises $8.50 to $11
tintin641: folds 
yzuk: calls $8.50
*** FLOP *** [9h Td 3d]
sta$igk: checks 
yzuk: bets $7.43
sta$igk: raises $16.57 to $24
yzuk: folds 
Uncalled bet ($16.57) returned to sta$igk
sta$igk collected $35.97 from pot
sta$igk: doesn't show hand 
*** SUMMARY ***
Total pot $37.86 | Rake $1.89 
Board [9h Td 3d]
Seat 1: amphii (button) folded before Flop (didn't bet)
Seat 2: sta$igk (small blind) collected ($35.97)
Seat 3: tintin641 (big blind) folded before Flop
Seat 4: nastja336 folded before Flop (didn't bet)
Seat 5: yzuk folded on the Flop



PokerStars Hand #254546948067:  Hold'em No Limit ($0.50/$1.00 USD) - 2025/01/25 16:23:58 WET [2025/01/25 11:23:58 ET]
Table 'Thessalia IV' 6-max Seat #2 is the button
Seat 5: yzuk ($100 in chips) is sitting out
Seat 1: amphii ($21 in chips) 
Seat 2: sta$igk ($123.90 in chips) 
Seat 3: tintin641 ($136.22 in chips) 
tintin641: posts small blind $0.50
yzuk: is sitting out 
amphii: posts big blind $1
*** HOLE CARDS ***
yzuk leaves the table
sta$igk: raises $1.50 to $2.50
tintin641: folds 
amphii: folds 
Uncalled bet ($1.50) returned to sta$igk
sta$igk collected $2.50 from pot
sta$igk: doesn't show hand 
*** SUMMARY ***
Total pot $2.50 | Rake $0 
Seat 5: yzuk
Seat 1: amphii (big blind) folded before Flop
Seat 2: sta$igk (button) collected ($2.50)
Seat 3: tintin641 (small blind) folded before Flop



