PokerStars Hand #254549651750:  Hold'em No Limit ($0.50/$1.00 USD) - 2025/01/25 19:20:15 WET [2025/01/25 14:20:15 ET]
Table 'Merxia IV' 6-max Seat #3 is the button
Seat 2: TheBerg234 ($67 in chips) is sitting out
Seat 1: Supermegopro ($120.56 in chips) 
Seat 3: blistein ($120 in chips) 
Seat 4: AIien Hand ($100 in chips) 
Seat 5: Unipoker11 ($100 in chips) 
Seat 6: BoyLoc0 ($100 in chips) 
AIien Hand: posts small blind $0.50
Unipoker11: posts big blind $1
TheBerg234: sits out 
*** HOLE CARDS ***
BoyLoc0: folds 
Supermegopro: folds 
blistein: folds 
AIien Hand: raises $2 to $3
Unipoker11: folds 
Uncalled bet ($2) returned to AIien Hand
AIien Hand collected $2 from pot
AIien Hand: doesn't show hand 
*** SUMMARY ***
Total pot $2 | Rake $0 
Seat 2: TheBerg234
Seat 1: Supermegopro folded before Flop (didn't bet)
Seat 3: blistein (button) folded before Flop (didn't bet)
Seat 4: AIien Hand (small blind) collected ($2)
Seat 5: Unipoker11 (big blind) folded before Flop
Seat 6: BoyLoc0 folded before Flop (didn't bet)



PokerStars Hand #254549656505:  Hold'em No Limit ($0.50/$1.00 USD) - 2025/01/25 19:20:31 WET [2025/01/25 14:20:31 ET]
Table 'Merxia IV' 6-max Seat #4 is the button
Seat 2: TheBerg234 ($67 in chips) is sitting out
Seat 1: Supermegopro ($120.56 in chips) 
Seat 3: blistein ($120 in chips) 
Seat 4: AIien Hand ($101 in chips) 
Seat 5: Unipoker11 ($100 in chips) 
Seat 6: BoyLoc0 ($100 in chips) 
Unipoker11: posts small blind $0.50
BoyLoc0: posts big blind $1
TheBerg234: sits out 
*** HOLE CARDS ***
Supermegopro: folds 
blistein: raises $1.30 to $2.30
AIien Hand: folds 
Unipoker11: folds 
BoyLoc0: raises $10.70 to $13
blistein: folds 
Uncalled bet ($10.70) returned to BoyLoc0
BoyLoc0 collected $5.10 from pot
BoyLoc0: doesn't show hand 
*** SUMMARY ***
Total pot $5.10 | Rake $0 
Seat 2: TheBerg234
Seat 1: Supermegopro folded before Flop (didn't bet)
Seat 3: blistein folded before Flop
Seat 4: AIien Hand (button) folded before Flop (didn't bet)
Seat 5: Unipoker11 (small blind) folded before Flop
Seat 6: BoyLoc0 (big blind) collected ($5.10)



PokerStars Hand #254549662125:  Hold'em No Limit ($0.50/$1.00 USD) - 2025/01/25 19:20:51 WET [2025/01/25 14:20:51 ET]
Table 'Merxia IV' 6-max Seat #5 is the button
Seat 2: TheBerg234 ($67 in chips) is sitting out
Seat 1: Supermegopro ($120.56 in chips) 
Seat 3: blistein ($117.70 in chips) 
Seat 4: AIien Hand ($101 in chips) 
Seat 5: Unipoker11 ($100 in chips) 
Seat 6: BoyLoc0 ($102.80 in chips) 
BoyLoc0: posts small blind $0.50
Supermegopro: posts big blind $1
TheBerg234: sits out 
*** HOLE CARDS ***
blistein: raises $1.20 to $2.20
AIien Hand: folds 
Unipoker11: folds 
BoyLoc0: folds 
Supermegopro: folds 
Uncalled bet ($1.20) returned to blistein
blistein collected $2.50 from pot
blistein: doesn't show hand 
*** SUMMARY ***
Total pot $2.50 | Rake $0 
Seat 2: TheBerg234
Seat 1: Supermegopro (big blind) folded before Flop
Seat 3: blistein collected ($2.50)
Seat 4: AIien Hand folded before Flop (didn't bet)
Seat 5: Unipoker11 (button) folded before Flop (didn't bet)
Seat 6: BoyLoc0 (small blind) folded before Flop



PokerStars Hand #254549665909:  Hold'em No Limit ($0.50/$1.00 USD) - 2025/01/25 19:21:04 WET [2025/01/25 14:21:04 ET]
Table 'Merxia IV' 6-max Seat #6 is the button
Seat 1: Supermegopro ($119.56 in chips) 
Seat 2: TheBerg234 ($67 in chips) 
Seat 3: blistein ($119.20 in chips) 
Seat 4: AIien Hand ($101 in chips) 
Seat 5: Unipoker11 ($100 in chips) 
Seat 6: BoyLoc0 ($102.30 in chips) 
Supermegopro: posts small blind $0.50
TheBerg234: posts big blind $1
*** HOLE CARDS ***
blistein: folds 
blistein leaves the table
AIien Hand: folds 
Unipoker11: folds 
BoyLoc0: raises $1.50 to $2.50
Supermegopro: folds 
paramourx joins the table at seat #3 
TheBerg234: calls $1.50
*** FLOP *** [7s 6s Js]
TheBerg234: checks 
BoyLoc0: bets $1.72
TheBerg234: folds 
Uncalled bet ($1.72) returned to BoyLoc0
BoyLoc0 collected $5.22 from pot
BoyLoc0: doesn't show hand 
*** SUMMARY ***
Total pot $5.50 | Rake $0.28 
Board [7s 6s Js]
Seat 1: Supermegopro (small blind) folded before Flop
Seat 2: TheBerg234 (big blind) folded on the Flop
Seat 3: blistein folded before Flop (didn't bet)
Seat 4: AIien Hand folded before Flop (didn't bet)
Seat 5: Unipoker11 folded before Flop (didn't bet)
Seat 6: BoyLoc0 (button) collected ($5.22)



PokerStars Hand #254549673406:  Hold'em No Limit ($0.50/$1.00 USD) - 2025/01/25 19:21:30 WET [2025/01/25 14:21:30 ET]
Table 'Merxia IV' 6-max Seat #1 is the button
Seat 1: Supermegopro ($119.06 in chips) 
Seat 2: TheBerg234 ($64.50 in chips) 
Seat 3: paramourx ($100 in chips) 
Seat 4: AIien Hand ($101 in chips) 
Seat 5: Unipoker11 ($100 in chips) 
Seat 6: BoyLoc0 ($105.02 in chips) 
TheBerg234: posts small blind $0.50
paramourx: posts big blind $1
*** HOLE CARDS ***
AIien Hand: raises $1.20 to $2.20
Unipoker11: folds 
BoyLoc0: folds 
Supermegopro: folds 
TheBerg234: calls $1.70
paramourx: calls $1.20
*** FLOP *** [Qd Qh 5d]
TheBerg234: checks 
paramourx: checks 
AIien Hand: bets $1.44
TheBerg234: folds 
paramourx: calls $1.44
*** TURN *** [Qd Qh 5d] [Kc]
paramourx: checks 
AIien Hand: checks 
*** RIVER *** [Qd Qh 5d Kc] [Tc]
paramourx: checks 
AIien Hand: checks 
*** SHOW DOWN ***
paramourx: shows [9s 5s] (two pair, Queens and Fives)
AIien Hand: mucks hand 
paramourx collected $9.01 from pot
*** SUMMARY ***
Total pot $9.48 | Rake $0.47 
Board [Qd Qh 5d Kc Tc]
Seat 1: Supermegopro (button) folded before Flop (didn't bet)
Seat 2: TheBerg234 (small blind) folded on the Flop
Seat 3: paramourx (big blind) showed [9s 5s] and won ($9.01) with two pair, Queens and Fives
Seat 4: AIien Hand mucked
Seat 5: Unipoker11 folded before Flop (didn't bet)
Seat 6: BoyLoc0 folded before Flop (didn't bet)



PokerStars Hand #254549700661:  Hold'em No Limit ($0.50/$1.00 USD) - 2025/01/25 19:23:05 WET [2025/01/25 14:23:05 ET]
Table 'Merxia IV' 6-max Seat #2 is the button
Seat 1: Supermegopro ($119.06 in chips) 
Seat 2: TheBerg234 ($62.30 in chips) 
Seat 3: paramourx ($105.37 in chips) 
Seat 4: AIien Hand ($100 in chips) 
Seat 5: Unipoker11 ($100 in chips) 
Seat 6: BoyLoc0 ($105.02 in chips) 
paramourx: posts small blind $0.50
AIien Hand: posts big blind $1
*** HOLE CARDS ***
Unipoker11: folds 
BoyLoc0: folds 
Supermegopro: raises $1.50 to $2.50
TheBerg234: folds 
paramourx: folds 
AIien Hand: calls $1.50
*** FLOP *** [8c 5h 7c]
AIien Hand: bets $1.20
Supermegopro: calls $1.20
*** TURN *** [8c 5h 7c] [Kh]
AIien Hand: bets $10.80
Supermegopro: calls $10.80
*** RIVER *** [8c 5h 7c Kh] [Ac]
AIien Hand: checks 
Supermegopro: checks 
*** SHOW DOWN ***
AIien Hand: shows [Ah 9s] (a pair of Aces)
Supermegopro: mucks hand 
AIien Hand collected $28.02 from pot
*** SUMMARY ***
Total pot $29.50 | Rake $1.48 
Board [8c 5h 7c Kh Ac]
Seat 1: Supermegopro mucked
Seat 2: TheBerg234 (button) folded before Flop (didn't bet)
Seat 3: paramourx (small blind) folded before Flop
Seat 4: AIien Hand (big blind) showed [Ah 9s] and won ($28.02) with a pair of Aces
Seat 5: Unipoker11 folded before Flop (didn't bet)
Seat 6: BoyLoc0 folded before Flop (didn't bet)



PokerStars Hand #254549724151:  Hold'em No Limit ($0.50/$1.00 USD) - 2025/01/25 19:24:27 WET [2025/01/25 14:24:27 ET]
Table 'Merxia IV' 6-max Seat #3 is the button
Seat 1: Supermegopro ($104.56 in chips) 
Seat 2: TheBerg234 ($62.30 in chips) 
Seat 3: paramourx ($104.87 in chips) 
Seat 4: AIien Hand ($113.52 in chips) 
Seat 5: Unipoker11 ($100 in chips) 
Seat 6: BoyLoc0 ($105.02 in chips) 
AIien Hand: posts small blind $0.50
Unipoker11: posts big blind $1
*** HOLE CARDS ***
BoyLoc0: folds 
Supermegopro: folds 
TheBerg234: raises $2 to $3
paramourx: folds 
AIien Hand: folds 
Unipoker11: calls $2
*** FLOP *** [7h 7d 3c]
Unipoker11: checks 
TheBerg234: bets $3
Unipoker11: calls $3
*** TURN *** [7h 7d 3c] [2s]
Unipoker11: checks 
TheBerg234: bets $7
Unipoker11: calls $7
*** RIVER *** [7h 7d 3c 2s] [6c]
Unipoker11: checks 
TheBerg234: checks 
*** SHOW DOWN ***
Unipoker11: shows [8s 8h] (two pair, Eights and Sevens)
TheBerg234: mucks hand 
Unipoker11 collected $25.18 from pot
*** SUMMARY ***
Total pot $26.50 | Rake $1.32 
Board [7h 7d 3c 2s 6c]
Seat 1: Supermegopro folded before Flop (didn't bet)
Seat 2: TheBerg234 mucked
Seat 3: paramourx (button) folded before Flop (didn't bet)
Seat 4: AIien Hand (small blind) folded before Flop
Seat 5: Unipoker11 (big blind) showed [8s 8h] and won ($25.18) with two pair, Eights and Sevens
Seat 6: BoyLoc0 folded before Flop (didn't bet)



PokerStars Hand #254549741324:  Hold'em No Limit ($0.50/$1.00 USD) - 2025/01/25 19:25:28 WET [2025/01/25 14:25:28 ET]
Table 'Merxia IV' 6-max Seat #4 is the button
Seat 1: Supermegopro ($104.56 in chips) 
Seat 2: TheBerg234 ($49.30 in chips) 
Seat 3: paramourx ($104.87 in chips) 
Seat 4: AIien Hand ($113.02 in chips) 
Seat 5: Unipoker11 ($112.18 in chips) 
Seat 6: BoyLoc0 ($105.02 in chips) 
Unipoker11: posts small blind $0.50
BoyLoc0: posts big blind $1
*** HOLE CARDS ***
Supermegopro: folds 
TheBerg234: folds 
paramourx: raises $2 to $3
Supermegopro leaves the table
AIien Hand: folds 
Unipoker11: folds 
BronsonJC joins the table at seat #1 
BoyLoc0: folds 
Uncalled bet ($2) returned to paramourx
paramourx collected $2.50 from pot
paramourx: doesn't show hand 
*** SUMMARY ***
Total pot $2.50 | Rake $0 
Seat 1: Supermegopro folded before Flop (didn't bet)
Seat 2: TheBerg234 folded before Flop (didn't bet)
Seat 3: paramourx collected ($2.50)
Seat 4: AIien Hand (button) folded before Flop (didn't bet)
Seat 5: Unipoker11 (small blind) folded before Flop
Seat 6: BoyLoc0 (big blind) folded before Flop



PokerStars Hand #254549748769:  Hold'em No Limit ($0.50/$1.00 USD) - 2025/01/25 19:25:54 WET [2025/01/25 14:25:54 ET]
Table 'Merxia IV' 6-max Seat #5 is the button
Seat 1: BronsonJC ($100 in chips) 
Seat 2: TheBerg234 ($49.30 in chips) 
Seat 3: paramourx ($106.37 in chips) 
Seat 4: AIien Hand ($113.02 in chips) 
Seat 5: Unipoker11 ($111.68 in chips) 
Seat 6: BoyLoc0 ($104.02 in chips) 
BoyLoc0: posts small blind $0.50
BronsonJC: posts big blind $1
*** HOLE CARDS ***
TheBerg234: folds 
paramourx: folds 
AIien Hand: raises $1.20 to $2.20
Unipoker11: folds 
BoyLoc0: folds 
BronsonJC: folds 
Uncalled bet ($1.20) returned to AIien Hand
AIien Hand collected $2.50 from pot
AIien Hand: doesn't show hand 
*** SUMMARY ***
Total pot $2.50 | Rake $0 
Seat 1: BronsonJC (big blind) folded before Flop
Seat 2: TheBerg234 folded before Flop (didn't bet)
Seat 3: paramourx folded before Flop (didn't bet)
Seat 4: AIien Hand collected ($2.50)
Seat 5: Unipoker11 (button) folded before Flop (didn't bet)
Seat 6: BoyLoc0 (small blind) folded before Flop



PokerStars Hand #254549755821:  Hold'em No Limit ($0.50/$1.00 USD) - 2025/01/25 19:26:19 WET [2025/01/25 14:26:19 ET]
Table 'Merxia IV' 6-max Seat #6 is the button
Seat 1: BronsonJC ($100 in chips) 
Seat 2: TheBerg234 ($49.30 in chips) 
Seat 3: paramourx ($106.37 in chips) 
Seat 4: AIien Hand ($114.52 in chips) 
Seat 5: Unipoker11 ($111.68 in chips) 
Seat 6: BoyLoc0 ($103.52 in chips) 
BronsonJC: posts small blind $0.50
TheBerg234: posts big blind $1
*** HOLE CARDS ***
paramourx: folds 
AIien Hand: folds 
Unipoker11: raises $1.30 to $2.30
BoyLoc0: folds 
BronsonJC: folds 
TheBerg234: folds 
Uncalled bet ($1.30) returned to Unipoker11
Unipoker11 collected $2.50 from pot
Unipoker11: doesn't show hand 
*** SUMMARY ***
Total pot $2.50 | Rake $0 
Seat 1: BronsonJC (small blind) folded before Flop
Seat 2: TheBerg234 (big blind) folded before Flop
Seat 3: paramourx folded before Flop (didn't bet)
Seat 4: AIien Hand folded before Flop (didn't bet)
Seat 5: Unipoker11 collected ($2.50)
Seat 6: BoyLoc0 (button) folded before Flop (didn't bet)



PokerStars Hand #254549761871:  Hold'em No Limit ($0.50/$1.00 USD) - 2025/01/25 19:26:40 WET [2025/01/25 14:26:40 ET]
Table 'Merxia IV' 6-max Seat #1 is the button
Seat 1: BronsonJC ($100 in chips) 
Seat 2: TheBerg234 ($48.30 in chips) 
Seat 3: paramourx ($106.37 in chips) 
Seat 4: AIien Hand ($114.52 in chips) 
Seat 5: Unipoker11 ($113.18 in chips) 
Seat 6: BoyLoc0 ($103.52 in chips) 
TheBerg234: posts small blind $0.50
paramourx: posts big blind $1
*** HOLE CARDS ***
AIien Hand: raises $1.20 to $2.20
Unipoker11: folds 
BoyLoc0: folds 
BronsonJC: calls $2.20
TheBerg234: folds 
paramourx: folds 
*** FLOP *** [9d 9h 4s]
AIien Hand: bets $5.99
BronsonJC: folds 
Uncalled bet ($5.99) returned to AIien Hand
AIien Hand collected $5.60 from pot
AIien Hand: doesn't show hand 
*** SUMMARY ***
Total pot $5.90 | Rake $0.30 
Board [9d 9h 4s]
Seat 1: BronsonJC (button) folded on the Flop
Seat 2: TheBerg234 (small blind) folded before Flop
Seat 3: paramourx (big blind) folded before Flop
Seat 4: AIien Hand collected ($5.60)
Seat 5: Unipoker11 folded before Flop (didn't bet)
Seat 6: BoyLoc0 folded before Flop (didn't bet)



PokerStars Hand #254549772319:  Hold'em No Limit ($0.50/$1.00 USD) - 2025/01/25 19:27:17 WET [2025/01/25 14:27:17 ET]
Table 'Merxia IV' 6-max Seat #2 is the button
Seat 1: BronsonJC ($100 in chips) 
Seat 2: TheBerg234 ($47.80 in chips) 
Seat 3: paramourx ($105.37 in chips) 
Seat 4: AIien Hand ($117.92 in chips) 
Seat 5: Unipoker11 ($113.18 in chips) 
Seat 6: BoyLoc0 ($103.52 in chips) 
paramourx: posts small blind $0.50
AIien Hand: posts big blind $1
*** HOLE CARDS ***
Unipoker11: folds 
BoyLoc0: folds 
BronsonJC: raises $1.50 to $2.50
TheBerg234: folds 
paramourx: folds 
AIien Hand: folds 
Uncalled bet ($1.50) returned to BronsonJC
BronsonJC collected $2.50 from pot
BronsonJC: doesn't show hand 
*** SUMMARY ***
Total pot $2.50 | Rake $0 
Seat 1: BronsonJC collected ($2.50)
Seat 2: TheBerg234 (button) folded before Flop (didn't bet)
Seat 3: paramourx (small blind) folded before Flop
Seat 4: AIien Hand (big blind) folded before Flop
Seat 5: Unipoker11 folded before Flop (didn't bet)
Seat 6: BoyLoc0 folded before Flop (didn't bet)



PokerStars Hand #254549777356:  Hold'em No Limit ($0.50/$1.00 USD) - 2025/01/25 19:27:35 WET [2025/01/25 14:27:35 ET]
Table 'Merxia IV' 6-max Seat #3 is the button
Seat 1: BronsonJC ($101.50 in chips) 
Seat 2: TheBerg234 ($47.80 in chips) 
Seat 3: paramourx ($104.87 in chips) 
Seat 4: AIien Hand ($116.92 in chips) 
Seat 5: Unipoker11 ($113.18 in chips) 
Seat 6: BoyLoc0 ($103.52 in chips) 
AIien Hand: posts small blind $0.50
Unipoker11: posts big blind $1
*** HOLE CARDS ***
BoyLoc0: folds 
BronsonJC: folds 
TheBerg234: folds 
paramourx: folds 
AIien Hand: raises $2 to $3
Unipoker11: raises $6 to $9
AIien Hand: raises $12 to $21
Unipoker11: calls $12
*** FLOP *** [4h Tc 7d]
AIien Hand: bets $9.18
Unipoker11: calls $9.18
*** TURN *** [4h Tc 7d] [3h]
AIien Hand: checks 
Unipoker11: checks 
*** RIVER *** [4h Tc 7d 3h] [5d]
AIien Hand: bets $86.74 and is all-in
Unipoker11: calls $83 and is all-in
Uncalled bet ($3.74) returned to AIien Hand
*** SHOW DOWN ***
AIien Hand: shows [Kh 7h] (a pair of Sevens)
Unipoker11: shows [Td 8d] (a pair of Tens)
Unipoker11 collected $223.86 from pot
*** SUMMARY ***
Total pot $226.36 | Rake $2.50 
Board [4h Tc 7d 3h 5d]
Seat 1: BronsonJC folded before Flop (didn't bet)
Seat 2: TheBerg234 folded before Flop (didn't bet)
Seat 3: paramourx (button) folded before Flop (didn't bet)
Seat 4: AIien Hand (small blind) showed [Kh 7h] and lost with a pair of Sevens
Seat 5: Unipoker11 (big blind) showed [Td 8d] and won ($223.86) with a pair of Tens
Seat 6: BoyLoc0 folded before Flop (didn't bet)



PokerStars Hand #254549823118:  Hold'em No Limit ($0.50/$1.00 USD) - 2025/01/25 19:30:16 WET [2025/01/25 14:30:16 ET]
Table 'Merxia IV' 6-max Seat #4 is the button
Seat 1: BronsonJC ($101.50 in chips) 
Seat 2: TheBerg234 ($47.80 in chips) 
Seat 3: paramourx ($104.87 in chips) 
Seat 4: AIien Hand ($100 in chips) 
Seat 5: Unipoker11 ($223.86 in chips) 
Seat 6: BoyLoc0 ($103.52 in chips) 
Unipoker11: posts small blind $0.50
BoyLoc0: posts big blind $1
*** HOLE CARDS ***
BronsonJC: folds 
TheBerg234: folds 
paramourx: folds 
AIien Hand: folds 
Unipoker11: raises $2 to $3
BoyLoc0: calls $2
*** FLOP *** [Ad Ah Ts]
Unipoker11: bets $1.42
BoyLoc0: folds 
Uncalled bet ($1.42) returned to Unipoker11
Unipoker11 collected $5.70 from pot
Unipoker11: doesn't show hand 
*** SUMMARY ***
Total pot $6 | Rake $0.30 
Board [Ad Ah Ts]
Seat 1: BronsonJC folded before Flop (didn't bet)
Seat 2: TheBerg234 folded before Flop (didn't bet)
Seat 3: paramourx folded before Flop (didn't bet)
Seat 4: AIien Hand (button) folded before Flop (didn't bet)
Seat 5: Unipoker11 (small blind) collected ($5.70)
Seat 6: BoyLoc0 (big blind) folded on the Flop



PokerStars Hand #254549832294:  Hold'em No Limit ($0.50/$1.00 USD) - 2025/01/25 19:30:49 WET [2025/01/25 14:30:49 ET]
Table 'Merxia IV' 6-max Seat #5 is the button
Seat 1: BronsonJC ($101.50 in chips) is sitting out
Seat 2: TheBerg234 ($47.80 in chips) 
Seat 3: paramourx ($104.87 in chips) 
Seat 4: AIien Hand ($100 in chips) 
Seat 5: Unipoker11 ($226.56 in chips) 
Seat 6: BoyLoc0 ($100.52 in chips) 
BoyLoc0: posts small blind $0.50
BronsonJC: is sitting out 
TheBerg234: posts big blind $1
*** HOLE CARDS ***
BronsonJC leaves the table
paramourx: folds 
AIien Hand: folds 
Unipoker11: folds 
BoyLoc0: raises $2 to $3
TheBerg234: calls $2
*** FLOP *** [5s Qc 4c]
BoyLoc0: bets $1.88
TheBerg234: raises $3.88 to $5.76
BoyLoc0: folds 
Uncalled bet ($3.88) returned to TheBerg234
KarP93 joins the table at seat #1 
TheBerg234 collected $9.27 from pot
TheBerg234: doesn't show hand 
*** SUMMARY ***
Total pot $9.76 | Rake $0.49 
Board [5s Qc 4c]
Seat 1: BronsonJC
Seat 2: TheBerg234 (big blind) collected ($9.27)
Seat 3: paramourx folded before Flop (didn't bet)
Seat 4: AIien Hand folded before Flop (didn't bet)
Seat 5: Unipoker11 (button) folded before Flop (didn't bet)
Seat 6: BoyLoc0 (small blind) folded on the Flop



PokerStars Hand #254549839677:  Hold'em No Limit ($0.50/$1.00 USD) - 2025/01/25 19:31:14 WET [2025/01/25 14:31:14 ET]
Table 'Merxia IV' 6-max Seat #6 is the button
Seat 1: KarP93 ($100 in chips) is sitting out
Seat 3: paramourx ($104.87 in chips) is sitting out
Seat 2: TheBerg234 ($52.19 in chips) 
Seat 4: AIien Hand ($100 in chips) 
Seat 5: Unipoker11 ($226.56 in chips) 
Seat 6: BoyLoc0 ($100 in chips) 
TheBerg234: posts small blind $0.50
paramourx: is sitting out 
AIien Hand: posts big blind $1
*** HOLE CARDS ***
Unipoker11: folds 
BoyLoc0: raises $1.50 to $2.50
TheBerg234: folds 
AIien Hand: calls $1.50
*** FLOP *** [5s Kh Tc]
AIien Hand: checks 
BoyLoc0: bets $1.72
AIien Hand: calls $1.72
*** TURN *** [5s Kh Tc] [4s]
paramourx leaves the table
AIien Hand: checks 
BoyLoc0: checks 
*** RIVER *** [5s Kh Tc 4s] [As]
AIien Hand: checks 
BoyLoc0: checks 
*** SHOW DOWN ***
AIien Hand: shows [Kd 9c] (a pair of Kings)
BoyLoc0: mucks hand 
AIien Hand collected $8.49 from pot
*** SUMMARY ***
Total pot $8.94 | Rake $0.45 
Board [5s Kh Tc 4s As]
Seat 1: KarP93
Seat 3: paramourx
Seat 2: TheBerg234 (small blind) folded before Flop
Seat 4: AIien Hand (big blind) showed [Kd 9c] and won ($8.49) with a pair of Kings
Seat 5: Unipoker11 folded before Flop (didn't bet)
Seat 6: BoyLoc0 (button) mucked



PokerStars Hand #254549850599:  Hold'em No Limit ($0.50/$1.00 USD) - 2025/01/25 19:31:53 WET [2025/01/25 14:31:53 ET]
Table 'Merxia IV' 6-max Seat #2 is the button
Seat 1: KarP93 ($100 in chips) is sitting out
Seat 2: TheBerg234 ($51.69 in chips) 
Seat 4: AIien Hand ($104.27 in chips) 
Seat 5: Unipoker11 ($226.56 in chips) 
Seat 6: BoyLoc0 ($100 in chips) 
AIien Hand: posts small blind $0.50
Unipoker11: posts big blind $1
KarP93: sits out 
*** HOLE CARDS ***
BoyLoc0: folds 
TheBerg234: raises $2 to $3
AIien Hand: folds 
Unipoker11: raises $8 to $11
TheBerg234: folds 
Uncalled bet ($8) returned to Unipoker11
Unipoker11 collected $6.50 from pot
Unipoker11: doesn't show hand 
*** SUMMARY ***
Total pot $6.50 | Rake $0 
Seat 1: KarP93
Seat 2: TheBerg234 (button) folded before Flop
Seat 4: AIien Hand (small blind) folded before Flop
Seat 5: Unipoker11 (big blind) collected ($6.50)
Seat 6: BoyLoc0 folded before Flop (didn't bet)



PokerStars Hand #254549857593:  Hold'em No Limit ($0.50/$1.00 USD) - 2025/01/25 19:32:17 WET [2025/01/25 14:32:17 ET]
Table 'Merxia IV' 6-max Seat #4 is the button
Seat 1: KarP93 ($100 in chips) is sitting out
Seat 2: TheBerg234 ($48.69 in chips) 
Seat 4: AIien Hand ($103.77 in chips) 
Seat 5: Unipoker11 ($230.06 in chips) 
Seat 6: BoyLoc0 ($100 in chips) 
Unipoker11: posts small blind $0.50
BoyLoc0: posts big blind $1
KarP93: sits out 
*** HOLE CARDS ***
TheBerg234: folds 
AIien Hand: folds 
JociBalboaa joins the table at seat #3 
Unipoker11: folds 
Uncalled bet ($0.50) returned to BoyLoc0
BoyLoc0 collected $1 from pot
BoyLoc0: doesn't show hand 
*** SUMMARY ***
Total pot $1 | Rake $0 
Seat 1: KarP93
Seat 2: TheBerg234 folded before Flop (didn't bet)
Seat 4: AIien Hand (button) folded before Flop (didn't bet)
Seat 5: Unipoker11 (small blind) folded before Flop
Seat 6: BoyLoc0 (big blind) collected ($1)



PokerStars Hand #254549861972:  Hold'em No Limit ($0.50/$1.00 USD) - 2025/01/25 19:32:32 WET [2025/01/25 14:32:32 ET]
Table 'Merxia IV' 6-max Seat #5 is the button
Seat 3: JociBalboaa ($100 in chips) is sitting out
Seat 1: KarP93 ($100 in chips) 
Seat 2: TheBerg234 ($48.69 in chips) 
Seat 4: AIien Hand ($103.77 in chips) 
Seat 5: Unipoker11 ($229.56 in chips) 
Seat 6: BoyLoc0 ($100.50 in chips) 
BoyLoc0: posts small blind $0.50
KarP93: posts big blind $1
JociBalboaa: sits out 
*** HOLE CARDS ***
TheBerg234: folds 
AIien Hand: folds 
Unipoker11: folds 
BoyLoc0: folds 
Uncalled bet ($0.50) returned to KarP93
KarP93 collected $1 from pot
KarP93: doesn't show hand 
*** SUMMARY ***
Total pot $1 | Rake $0 
Seat 3: JociBalboaa
Seat 1: KarP93 (big blind) collected ($1)
Seat 2: TheBerg234 folded before Flop (didn't bet)
Seat 4: AIien Hand folded before Flop (didn't bet)
Seat 5: Unipoker11 (button) folded before Flop (didn't bet)
Seat 6: BoyLoc0 (small blind) folded before Flop



PokerStars Hand #254549867523:  Hold'em No Limit ($0.50/$1.00 USD) - 2025/01/25 19:32:52 WET [2025/01/25 14:32:52 ET]
Table 'Merxia IV' 6-max Seat #6 is the button
Seat 3: JociBalboaa ($100 in chips) is sitting out
Seat 1: KarP93 ($100.50 in chips) 
Seat 2: TheBerg234 ($48.69 in chips) 
Seat 4: AIien Hand ($103.77 in chips) 
Seat 5: Unipoker11 ($229.56 in chips) 
Seat 6: BoyLoc0 ($100 in chips) 
KarP93: posts small blind $0.50
TheBerg234: posts big blind $1
JociBalboaa: sits out 
*** HOLE CARDS ***
AIien Hand: raises $1.20 to $2.20
Unipoker11: folds 
BoyLoc0: folds 
KarP93: folds 
TheBerg234: calls $1.20
*** FLOP *** [Qc 3s 4c]
TheBerg234: checks 
AIien Hand: bets $1.07
TheBerg234: folds 
Uncalled bet ($1.07) returned to AIien Hand
AIien Hand collected $4.66 from pot
AIien Hand: doesn't show hand 
*** SUMMARY ***
Total pot $4.90 | Rake $0.24 
Board [Qc 3s 4c]
Seat 3: JociBalboaa
Seat 1: KarP93 (small blind) folded before Flop
Seat 2: TheBerg234 (big blind) folded on the Flop
Seat 4: AIien Hand collected ($4.66)
Seat 5: Unipoker11 folded before Flop (didn't bet)
Seat 6: BoyLoc0 (button) folded before Flop (didn't bet)



PokerStars Hand #254549880689:  Hold'em No Limit ($0.50/$1.00 USD) - 2025/01/25 19:33:38 WET [2025/01/25 14:33:38 ET]
Table 'Merxia IV' 6-max Seat #1 is the button
Seat 1: KarP93 ($100 in chips) 
Seat 2: TheBerg234 ($46.49 in chips) 
Seat 3: JociBalboaa ($100 in chips) 
Seat 4: AIien Hand ($106.23 in chips) 
Seat 5: Unipoker11 ($229.56 in chips) 
Seat 6: BoyLoc0 ($100 in chips) 
TheBerg234: posts small blind $0.50
JociBalboaa: posts big blind $1
*** HOLE CARDS ***
AIien Hand: folds 
Unipoker11: raises $1 to $2
BoyLoc0: raises $5 to $7
KarP93: folds 
TheBerg234: folds 
JociBalboaa: folds 
Unipoker11: calls $5
*** FLOP *** [7c 4h Qc]
Unipoker11: checks 
BoyLoc0: bets $4.86
Unipoker11: folds 
Uncalled bet ($4.86) returned to BoyLoc0
BoyLoc0 collected $14.72 from pot
BoyLoc0: doesn't show hand 
*** SUMMARY ***
Total pot $15.50 | Rake $0.78 
Board [7c 4h Qc]
Seat 1: KarP93 (button) folded before Flop (didn't bet)
Seat 2: TheBerg234 (small blind) folded before Flop
Seat 3: JociBalboaa (big blind) folded before Flop
Seat 4: AIien Hand folded before Flop (didn't bet)
Seat 5: Unipoker11 folded on the Flop
Seat 6: BoyLoc0 collected ($14.72)



PokerStars Hand #254549893185:  Hold'em No Limit ($0.50/$1.00 USD) - 2025/01/25 19:34:22 WET [2025/01/25 14:34:22 ET]
Table 'Merxia IV' 6-max Seat #2 is the button
Seat 1: KarP93 ($100 in chips) 
Seat 2: TheBerg234 ($45.99 in chips) 
Seat 3: JociBalboaa ($100 in chips) 
Seat 4: AIien Hand ($106.23 in chips) 
Seat 5: Unipoker11 ($222.56 in chips) 
Seat 6: BoyLoc0 ($107.72 in chips) 
JociBalboaa: posts small blind $0.50
AIien Hand: posts big blind $1
*** HOLE CARDS ***
Unipoker11: folds 
BoyLoc0: raises $1.50 to $2.50
KarP93: folds 
TheBerg234: folds 
JociBalboaa: raises $8.50 to $11
AIien Hand: folds 
BoyLoc0: folds 
Uncalled bet ($8.50) returned to JociBalboaa
JociBalboaa collected $6 from pot
JociBalboaa: doesn't show hand 
*** SUMMARY ***
Total pot $6 | Rake $0 
Seat 1: KarP93 folded before Flop (didn't bet)
Seat 2: TheBerg234 (button) folded before Flop (didn't bet)
Seat 3: JociBalboaa (small blind) collected ($6)
Seat 4: AIien Hand (big blind) folded before Flop
Seat 5: Unipoker11 folded before Flop (didn't bet)
Seat 6: BoyLoc0 folded before Flop



PokerStars Hand #254549899564:  Hold'em No Limit ($0.50/$1.00 USD) - 2025/01/25 19:34:44 WET [2025/01/25 14:34:44 ET]
Table 'Merxia IV' 6-max Seat #3 is the button
Seat 1: KarP93 ($100 in chips) 
Seat 2: TheBerg234 ($45.99 in chips) 
Seat 3: JociBalboaa ($103.50 in chips) 
Seat 4: AIien Hand ($105.23 in chips) 
Seat 5: Unipoker11 ($222.56 in chips) 
Seat 6: BoyLoc0 ($105.22 in chips) 
AIien Hand: posts small blind $0.50
Unipoker11: posts big blind $1
*** HOLE CARDS ***
BoyLoc0: folds 
KarP93: folds 
TheBerg234: folds 
JociBalboaa: raises $1.50 to $2.50
AIien Hand: folds 
Unipoker11: folds 
Uncalled bet ($1.50) returned to JociBalboaa
JociBalboaa collected $2.50 from pot
JociBalboaa: doesn't show hand 
*** SUMMARY ***
Total pot $2.50 | Rake $0 
Seat 1: KarP93 folded before Flop (didn't bet)
Seat 2: TheBerg234 folded before Flop (didn't bet)
Seat 3: JociBalboaa (button) collected ($2.50)
Seat 4: AIien Hand (small blind) folded before Flop
Seat 5: Unipoker11 (big blind) folded before Flop
Seat 6: BoyLoc0 folded before Flop (didn't bet)



PokerStars Hand #254549905368:  Hold'em No Limit ($0.50/$1.00 USD) - 2025/01/25 19:35:04 WET [2025/01/25 14:35:04 ET]
Table 'Merxia IV' 6-max Seat #4 is the button
Seat 1: KarP93 ($100 in chips) 
Seat 2: TheBerg234 ($45.99 in chips) 
Seat 3: JociBalboaa ($105 in chips) 
Seat 4: AIien Hand ($104.73 in chips) 
Seat 5: Unipoker11 ($221.56 in chips) 
Seat 6: BoyLoc0 ($105.22 in chips) 
Unipoker11: posts small blind $0.50
BoyLoc0: posts big blind $1
*** HOLE CARDS ***
KarP93: folds 
TheBerg234: folds 
JociBalboaa: folds 
AIien Hand: raises $1.50 to $2.50
Unipoker11: folds 
BoyLoc0: calls $1.50
*** FLOP *** [Ad 7d 5s]
BoyLoc0: checks 
AIien Hand: checks 
*** TURN *** [Ad 7d 5s] [4s]
BoyLoc0: bets $7.83
AIien Hand: folds 
Uncalled bet ($7.83) returned to BoyLoc0
BoyLoc0 collected $5.22 from pot
BoyLoc0: doesn't show hand 
*** SUMMARY ***
Total pot $5.50 | Rake $0.28 
Board [Ad 7d 5s 4s]
Seat 1: KarP93 folded before Flop (didn't bet)
Seat 2: TheBerg234 folded before Flop (didn't bet)
Seat 3: JociBalboaa folded before Flop (didn't bet)
Seat 4: AIien Hand (button) folded on the Turn
Seat 5: Unipoker11 (small blind) folded before Flop
Seat 6: BoyLoc0 (big blind) collected ($5.22)



PokerStars Hand #254549919035:  Hold'em No Limit ($0.50/$1.00 USD) - 2025/01/25 19:35:52 WET [2025/01/25 14:35:52 ET]
Table 'Merxia IV' 6-max Seat #5 is the button
Seat 1: KarP93 ($100 in chips) is sitting out
Seat 2: TheBerg234 ($45.99 in chips) 
Seat 3: JociBalboaa ($105 in chips) 
Seat 4: AIien Hand ($102.23 in chips) 
Seat 5: Unipoker11 ($221.06 in chips) 
Seat 6: BoyLoc0 ($107.94 in chips) 
BoyLoc0: posts small blind $0.50
KarP93: is sitting out 
TheBerg234: posts big blind $1
*** HOLE CARDS ***
JociBalboaa: folds 
AIien Hand: raises $1.20 to $2.20
Unipoker11: folds 
BoyLoc0: folds 
TheBerg234: calls $1.20
*** FLOP *** [Qd 8d 7c]
KarP93 leaves the table
TheBerg234: checks 
AIien Hand: bets $3.36
TheBerg234: folds 
Uncalled bet ($3.36) returned to AIien Hand
AIien Hand collected $4.66 from pot
AIien Hand: doesn't show hand 
*** SUMMARY ***
Total pot $4.90 | Rake $0.24 
Board [Qd 8d 7c]
Seat 1: KarP93
Seat 2: TheBerg234 (big blind) folded on the Flop
Seat 3: JociBalboaa folded before Flop (didn't bet)
Seat 4: AIien Hand collected ($4.66)
Seat 5: Unipoker11 (button) folded before Flop (didn't bet)
Seat 6: BoyLoc0 (small blind) folded before Flop



PokerStars Hand #254549929237:  Hold'em No Limit ($0.50/$1.00 USD) - 2025/01/25 19:36:28 WET [2025/01/25 14:36:28 ET]
Table 'Merxia IV' 6-max Seat #6 is the button
Seat 2: TheBerg234 ($43.79 in chips) 
Seat 3: JociBalboaa ($105 in chips) 
Seat 4: AIien Hand ($104.69 in chips) 
Seat 5: Unipoker11 ($221.06 in chips) 
Seat 6: BoyLoc0 ($107.44 in chips) 
TheBerg234: posts small blind $0.50
JociBalboaa: posts big blind $1
*** HOLE CARDS ***
AIien Hand: folds 
BronsonJC joins the table at seat #1 
Unipoker11: folds 
BoyLoc0: folds 
TheBerg234: folds 
Uncalled bet ($0.50) returned to JociBalboaa
BronsonJC leaves the table
JociBalboaa collected $1 from pot
JociBalboaa: doesn't show hand 
*** SUMMARY ***
Total pot $1 | Rake $0 
Seat 2: TheBerg234 (small blind) folded before Flop
Seat 3: JociBalboaa (big blind) collected ($1)
Seat 4: AIien Hand folded before Flop (didn't bet)
Seat 5: Unipoker11 folded before Flop (didn't bet)
Seat 6: BoyLoc0 (button) folded before Flop (didn't bet)



PokerStars Hand #254549937357:  Hold'em No Limit ($0.50/$1.00 USD) - 2025/01/25 19:36:56 WET [2025/01/25 14:36:56 ET]
Table 'Merxia IV' 6-max Seat #2 is the button
Seat 4: AIien Hand ($104.69 in chips) is sitting out
Seat 2: TheBerg234 ($43.29 in chips) 
Seat 3: JociBalboaa ($105.50 in chips) 
Seat 5: Unipoker11 ($221.06 in chips) 
Seat 6: BoyLoc0 ($107.44 in chips) 
JociBalboaa: posts small blind $0.50
AIien Hand: is sitting out 
Unipoker11: posts big blind $1
*** HOLE CARDS ***
BoyLoc0: folds 
TheBerg234: folds 
JociBalboaa: folds 
Uncalled bet ($0.50) returned to Unipoker11
Unipoker11 collected $1 from pot
Unipoker11: doesn't show hand 
*** SUMMARY ***
Total pot $1 | Rake $0 
Seat 4: AIien Hand
Seat 2: TheBerg234 (button) folded before Flop (didn't bet)
Seat 3: JociBalboaa (small blind) folded before Flop
Seat 5: Unipoker11 (big blind) collected ($1)
Seat 6: BoyLoc0 folded before Flop (didn't bet)



PokerStars Hand #254549940176:  Hold'em No Limit ($0.50/$1.00 USD) - 2025/01/25 19:37:06 WET [2025/01/25 14:37:06 ET]
Table 'Merxia IV' 6-max Seat #3 is the button
Seat 4: AIien Hand ($104.69 in chips) is sitting out
Seat 2: TheBerg234 ($43.29 in chips) 
Seat 3: JociBalboaa ($105 in chips) 
Seat 5: Unipoker11 ($221.56 in chips) 
Seat 6: BoyLoc0 ($107.44 in chips) 
Unipoker11: posts small blind $0.50
BoyLoc0: posts big blind $1
*** HOLE CARDS ***
TheBerg234: folds 
JociBalboaa: raises $1.50 to $2.50
Unipoker11: folds 
BoyLoc0: folds 
Uncalled bet ($1.50) returned to JociBalboaa
Unipoker11 leaves the table
JociBalboaa collected $2.50 from pot
JociBalboaa: doesn't show hand 
*** SUMMARY ***
Total pot $2.50 | Rake $0 
Seat 4: AIien Hand
Seat 2: TheBerg234 folded before Flop (didn't bet)
Seat 3: JociBalboaa (button) collected ($2.50)
Seat 5: Unipoker11 (small blind) folded before Flop
Seat 6: BoyLoc0 (big blind) folded before Flop



PokerStars Hand #254549943259:  Hold'em No Limit ($0.50/$1.00 USD) - 2025/01/25 19:37:17 WET [2025/01/25 14:37:17 ET]
Table 'Merxia IV' 6-max Seat #2 is the button
Seat 3: JociBalboaa ($106.50 in chips) is sitting out
Seat 4: AIien Hand ($104.69 in chips) is sitting out
Seat 2: TheBerg234 ($43.29 in chips) 
Seat 6: BoyLoc0 ($106.44 in chips) 
TheBerg234: posts small blind $0.50
JociBalboaa: is sitting out 
BoyLoc0: posts big blind $1
*** HOLE CARDS ***
JociBalboaa leaves the table
TheBerg234: raises $2 to $3
BoyLoc0: calls $2
*** FLOP *** [8s Ah 4s]
BoyLoc0: checks 
TheBerg234: bets $4
lfmotors1 joins the table at seat #5 
BoyLoc0: calls $4
*** TURN *** [8s Ah 4s] [7h]
lfmotors1 is disconnected 
MAO_DZEDYN_S joins the table at seat #1 
BoyLoc0: checks 
TheBerg234: bets $8
BoyLoc0: calls $8
*** RIVER *** [8s Ah 4s 7h] [Tc]
BoyLoc0: checks 
TheBerg234: bets $15
BoyLoc0: raises $15 to $30
TheBerg234: calls $13.29 and is all-in
Uncalled bet ($1.71) returned to BoyLoc0
Manifestorr joins the table at seat #3 
*** SHOW DOWN ***
BoyLoc0: shows [Th 8c] (two pair, Tens and Eights)
TheBerg234: shows [Ac 4d] (two pair, Aces and Fours)
TheBerg234 collected $85.58 from pot
*** SUMMARY ***
Total pot $86.58 | Rake $1 
Board [8s Ah 4s 7h Tc]
Seat 3: JociBalboaa
Seat 4: AIien Hand
Seat 2: TheBerg234 (button) (small blind) showed [Ac 4d] and won ($85.58) with two pair, Aces and Fours
Seat 6: BoyLoc0 (big blind) showed [Th 8c] and lost with two pair, Tens and Eights



PokerStars Hand #254549956691:  Hold'em No Limit ($0.50/$1.00 USD) - 2025/01/25 19:38:04 WET [2025/01/25 14:38:04 ET]
Table 'Merxia IV' 6-max Seat #6 is the button
Seat 1: MAO_DZEDYN_S ($100 in chips) is sitting out
Seat 4: AIien Hand ($104.69 in chips) is sitting out
Seat 5: lfmotors1 ($80 in chips) is sitting out
Seat 2: TheBerg234 ($85.58 in chips) 
Seat 3: Manifestorr ($100 in chips) 
Seat 6: BoyLoc0 ($100 in chips) 
TheBerg234: posts small blind $0.50
Manifestorr: posts big blind $1
lfmotors1: sits out 
*** HOLE CARDS ***
BoyLoc0: folds 
TheBerg234: raises $2 to $3
Manifestorr: folds 
Uncalled bet ($2) returned to TheBerg234
TheBerg234 collected $2 from pot
TheBerg234: doesn't show hand 
*** SUMMARY ***
Total pot $2 | Rake $0 
Seat 1: MAO_DZEDYN_S
Seat 4: AIien Hand
Seat 5: lfmotors1
Seat 2: TheBerg234 (small blind) collected ($2)
Seat 3: Manifestorr (big blind) folded before Flop
Seat 6: BoyLoc0 (button) folded before Flop (didn't bet)



PokerStars Hand #254549960130:  Hold'em No Limit ($0.50/$1.00 USD) - 2025/01/25 19:38:16 WET [2025/01/25 14:38:16 ET]
Table 'Merxia IV' 6-max Seat #2 is the button
Seat 1: MAO_DZEDYN_S ($100 in chips) is sitting out
Seat 4: AIien Hand ($104.69 in chips) is sitting out
Seat 2: TheBerg234 ($86.58 in chips) 
Seat 3: Manifestorr ($100 in chips) 
Seat 5: lfmotors1 ($80 in chips) 
Seat 6: BoyLoc0 ($100 in chips) 
Manifestorr: posts small blind $0.50
lfmotors1: posts big blind $1
MAO_DZEDYN_S: sits out 
*** HOLE CARDS ***
BoyLoc0: raises $1.50 to $2.50
TheBerg234: folds 
Manifestorr: folds 
lfmotors1: calls $1.50
*** FLOP *** [5h Tc Qc]
lfmotors1: checks 
BoyLoc0: bets $3.92
lfmotors1: folds 
Uncalled bet ($3.92) returned to BoyLoc0
BoyLoc0 collected $5.22 from pot
BoyLoc0: doesn't show hand 
*** SUMMARY ***
Total pot $5.50 | Rake $0.28 
Board [5h Tc Qc]
Seat 1: MAO_DZEDYN_S
Seat 4: AIien Hand
Seat 2: TheBerg234 (button) folded before Flop (didn't bet)
Seat 3: Manifestorr (small blind) folded before Flop
Seat 5: lfmotors1 (big blind) folded on the Flop
Seat 6: BoyLoc0 collected ($5.22)



PokerStars Hand #254549967077:  Hold'em No Limit ($0.50/$1.00 USD) - 2025/01/25 19:38:40 WET [2025/01/25 14:38:40 ET]
Table 'Merxia IV' 6-max Seat #3 is the button
Seat 1: MAO_DZEDYN_S ($100 in chips) is sitting out
Seat 4: AIien Hand ($104.69 in chips) is sitting out
Seat 2: TheBerg234 ($86.58 in chips) 
Seat 3: Manifestorr ($100 in chips) 
Seat 5: lfmotors1 ($77.50 in chips) 
Seat 6: BoyLoc0 ($102.72 in chips) 
lfmotors1: posts small blind $0.50
BoyLoc0: posts big blind $1
MAO_DZEDYN_S: sits out 
*** HOLE CARDS ***
TheBerg234: folds 
Manifestorr: folds 
lfmotors1: calls $0.50
BoyLoc0: raises $2 to $3
lfmotors1: folds 
Uncalled bet ($2) returned to BoyLoc0
BoyLoc0 collected $2 from pot
BoyLoc0: doesn't show hand 
*** SUMMARY ***
Total pot $2 | Rake $0 
Seat 1: MAO_DZEDYN_S
Seat 4: AIien Hand
Seat 2: TheBerg234 folded before Flop (didn't bet)
Seat 3: Manifestorr (button) folded before Flop (didn't bet)
Seat 5: lfmotors1 (small blind) folded before Flop
Seat 6: BoyLoc0 (big blind) collected ($2)



PokerStars Hand #254549971163:  Hold'em No Limit ($0.50/$1.00 USD) - 2025/01/25 19:38:55 WET [2025/01/25 14:38:55 ET]
Table 'Merxia IV' 6-max Seat #5 is the button
Seat 4: AIien Hand ($104.69 in chips) is sitting out
Seat 1: MAO_DZEDYN_S ($100 in chips) 
Seat 2: TheBerg234 ($86.58 in chips) 
Seat 3: Manifestorr ($100 in chips) 
Seat 5: lfmotors1 ($76.50 in chips) 
Seat 6: BoyLoc0 ($103.72 in chips) 
BoyLoc0: posts small blind $0.50
MAO_DZEDYN_S: posts big blind $1
*** HOLE CARDS ***
TheBerg234: folds 
Manifestorr: raises $1.20 to $2.20
lfmotors1: folds 
BoyLoc0: folds 
MAO_DZEDYN_S: folds 
Uncalled bet ($1.20) returned to Manifestorr
Manifestorr collected $2.50 from pot
*** SUMMARY ***
Total pot $2.50 | Rake $0 
Seat 4: AIien Hand
Seat 1: MAO_DZEDYN_S (big blind) folded before Flop
Seat 2: TheBerg234 folded before Flop (didn't bet)
Seat 3: Manifestorr collected ($2.50)
Seat 5: lfmotors1 (button) folded before Flop (didn't bet)
Seat 6: BoyLoc0 (small blind) folded before Flop



PokerStars Hand #254549974866:  Hold'em No Limit ($0.50/$1.00 USD) - 2025/01/25 19:39:08 WET [2025/01/25 14:39:08 ET]
Table 'Merxia IV' 6-max Seat #6 is the button
Seat 4: AIien Hand ($104.69 in chips) is sitting out
Seat 1: MAO_DZEDYN_S ($100 in chips) 
Seat 2: TheBerg234 ($86.58 in chips) 
Seat 3: Manifestorr ($101.50 in chips) 
Seat 5: lfmotors1 ($76.50 in chips) 
Seat 6: BoyLoc0 ($103.22 in chips) 
MAO_DZEDYN_S: posts small blind $0.50
TheBerg234: posts big blind $1
*** HOLE CARDS ***
Manifestorr: folds 
lfmotors1: folds 
BoyLoc0: folds 
MAO_DZEDYN_S: raises $2 to $3
TheBerg234: folds 
Uncalled bet ($2) returned to MAO_DZEDYN_S
MAO_DZEDYN_S collected $2 from pot
MAO_DZEDYN_S: doesn't show hand 
*** SUMMARY ***
Total pot $2 | Rake $0 
Seat 4: AIien Hand
Seat 1: MAO_DZEDYN_S (small blind) collected ($2)
Seat 2: TheBerg234 (big blind) folded before Flop
Seat 3: Manifestorr folded before Flop (didn't bet)
Seat 5: lfmotors1 folded before Flop (didn't bet)
Seat 6: BoyLoc0 (button) folded before Flop (didn't bet)



PokerStars Hand #254549983573:  Hold'em No Limit ($0.50/$1.00 USD) - 2025/01/25 19:39:38 WET [2025/01/25 14:39:38 ET]
Table 'Merxia IV' 6-max Seat #1 is the button
Seat 4: AIien Hand ($104.69 in chips) is sitting out
Seat 1: MAO_DZEDYN_S ($101 in chips) 
Seat 2: TheBerg234 ($85.58 in chips) 
Seat 3: Manifestorr ($101.50 in chips) 
Seat 5: lfmotors1 ($76.50 in chips) 
Seat 6: BoyLoc0 ($103.22 in chips) 
TheBerg234: posts small blind $0.50
Manifestorr: posts big blind $1
AIien Hand: sits out 
*** HOLE CARDS ***
lfmotors1: calls $1
BoyLoc0: folds 
MAO_DZEDYN_S: folds 
TheBerg234: folds 
Manifestorr: checks 
*** FLOP *** [8s Qh Kc]
Manifestorr: checks 
lfmotors1: checks 
*** TURN *** [8s Qh Kc] [6h]
Manifestorr: bets $1
lfmotors1: calls $1
*** RIVER *** [8s Qh Kc 6h] [9d]
Manifestorr: bets $5.78
lfmotors1: folds [8d]
Uncalled bet ($5.78) returned to Manifestorr
Manifestorr collected $4.28 from pot
*** SUMMARY ***
Total pot $4.50 | Rake $0.22 
Board [8s Qh Kc 6h 9d]
Seat 4: AIien Hand
Seat 1: MAO_DZEDYN_S (button) folded before Flop (didn't bet)
Seat 2: TheBerg234 (small blind) folded before Flop
Seat 3: Manifestorr (big blind) collected ($4.28)
Seat 5: lfmotors1 folded on the River
Seat 6: BoyLoc0 folded before Flop (didn't bet)



PokerStars Hand #254549994048:  Hold'em No Limit ($0.50/$1.00 USD) - 2025/01/25 19:40:15 WET [2025/01/25 14:40:15 ET]
Table 'Merxia IV' 6-max Seat #2 is the button
Seat 1: MAO_DZEDYN_S ($101 in chips) 
Seat 2: TheBerg234 ($85.08 in chips) 
Seat 3: Manifestorr ($103.78 in chips) 
Seat 4: AIien Hand ($104.69 in chips) 
Seat 5: lfmotors1 ($74.50 in chips) 
Seat 6: BoyLoc0 ($103.22 in chips) 
Manifestorr: posts small blind $0.50
AIien Hand: posts big blind $1
*** HOLE CARDS ***
lfmotors1: calls $1
BoyLoc0: folds 
MAO_DZEDYN_S: folds 
TheBerg234: calls $1
Manifestorr: folds 
AIien Hand: checks 
*** FLOP *** [3h 4h Js]
AIien Hand: bets $2.39
lfmotors1: calls $2.39
TheBerg234: raises $5.39 to $7.78
AIien Hand: folds 
lfmotors1: calls $5.39
*** TURN *** [3h 4h Js] [Th]
lfmotors1: checks 
TheBerg234: checks 
*** RIVER *** [3h 4h Js Th] [Td]
lfmotors1: bets $10.19
TheBerg234: folds 
Uncalled bet ($10.19) returned to lfmotors1
lfmotors1 collected $20.38 from pot
*** SUMMARY ***
Total pot $21.45 | Rake $1.07 
Board [3h 4h Js Th Td]
Seat 1: MAO_DZEDYN_S folded before Flop (didn't bet)
Seat 2: TheBerg234 (button) folded on the River
Seat 3: Manifestorr (small blind) folded before Flop
Seat 4: AIien Hand (big blind) folded on the Flop
Seat 5: lfmotors1 collected ($20.38)
Seat 6: BoyLoc0 folded before Flop (didn't bet)



PokerStars Hand #254550015818:  Hold'em No Limit ($0.50/$1.00 USD) - 2025/01/25 19:41:31 WET [2025/01/25 14:41:31 ET]
Table 'Merxia IV' 6-max Seat #3 is the button
Seat 1: MAO_DZEDYN_S ($101 in chips) 
Seat 2: TheBerg234 ($76.30 in chips) 
Seat 3: Manifestorr ($103.28 in chips) 
Seat 4: AIien Hand ($101.30 in chips) 
Seat 5: lfmotors1 ($86.10 in chips) 
Seat 6: BoyLoc0 ($103.22 in chips) 
AIien Hand: posts small blind $0.50
lfmotors1: posts big blind $1
*** HOLE CARDS ***
BoyLoc0: raises $1.50 to $2.50
MAO_DZEDYN_S: folds 
TheBerg234: folds 
Manifestorr: folds 
AIien Hand: folds 
lfmotors1: calls $1.50
*** FLOP *** [Ks 4s 4d]
lfmotors1: bets $2.61
BoyLoc0: raises $5.22 to $7.83
lfmotors1: folds [Kd]
Uncalled bet ($5.22) returned to BoyLoc0
BoyLoc0 collected $10.18 from pot
BoyLoc0: doesn't show hand 
*** SUMMARY ***
Total pot $10.72 | Rake $0.54 
Board [Ks 4s 4d]
Seat 1: MAO_DZEDYN_S folded before Flop (didn't bet)
Seat 2: TheBerg234 folded before Flop (didn't bet)
Seat 3: Manifestorr (button) folded before Flop (didn't bet)
Seat 4: AIien Hand (small blind) folded before Flop
Seat 5: lfmotors1 (big blind) folded on the Flop
Seat 6: BoyLoc0 collected ($10.18)



PokerStars Hand #254550028357:  Hold'em No Limit ($0.50/$1.00 USD) - 2025/01/25 19:42:16 WET [2025/01/25 14:42:16 ET]
Table 'Merxia IV' 6-max Seat #4 is the button
Seat 1: MAO_DZEDYN_S ($101 in chips) 
Seat 2: TheBerg234 ($76.30 in chips) 
Seat 3: Manifestorr ($103.28 in chips) 
Seat 4: AIien Hand ($100.80 in chips) 
Seat 5: lfmotors1 ($80.99 in chips) 
Seat 6: BoyLoc0 ($108.29 in chips) 
lfmotors1: posts small blind $0.50
BoyLoc0: posts big blind $1
*** HOLE CARDS ***
MAO_DZEDYN_S: folds 
TheBerg234: folds 
Manifestorr: folds 
AIien Hand: folds 
lfmotors1: folds 
Uncalled bet ($0.50) returned to BoyLoc0
BoyLoc0 collected $1 from pot
BoyLoc0: doesn't show hand 
*** SUMMARY ***
Total pot $1 | Rake $0 
Seat 1: MAO_DZEDYN_S folded before Flop (didn't bet)
Seat 2: TheBerg234 folded before Flop (didn't bet)
Seat 3: Manifestorr folded before Flop (didn't bet)
Seat 4: AIien Hand (button) folded before Flop (didn't bet)
Seat 5: lfmotors1 (small blind) folded before Flop
Seat 6: BoyLoc0 (big blind) collected ($1)



PokerStars Hand #254550033656:  Hold'em No Limit ($0.50/$1.00 USD) - 2025/01/25 19:42:34 WET [2025/01/25 14:42:34 ET]
Table 'Merxia IV' 6-max Seat #5 is the button
Seat 1: MAO_DZEDYN_S ($101 in chips) 
Seat 2: TheBerg234 ($76.30 in chips) 
Seat 3: Manifestorr ($103.28 in chips) 
Seat 4: AIien Hand ($100.80 in chips) 
Seat 5: lfmotors1 ($80.49 in chips) 
Seat 6: BoyLoc0 ($108.79 in chips) 
BoyLoc0: posts small blind $0.50
MAO_DZEDYN_S: posts big blind $1
*** HOLE CARDS ***
TheBerg234: folds 
Manifestorr: folds 
AIien Hand: raises $2 to $3
lfmotors1: calls $3
BoyLoc0: folds 
MAO_DZEDYN_S: folds 
*** FLOP *** [8s 9h 7d]
AIien Hand: checks 
lfmotors1: bets $7.12
AIien Hand: folds 
Uncalled bet ($7.12) returned to lfmotors1
lfmotors1 collected $7.12 from pot
*** SUMMARY ***
Total pot $7.50 | Rake $0.38 
Board [8s 9h 7d]
Seat 1: MAO_DZEDYN_S (big blind) folded before Flop
Seat 2: TheBerg234 folded before Flop (didn't bet)
Seat 3: Manifestorr folded before Flop (didn't bet)
Seat 4: AIien Hand folded on the Flop
Seat 5: lfmotors1 (button) collected ($7.12)
Seat 6: BoyLoc0 (small blind) folded before Flop



PokerStars Hand #254550047201:  Hold'em No Limit ($0.50/$1.00 USD) - 2025/01/25 19:43:22 WET [2025/01/25 14:43:22 ET]
Table 'Merxia IV' 6-max Seat #6 is the button
Seat 1: MAO_DZEDYN_S ($100 in chips) 
Seat 2: TheBerg234 ($76.30 in chips) 
Seat 3: Manifestorr ($103.28 in chips) 
Seat 4: AIien Hand ($100 in chips) 
Seat 5: lfmotors1 ($84.61 in chips) 
Seat 6: BoyLoc0 ($108.29 in chips) 
MAO_DZEDYN_S: posts small blind $0.50
TheBerg234: posts big blind $1
*** HOLE CARDS ***
Manifestorr: folds 
AIien Hand: folds 
lfmotors1: calls $1
BoyLoc0: folds 
MAO_DZEDYN_S: folds 
TheBerg234: checks 
*** FLOP *** [Ks 8h Qd]
TheBerg234: checks 
lfmotors1: checks 
*** TURN *** [Ks 8h Qd] [Kh]
TheBerg234: checks 
lfmotors1: checks 
*** RIVER *** [Ks 8h Qd Kh] [As]
TheBerg234: bets $2
lfmotors1: calls $2
*** SHOW DOWN ***
TheBerg234: shows [Ac 4s] (two pair, Aces and Kings)
lfmotors1: mucks hand 
TheBerg234 collected $6.18 from pot
*** SUMMARY ***
Total pot $6.50 | Rake $0.32 
Board [Ks 8h Qd Kh As]
Seat 1: MAO_DZEDYN_S (small blind) folded before Flop
Seat 2: TheBerg234 (big blind) showed [Ac 4s] and won ($6.18) with two pair, Aces and Kings
Seat 3: Manifestorr folded before Flop (didn't bet)
Seat 4: AIien Hand folded before Flop (didn't bet)
Seat 5: lfmotors1 mucked
Seat 6: BoyLoc0 (button) folded before Flop (didn't bet)



PokerStars Hand #254550056121:  Hold'em No Limit ($0.50/$1.00 USD) - 2025/01/25 19:43:53 WET [2025/01/25 14:43:53 ET]
Table 'Merxia IV' 6-max Seat #1 is the button
Seat 1: MAO_DZEDYN_S ($100 in chips) 
Seat 2: TheBerg234 ($79.48 in chips) 
Seat 3: Manifestorr ($103.28 in chips) 
Seat 4: AIien Hand ($100 in chips) 
Seat 5: lfmotors1 ($81.61 in chips) 
Seat 6: BoyLoc0 ($108.29 in chips) 
TheBerg234: posts small blind $0.50
Manifestorr: posts big blind $1
*** HOLE CARDS ***
AIien Hand: folds 
lfmotors1: folds 
BoyLoc0: raises $1.50 to $2.50
MAO_DZEDYN_S: folds 
TheBerg234: calls $2
Manifestorr: folds 
*** FLOP *** [Qc Ac 5d]
TheBerg234: checks 
BoyLoc0: checks 
*** TURN *** [Qc Ac 5d] [Js]
TheBerg234: bets $3
BoyLoc0: calls $3
*** RIVER *** [Qc Ac 5d Js] [6h]
TheBerg234: checks 
BoyLoc0: checks 
*** SHOW DOWN ***
TheBerg234: shows [Td Jh] (a pair of Jacks)
BoyLoc0: shows [8s Qs] (a pair of Queens)
BoyLoc0 collected $11.40 from pot
*** SUMMARY ***
Total pot $12 | Rake $0.60 
Board [Qc Ac 5d Js 6h]
Seat 1: MAO_DZEDYN_S (button) folded before Flop (didn't bet)
Seat 2: TheBerg234 (small blind) showed [Td Jh] and lost with a pair of Jacks
Seat 3: Manifestorr (big blind) folded before Flop
Seat 4: AIien Hand folded before Flop (didn't bet)
Seat 5: lfmotors1 folded before Flop (didn't bet)
Seat 6: BoyLoc0 showed [8s Qs] and won ($11.40) with a pair of Queens



PokerStars Hand #254550068603:  Hold'em No Limit ($0.50/$1.00 USD) - 2025/01/25 19:44:37 WET [2025/01/25 14:44:37 ET]
Table 'Merxia IV' 6-max Seat #2 is the button
Seat 1: MAO_DZEDYN_S ($100 in chips) 
Seat 2: TheBerg234 ($73.98 in chips) 
Seat 3: Manifestorr ($102.28 in chips) 
Seat 4: AIien Hand ($100 in chips) 
Seat 5: lfmotors1 ($81.61 in chips) 
Seat 6: BoyLoc0 ($114.19 in chips) 
Manifestorr: posts small blind $0.50
AIien Hand: posts big blind $1
*** HOLE CARDS ***
lfmotors1: calls $1
BoyLoc0: raises $1.50 to $2.50
MAO_DZEDYN_S: folds 
TheBerg234: raises $4.50 to $7
Manifestorr: folds 
AIien Hand: folds 
lfmotors1: folds 
BoyLoc0: calls $4.50
*** FLOP *** [Jd 8c 4c]
BoyLoc0: checks 
TheBerg234: bets $9
BoyLoc0: raises $98.19 to $107.19 and is all-in
TheBerg234: folds 
Uncalled bet ($98.19) returned to BoyLoc0
BoyLoc0 collected $32.78 from pot
BoyLoc0: doesn't show hand 
*** SUMMARY ***
Total pot $34.50 | Rake $1.72 
Board [Jd 8c 4c]
Seat 1: MAO_DZEDYN_S folded before Flop (didn't bet)
Seat 2: TheBerg234 (button) folded on the Flop
Seat 3: Manifestorr (small blind) folded before Flop
Seat 4: AIien Hand (big blind) folded before Flop
Seat 5: lfmotors1 folded before Flop
Seat 6: BoyLoc0 collected ($32.78)



PokerStars Hand #254550084875:  Hold'em No Limit ($0.50/$1.00 USD) - 2025/01/25 19:45:33 WET [2025/01/25 14:45:33 ET]
Table 'Merxia IV' 6-max Seat #3 is the button
Seat 1: MAO_DZEDYN_S ($100 in chips) 
Seat 2: TheBerg234 ($57.98 in chips) 
Seat 3: Manifestorr ($101.78 in chips) 
Seat 4: AIien Hand ($100 in chips) 
Seat 5: lfmotors1 ($80.61 in chips) 
Seat 6: BoyLoc0 ($130.97 in chips) 
AIien Hand: posts small blind $0.50
lfmotors1: posts big blind $1
*** HOLE CARDS ***
BoyLoc0: folds 
MAO_DZEDYN_S: folds 
TheBerg234: folds 
Manifestorr: raises $1.20 to $2.20
AIien Hand: folds 
lfmotors1: calls $1.20
*** FLOP *** [5d 2h 3c]
lfmotors1: checks 
Manifestorr: checks 
*** TURN *** [5d 2h 3c] [9d]
lfmotors1: checks 
Manifestorr: bets $1.54
lfmotors1: calls $1.54
*** RIVER *** [5d 2h 3c 9d] [4h]
lfmotors1: bets $3.79
Manifestorr: folds 
Uncalled bet ($3.79) returned to lfmotors1
lfmotors1 collected $7.58 from pot
*** SUMMARY ***
Total pot $7.98 | Rake $0.40 
Board [5d 2h 3c 9d 4h]
Seat 1: MAO_DZEDYN_S folded before Flop (didn't bet)
Seat 2: TheBerg234 folded before Flop (didn't bet)
Seat 3: Manifestorr (button) folded on the River
Seat 4: AIien Hand (small blind) folded before Flop
Seat 5: lfmotors1 (big blind) collected ($7.58)
Seat 6: BoyLoc0 folded before Flop (didn't bet)



PokerStars Hand #254550101592:  Hold'em No Limit ($0.50/$1.00 USD) - 2025/01/25 19:46:31 WET [2025/01/25 14:46:31 ET]
Table 'Merxia IV' 6-max Seat #4 is the button
Seat 1: MAO_DZEDYN_S ($100 in chips) 
Seat 2: TheBerg234 ($57.98 in chips) 
Seat 3: Manifestorr ($100 in chips) 
Seat 4: AIien Hand ($100 in chips) 
Seat 5: lfmotors1 ($84.45 in chips) 
Seat 6: BoyLoc0 ($130.97 in chips) 
lfmotors1: posts small blind $0.50
BoyLoc0: posts big blind $1
*** HOLE CARDS ***
MAO_DZEDYN_S: folds 
TheBerg234: folds 
Manifestorr: raises $1.20 to $2.20
AIien Hand: folds 
lfmotors1: calls $1.70
BoyLoc0: folds 
*** FLOP *** [6c 5h 3s]
lfmotors1: bets $2.57
Manifestorr: folds 
Uncalled bet ($2.57) returned to lfmotors1
lfmotors1 collected $5.13 from pot
*** SUMMARY ***
Total pot $5.40 | Rake $0.27 
Board [6c 5h 3s]
Seat 1: MAO_DZEDYN_S folded before Flop (didn't bet)
Seat 2: TheBerg234 folded before Flop (didn't bet)
Seat 3: Manifestorr folded on the Flop
Seat 4: AIien Hand (button) folded before Flop (didn't bet)
Seat 5: lfmotors1 (small blind) collected ($5.13)
Seat 6: BoyLoc0 (big blind) folded before Flop



PokerStars Hand #254550112460:  Hold'em No Limit ($0.50/$1.00 USD) - 2025/01/25 19:47:09 WET [2025/01/25 14:47:09 ET]
Table 'Merxia IV' 6-max Seat #5 is the button
Seat 1: MAO_DZEDYN_S ($100 in chips) 
Seat 2: TheBerg234 ($57.98 in chips) 
Seat 3: Manifestorr ($100 in chips) 
Seat 4: AIien Hand ($100 in chips) 
Seat 5: lfmotors1 ($87.38 in chips) 
Seat 6: BoyLoc0 ($129.97 in chips) 
BoyLoc0: posts small blind $0.50
MAO_DZEDYN_S: posts big blind $1
*** HOLE CARDS ***
TheBerg234: folds 
Manifestorr: folds 
AIien Hand: folds 
lfmotors1: calls $1
BoyLoc0: raises $4 to $5
MAO_DZEDYN_S: folds 
lfmotors1: folds 
Uncalled bet ($4) returned to BoyLoc0
BoyLoc0 collected $3 from pot
BoyLoc0: doesn't show hand 
*** SUMMARY ***
Total pot $3 | Rake $0 
Seat 1: MAO_DZEDYN_S (big blind) folded before Flop
Seat 2: TheBerg234 folded before Flop (didn't bet)
Seat 3: Manifestorr folded before Flop (didn't bet)
Seat 4: AIien Hand folded before Flop (didn't bet)
Seat 5: lfmotors1 (button) folded before Flop
Seat 6: BoyLoc0 (small blind) collected ($3)



PokerStars Hand #254550118221:  Hold'em No Limit ($0.50/$1.00 USD) - 2025/01/25 19:47:29 WET [2025/01/25 14:47:29 ET]
Table 'Merxia IV' 6-max Seat #6 is the button
Seat 1: MAO_DZEDYN_S ($100 in chips) 
Seat 2: TheBerg234 ($57.98 in chips) 
Seat 3: Manifestorr ($100 in chips) 
Seat 4: AIien Hand ($100 in chips) 
Seat 5: lfmotors1 ($86.38 in chips) 
Seat 6: BoyLoc0 ($131.97 in chips) 
MAO_DZEDYN_S: posts small blind $0.50
TheBerg234: posts big blind $1
*** HOLE CARDS ***
Manifestorr: folds 
AIien Hand: folds 
lfmotors1: folds 
BoyLoc0: raises $1.50 to $2.50
MAO_DZEDYN_S: folds 
TheBerg234: folds 
Uncalled bet ($1.50) returned to BoyLoc0
BoyLoc0 collected $2.50 from pot
BoyLoc0: doesn't show hand 
*** SUMMARY ***
Total pot $2.50 | Rake $0 
Seat 1: MAO_DZEDYN_S (small blind) folded before Flop
Seat 2: TheBerg234 (big blind) folded before Flop
Seat 3: Manifestorr folded before Flop (didn't bet)
Seat 4: AIien Hand folded before Flop (didn't bet)
Seat 5: lfmotors1 folded before Flop (didn't bet)
Seat 6: BoyLoc0 (button) collected ($2.50)



PokerStars Hand #254550128587:  Hold'em No Limit ($0.50/$1.00 USD) - 2025/01/25 19:48:05 WET [2025/01/25 14:48:05 ET]
Table 'Merxia IV' 6-max Seat #1 is the button
Seat 1: MAO_DZEDYN_S ($100 in chips) 
Seat 2: TheBerg234 ($56.98 in chips) 
Seat 3: Manifestorr ($100 in chips) 
Seat 4: AIien Hand ($100 in chips) 
Seat 5: lfmotors1 ($86.38 in chips) 
Seat 6: BoyLoc0 ($133.47 in chips) 
TheBerg234: posts small blind $0.50
Manifestorr: posts big blind $1
*** HOLE CARDS ***
AIien Hand: folds 
lfmotors1: calls $1
BoyLoc0: folds 
MAO_DZEDYN_S: raises $3.50 to $4.50
TheBerg234: folds 
Manifestorr: folds 
lfmotors1: calls $3.50
*** FLOP *** [Ts 6s 3c]
lfmotors1: checks 
MAO_DZEDYN_S: bets $5.19
lfmotors1: folds 
Uncalled bet ($5.19) returned to MAO_DZEDYN_S
MAO_DZEDYN_S collected $9.98 from pot
MAO_DZEDYN_S: doesn't show hand 
*** SUMMARY ***
Total pot $10.50 | Rake $0.52 
Board [Ts 6s 3c]
Seat 1: MAO_DZEDYN_S (button) collected ($9.98)
Seat 2: TheBerg234 (small blind) folded before Flop
Seat 3: Manifestorr (big blind) folded before Flop
Seat 4: AIien Hand folded before Flop (didn't bet)
Seat 5: lfmotors1 folded on the Flop
Seat 6: BoyLoc0 folded before Flop (didn't bet)



PokerStars Hand #254550153772:  Hold'em No Limit ($0.50/$1.00 USD) - 2025/01/25 19:49:32 WET [2025/01/25 14:49:32 ET]
Table 'Merxia IV' 6-max Seat #2 is the button
Seat 1: MAO_DZEDYN_S ($105.48 in chips) 
Seat 2: TheBerg234 ($56.48 in chips) 
Seat 3: Manifestorr ($100 in chips) 
Seat 4: AIien Hand ($100 in chips) 
Seat 5: lfmotors1 ($81.88 in chips) 
Seat 6: BoyLoc0 ($133.47 in chips) 
Manifestorr: posts small blind $0.50
AIien Hand: posts big blind $1
*** HOLE CARDS ***
lfmotors1: calls $1
BoyLoc0: raises $1.50 to $2.50
MAO_DZEDYN_S: folds 
TheBerg234: folds 
Manifestorr: raises $10.50 to $13
AIien Hand: folds 
lfmotors1: folds 
BoyLoc0: folds 
Uncalled bet ($10.50) returned to Manifestorr
Manifestorr collected $7 from pot
*** SUMMARY ***
Total pot $7 | Rake $0 
Seat 1: MAO_DZEDYN_S folded before Flop (didn't bet)
Seat 2: TheBerg234 (button) folded before Flop (didn't bet)
Seat 3: Manifestorr (small blind) collected ($7)
Seat 4: AIien Hand (big blind) folded before Flop
Seat 5: lfmotors1 folded before Flop
Seat 6: BoyLoc0 folded before Flop



PokerStars Hand #254550166228:  Hold'em No Limit ($0.50/$1.00 USD) - 2025/01/25 19:50:16 WET [2025/01/25 14:50:16 ET]
Table 'Merxia IV' 6-max Seat #3 is the button
Seat 1: MAO_DZEDYN_S ($105.48 in chips) 
Seat 2: TheBerg234 ($56.48 in chips) 
Seat 3: Manifestorr ($104.50 in chips) 
Seat 4: AIien Hand ($100 in chips) 
Seat 5: lfmotors1 ($80.88 in chips) 
Seat 6: BoyLoc0 ($130.97 in chips) 
AIien Hand: posts small blind $0.50
lfmotors1: posts big blind $1
*** HOLE CARDS ***
BoyLoc0: folds 
MAO_DZEDYN_S: folds 
TheBerg234: raises $2 to $3
Manifestorr: folds 
AIien Hand: folds 
lfmotors1: calls $2
*** FLOP *** [2s 5s Kd]
lfmotors1: bets $3.09
TheBerg234: calls $3.09
*** TURN *** [2s 5s Kd] [2h]
lfmotors1: bets $6.03
TheBerg234: folds 
Uncalled bet ($6.03) returned to lfmotors1
lfmotors1 collected $12.05 from pot
*** SUMMARY ***
Total pot $12.68 | Rake $0.63 
Board [2s 5s Kd 2h]
Seat 1: MAO_DZEDYN_S folded before Flop (didn't bet)
Seat 2: TheBerg234 folded on the Turn
Seat 3: Manifestorr (button) folded before Flop (didn't bet)
Seat 4: AIien Hand (small blind) folded before Flop
Seat 5: lfmotors1 (big blind) collected ($12.05)
Seat 6: BoyLoc0 folded before Flop (didn't bet)



PokerStars Hand #254550176829:  Hold'em No Limit ($0.50/$1.00 USD) - 2025/01/25 19:50:52 WET [2025/01/25 14:50:52 ET]
Table 'Merxia IV' 6-max Seat #4 is the button
Seat 1: MAO_DZEDYN_S ($105.48 in chips) 
Seat 2: TheBerg234 ($50.39 in chips) 
Seat 3: Manifestorr ($104.50 in chips) 
Seat 4: AIien Hand ($100 in chips) 
Seat 5: lfmotors1 ($86.84 in chips) 
Seat 6: BoyLoc0 ($130.97 in chips) 
lfmotors1: posts small blind $0.50
BoyLoc0: posts big blind $1
*** HOLE CARDS ***
MAO_DZEDYN_S: folds 
TheBerg234: folds 
Manifestorr: folds 
AIien Hand: raises $1.50 to $2.50
lfmotors1: calls $2
BoyLoc0: calls $1.50
*** FLOP *** [Ts 2s 3h]
lfmotors1: checks 
BoyLoc0: checks 
AIien Hand: bets $2.14
lfmotors1: calls $2.14
BoyLoc0: folds 
*** TURN *** [Ts 2s 3h] [5h]
lfmotors1: checks 
AIien Hand: bets $6.50
lfmotors1: raises $6.50 to $13
AIien Hand: calls $6.50
*** RIVER *** [Ts 2s 3h 5h] [Js]
lfmotors1: bets $17.95
AIien Hand: folds 
Uncalled bet ($17.95) returned to lfmotors1
lfmotors1 collected $35.89 from pot
*** SUMMARY ***
Total pot $37.78 | Rake $1.89 
Board [Ts 2s 3h 5h Js]
Seat 1: MAO_DZEDYN_S folded before Flop (didn't bet)
Seat 2: TheBerg234 folded before Flop (didn't bet)
Seat 3: Manifestorr folded before Flop (didn't bet)
Seat 4: AIien Hand (button) folded on the River
Seat 5: lfmotors1 (small blind) collected ($35.89)
Seat 6: BoyLoc0 (big blind) folded on the Flop



PokerStars Hand #254550205037:  Hold'em No Limit ($0.50/$1.00 USD) - 2025/01/25 19:52:31 WET [2025/01/25 14:52:31 ET]
Table 'Merxia IV' 6-max Seat #5 is the button
Seat 1: MAO_DZEDYN_S ($105.48 in chips) 
Seat 2: TheBerg234 ($50.39 in chips) 
Seat 3: Manifestorr ($104.50 in chips) 
Seat 4: AIien Hand ($100 in chips) 
Seat 5: lfmotors1 ($105.09 in chips) 
Seat 6: BoyLoc0 ($128.47 in chips) 
BoyLoc0: posts small blind $0.50
MAO_DZEDYN_S: posts big blind $1
*** HOLE CARDS ***
TheBerg234: raises $2 to $3
Manifestorr: folds 
AIien Hand: folds 
lfmotors1: calls $3
BoyLoc0: folds 
MAO_DZEDYN_S: raises $11.53 to $14.53
TheBerg234: folds 
lfmotors1: calls $11.53
*** FLOP *** [Jc Qd Kc]
MAO_DZEDYN_S: checks 
lfmotors1: checks 
*** TURN *** [Jc Qd Kc] [9d]
MAO_DZEDYN_S: bets $21.87
lfmotors1: folds 
Uncalled bet ($21.87) returned to MAO_DZEDYN_S
MAO_DZEDYN_S collected $30.93 from pot
MAO_DZEDYN_S: doesn't show hand 
*** SUMMARY ***
Total pot $32.56 | Rake $1.63 
Board [Jc Qd Kc 9d]
Seat 1: MAO_DZEDYN_S (big blind) collected ($30.93)
Seat 2: TheBerg234 folded before Flop
Seat 3: Manifestorr folded before Flop (didn't bet)
Seat 4: AIien Hand folded before Flop (didn't bet)
Seat 5: lfmotors1 (button) folded on the Turn
Seat 6: BoyLoc0 (small blind) folded before Flop



PokerStars Hand #254550234610:  Hold'em No Limit ($0.50/$1.00 USD) - 2025/01/25 19:54:14 WET [2025/01/25 14:54:14 ET]
Table 'Merxia IV' 6-max Seat #6 is the button
Seat 1: MAO_DZEDYN_S ($121.88 in chips) 
Seat 2: TheBerg234 ($47.39 in chips) 
Seat 3: Manifestorr ($104.50 in chips) 
Seat 4: AIien Hand ($100 in chips) 
Seat 5: lfmotors1 ($90.56 in chips) 
Seat 6: BoyLoc0 ($127.97 in chips) 
MAO_DZEDYN_S: posts small blind $0.50
TheBerg234: posts big blind $1
*** HOLE CARDS ***
Manifestorr: folds 
AIien Hand: folds 
lfmotors1: calls $1
BoyLoc0: raises $3 to $4
MAO_DZEDYN_S: folds 
TheBerg234: raises $10 to $14
lfmotors1: folds 
BoyLoc0: raises $111 to $125
TheBerg234: calls $33.39 and is all-in
Uncalled bet ($77.61) returned to BoyLoc0
*** FLOP *** [3h 5c 6s]
*** TURN *** [3h 5c 6s] [Ac]
*** RIVER *** [3h 5c 6s Ac] [Jc]
*** SHOW DOWN ***
TheBerg234: shows [Qd Qc] (a pair of Queens)
BoyLoc0: shows [As Kc] (a pair of Aces)
BoyLoc0 collected $93.78 from pot
*** SUMMARY ***
Total pot $96.28 | Rake $2.50 
Board [3h 5c 6s Ac Jc]
Seat 1: MAO_DZEDYN_S (small blind) folded before Flop
Seat 2: TheBerg234 (big blind) showed [Qd Qc] and lost with a pair of Queens
Seat 3: Manifestorr folded before Flop (didn't bet)
Seat 4: AIien Hand folded before Flop (didn't bet)
Seat 5: lfmotors1 folded before Flop
Seat 6: BoyLoc0 (button) showed [As Kc] and won ($93.78) with a pair of Aces



PokerStars Hand #254550251679:  Hold'em No Limit ($0.50/$1.00 USD) - 2025/01/25 19:55:14 WET [2025/01/25 14:55:14 ET]
Table 'Merxia IV' 6-max Seat #1 is the button
Seat 2: TheBerg234 ($0 in chips) is sitting out
Seat 1: MAO_DZEDYN_S ($121.38 in chips) 
Seat 3: Manifestorr ($104.50 in chips) 
Seat 4: AIien Hand ($100 in chips) 
Seat 5: lfmotors1 ($89.56 in chips) 
Seat 6: BoyLoc0 ($174.36 in chips) 
Manifestorr: posts small blind $0.50
AIien Hand: posts big blind $1
*** HOLE CARDS ***
TheBerg234 leaves the table
lfmotors1: calls $1
BoyLoc0: raises $1.50 to $2.50
MAO_DZEDYN_S: folds 
Manifestorr: folds 
AIien Hand: folds 
lfmotors1: calls $1.50
*** FLOP *** [9h 7h 4d]
vadjkeee joins the table at seat #2 
lfmotors1: checks 
BoyLoc0: bets $2.04
lfmotors1: calls $2.04
*** TURN *** [9h 7h 4d] [2c]
lfmotors1: checks 
BoyLoc0: bets $12.08
lfmotors1: folds 
Uncalled bet ($12.08) returned to BoyLoc0
BoyLoc0 collected $10.05 from pot
BoyLoc0: doesn't show hand 
*** SUMMARY ***
Total pot $10.58 | Rake $0.53 
Board [9h 7h 4d 2c]
Seat 2: TheBerg234
Seat 1: MAO_DZEDYN_S (button) folded before Flop (didn't bet)
Seat 3: Manifestorr (small blind) folded before Flop
Seat 4: AIien Hand (big blind) folded before Flop
Seat 5: lfmotors1 folded on the Turn
Seat 6: BoyLoc0 collected ($10.05)



PokerStars Hand #254550263624:  Hold'em No Limit ($0.50/$1.00 USD) - 2025/01/25 19:56:14 WET [2025/01/25 14:56:14 ET]
Table 'Merxia IV' 6-max Seat #3 is the button
Seat 2: vadjkeee ($100 in chips) is sitting out
Seat 1: MAO_DZEDYN_S ($121.38 in chips) 
Seat 3: Manifestorr ($104 in chips) 
Seat 4: AIien Hand ($100 in chips) 
Seat 5: lfmotors1 ($85.02 in chips) 
Seat 6: BoyLoc0 ($179.87 in chips) 
AIien Hand: posts small blind $0.50
lfmotors1: posts big blind $1
vadjkeee: sits out 
*** HOLE CARDS ***
BoyLoc0: folds 
MAO_DZEDYN_S: folds 
Manifestorr: raises $1.20 to $2.20
AIien Hand: folds 
lfmotors1: calls $1.20
*** FLOP *** [Jh 2c 9c]
lfmotors1: checks 
Manifestorr: checks 
*** TURN *** [Jh 2c 9c] [7d]
lfmotors1: checks 
Manifestorr: bets $1.54
lfmotors1: calls $1.54
*** RIVER *** [Jh 2c 9c 7d] [9h]
lfmotors1: bets $3.79
Manifestorr: raises $12.21 to $16
lfmotors1: folds 
Uncalled bet ($12.21) returned to Manifestorr
Manifestorr collected $14.78 from pot
*** SUMMARY ***
Total pot $15.56 | Rake $0.78 
Board [Jh 2c 9c 7d 9h]
Seat 2: vadjkeee
Seat 1: MAO_DZEDYN_S folded before Flop (didn't bet)
Seat 3: Manifestorr (button) collected ($14.78)
Seat 4: AIien Hand (small blind) folded before Flop
Seat 5: lfmotors1 (big blind) folded on the River
Seat 6: BoyLoc0 folded before Flop (didn't bet)



PokerStars Hand #254550275913:  Hold'em No Limit ($0.50/$1.00 USD) - 2025/01/25 19:57:15 WET [2025/01/25 14:57:15 ET]
Table 'Merxia IV' 6-max Seat #4 is the button
Seat 2: vadjkeee ($100 in chips) is sitting out
Seat 1: MAO_DZEDYN_S ($121.38 in chips) 
Seat 3: Manifestorr ($111.25 in chips) 
Seat 4: AIien Hand ($100 in chips) 
Seat 5: lfmotors1 ($77.49 in chips) 
Seat 6: BoyLoc0 ($179.87 in chips) 
lfmotors1: posts small blind $0.50
BoyLoc0: posts big blind $1
vadjkeee: sits out 
*** HOLE CARDS ***
MAO_DZEDYN_S: folds 
Manifestorr: folds 
AIien Hand: raises $1.50 to $2.50
lfmotors1: calls $2
BoyLoc0: folds 
*** FLOP *** [8s 4s 8d]
lfmotors1: checks 
AIien Hand: bets $6.10
lfmotors1: folds 
Uncalled bet ($6.10) returned to AIien Hand
AIien Hand collected $5.70 from pot
AIien Hand: doesn't show hand 
*** SUMMARY ***
Total pot $6 | Rake $0.30 
Board [8s 4s 8d]
Seat 2: vadjkeee
Seat 1: MAO_DZEDYN_S folded before Flop (didn't bet)
Seat 3: Manifestorr folded before Flop (didn't bet)
Seat 4: AIien Hand (button) collected ($5.70)
Seat 5: lfmotors1 (small blind) folded on the Flop
Seat 6: BoyLoc0 (big blind) folded before Flop



PokerStars Hand #254550283086:  Hold'em No Limit ($0.50/$1.00 USD) - 2025/01/25 19:57:51 WET [2025/01/25 14:57:51 ET]
Table 'Merxia IV' 6-max Seat #5 is the button
Seat 2: vadjkeee ($100 in chips) is sitting out
Seat 1: MAO_DZEDYN_S ($121.38 in chips) 
Seat 3: Manifestorr ($111.25 in chips) 
Seat 4: AIien Hand ($103.20 in chips) 
Seat 5: lfmotors1 ($74.99 in chips) 
Seat 6: BoyLoc0 ($178.87 in chips) 
BoyLoc0: posts small blind $0.50
MAO_DZEDYN_S: posts big blind $1
vadjkeee: sits out 
*** HOLE CARDS ***
Manifestorr: raises $1.20 to $2.20
AIien Hand: folds 
lfmotors1: folds 
BoyLoc0: folds 
MAO_DZEDYN_S: folds 
Uncalled bet ($1.20) returned to Manifestorr
Manifestorr collected $2.50 from pot
*** SUMMARY ***
Total pot $2.50 | Rake $0 
Seat 2: vadjkeee
Seat 1: MAO_DZEDYN_S (big blind) folded before Flop
Seat 3: Manifestorr collected ($2.50)
Seat 4: AIien Hand folded before Flop (didn't bet)
Seat 5: lfmotors1 (button) folded before Flop (didn't bet)
Seat 6: BoyLoc0 (small blind) folded before Flop



PokerStars Hand #254550285711:  Hold'em No Limit ($0.50/$1.00 USD) - 2025/01/25 19:58:04 WET [2025/01/25 14:58:04 ET]
Table 'Merxia IV' 6-max Seat #6 is the button
Seat 1: MAO_DZEDYN_S ($120.38 in chips) 
Seat 2: vadjkeee ($100 in chips) 
Seat 3: Manifestorr ($112.75 in chips) 
Seat 4: AIien Hand ($103.20 in chips) 
Seat 5: lfmotors1 ($74.99 in chips) 
Seat 6: BoyLoc0 ($178.37 in chips) 
MAO_DZEDYN_S: posts small blind $0.50
vadjkeee: posts big blind $1
*** HOLE CARDS ***
Manifestorr: raises $1.20 to $2.20
AIien Hand: folds 
lfmotors1: folds 
BoyLoc0: folds 
MAO_DZEDYN_S: folds 
vadjkeee: calls $1.20
*** FLOP *** [Th 7h Ks]
vadjkeee: checks 
Manifestorr: checks 
*** TURN *** [Th 7h Ks] [5c]
vadjkeee: bets $15
Manifestorr: folds 
Uncalled bet ($15) returned to vadjkeee
vadjkeee collected $4.66 from pot
vadjkeee: doesn't show hand 
*** SUMMARY ***
Total pot $4.90 | Rake $0.24 
Board [Th 7h Ks 5c]
Seat 1: MAO_DZEDYN_S (small blind) folded before Flop
Seat 2: vadjkeee (big blind) collected ($4.66)
Seat 3: Manifestorr folded on the Turn
Seat 4: AIien Hand folded before Flop (didn't bet)
Seat 5: lfmotors1 folded before Flop (didn't bet)
Seat 6: BoyLoc0 (button) folded before Flop (didn't bet)



PokerStars Hand #254550294580:  Hold'em No Limit ($0.50/$1.00 USD) - 2025/01/25 19:58:49 WET [2025/01/25 14:58:49 ET]
Table 'Merxia IV' 6-max Seat #1 is the button
Seat 1: MAO_DZEDYN_S ($119.88 in chips) 
Seat 2: vadjkeee ($102.46 in chips) 
Seat 3: Manifestorr ($110.55 in chips) 
Seat 4: AIien Hand ($103.20 in chips) 
Seat 5: lfmotors1 ($74.99 in chips) 
Seat 6: BoyLoc0 ($178.37 in chips) 
vadjkeee: posts small blind $0.50
Manifestorr: posts big blind $1
*** HOLE CARDS ***
AIien Hand: folds 
lfmotors1: calls $1
BoyLoc0: raises $3 to $4
MAO_DZEDYN_S: folds 
vadjkeee: folds 
Manifestorr: folds 
lfmotors1: calls $3
*** FLOP *** [Jh 6s 4h]
lfmotors1: bets $4.51
BoyLoc0: calls $4.51
*** TURN *** [Jh 6s 4h] [Kc]
lfmotors1: bets $8.80
BoyLoc0: raises $11.61 to $20.41
lfmotors1: folds 
Uncalled bet ($11.61) returned to BoyLoc0
BoyLoc0 collected $34.31 from pot
BoyLoc0: doesn't show hand 
*** SUMMARY ***
Total pot $36.12 | Rake $1.81 
Board [Jh 6s 4h Kc]
Seat 1: MAO_DZEDYN_S (button) folded before Flop (didn't bet)
Seat 2: vadjkeee (small blind) folded before Flop
Seat 3: Manifestorr (big blind) folded before Flop
Seat 4: AIien Hand folded before Flop (didn't bet)
Seat 5: lfmotors1 folded on the Turn
Seat 6: BoyLoc0 collected ($34.31)



PokerStars Hand #254550306992:  Hold'em No Limit ($0.50/$1.00 USD) - 2025/01/25 19:59:51 WET [2025/01/25 14:59:51 ET]
Table 'Merxia IV' 6-max Seat #2 is the button
Seat 1: MAO_DZEDYN_S ($119.88 in chips) 
Seat 2: vadjkeee ($101.96 in chips) 
Seat 3: Manifestorr ($109.55 in chips) 
Seat 4: AIien Hand ($103.20 in chips) 
Seat 5: lfmotors1 ($57.68 in chips) 
Seat 6: BoyLoc0 ($195.37 in chips) 
Manifestorr: posts small blind $0.50
AIien Hand: posts big blind $1
*** HOLE CARDS ***
lfmotors1: folds 
BoyLoc0: folds 
MAO_DZEDYN_S: folds 
vadjkeee: folds 
Manifestorr: folds 
Uncalled bet ($0.50) returned to AIien Hand
AIien Hand collected $1 from pot
AIien Hand: doesn't show hand 
*** SUMMARY ***
Total pot $1 | Rake $0 
Seat 1: MAO_DZEDYN_S folded before Flop (didn't bet)
Seat 2: vadjkeee (button) folded before Flop (didn't bet)
Seat 3: Manifestorr (small blind) folded before Flop
Seat 4: AIien Hand (big blind) collected ($1)
Seat 5: lfmotors1 folded before Flop (didn't bet)
Seat 6: BoyLoc0 folded before Flop (didn't bet)



PokerStars Hand #254550309212:  Hold'em No Limit ($0.50/$1.00 USD) - 2025/01/25 20:00:01 WET [2025/01/25 15:00:01 ET]
Table 'Merxia IV' 6-max Seat #3 is the button
Seat 1: MAO_DZEDYN_S ($119.88 in chips) 
Seat 2: vadjkeee ($101.96 in chips) 
Seat 3: Manifestorr ($109.05 in chips) 
Seat 4: AIien Hand ($103.70 in chips) 
Seat 5: lfmotors1 ($57.68 in chips) 
Seat 6: BoyLoc0 ($195.37 in chips) 
AIien Hand: posts small blind $0.50
lfmotors1: posts big blind $1
*** HOLE CARDS ***
BoyLoc0: folds 
MAO_DZEDYN_S: folds 
vadjkeee: folds 
Manifestorr: folds 
AIien Hand: raises $2 to $3
lfmotors1: calls $2
*** FLOP *** [Ks 9h 4d]
AIien Hand: bets $1.31
lfmotors1: folds 
Uncalled bet ($1.31) returned to AIien Hand
AIien Hand collected $5.70 from pot
AIien Hand: doesn't show hand 
*** SUMMARY ***
Total pot $6 | Rake $0.30 
Board [Ks 9h 4d]
Seat 1: MAO_DZEDYN_S folded before Flop (didn't bet)
Seat 2: vadjkeee folded before Flop (didn't bet)
Seat 3: Manifestorr (button) folded before Flop (didn't bet)
Seat 4: AIien Hand (small blind) collected ($5.70)
Seat 5: lfmotors1 (big blind) folded on the Flop
Seat 6: BoyLoc0 folded before Flop (didn't bet)



PokerStars Hand #254550439159:  Hold'em No Limit ($0.50/$1.00 USD) - 2025/01/25 20:07:44 WET [2025/01/25 15:07:44 ET]
Table 'Merxia IV' 6-max Seat #6 is the button
Seat 5: lfmotors1 ($0 in chips) is sitting out
Seat 1: KarP93 ($100 in chips) 
Seat 3: worker0k ($105.38 in chips) 
Seat 6: BoyLoc0 ($252.19 in chips) 
KarP93: posts small blind $0.50
worker0k: posts big blind $1
*** HOLE CARDS ***
BoyLoc0: folds 
KarP93: folds 
Uncalled bet ($0.50) returned to worker0k
worker0k collected $1 from pot
*** SUMMARY ***
Total pot $1 | Rake $0 
Seat 5: lfmotors1
Seat 1: KarP93 (small blind) folded before Flop
Seat 3: worker0k (big blind) collected ($1)
Seat 6: BoyLoc0 (button) folded before Flop (didn't bet)



PokerStars Hand #254550441885:  Hold'em No Limit ($0.50/$1.00 USD) - 2025/01/25 20:07:53 WET [2025/01/25 15:07:53 ET]
Table 'Merxia IV' 6-max Seat #1 is the button
Seat 5: lfmotors1 ($0 in chips) is sitting out
Seat 1: KarP93 ($100 in chips) 
Seat 3: worker0k ($105.88 in chips) 
Seat 6: BoyLoc0 ($252.19 in chips) 
worker0k: posts small blind $0.50
BoyLoc0: posts big blind $1
*** HOLE CARDS ***
KarP93: folds 
worker0k: raises $1.80 to $2.80
treds17 joins the table at seat #4 
BoyLoc0: folds 
Uncalled bet ($1.80) returned to worker0k
worker0k collected $2 from pot
*** SUMMARY ***
Total pot $2 | Rake $0 
Seat 5: lfmotors1
Seat 1: KarP93 (button) folded before Flop (didn't bet)
Seat 3: worker0k (small blind) collected ($2)
Seat 6: BoyLoc0 (big blind) folded before Flop



PokerStars Hand #254550950577:  Hold'em No Limit ($0.50/$1.00 USD) - 2025/01/25 20:08:22 WET [2025/01/25 15:08:22 ET]
Table 'Merxia IV' 6-max Seat #4 is the button
Seat 1: KarP93 ($100 in chips) is sitting out
Seat 5: lfmotors1 ($0 in chips) is sitting out
Seat 4: treds17 ($100 in chips) 
Seat 6: BoyLoc0 ($251.19 in chips) 
treds17: posts small blind $0.50
BoyLoc0: posts big blind $1
*** HOLE CARDS ***
treds17: raises $2 to $3
BoyLoc0: calls $2
*** FLOP *** [9h 2h 3h]
KarP93 leaves the table
BoyLoc0: checks 
treds17: checks 
*** TURN *** [9h 2h 3h] [9c]
BoyLoc0: checks 
treds17: bets $1.71
BoyLoc0: folds 
Uncalled bet ($1.71) returned to treds17
treds17 collected $5.70 from pot
treds17: doesn't show hand 
*** SUMMARY ***
Total pot $6 | Rake $0.30 
Board [9h 2h 3h 9c]
Seat 1: KarP93
Seat 5: lfmotors1
Seat 4: treds17 (button) (small blind) collected ($5.70)
Seat 6: BoyLoc0 (big blind) folded on the Turn



PokerStars Hand #254550967976:  Hold'em No Limit ($0.50/$1.00 USD) - 2025/01/25 20:09:20 WET [2025/01/25 15:09:20 ET]
Table 'Merxia IV' 6-max Seat #6 is the button
Seat 5: lfmotors1 ($0 in chips) is sitting out
Seat 4: treds17 ($102.70 in chips) 
Seat 6: BoyLoc0 ($248.19 in chips) 
BoyLoc0: posts small blind $0.50
treds17: posts big blind $1
*** HOLE CARDS ***
BoyLoc0: raises $1.50 to $2.50
treds17: calls $1.50
*** FLOP *** [9h Ad 5h]
treds17: checks 
BoyLoc0: bets $1.57
treds17: calls $1.57
*** TURN *** [9h Ad 5h] [4c]
treds17: checks 
straightman77 joins the table at seat #1 
Maks Bavenko joins the table at seat #2 
BoyLoc0: bets $5.80
yzuk joins the table at seat #3 
treds17: folds 
Uncalled bet ($5.80) returned to BoyLoc0
BoyLoc0 collected $7.73 from pot
BoyLoc0: doesn't show hand 
*** SUMMARY ***
Total pot $8.14 | Rake $0.41 
Board [9h Ad 5h 4c]
Seat 5: lfmotors1
Seat 4: treds17 (big blind) folded on the Turn
Seat 6: BoyLoc0 (button) (small blind) collected ($7.73)



PokerStars Hand #254550980741:  Hold'em No Limit ($0.50/$1.00 USD) - 2025/01/25 20:10:03 WET [2025/01/25 15:10:03 ET]
Table 'Merxia IV' 6-max Seat #4 is the button
Seat 2: Maks Bavenko ($100 in chips) is sitting out
Seat 3: yzuk ($100 in chips) is sitting out
Seat 5: lfmotors1 ($0 in chips) is sitting out
Seat 1: straightman77 ($100 in chips) 
Seat 4: treds17 ($100 in chips) 
Seat 6: BoyLoc0 ($251.85 in chips) 
BoyLoc0: posts small blind $0.50
straightman77: posts big blind $1
Maks Bavenko: sits out 
yzuk: sits out 
*** HOLE CARDS ***
treds17: folds 
BoyLoc0: folds 
Uncalled bet ($0.50) returned to straightman77
straightman77 collected $1 from pot
straightman77: doesn't show hand 
*** SUMMARY ***
Total pot $1 | Rake $0 
Seat 2: Maks Bavenko
Seat 3: yzuk
Seat 5: lfmotors1
Seat 1: straightman77 (big blind) collected ($1)
Seat 4: treds17 (button) folded before Flop (didn't bet)
Seat 6: BoyLoc0 (small blind) folded before Flop



PokerStars Hand #254550982920:  Hold'em No Limit ($0.50/$1.00 USD) - 2025/01/25 20:10:10 WET [2025/01/25 15:10:10 ET]
Table 'Merxia IV' 6-max Seat #6 is the button
Seat 3: yzuk ($100 in chips) is sitting out
Seat 5: lfmotors1 ($0 in chips) is sitting out
Seat 1: straightman77 ($100.50 in chips) 
Seat 2: Maks Bavenko ($100 in chips) 
Seat 4: treds17 ($100 in chips) 
Seat 6: BoyLoc0 ($251.35 in chips) 
straightman77: posts small blind $0.50
Maks Bavenko: posts big blind $1
yzuk: sits out 
*** HOLE CARDS ***
treds17: folds 
BoyLoc0: folds 
straightman77: calls $0.50
Maks Bavenko: checks 
*** FLOP *** [6d 8c Jc]
straightman77: checks 
Maks Bavenko: bets $2
straightman77: folds 
Uncalled bet ($2) returned to Maks Bavenko
Maks Bavenko collected $1.90 from pot
Maks Bavenko: doesn't show hand 
*** SUMMARY ***
Total pot $2 | Rake $0.10 
Board [6d 8c Jc]
Seat 3: yzuk
Seat 5: lfmotors1
Seat 1: straightman77 (small blind) folded on the Flop
Seat 2: Maks Bavenko (big blind) collected ($1.90)
Seat 4: treds17 folded before Flop (didn't bet)
Seat 6: BoyLoc0 (button) folded before Flop (didn't bet)



PokerStars Hand #254550993606:  Hold'em No Limit ($0.50/$1.00 USD) - 2025/01/25 20:10:45 WET [2025/01/25 15:10:45 ET]
Table 'Merxia IV' 6-max Seat #1 is the button
Seat 5: lfmotors1 ($0 in chips) is sitting out
Seat 1: straightman77 ($99.50 in chips) 
Seat 2: Maks Bavenko ($100.90 in chips) 
Seat 3: yzuk ($100 in chips) 
Seat 4: treds17 ($100 in chips) 
Seat 6: BoyLoc0 ($251.35 in chips) 
Maks Bavenko: posts small blind $0.50
yzuk: posts big blind $1
*** HOLE CARDS ***
treds17: raises $1.20 to $2.20
BoyLoc0: folds 
straightman77: folds 
Maks Bavenko: folds 
yzuk: folds 
Uncalled bet ($1.20) returned to treds17
treds17 collected $2.50 from pot
treds17: doesn't show hand 
*** SUMMARY ***
Total pot $2.50 | Rake $0 
Seat 5: lfmotors1
Seat 1: straightman77 (button) folded before Flop (didn't bet)
Seat 2: Maks Bavenko (small blind) folded before Flop
Seat 3: yzuk (big blind) folded before Flop
Seat 4: treds17 collected ($2.50)
Seat 6: BoyLoc0 folded before Flop (didn't bet)



PokerStars Hand #254551002468:  Hold'em No Limit ($0.50/$1.00 USD) - 2025/01/25 20:11:15 WET [2025/01/25 15:11:15 ET]
Table 'Merxia IV' 6-max Seat #2 is the button
Seat 5: lfmotors1 ($0 in chips) is sitting out
Seat 1: straightman77 ($99.50 in chips) 
Seat 2: Maks Bavenko ($100.40 in chips) 
Seat 3: yzuk ($100 in chips) 
Seat 4: treds17 ($101.50 in chips) 
Seat 6: BoyLoc0 ($251.35 in chips) 
yzuk: posts small blind $0.50
treds17: posts big blind $1
*** HOLE CARDS ***
BoyLoc0: folds 
straightman77: folds 
Maks Bavenko: folds 
yzuk: folds 
Uncalled bet ($0.50) returned to treds17
treds17 collected $1 from pot
treds17: doesn't show hand 
*** SUMMARY ***
Total pot $1 | Rake $0 
Seat 5: lfmotors1
Seat 1: straightman77 folded before Flop (didn't bet)
Seat 2: Maks Bavenko (button) folded before Flop (didn't bet)
Seat 3: yzuk (small blind) folded before Flop
Seat 4: treds17 (big blind) collected ($1)
Seat 6: BoyLoc0 folded before Flop (didn't bet)



PokerStars Hand #254551005325:  Hold'em No Limit ($0.50/$1.00 USD) - 2025/01/25 20:11:25 WET [2025/01/25 15:11:25 ET]
Table 'Merxia IV' 6-max Seat #3 is the button
Seat 5: lfmotors1 ($0 in chips) is sitting out
Seat 1: straightman77 ($99.50 in chips) 
Seat 2: Maks Bavenko ($100.40 in chips) 
Seat 3: yzuk ($100 in chips) 
Seat 4: treds17 ($102 in chips) 
Seat 6: BoyLoc0 ($251.35 in chips) 
treds17: posts small blind $0.50
BoyLoc0: posts big blind $1
*** HOLE CARDS ***
straightman77: calls $1
Maks Bavenko: folds 
yzuk: raises $2.50 to $3.50
lfmotors1 leaves the table
treds17: folds 
BoyLoc0: folds 
straightman77: calls $2.50
*** FLOP *** [Js Ac 4c]
straightman77: checks 
yzuk: checks 
*** TURN *** [Js Ac 4c] [4d]
straightman77: bets $3
yzuk: folds 
Uncalled bet ($3) returned to straightman77
straightman77 collected $8.08 from pot
straightman77: doesn't show hand 
*** SUMMARY ***
Total pot $8.50 | Rake $0.42 
Board [Js Ac 4c 4d]
Seat 5: lfmotors1
Seat 1: straightman77 collected ($8.08)
Seat 2: Maks Bavenko folded before Flop (didn't bet)
Seat 3: yzuk (button) folded on the Turn
Seat 4: treds17 (small blind) folded before Flop
Seat 6: BoyLoc0 (big blind) folded before Flop



PokerStars Hand #254551015903:  Hold'em No Limit ($0.50/$1.00 USD) - 2025/01/25 20:12:00 WET [2025/01/25 15:12:00 ET]
Table 'Merxia IV' 6-max Seat #4 is the button
Seat 1: straightman77 ($104.08 in chips) 
Seat 2: Maks Bavenko ($100.40 in chips) 
Seat 3: yzuk ($100 in chips) 
Seat 4: treds17 ($101.50 in chips) 
Seat 6: BoyLoc0 ($250.35 in chips) 
BoyLoc0: posts small blind $0.50
straightman77: posts big blind $1
*** HOLE CARDS ***
Maks Bavenko: raises $1.50 to $2.50
yzuk: folds 
treds17: folds 
BoyLoc0: calls $2
straightman77: folds 
*** FLOP *** [6s Jh Kh]
BoyLoc0: checks 
Maks Bavenko: bets $1.71
BoyLoc0: calls $1.71
*** TURN *** [6s Jh Kh] [3c]
BoyLoc0: checks 
Maks Bavenko: checks 
*** RIVER *** [6s Jh Kh 3c] [4s]
YeeesMan joins the table at seat #5 
BoyLoc0: bets $2.95
Maks Bavenko: calls $2.95
*** SHOW DOWN ***
BoyLoc0: shows [Jd As] (a pair of Jacks)
Maks Bavenko: mucks hand 
BoyLoc0 collected $14.55 from pot
*** SUMMARY ***
Total pot $15.32 | Rake $0.77 
Board [6s Jh Kh 3c 4s]
Seat 1: straightman77 (big blind) folded before Flop
Seat 2: Maks Bavenko mucked
Seat 3: yzuk folded before Flop (didn't bet)
Seat 4: treds17 (button) folded before Flop (didn't bet)
Seat 6: BoyLoc0 (small blind) showed [Jd As] and won ($14.55) with a pair of Jacks



PokerStars Hand #254551031511:  Hold'em No Limit ($0.50/$1.00 USD) - 2025/01/25 20:12:52 WET [2025/01/25 15:12:52 ET]
Table 'Merxia IV' 6-max Seat #6 is the button
Seat 5: YeeesMan ($100 in chips) is sitting out
Seat 1: straightman77 ($103.08 in chips) 
Seat 2: Maks Bavenko ($100 in chips) 
Seat 3: yzuk ($100 in chips) 
Seat 4: treds17 ($101.50 in chips) 
Seat 6: BoyLoc0 ($257.74 in chips) 
straightman77: posts small blind $0.50
Maks Bavenko: posts big blind $1
YeeesMan: sits out 
*** HOLE CARDS ***
yzuk: folds 
treds17: raises $1.30 to $2.30
BoyLoc0: folds 
straightman77: folds 
Maks Bavenko: folds 
Uncalled bet ($1.30) returned to treds17
treds17 collected $2.50 from pot
treds17: doesn't show hand 
*** SUMMARY ***
Total pot $2.50 | Rake $0 
Seat 5: YeeesMan
Seat 1: straightman77 (small blind) folded before Flop
Seat 2: Maks Bavenko (big blind) folded before Flop
Seat 3: yzuk folded before Flop (didn't bet)
Seat 4: treds17 collected ($2.50)
Seat 6: BoyLoc0 (button) folded before Flop (didn't bet)



PokerStars Hand #254551036109:  Hold'em No Limit ($0.50/$1.00 USD) - 2025/01/25 20:13:07 WET [2025/01/25 15:13:07 ET]
Table 'Merxia IV' 6-max Seat #1 is the button
Seat 5: YeeesMan ($100 in chips) is sitting out
Seat 1: straightman77 ($102.58 in chips) 
Seat 2: Maks Bavenko ($100 in chips) 
Seat 3: yzuk ($100 in chips) 
Seat 4: treds17 ($103 in chips) 
Seat 6: BoyLoc0 ($257.74 in chips) 
Maks Bavenko: posts small blind $0.50
yzuk: posts big blind $1
YeeesMan: sits out 
*** HOLE CARDS ***
treds17: folds 
BoyLoc0: folds 
straightman77: raises $1 to $2
Maks Bavenko: folds 
yzuk: raises $10 to $12
straightman77: folds 
Uncalled bet ($10) returned to yzuk
yzuk collected $4.50 from pot
yzuk: doesn't show hand 
*** SUMMARY ***
Total pot $4.50 | Rake $0 
Seat 5: YeeesMan
Seat 1: straightman77 (button) folded before Flop
Seat 2: Maks Bavenko (small blind) folded before Flop
Seat 3: yzuk (big blind) collected ($4.50)
Seat 4: treds17 folded before Flop (didn't bet)
Seat 6: BoyLoc0 folded before Flop (didn't bet)



PokerStars Hand #254551043887:  Hold'em No Limit ($0.50/$1.00 USD) - 2025/01/25 20:13:34 WET [2025/01/25 15:13:34 ET]
Table 'Merxia IV' 6-max Seat #2 is the button
Seat 5: YeeesMan ($100 in chips) is sitting out
Seat 1: straightman77 ($100.58 in chips) 
Seat 2: Maks Bavenko ($100 in chips) 
Seat 3: yzuk ($102.50 in chips) 
Seat 4: treds17 ($103 in chips) 
Seat 6: BoyLoc0 ($257.74 in chips) 
yzuk: posts small blind $0.50
treds17: posts big blind $1
YeeesMan: sits out 
*** HOLE CARDS ***
BoyLoc0: folds 
straightman77: folds 
Maks Bavenko: folds 
yzuk: folds 
Uncalled bet ($0.50) returned to treds17
treds17 collected $1 from pot
treds17: doesn't show hand 
*** SUMMARY ***
Total pot $1 | Rake $0 
Seat 5: YeeesMan
Seat 1: straightman77 folded before Flop (didn't bet)
Seat 2: Maks Bavenko (button) folded before Flop (didn't bet)
Seat 3: yzuk (small blind) folded before Flop
Seat 4: treds17 (big blind) collected ($1)
Seat 6: BoyLoc0 folded before Flop (didn't bet)



PokerStars Hand #254551046036:  Hold'em No Limit ($0.50/$1.00 USD) - 2025/01/25 20:13:41 WET [2025/01/25 15:13:41 ET]
Table 'Merxia IV' 6-max Seat #3 is the button
Seat 1: straightman77 ($100.58 in chips) 
Seat 2: Maks Bavenko ($100 in chips) 
Seat 3: yzuk ($102 in chips) 
Seat 4: treds17 ($103.50 in chips) 
Seat 5: YeeesMan ($100 in chips) 
Seat 6: BoyLoc0 ($257.74 in chips) 
treds17: posts small blind $0.50
YeeesMan: posts big blind $1
*** HOLE CARDS ***
BoyLoc0: raises $1.50 to $2.50
straightman77: folds 
Maks Bavenko: folds 
yzuk: folds 
treds17: folds 
YeeesMan: folds 
Uncalled bet ($1.50) returned to BoyLoc0
BoyLoc0 collected $2.50 from pot
BoyLoc0: doesn't show hand 
*** SUMMARY ***
Total pot $2.50 | Rake $0 
Seat 1: straightman77 folded before Flop (didn't bet)
Seat 2: Maks Bavenko folded before Flop (didn't bet)
Seat 3: yzuk (button) folded before Flop (didn't bet)
Seat 4: treds17 (small blind) folded before Flop
Seat 5: YeeesMan (big blind) folded before Flop
Seat 6: BoyLoc0 collected ($2.50)



PokerStars Hand #254551055211:  Hold'em No Limit ($0.50/$1.00 USD) - 2025/01/25 20:14:12 WET [2025/01/25 15:14:12 ET]
Table 'Merxia IV' 6-max Seat #4 is the button
Seat 1: straightman77 ($100.58 in chips) 
Seat 2: Maks Bavenko ($100 in chips) 
Seat 3: yzuk ($102 in chips) 
Seat 4: treds17 ($103 in chips) 
Seat 5: YeeesMan ($100 in chips) 
Seat 6: BoyLoc0 ($259.24 in chips) 
YeeesMan: posts small blind $0.50
BoyLoc0: posts big blind $1
*** HOLE CARDS ***
straightman77: folds 
Maks Bavenko: folds 
yzuk: folds 
straightman77 leaves the table
treds17: folds 
YeeesMan: raises $2 to $3
BoyLoc0: calls $2
*** FLOP *** [Qs 8h 7h]
sta$igk joins the table at seat #1 
YeeesMan: checks 
BoyLoc0: checks 
*** TURN *** [Qs 8h 7h] [Qh]
YeeesMan: checks 
BoyLoc0: checks 
*** RIVER *** [Qs 8h 7h Qh] [Th]
YeeesMan: bets $1.88
BoyLoc0: raises $9.10 to $10.98
YeeesMan: folds 
Uncalled bet ($9.10) returned to BoyLoc0
BoyLoc0 collected $9.27 from pot
BoyLoc0: doesn't show hand 
*** SUMMARY ***
Total pot $9.76 | Rake $0.49 
Board [Qs 8h 7h Qh Th]
Seat 1: straightman77 folded before Flop (didn't bet)
Seat 2: Maks Bavenko folded before Flop (didn't bet)
Seat 3: yzuk folded before Flop (didn't bet)
Seat 4: treds17 (button) folded before Flop (didn't bet)
Seat 5: YeeesMan (small blind) folded on the River
Seat 6: BoyLoc0 (big blind) collected ($9.27)



PokerStars Hand #254551078459:  Hold'em No Limit ($0.50/$1.00 USD) - 2025/01/25 20:15:29 WET [2025/01/25 15:15:29 ET]
Table 'Merxia IV' 6-max Seat #5 is the button
Seat 1: sta$igk ($100 in chips) 
Seat 2: Maks Bavenko ($100 in chips) 
Seat 3: yzuk ($102 in chips) 
Seat 4: treds17 ($103 in chips) 
Seat 5: YeeesMan ($100 in chips) 
Seat 6: BoyLoc0 ($263.63 in chips) 
BoyLoc0: posts small blind $0.50
sta$igk: posts big blind $1
*** HOLE CARDS ***
Maks Bavenko: folds 
yzuk: folds 
treds17: folds 
YeeesMan: raises $1.50 to $2.50
BoyLoc0: folds 
sta$igk: folds 
Uncalled bet ($1.50) returned to YeeesMan
YeeesMan collected $2.50 from pot
YeeesMan: doesn't show hand 
*** SUMMARY ***
Total pot $2.50 | Rake $0 
Seat 1: sta$igk (big blind) folded before Flop
Seat 2: Maks Bavenko folded before Flop (didn't bet)
Seat 3: yzuk folded before Flop (didn't bet)
Seat 4: treds17 folded before Flop (didn't bet)
Seat 5: YeeesMan (button) collected ($2.50)
Seat 6: BoyLoc0 (small blind) folded before Flop



PokerStars Hand #254551084309:  Hold'em No Limit ($0.50/$1.00 USD) - 2025/01/25 20:15:48 WET [2025/01/25 15:15:48 ET]
Table 'Merxia IV' 6-max Seat #6 is the button
Seat 2: Maks Bavenko ($100 in chips) is sitting out
Seat 1: sta$igk ($100 in chips) 
Seat 3: yzuk ($102 in chips) 
Seat 4: treds17 ($103 in chips) 
Seat 5: YeeesMan ($101.50 in chips) 
Seat 6: BoyLoc0 ($263.13 in chips) 
sta$igk: posts small blind $0.50
Maks Bavenko: is sitting out 
yzuk: posts big blind $1
*** HOLE CARDS ***
treds17: raises $1.20 to $2.20
YeeesMan: folds 
Maks Bavenko leaves the table
BoyLoc0: folds 
sta$igk: folds 
yzuk: folds 
Uncalled bet ($1.20) returned to treds17
treds17 collected $2.50 from pot
treds17: doesn't show hand 
*** SUMMARY ***
Total pot $2.50 | Rake $0 
Seat 2: Maks Bavenko
Seat 1: sta$igk (small blind) folded before Flop
Seat 3: yzuk (big blind) folded before Flop
Seat 4: treds17 collected ($2.50)
Seat 5: YeeesMan folded before Flop (didn't bet)
Seat 6: BoyLoc0 (button) folded before Flop (didn't bet)



PokerStars Hand #254551091546:  Hold'em No Limit ($0.50/$1.00 USD) - 2025/01/25 20:16:12 WET [2025/01/25 15:16:12 ET]
Table 'Merxia IV' 6-max Seat #1 is the button
Seat 4: treds17 ($104.50 in chips) is sitting out
Seat 5: YeeesMan ($101.50 in chips) is sitting out
Seat 1: sta$igk ($100 in chips) 
Seat 3: yzuk ($101 in chips) 
Seat 6: BoyLoc0 ($263.13 in chips) 
yzuk: posts small blind $0.50
treds17: is sitting out 
YeeesMan: is sitting out 
BoyLoc0: posts big blind $1
*** HOLE CARDS ***
sta$igk: folds 
treds17 leaves the table
sta$igk leaves the table
yzuk: raises $2 to $3
BoyLoc0: calls $2
*** FLOP *** [6h 4d 3s]
yzuk: checks 
BoyLoc0: checks 
*** TURN *** [6h 4d 3s] [3h]
YeeesMan leaves the table
yzuk: checks 
BoyLoc0: checks 
*** RIVER *** [6h 4d 3s 3h] [Ac]
yzuk: checks 
BoyLoc0: checks 
*** SHOW DOWN ***
yzuk: shows [Kh Js] (a pair of Threes)
BoyLoc0: mucks hand 
yzuk collected $5.70 from pot
*** SUMMARY ***
Total pot $6 | Rake $0.30 
Board [6h 4d 3s 3h Ac]
Seat 4: treds17
Seat 5: YeeesMan
Seat 1: sta$igk (button) folded before Flop (didn't bet)
Seat 3: yzuk (small blind) showed [Kh Js] and won ($5.70) with a pair of Threes
Seat 6: BoyLoc0 (big blind) mucked



