PokerStars Hand #254552863604:  Hold'em No Limit ($0.50/$1.00 USD) - 2025/01/25 21:58:15 WET [2025/01/25 16:58:15 ET]
Table 'Dorothea IV' 6-max Seat #5 is the button
Seat 1: straightman77 ($0 in chips) is sitting out
Seat 3: blistein ($100 in chips) is sitting out
Seat 2: Mr_Dick666 ($100 in chips) 
Seat 4: Manifestorr ($100 in chips) 
Seat 5: nikalas22 ($197.50 in chips) 
Seat 6: mr.Jckpot ($100 in chips) 
mr.Jckpot: posts small blind $0.50
Mr_Dick666: posts big blind $1
blistein: sits out 
*** HOLE CARDS ***
Manifestorr: folds 
nikalas22: folds 
straightman77 leaves the table
mr.Jckpot: folds 
Uncalled bet ($0.50) returned to Mr_Dick666
Mr_Dick666 collected $1 from pot
Mr_Dick666: doesn't show hand 
*** SUMMARY ***
Total pot $1 | Rake $0 
Seat 1: straightman77
Seat 3: blistein
Seat 2: Mr_Dick666 (big blind) collected ($1)
Seat 4: Manifestorr folded before Flop (didn't bet)
Seat 5: nikalas22 (button) folded before Flop (didn't bet)
Seat 6: mr.Jckpot (small blind) folded before Flop



PokerStars Hand #254552865674:  Hold'em No Limit ($0.50/$1.00 USD) - 2025/01/25 21:58:25 WET [2025/01/25 16:58:25 ET]
Table 'Dorothea IV' 6-max Seat #6 is the button
Seat 2: Mr_Dick666 ($100.50 in chips) 
Seat 3: blistein ($100 in chips) 
Seat 4: Manifestorr ($100 in chips) 
Seat 5: nikalas22 ($197.50 in chips) 
Seat 6: mr.Jckpot ($100 in chips) 
Mr_Dick666: posts small blind $0.50
blistein: posts big blind $1
*** HOLE CARDS ***
Manifestorr: folds 
nikalas22: raises $1.50 to $2.50
mr.Jckpot: raises $5 to $7.50
Mr_Dick666: folds 
blistein: folds 
gohome78 joins the table at seat #1 
nikalas22: calls $5
*** FLOP *** [8s Ts 7c]
nikalas22: checks 
mr.Jckpot: bets $5.17
nikalas22: folds 
Uncalled bet ($5.17) returned to mr.Jckpot
mr.Jckpot collected $15.68 from pot
mr.Jckpot: doesn't show hand 
*** SUMMARY ***
Total pot $16.50 | Rake $0.82 
Board [8s Ts 7c]
Seat 2: Mr_Dick666 (small blind) folded before Flop
Seat 3: blistein (big blind) folded before Flop
Seat 4: Manifestorr folded before Flop (didn't bet)
Seat 5: nikalas22 folded on the Flop
Seat 6: mr.Jckpot (button) collected ($15.68)



PokerStars Hand #254552873390:  Hold'em No Limit ($0.50/$1.00 USD) - 2025/01/25 21:59:02 WET [2025/01/25 16:59:02 ET]
Table 'Dorothea IV' 6-max Seat #2 is the button
Seat 1: gohome78 ($10 in chips) is sitting out
Seat 2: Mr_Dick666 ($100 in chips) 
Seat 3: blistein ($100 in chips) 
Seat 4: Manifestorr ($100 in chips) 
Seat 5: nikalas22 ($190 in chips) 
Seat 6: mr.Jckpot ($108.18 in chips) 
blistein: posts small blind $0.50
Manifestorr: posts big blind $1
gohome78: sits out 
*** HOLE CARDS ***
nikalas22: folds 
mr.Jckpot: folds 
Mr_Dick666: folds 
blistein: folds 
Uncalled bet ($0.50) returned to Manifestorr
Manifestorr collected $1 from pot
*** SUMMARY ***
Total pot $1 | Rake $0 
Seat 1: gohome78
Seat 2: Mr_Dick666 (button) folded before Flop (didn't bet)
Seat 3: blistein (small blind) folded before Flop
Seat 4: Manifestorr (big blind) collected ($1)
Seat 5: nikalas22 folded before Flop (didn't bet)
Seat 6: mr.Jckpot folded before Flop (didn't bet)



PokerStars Hand #254552877974:  Hold'em No Limit ($0.50/$1.00 USD) - 2025/01/25 21:59:24 WET [2025/01/25 16:59:24 ET]
Table 'Dorothea IV' 6-max Seat #3 is the button
Seat 1: gohome78 ($10 in chips) is sitting out
Seat 5: nikalas22 ($190 in chips) is sitting out
Seat 2: Mr_Dick666 ($100 in chips) 
Seat 3: blistein ($100 in chips) 
Seat 4: Manifestorr ($100.50 in chips) 
Seat 6: mr.Jckpot ($108.18 in chips) 
Manifestorr: posts small blind $0.50
nikalas22: is sitting out 
mr.Jckpot: posts big blind $1
gohome78: sits out 
*** HOLE CARDS ***
nikalas22 leaves the table
Mr_Dick666: folds 
blistein: raises $1.50 to $2.50
Manifestorr: folds 
mr.Jckpot: folds 
Uncalled bet ($1.50) returned to blistein
blistein collected $2.50 from pot
blistein: doesn't show hand 
*** SUMMARY ***
Total pot $2.50 | Rake $0 
Seat 1: gohome78
Seat 5: nikalas22
Seat 2: Mr_Dick666 folded before Flop (didn't bet)
Seat 3: blistein (button) collected ($2.50)
Seat 4: Manifestorr (small blind) folded before Flop
Seat 6: mr.Jckpot (big blind) folded before Flop



PokerStars Hand #254552881290:  Hold'em No Limit ($0.50/$1.00 USD) - 2025/01/25 21:59:39 WET [2025/01/25 16:59:39 ET]
Table 'Dorothea IV' 6-max Seat #4 is the button
Seat 1: gohome78 ($10 in chips) 
Seat 2: Mr_Dick666 ($100 in chips) 
Seat 3: blistein ($101.50 in chips) 
Seat 4: Manifestorr ($100 in chips) 
Seat 6: mr.Jckpot ($107.18 in chips) 
mr.Jckpot: posts small blind $0.50
gohome78: posts big blind $1
*** HOLE CARDS ***
Mr_Dick666: folds 
blistein: folds 
Manifestorr: raises $1.20 to $2.20
mr.Jckpot: folds 
gohome78: folds 
Uncalled bet ($1.20) returned to Manifestorr
Manifestorr collected $2.50 from pot
*** SUMMARY ***
Total pot $2.50 | Rake $0 
Seat 1: gohome78 (big blind) folded before Flop
Seat 2: Mr_Dick666 folded before Flop (didn't bet)
Seat 3: blistein folded before Flop (didn't bet)
Seat 4: Manifestorr (button) collected ($2.50)
Seat 6: mr.Jckpot (small blind) folded before Flop



PokerStars Hand #254553030864:  Hold'em No Limit ($0.50/$1.00 USD) - 2025/01/25 22:08:43 WET [2025/01/25 17:08:43 ET]
Table 'Dorothea IV' 6-max Seat #1 is the button
Seat 3: BoyLoc0 ($100 in chips) is sitting out
Seat 1: vadjkeee ($116.54 in chips) 
Seat 2: Mr_Dick666 ($100 in chips) 
Seat 5: nikalas22 ($186.55 in chips) 
Seat 6: Dr. Fvinagre ($13.16 in chips) 
Mr_Dick666: posts small blind $0.50
BoyLoc0: is sitting out 
nikalas22: posts big blind $1
*** HOLE CARDS ***
BoyLoc0 leaves the table
Dr. Fvinagre: folds 
vadjkeee: folds 
Mr_Dick666: folds 
Uncalled bet ($0.50) returned to nikalas22
nikalas22 collected $1 from pot
nikalas22: doesn't show hand 
*** SUMMARY ***
Total pot $1 | Rake $0 
Seat 3: BoyLoc0
Seat 1: vadjkeee (button) folded before Flop (didn't bet)
Seat 2: Mr_Dick666 (small blind) folded before Flop
Seat 5: nikalas22 (big blind) collected ($1)
Seat 6: Dr. Fvinagre folded before Flop (didn't bet)



PokerStars Hand #254553034463:  Hold'em No Limit ($0.50/$1.00 USD) - 2025/01/25 22:08:55 WET [2025/01/25 17:08:55 ET]
Table 'Dorothea IV' 6-max Seat #2 is the button
Seat 1: vadjkeee ($116.54 in chips) 
Seat 2: Mr_Dick666 ($100 in chips) 
Seat 5: nikalas22 ($187.05 in chips) 
Seat 6: Dr. Fvinagre ($13.16 in chips) 
nikalas22: posts small blind $0.50
Dr. Fvinagre: posts big blind $1
*** HOLE CARDS ***
vadjkeee: raises $1.50 to $2.50
Mr_Dick666: folds 
nikalas22: folds 
Dr. Fvinagre: folds 
Uncalled bet ($1.50) returned to vadjkeee
vadjkeee collected $2.50 from pot
vadjkeee: doesn't show hand 
*** SUMMARY ***
Total pot $2.50 | Rake $0 
Seat 1: vadjkeee collected ($2.50)
Seat 2: Mr_Dick666 (button) folded before Flop (didn't bet)
Seat 5: nikalas22 (small blind) folded before Flop
Seat 6: Dr. Fvinagre (big blind) folded before Flop



PokerStars Hand #254553039003:  Hold'em No Limit ($0.50/$1.00 USD) - 2025/01/25 22:09:11 WET [2025/01/25 17:09:11 ET]
Table 'Dorothea IV' 6-max Seat #6 is the button
Seat 1: vadjkeee ($118.04 in chips) is sitting out
Seat 2: Mr_Dick666 ($100 in chips) is sitting out
Seat 5: nikalas22 ($186.55 in chips) 
Seat 6: Dr. Fvinagre ($12.16 in chips) 
Dr. Fvinagre: posts small blind $0.50
vadjkeee: is sitting out 
Mr_Dick666: is sitting out 
nikalas22: posts big blind $1
*** HOLE CARDS ***
Mr_Dick666 leaves the table
Dr. Fvinagre: calls $0.50
vadjkeee leaves the table
nikalas22: raises $2 to $3
Dr. Fvinagre: calls $2
*** FLOP *** [4h Qh 5d]
nikalas22: checks 
Dr. Fvinagre: checks 
*** TURN *** [4h Qh 5d] [9s]
nikalas22: checks 
Dr. Fvinagre: checks 
*** RIVER *** [4h Qh 5d 9s] [Qc]
nikalas22: checks 
Dr. Fvinagre: checks 
*** SHOW DOWN ***
nikalas22: shows [7d Ac] (a pair of Queens)
Dr. Fvinagre: mucks hand 
nikalas22 collected $5.70 from pot
*** SUMMARY ***
Total pot $6 | Rake $0.30 
Board [4h Qh 5d 9s Qc]
Seat 1: vadjkeee
Seat 2: Mr_Dick666
Seat 5: nikalas22 (big blind) showed [7d Ac] and won ($5.70) with a pair of Queens
Seat 6: Dr. Fvinagre (button) (small blind) mucked



PokerStars Hand #254553047601:  Hold'em No Limit ($0.50/$1.00 USD) - 2025/01/25 22:09:41 WET [2025/01/25 17:09:41 ET]
Table 'Dorothea IV' 6-max Seat #5 is the button
Seat 5: nikalas22 ($189.25 in chips) 
Seat 6: Dr. Fvinagre ($9.16 in chips) 
nikalas22: posts small blind $0.50
Dr. Fvinagre: posts big blind $1
*** HOLE CARDS ***
nikalas22: raises $1.50 to $2.50
Dr. Fvinagre: raises $6.66 to $9.16 and is all-in
nikalas22: folds 
Uncalled bet ($6.66) returned to Dr. Fvinagre
Dr. Fvinagre collected $5 from pot
*** SUMMARY ***
Total pot $5 | Rake $0 
Seat 5: nikalas22 (button) (small blind) folded before Flop
Seat 6: Dr. Fvinagre (big blind) collected ($5)



PokerStars Hand #254553067980:  Hold'em No Limit ($0.50/$1.00 USD) - 2025/01/25 22:10:53 WET [2025/01/25 17:10:53 ET]
Table 'Dorothea IV' 6-max Seat #6 is the button
Seat 5: nikalas22 ($186.75 in chips) is sitting out
Seat 4: Unipoker11 ($100 in chips) 
Seat 6: Dr. Fvinagre ($11.66 in chips) 
Dr. Fvinagre: posts small blind $0.50
Unipoker11: posts big blind $1
*** HOLE CARDS ***
Dr. Fvinagre: calls $0.50
Unipoker11: checks 
*** FLOP *** [8c 3c 4c]
Unipoker11: checks 
Dr. Fvinagre: bets $1
Unipoker11: folds 
Uncalled bet ($1) returned to Dr. Fvinagre
Dr. Fvinagre collected $1.90 from pot
*** SUMMARY ***
Total pot $2 | Rake $0.10 
Board [8c 3c 4c]
Seat 5: nikalas22
Seat 4: Unipoker11 (big blind) folded on the Flop
Seat 6: Dr. Fvinagre (button) (small blind) collected ($1.90)



PokerStars Hand #254553079060:  Hold'em No Limit ($0.50/$1.00 USD) - 2025/01/25 22:11:32 WET [2025/01/25 17:11:32 ET]
Table 'Dorothea IV' 6-max Seat #6 is the button
Seat 4: Unipoker11 ($100 in chips) 
Seat 5: nikalas22 ($186.75 in chips) 
Seat 6: Dr. Fvinagre ($12.56 in chips) 
Unipoker11: posts small blind $0.50
nikalas22: posts big blind $1
*** HOLE CARDS ***
Dr. Fvinagre: folds 
Unipoker11: folds 
Uncalled bet ($0.50) returned to nikalas22
nikalas22 collected $1 from pot
nikalas22: doesn't show hand 
*** SUMMARY ***
Total pot $1 | Rake $0 
Seat 4: Unipoker11 (small blind) folded before Flop
Seat 5: nikalas22 (big blind) collected ($1)
Seat 6: Dr. Fvinagre (button) folded before Flop (didn't bet)



PokerStars Hand #254553081304:  Hold'em No Limit ($0.50/$1.00 USD) - 2025/01/25 22:11:40 WET [2025/01/25 17:11:40 ET]
Table 'Dorothea IV' 6-max Seat #4 is the button
Seat 4: Unipoker11 ($100 in chips) 
Seat 5: nikalas22 ($187.25 in chips) 
Seat 6: Dr. Fvinagre ($12.56 in chips) 
nikalas22: posts small blind $0.50
Dr. Fvinagre: posts big blind $1
*** HOLE CARDS ***
Unipoker11: folds 
nikalas22: folds 
Uncalled bet ($0.50) returned to Dr. Fvinagre
Dr. Fvinagre collected $1 from pot
*** SUMMARY ***
Total pot $1 | Rake $0 
Seat 4: Unipoker11 (button) folded before Flop (didn't bet)
Seat 5: nikalas22 (small blind) folded before Flop
Seat 6: Dr. Fvinagre (big blind) collected ($1)



PokerStars Hand #254553085299:  Hold'em No Limit ($0.50/$1.00 USD) - 2025/01/25 22:11:54 WET [2025/01/25 17:11:54 ET]
Table 'Dorothea IV' 6-max Seat #5 is the button
Seat 4: Unipoker11 ($100 in chips) 
Seat 5: nikalas22 ($186.75 in chips) 
Seat 6: Dr. Fvinagre ($13.06 in chips) 
Dr. Fvinagre: posts small blind $0.50
Unipoker11: posts big blind $1
*** HOLE CARDS ***
nikalas22: folds 
Dr. Fvinagre: folds 
Uncalled bet ($0.50) returned to Unipoker11
Unipoker11 collected $1 from pot
Unipoker11: doesn't show hand 
*** SUMMARY ***
Total pot $1 | Rake $0 
Seat 4: Unipoker11 (big blind) collected ($1)
Seat 5: nikalas22 (button) folded before Flop (didn't bet)
Seat 6: Dr. Fvinagre (small blind) folded before Flop



PokerStars Hand #254553087848:  Hold'em No Limit ($0.50/$1.00 USD) - 2025/01/25 22:12:03 WET [2025/01/25 17:12:03 ET]
Table 'Dorothea IV' 6-max Seat #6 is the button
Seat 4: Unipoker11 ($100.50 in chips) 
Seat 5: nikalas22 ($186.75 in chips) 
Seat 6: Dr. Fvinagre ($12.56 in chips) 
Unipoker11: posts small blind $0.50
nikalas22: posts big blind $1
*** HOLE CARDS ***
Dr. Fvinagre: raises $11.56 to $12.56 and is all-in
Unipoker11: folds 
nikalas22: folds 
Uncalled bet ($11.56) returned to Dr. Fvinagre
Dr. Fvinagre collected $2.50 from pot
*** SUMMARY ***
Total pot $2.50 | Rake $0 
Seat 4: Unipoker11 (small blind) folded before Flop
Seat 5: nikalas22 (big blind) folded before Flop
Seat 6: Dr. Fvinagre (button) collected ($2.50)



PokerStars Hand #254553092496:  Hold'em No Limit ($0.50/$1.00 USD) - 2025/01/25 22:12:19 WET [2025/01/25 17:12:19 ET]
Table 'Dorothea IV' 6-max Seat #4 is the button
Seat 4: Unipoker11 ($100 in chips) 
Seat 5: nikalas22 ($185.75 in chips) 
Seat 6: Dr. Fvinagre ($14.06 in chips) 
nikalas22: posts small blind $0.50
Dr. Fvinagre: posts big blind $1
*** HOLE CARDS ***
Unipoker11: folds 
nikalas22: raises $184.75 to $185.75 and is all-in
Dr. Fvinagre: folds 
Uncalled bet ($184.75) returned to nikalas22
nikalas22 collected $2 from pot
nikalas22: doesn't show hand 
*** SUMMARY ***
Total pot $2 | Rake $0 
Seat 4: Unipoker11 (button) folded before Flop (didn't bet)
Seat 5: nikalas22 (small blind) collected ($2)
Seat 6: Dr. Fvinagre (big blind) folded before Flop



PokerStars Hand #254553096355:  Hold'em No Limit ($0.50/$1.00 USD) - 2025/01/25 22:12:33 WET [2025/01/25 17:12:33 ET]
Table 'Dorothea IV' 6-max Seat #5 is the button
Seat 4: Unipoker11 ($100 in chips) 
Seat 5: nikalas22 ($186.75 in chips) 
Seat 6: Dr. Fvinagre ($13.06 in chips) 
Dr. Fvinagre: posts small blind $0.50
Unipoker11: posts big blind $1
*** HOLE CARDS ***
nikalas22: folds 
Dr. Fvinagre: raises $12.06 to $13.06 and is all-in
finnargoo joins the table at seat #1 
finnargoo is disconnected 
mariofcd joins the table at seat #2 
Unipoker11: folds 
Uncalled bet ($12.06) returned to Dr. Fvinagre
Dr. Fvinagre collected $2 from pot
*** SUMMARY ***
Total pot $2 | Rake $0 
Seat 4: Unipoker11 (big blind) folded before Flop
Seat 5: nikalas22 (button) folded before Flop (didn't bet)
Seat 6: Dr. Fvinagre (small blind) collected ($2)



PokerStars Hand #254553103108:  Hold'em No Limit ($0.50/$1.00 USD) - 2025/01/25 22:12:56 WET [2025/01/25 17:12:56 ET]
Table 'Dorothea IV' 6-max Seat #6 is the button
Seat 1: finnargoo ($99.11 in chips) is sitting out
Seat 2: mariofcd ($100 in chips) is sitting out
Seat 4: Unipoker11 ($100 in chips) 
Seat 5: nikalas22 ($186.75 in chips) 
Seat 6: Dr. Fvinagre ($14.06 in chips) 
Unipoker11: posts small blind $0.50
nikalas22: posts big blind $1
*** HOLE CARDS ***
z00mba joins the table at seat #3 
Dr. Fvinagre: raises $13.06 to $14.06 and is all-in
Unipoker11: folds 
nikalas22: folds 
Uncalled bet ($13.06) returned to Dr. Fvinagre
Dr. Fvinagre collected $2.50 from pot
*** SUMMARY ***
Total pot $2.50 | Rake $0 
Seat 1: finnargoo
Seat 2: mariofcd
Seat 4: Unipoker11 (small blind) folded before Flop
Seat 5: nikalas22 (big blind) folded before Flop
Seat 6: Dr. Fvinagre (button) collected ($2.50)



PokerStars Hand #254553109316:  Hold'em No Limit ($0.50/$1.00 USD) - 2025/01/25 22:13:18 WET [2025/01/25 17:13:18 ET]
Table 'Dorothea IV' 6-max Seat #4 is the button
Seat 2: mariofcd ($100 in chips) is sitting out
Seat 3: z00mba ($100 in chips) is sitting out
Seat 1: finnargoo ($99.11 in chips) 
Seat 4: Unipoker11 ($100 in chips) 
Seat 5: nikalas22 ($185.75 in chips) 
Seat 6: Dr. Fvinagre ($15.56 in chips) 
nikalas22: posts small blind $0.50
Dr. Fvinagre: posts big blind $1
finnargoo: posts big blind $1
mariofcd: sits out 
z00mba: sits out 
*** HOLE CARDS ***
finnargoo: checks 
Unipoker11: raises $2.50 to $3.50
nikalas22: folds 
Dr. Fvinagre: folds 
finnargoo: folds 
Uncalled bet ($2.50) returned to Unipoker11
Unipoker11 collected $3.50 from pot
Unipoker11: doesn't show hand 
*** SUMMARY ***
Total pot $3.50 | Rake $0 
Seat 2: mariofcd
Seat 3: z00mba
Seat 1: finnargoo folded before Flop (didn't bet)
Seat 4: Unipoker11 (button) collected ($3.50)
Seat 5: nikalas22 (small blind) folded before Flop
Seat 6: Dr. Fvinagre (big blind) folded before Flop



PokerStars Hand #254553115456:  Hold'em No Limit ($0.50/$1.00 USD) - 2025/01/25 22:13:39 WET [2025/01/25 17:13:39 ET]
Table 'Dorothea IV' 6-max Seat #5 is the button
Seat 2: mariofcd ($100 in chips) is sitting out
Seat 3: z00mba ($100 in chips) is sitting out
Seat 1: finnargoo ($98.11 in chips) 
Seat 4: Unipoker11 ($102.50 in chips) 
Seat 5: nikalas22 ($185.25 in chips) 
Seat 6: Dr. Fvinagre ($14.56 in chips) 
Dr. Fvinagre: posts small blind $0.50
finnargoo: posts big blind $1
mariofcd: sits out 
z00mba: sits out 
*** HOLE CARDS ***
Unipoker11: raises $1.30 to $2.30
nikalas22: folds 
Dr. Fvinagre: folds 
finnargoo: folds 
Uncalled bet ($1.30) returned to Unipoker11
Unipoker11 collected $2.50 from pot
Unipoker11: doesn't show hand 
*** SUMMARY ***
Total pot $2.50 | Rake $0 
Seat 2: mariofcd
Seat 3: z00mba
Seat 1: finnargoo (big blind) folded before Flop
Seat 4: Unipoker11 collected ($2.50)
Seat 5: nikalas22 (button) folded before Flop (didn't bet)
Seat 6: Dr. Fvinagre (small blind) folded before Flop



PokerStars Hand #254553121643:  Hold'em No Limit ($0.50/$1.00 USD) - 2025/01/25 22:14:01 WET [2025/01/25 17:14:01 ET]
Table 'Dorothea IV' 6-max Seat #6 is the button
Seat 3: z00mba ($100 in chips) is sitting out
Seat 1: finnargoo ($97.11 in chips) 
Seat 2: mariofcd ($100 in chips) 
Seat 4: Unipoker11 ($104 in chips) 
Seat 5: nikalas22 ($185.25 in chips) 
Seat 6: Dr. Fvinagre ($14.06 in chips) 
finnargoo: posts small blind $0.50
mariofcd: posts big blind $1
z00mba: sits out 
*** HOLE CARDS ***
Unipoker11: raises $1 to $2
nikalas22: folds 
Dr. Fvinagre: folds 
finnargoo: calls $1.50
mariofcd: calls $1
*** FLOP *** [6c Kd Qc]
finnargoo: checks 
mariofcd: checks 
Unipoker11: checks 
*** TURN *** [6c Kd Qc] [5s]
finnargoo: checks 
mariofcd: bets $4.28
Unipoker11: folds 
finnargoo: folds 
Uncalled bet ($4.28) returned to mariofcd
mariofcd collected $5.70 from pot
mariofcd: doesn't show hand 
*** SUMMARY ***
Total pot $6 | Rake $0.30 
Board [6c Kd Qc 5s]
Seat 3: z00mba
Seat 1: finnargoo (small blind) folded on the Turn
Seat 2: mariofcd (big blind) collected ($5.70)
Seat 4: Unipoker11 folded on the Turn
Seat 5: nikalas22 folded before Flop (didn't bet)
Seat 6: Dr. Fvinagre (button) folded before Flop (didn't bet)



PokerStars Hand #254553137437:  Hold'em No Limit ($0.50/$1.00 USD) - 2025/01/25 22:14:56 WET [2025/01/25 17:14:56 ET]
Table 'Dorothea IV' 6-max Seat #1 is the button
Seat 1: finnargoo ($95.11 in chips) 
Seat 2: mariofcd ($103.70 in chips) 
Seat 3: z00mba ($100 in chips) 
Seat 4: Unipoker11 ($102 in chips) 
Seat 5: nikalas22 ($185.25 in chips) 
Seat 6: Dr. Fvinagre ($14.06 in chips) 
mariofcd: posts small blind $0.50
z00mba: posts big blind $1
*** HOLE CARDS ***
Unipoker11: folds 
nikalas22: folds 
Dr. Fvinagre: raises $1.50 to $2.50
finnargoo: calls $2.50
mariofcd: folds 
z00mba: folds 
*** FLOP *** [Ac 4s 3s]
Dr. Fvinagre: bets $2.09
finnargoo: raises $2.09 to $4.18
Dr. Fvinagre: folds 
Uncalled bet ($2.09) returned to finnargoo
finnargoo collected $10.15 from pot
*** SUMMARY ***
Total pot $10.68 | Rake $0.53 
Board [Ac 4s 3s]
Seat 1: finnargoo (button) collected ($10.15)
Seat 2: mariofcd (small blind) folded before Flop
Seat 3: z00mba (big blind) folded before Flop
Seat 4: Unipoker11 folded before Flop (didn't bet)
Seat 5: nikalas22 folded before Flop (didn't bet)
Seat 6: Dr. Fvinagre folded on the Flop



PokerStars Hand #254553149805:  Hold'em No Limit ($0.50/$1.00 USD) - 2025/01/25 22:15:39 WET [2025/01/25 17:15:39 ET]
Table 'Dorothea IV' 6-max Seat #2 is the button
Seat 1: finnargoo ($100.67 in chips) 
Seat 2: mariofcd ($103.20 in chips) 
Seat 3: z00mba ($100 in chips) 
Seat 4: Unipoker11 ($102 in chips) 
Seat 5: nikalas22 ($185.25 in chips) 
Seat 6: Dr. Fvinagre ($9.47 in chips) 
z00mba: posts small blind $0.50
Unipoker11: posts big blind $1
*** HOLE CARDS ***
nikalas22: folds 
Dr. Fvinagre: folds 
finnargoo: raises $1 to $2
mariofcd: folds 
z00mba: folds 
Unipoker11: raises $8 to $10
finnargoo: calls $8
*** FLOP *** [2d 9h 5h]
Unipoker11: bets $6.43
finnargoo: folds 
Uncalled bet ($6.43) returned to Unipoker11
Unipoker11 collected $19.48 from pot
Unipoker11: doesn't show hand 
*** SUMMARY ***
Total pot $20.50 | Rake $1.02 
Board [2d 9h 5h]
Seat 1: finnargoo folded on the Flop
Seat 2: mariofcd (button) folded before Flop (didn't bet)
Seat 3: z00mba (small blind) folded before Flop
Seat 4: Unipoker11 (big blind) collected ($19.48)
Seat 5: nikalas22 folded before Flop (didn't bet)
Seat 6: Dr. Fvinagre folded before Flop (didn't bet)



PokerStars Hand #254553163752:  Hold'em No Limit ($0.50/$1.00 USD) - 2025/01/25 22:16:28 WET [2025/01/25 17:16:28 ET]
Table 'Dorothea IV' 6-max Seat #3 is the button
Seat 1: finnargoo ($90.67 in chips) 
Seat 2: mariofcd ($103.20 in chips) 
Seat 3: z00mba ($100 in chips) 
Seat 4: Unipoker11 ($111.48 in chips) 
Seat 5: nikalas22 ($185.25 in chips) 
Seat 6: Dr. Fvinagre ($9.47 in chips) 
Unipoker11: posts small blind $0.50
nikalas22: posts big blind $1
*** HOLE CARDS ***
Dr. Fvinagre: folds 
finnargoo: folds 
mariofcd: raises $1.25 to $2.25
z00mba: folds 
Unipoker11: folds 
nikalas22: folds 
Uncalled bet ($1.25) returned to mariofcd
mariofcd collected $2.50 from pot
mariofcd: doesn't show hand 
*** SUMMARY ***
Total pot $2.50 | Rake $0 
Seat 1: finnargoo folded before Flop (didn't bet)
Seat 2: mariofcd collected ($2.50)
Seat 3: z00mba (button) folded before Flop (didn't bet)
Seat 4: Unipoker11 (small blind) folded before Flop
Seat 5: nikalas22 (big blind) folded before Flop
Seat 6: Dr. Fvinagre folded before Flop (didn't bet)



PokerStars Hand #254553169777:  Hold'em No Limit ($0.50/$1.00 USD) - 2025/01/25 22:16:48 WET [2025/01/25 17:16:48 ET]
Table 'Dorothea IV' 6-max Seat #4 is the button
Seat 1: finnargoo ($90.67 in chips) 
Seat 2: mariofcd ($104.70 in chips) 
Seat 3: z00mba ($100 in chips) 
Seat 4: Unipoker11 ($110.98 in chips) 
Seat 5: nikalas22 ($184.25 in chips) 
Seat 6: Dr. Fvinagre ($9.47 in chips) 
nikalas22: posts small blind $0.50
Dr. Fvinagre: posts big blind $1
*** HOLE CARDS ***
finnargoo: raises $1 to $2
mariofcd: folds 
z00mba: folds 
Unipoker11: folds 
nikalas22: folds 
Dr. Fvinagre: calls $1
*** FLOP *** [Qc 5d 8d]
Dr. Fvinagre: checks 
finnargoo: checks 
*** TURN *** [Qc 5d 8d] [Kd]
Dr. Fvinagre: checks 
finnargoo: checks 
*** RIVER *** [Qc 5d 8d Kd] [2c]
Dr. Fvinagre: checks 
finnargoo: checks 
*** SHOW DOWN ***
Dr. Fvinagre: shows [8s 9c] (a pair of Eights)
finnargoo: mucks hand 
Dr. Fvinagre collected $4.28 from pot
*** SUMMARY ***
Total pot $4.50 | Rake $0.22 
Board [Qc 5d 8d Kd 2c]
Seat 1: finnargoo mucked
Seat 2: mariofcd folded before Flop (didn't bet)
Seat 3: z00mba folded before Flop (didn't bet)
Seat 4: Unipoker11 (button) folded before Flop (didn't bet)
Seat 5: nikalas22 (small blind) folded before Flop
Seat 6: Dr. Fvinagre (big blind) showed [8s 9c] and won ($4.28) with a pair of Eights



PokerStars Hand #254553183662:  Hold'em No Limit ($0.50/$1.00 USD) - 2025/01/25 22:17:37 WET [2025/01/25 17:17:37 ET]
Table 'Dorothea IV' 6-max Seat #5 is the button
Seat 1: finnargoo ($88.67 in chips) 
Seat 2: mariofcd ($104.70 in chips) 
Seat 3: z00mba ($100 in chips) 
Seat 4: Unipoker11 ($110.98 in chips) 
Seat 5: nikalas22 ($183.75 in chips) 
Seat 6: Dr. Fvinagre ($11.75 in chips) 
Dr. Fvinagre: posts small blind $0.50
finnargoo: posts big blind $1
*** HOLE CARDS ***
mariofcd has timed out
mariofcd: folds 
z00mba: folds 
Unipoker11: raises $1.30 to $2.30
nikalas22: raises $5.70 to $8
Dr. Fvinagre: folds 
finnargoo: folds 
Unipoker11: folds 
Uncalled bet ($5.70) returned to nikalas22
nikalas22 collected $6.10 from pot
nikalas22: doesn't show hand 
*** SUMMARY ***
Total pot $6.10 | Rake $0 
Seat 1: finnargoo (big blind) folded before Flop
Seat 2: mariofcd folded before Flop (didn't bet)
Seat 3: z00mba folded before Flop (didn't bet)
Seat 4: Unipoker11 folded before Flop
Seat 5: nikalas22 (button) collected ($6.10)
Seat 6: Dr. Fvinagre (small blind) folded before Flop



PokerStars Hand #254553194757:  Hold'em No Limit ($0.50/$1.00 USD) - 2025/01/25 22:18:15 WET [2025/01/25 17:18:15 ET]
Table 'Dorothea IV' 6-max Seat #6 is the button
Seat 1: finnargoo ($87.67 in chips) 
Seat 2: mariofcd ($104.70 in chips) 
Seat 3: z00mba ($100 in chips) 
Seat 4: Unipoker11 ($108.68 in chips) 
Seat 5: nikalas22 ($187.55 in chips) 
Seat 6: Dr. Fvinagre ($11.25 in chips) 
finnargoo: posts small blind $0.50
mariofcd: posts big blind $1
*** HOLE CARDS ***
z00mba: folds 
Unipoker11: folds 
nikalas22: raises $1.50 to $2.50
Dr. Fvinagre: folds 
finnargoo: calls $2
mariofcd: calls $1.50
*** FLOP *** [4s 5d 2c]
finnargoo: checks 
mariofcd: checks 
nikalas22: checks 
*** TURN *** [4s 5d 2c] [9h]
finnargoo: bets $1
mariofcd: calls $1
nikalas22: calls $1
*** RIVER *** [4s 5d 2c 9h] [6s]
finnargoo: checks 
mariofcd: checks 
nikalas22: checks 
*** SHOW DOWN ***
finnargoo: shows [9c Ts] (a pair of Nines)
mariofcd: mucks hand 
nikalas22: mucks hand 
finnargoo collected $9.98 from pot
*** SUMMARY ***
Total pot $10.50 | Rake $0.52 
Board [4s 5d 2c 9h 6s]
Seat 1: finnargoo (small blind) showed [9c Ts] and won ($9.98) with a pair of Nines
Seat 2: mariofcd (big blind) mucked
Seat 3: z00mba folded before Flop (didn't bet)
Seat 4: Unipoker11 folded before Flop (didn't bet)
Seat 5: nikalas22 mucked
Seat 6: Dr. Fvinagre (button) folded before Flop (didn't bet)



PokerStars Hand #254553207542:  Hold'em No Limit ($0.50/$1.00 USD) - 2025/01/25 22:19:00 WET [2025/01/25 17:19:00 ET]
Table 'Dorothea IV' 6-max Seat #1 is the button
Seat 1: finnargoo ($94.15 in chips) 
Seat 2: mariofcd ($101.20 in chips) 
Seat 3: z00mba ($100 in chips) 
Seat 4: Unipoker11 ($108.68 in chips) 
Seat 5: nikalas22 ($184.05 in chips) 
Seat 6: Dr. Fvinagre ($11.25 in chips) 
mariofcd: posts small blind $0.50
z00mba: posts big blind $1
*** HOLE CARDS ***
Unipoker11: raises $1 to $2
nikalas22: folds 
Dr. Fvinagre: folds 
finnargoo has timed out
finnargoo: folds 
mariofcd: folds 
z00mba: folds 
Uncalled bet ($1) returned to Unipoker11
Unipoker11 collected $2.50 from pot
Unipoker11: doesn't show hand 
*** SUMMARY ***
Total pot $2.50 | Rake $0 
Seat 1: finnargoo (button) folded before Flop (didn't bet)
Seat 2: mariofcd (small blind) folded before Flop
Seat 3: z00mba (big blind) folded before Flop
Seat 4: Unipoker11 collected ($2.50)
Seat 5: nikalas22 folded before Flop (didn't bet)
Seat 6: Dr. Fvinagre folded before Flop (didn't bet)



PokerStars Hand #254553223420:  Hold'em No Limit ($0.50/$1.00 USD) - 2025/01/25 22:19:55 WET [2025/01/25 17:19:55 ET]
Table 'Dorothea IV' 6-max Seat #2 is the button
Seat 1: finnargoo ($94.15 in chips) 
Seat 2: mariofcd ($100.70 in chips) 
Seat 3: z00mba ($100 in chips) 
Seat 4: Unipoker11 ($110.18 in chips) 
Seat 5: nikalas22 ($184.05 in chips) 
Seat 6: Dr. Fvinagre ($11.25 in chips) 
z00mba: posts small blind $0.50
Unipoker11: posts big blind $1
*** HOLE CARDS ***
nikalas22: folds 
Dr. Fvinagre: folds 
finnargoo: folds 
mariofcd: raises $1.45 to $2.45
z00mba: folds 
Unipoker11: calls $1.45
*** FLOP *** [2c 6c Td]
Unipoker11: checks 
mariofcd: checks 
*** TURN *** [2c 6c Td] [3c]
Unipoker11: bets $1.69
mariofcd: folds 
Uncalled bet ($1.69) returned to Unipoker11
Unipoker11 collected $5.13 from pot
Unipoker11: doesn't show hand 
*** SUMMARY ***
Total pot $5.40 | Rake $0.27 
Board [2c 6c Td 3c]
Seat 1: finnargoo folded before Flop (didn't bet)
Seat 2: mariofcd (button) folded on the Turn
Seat 3: z00mba (small blind) folded before Flop
Seat 4: Unipoker11 (big blind) collected ($5.13)
Seat 5: nikalas22 folded before Flop (didn't bet)
Seat 6: Dr. Fvinagre folded before Flop (didn't bet)



PokerStars Hand #254553239089:  Hold'em No Limit ($0.50/$1.00 USD) - 2025/01/25 22:20:50 WET [2025/01/25 17:20:50 ET]
Table 'Dorothea IV' 6-max Seat #3 is the button
Seat 1: finnargoo ($94.15 in chips) 
Seat 2: mariofcd ($100 in chips) 
Seat 3: z00mba ($100 in chips) 
Seat 4: Unipoker11 ($112.86 in chips) 
Seat 5: nikalas22 ($184.05 in chips) 
Seat 6: Dr. Fvinagre ($11.25 in chips) 
Unipoker11: posts small blind $0.50
nikalas22: posts big blind $1
*** HOLE CARDS ***
Dr. Fvinagre: folds 
finnargoo: calls $1
mariofcd: folds 
z00mba: folds 
Unipoker11: folds 
nikalas22: checks 
*** FLOP *** [4s Ad Ks]
nikalas22: checks 
finnargoo: bets $1.19
nikalas22: calls $1.19
*** TURN *** [4s Ad Ks] [Qs]
nikalas22: checks 
finnargoo: checks 
*** RIVER *** [4s Ad Ks Qs] [8d]
nikalas22: checks 
finnargoo: checks 
*** SHOW DOWN ***
nikalas22: shows [Kc Tc] (a pair of Kings)
finnargoo: mucks hand 
nikalas22 collected $4.64 from pot
*** SUMMARY ***
Total pot $4.88 | Rake $0.24 
Board [4s Ad Ks Qs 8d]
Seat 1: finnargoo mucked
Seat 2: mariofcd folded before Flop (didn't bet)
Seat 3: z00mba (button) folded before Flop (didn't bet)
Seat 4: Unipoker11 (small blind) folded before Flop
Seat 5: nikalas22 (big blind) showed [Kc Tc] and won ($4.64) with a pair of Kings
Seat 6: Dr. Fvinagre folded before Flop (didn't bet)



PokerStars Hand #254553259174:  Hold'em No Limit ($0.50/$1.00 USD) - 2025/01/25 22:22:01 WET [2025/01/25 17:22:01 ET]
Table 'Dorothea IV' 6-max Seat #4 is the button
Seat 1: finnargoo ($91.96 in chips) 
Seat 2: mariofcd ($100 in chips) 
Seat 3: z00mba ($100 in chips) 
Seat 4: Unipoker11 ($112.36 in chips) 
Seat 5: nikalas22 ($186.50 in chips) 
Seat 6: Dr. Fvinagre ($11.25 in chips) 
nikalas22: posts small blind $0.50
Dr. Fvinagre: posts big blind $1
*** HOLE CARDS ***
finnargoo: folds 
mariofcd: folds 
z00mba: folds 
Unipoker11: raises $1.50 to $2.50
nikalas22: folds 
Dr. Fvinagre: folds 
Uncalled bet ($1.50) returned to Unipoker11
Unipoker11 collected $2.50 from pot
Unipoker11: doesn't show hand 
*** SUMMARY ***
Total pot $2.50 | Rake $0 
Seat 1: finnargoo folded before Flop (didn't bet)
Seat 2: mariofcd folded before Flop (didn't bet)
Seat 3: z00mba folded before Flop (didn't bet)
Seat 4: Unipoker11 (button) collected ($2.50)
Seat 5: nikalas22 (small blind) folded before Flop
Seat 6: Dr. Fvinagre (big blind) folded before Flop



PokerStars Hand #254553267628:  Hold'em No Limit ($0.50/$1.00 USD) - 2025/01/25 22:22:30 WET [2025/01/25 17:22:30 ET]
Table 'Dorothea IV' 6-max Seat #5 is the button
Seat 1: finnargoo ($91.96 in chips) 
Seat 2: mariofcd ($100 in chips) 
Seat 3: z00mba ($100 in chips) 
Seat 4: Unipoker11 ($113.86 in chips) 
Seat 5: nikalas22 ($186 in chips) 
Seat 6: Dr. Fvinagre ($10.25 in chips) 
Dr. Fvinagre: posts small blind $0.50
finnargoo: posts big blind $1
*** HOLE CARDS ***
mariofcd: folds 
mariofcd leaves the table
z00mba: folds 
Unipoker11: raises $1.30 to $2.30
nikalas22: folds 
Dr. Fvinagre: folds 
finnargoo: calls $1.30
*** FLOP *** [9h 8h 5h]
finnargoo: checks 
Unipoker11: bets $1.21
finnargoo: calls $1.21
*** TURN *** [9h 8h 5h] [Jd]
finnargoo: checks 
m0nTTu joins the table at seat #2 
Unipoker11: bets $4.78
finnargoo: calls $4.78
*** RIVER *** [9h 8h 5h Jd] [8s]
finnargoo: checks 
Unipoker11: bets $8.12
finnargoo: raises $10.12 to $18.24
Unipoker11: folds 
Uncalled bet ($10.12) returned to finnargoo
finnargoo collected $31.65 from pot
*** SUMMARY ***
Total pot $33.32 | Rake $1.67 
Board [9h 8h 5h Jd 8s]
Seat 1: finnargoo (big blind) collected ($31.65)
Seat 2: mariofcd folded before Flop (didn't bet)
Seat 3: z00mba folded before Flop (didn't bet)
Seat 4: Unipoker11 folded on the River
Seat 5: nikalas22 (button) folded before Flop (didn't bet)
Seat 6: Dr. Fvinagre (small blind) folded before Flop



PokerStars Hand #254553286825:  Hold'em No Limit ($0.50/$1.00 USD) - 2025/01/25 22:23:39 WET [2025/01/25 17:23:39 ET]
Table 'Dorothea IV' 6-max Seat #6 is the button
Seat 1: finnargoo ($107.20 in chips) 
Seat 2: m0nTTu ($12.25 in chips) 
Seat 3: z00mba ($100 in chips) 
Seat 4: Unipoker11 ($100 in chips) 
Seat 5: nikalas22 ($186 in chips) 
Seat 6: Dr. Fvinagre ($9.75 in chips) 
finnargoo: posts small blind $0.50
m0nTTu: posts big blind $1
*** HOLE CARDS ***
z00mba: folds 
Unipoker11: folds 
nikalas22: folds 
Dr. Fvinagre: folds 
finnargoo: folds 
Uncalled bet ($0.50) returned to m0nTTu
finnargoo leaves the table
m0nTTu collected $1 from pot
m0nTTu: doesn't show hand 
*** SUMMARY ***
Total pot $1 | Rake $0 
Seat 1: finnargoo (small blind) folded before Flop
Seat 2: m0nTTu (big blind) collected ($1)
Seat 3: z00mba folded before Flop (didn't bet)
Seat 4: Unipoker11 folded before Flop (didn't bet)
Seat 5: nikalas22 folded before Flop (didn't bet)
Seat 6: Dr. Fvinagre (button) folded before Flop (didn't bet)



PokerStars Hand #254553293249:  Hold'em No Limit ($0.50/$1.00 USD) - 2025/01/25 22:24:02 WET [2025/01/25 17:24:02 ET]
Table 'Dorothea IV' 6-max Seat #2 is the button
Seat 2: m0nTTu ($12.75 in chips) 
Seat 3: z00mba ($100 in chips) 
Seat 4: Unipoker11 ($100 in chips) 
Seat 5: nikalas22 ($186 in chips) 
Seat 6: Dr. Fvinagre ($9.75 in chips) 
z00mba: posts small blind $0.50
Unipoker11: posts big blind $1
*** HOLE CARDS ***
nikalas22: folds 
Dr. Fvinagre: raises $1 to $2
nikalas22 leaves the table
m0nTTu: folds 
z00mba: folds 
Unipoker11: folds 
Uncalled bet ($1) returned to Dr. Fvinagre
Dr. Fvinagre collected $2.50 from pot
*** SUMMARY ***
Total pot $2.50 | Rake $0 
Seat 2: m0nTTu (button) folded before Flop (didn't bet)
Seat 3: z00mba (small blind) folded before Flop
Seat 4: Unipoker11 (big blind) folded before Flop
Seat 5: nikalas22 folded before Flop (didn't bet)
Seat 6: Dr. Fvinagre collected ($2.50)



PokerStars Hand #254553299461:  Hold'em No Limit ($0.50/$1.00 USD) - 2025/01/25 22:24:24 WET [2025/01/25 17:24:24 ET]
Table 'Dorothea IV' 6-max Seat #3 is the button
Seat 2: m0nTTu ($12.75 in chips) 
Seat 3: z00mba ($100 in chips) 
Seat 4: Unipoker11 ($100 in chips) 
Seat 6: Dr. Fvinagre ($11.25 in chips) 
Unipoker11: posts small blind $0.50
Dr. Fvinagre: posts big blind $1
*** HOLE CARDS ***
m0nTTu: folds 
z00mba: folds 
Unipoker11: folds 
Uncalled bet ($0.50) returned to Dr. Fvinagre
Dr. Fvinagre collected $1 from pot
*** SUMMARY ***
Total pot $1 | Rake $0 
Seat 2: m0nTTu folded before Flop (didn't bet)
Seat 3: z00mba (button) folded before Flop (didn't bet)
Seat 4: Unipoker11 (small blind) folded before Flop
Seat 6: Dr. Fvinagre (big blind) collected ($1)



PokerStars Hand #254553304981:  Hold'em No Limit ($0.50/$1.00 USD) - 2025/01/25 22:24:45 WET [2025/01/25 17:24:45 ET]
Table 'Dorothea IV' 6-max Seat #6 is the button
Seat 2: m0nTTu ($12.75 in chips) is sitting out
Seat 3: z00mba ($100 in chips) is sitting out
Seat 4: Unipoker11 ($100 in chips) 
Seat 6: Dr. Fvinagre ($11.75 in chips) 
Dr. Fvinagre: posts small blind $0.50
m0nTTu: is sitting out 
z00mba: is sitting out 
Unipoker11: posts big blind $1
*** HOLE CARDS ***
m0nTTu leaves the table
z00mba leaves the table
Dr. Fvinagre: raises $10.75 to $11.75 and is all-in
Unipoker11: calls $10.75
*** FLOP *** [Ts Qs Jh]
*** TURN *** [Ts Qs Jh] [2c]
*** RIVER *** [Ts Qs Jh 2c] [Td]
*** SHOW DOWN ***
Unipoker11: shows [Ad 8s] (a pair of Tens)
Dr. Fvinagre: shows [5d 5c] (two pair, Tens and Fives)
Dr. Fvinagre cashed out the hand for $12.18 | Cash Out Fee $0.25
*** SUMMARY ***
Total pot $23.50 | Rake $1 
Board [Ts Qs Jh 2c Td]
Seat 2: m0nTTu
Seat 3: z00mba
Seat 4: Unipoker11 (big blind) showed [Ad 8s] and lost with a pair of Tens
Seat 6: Dr. Fvinagre (button) (small blind) showed [5d 5c] and won ($22.50) with two pair, Tens and Fives (pot not awarded as player cashed out)



PokerStars Hand #254553313331:  Hold'em No Limit ($0.50/$1.00 USD) - 2025/01/25 22:25:14 WET [2025/01/25 17:25:14 ET]
Table 'Dorothea IV' 6-max Seat #4 is the button
Seat 4: Unipoker11 ($100 in chips) 
Seat 6: Dr. Fvinagre ($12.18 in chips) 
Unipoker11: posts small blind $0.50
Dr. Fvinagre: posts big blind $1
*** HOLE CARDS ***
Unipoker11: raises $1 to $2
Dr. Fvinagre: raises $10.18 to $12.18 and is all-in
Unipoker11: folds 
Uncalled bet ($10.18) returned to Dr. Fvinagre
Dr. Fvinagre collected $4 from pot
*** SUMMARY ***
Total pot $4 | Rake $0 
Seat 4: Unipoker11 (button) (small blind) folded before Flop
Seat 6: Dr. Fvinagre (big blind) collected ($4)



PokerStars Hand #254553320738:  Hold'em No Limit ($0.50/$1.00 USD) - 2025/01/25 22:25:41 WET [2025/01/25 17:25:41 ET]
Table 'Dorothea IV' 6-max Seat #6 is the button
Seat 4: Unipoker11 ($100 in chips) 
Seat 6: Dr. Fvinagre ($14.18 in chips) 
Dr. Fvinagre: posts small blind $0.50
Unipoker11: posts big blind $1
*** HOLE CARDS ***
Dr. Fvinagre: folds 
Uncalled bet ($0.50) returned to Unipoker11
Unipoker11 collected $1 from pot
Unipoker11: doesn't show hand 
*** SUMMARY ***
Total pot $1 | Rake $0 
Seat 4: Unipoker11 (big blind) collected ($1)
Seat 6: Dr. Fvinagre (button) (small blind) folded before Flop



PokerStars Hand #254553322546:  Hold'em No Limit ($0.50/$1.00 USD) - 2025/01/25 22:25:47 WET [2025/01/25 17:25:47 ET]
Table 'Dorothea IV' 6-max Seat #4 is the button
Seat 4: Unipoker11 ($100.50 in chips) 
Seat 6: Dr. Fvinagre ($13.68 in chips) 
Unipoker11: posts small blind $0.50
Dr. Fvinagre: posts big blind $1
*** HOLE CARDS ***
Unipoker11: raises $99.50 to $100.50 and is all-in
nastja336 joins the table at seat #2 
Dr. Fvinagre: folds 
Uncalled bet ($99.50) returned to Unipoker11
franbasualdo10 joins the table at seat #1 
Unipoker11 collected $2 from pot
Unipoker11: doesn't show hand 
franbasualdo10 is disconnected 
*** SUMMARY ***
Total pot $2 | Rake $0 
Seat 4: Unipoker11 (button) (small blind) collected ($2)
Seat 6: Dr. Fvinagre (big blind) folded before Flop



PokerStars Hand #254553326636:  Hold'em No Limit ($0.50/$1.00 USD) - 2025/01/25 22:26:02 WET [2025/01/25 17:26:02 ET]
Table 'Dorothea IV' 6-max Seat #4 is the button
Seat 2: nastja336 ($100 in chips) is sitting out
Seat 1: franbasualdo10 ($24 in chips) 
Seat 4: Unipoker11 ($101.50 in chips) 
Seat 6: Dr. Fvinagre ($12.68 in chips) 
Dr. Fvinagre: posts small blind $0.50
franbasualdo10: posts big blind $1
m0nTTu joins the table at seat #3 
nastja336: sits out 
*** HOLE CARDS ***
Unipoker11: raises $1.50 to $2.50
Dr. Fvinagre: calls $2
franbasualdo10: folds 
*** FLOP *** [Kc Td 8s]
Dr. Fvinagre: bets $10.18 and is all-in
Unipoker11: calls $10.18
Dr. Fvinagre has timed out
*** TURN *** [Kc Td 8s] [3s]
*** RIVER *** [Kc Td 8s 3s] [4h]
*** SHOW DOWN ***
Dr. Fvinagre: shows [Jd Qd] (high card King)
Unipoker11: shows [Kh As] (a pair of Kings)
Unipoker11 collected $25.36 from pot
*** SUMMARY ***
Total pot $26.36 | Rake $1 
Board [Kc Td 8s 3s 4h]
Seat 2: nastja336
Seat 1: franbasualdo10 (big blind) folded before Flop
Seat 4: Unipoker11 (button) showed [Kh As] and won ($25.36) with a pair of Kings
Seat 6: Dr. Fvinagre (small blind) showed [Jd Qd] and lost with high card King



PokerStars Hand #254553335808:  Hold'em No Limit ($0.50/$1.00 USD) - 2025/01/25 22:26:35 WET [2025/01/25 17:26:35 ET]
Table 'Dorothea IV' 6-max Seat #1 is the button
Seat 2: nastja336 ($100 in chips) is sitting out
Seat 3: m0nTTu ($12.75 in chips) is sitting out
Seat 6: Dr. Fvinagre ($0 in chips) is sitting out
Seat 1: franbasualdo10 ($23 in chips) 
Seat 4: Unipoker11 ($114.18 in chips) 
franbasualdo10: posts small blind $0.50
Unipoker11: posts big blind $1
*** HOLE CARDS ***
franbasualdo10: raises $1 to $2
Unipoker11: folds 
Uncalled bet ($1) returned to franbasualdo10
Unipoker11 leaves the table
franbasualdo10 collected $2 from pot
*** SUMMARY ***
Total pot $2 | Rake $0 
Seat 2: nastja336
Seat 3: m0nTTu
Seat 6: Dr. Fvinagre
Seat 1: franbasualdo10 (button) (small blind) collected ($2)
Seat 4: Unipoker11 (big blind) folded before Flop



PokerStars Hand #254553345532:  Hold'em No Limit ($0.50/$1.00 USD) - 2025/01/25 22:27:10 WET [2025/01/25 17:27:10 ET]
Table 'Dorothea IV' 6-max Seat #2 is the button
Seat 6: Dr. Fvinagre ($0 in chips) is sitting out
Seat 1: franbasualdo10 ($24 in chips) 
Seat 2: nastja336 ($100 in chips) 
Seat 3: m0nTTu ($12.75 in chips) 
m0nTTu: posts small blind $0.50
franbasualdo10: posts big blind $1
*** HOLE CARDS ***
nastja336: folds 
m0nTTu: raises $11.75 to $12.75 and is all-in
franbasualdo10: folds 
Uncalled bet ($11.75) returned to m0nTTu
m0nTTu collected $2 from pot
m0nTTu: doesn't show hand 
*** SUMMARY ***
Total pot $2 | Rake $0 
Seat 6: Dr. Fvinagre
Seat 1: franbasualdo10 (big blind) folded before Flop
Seat 2: nastja336 (button) folded before Flop (didn't bet)
Seat 3: m0nTTu (small blind) collected ($2)



PokerStars Hand #254553351392:  Hold'em No Limit ($0.50/$1.00 USD) - 2025/01/25 22:27:31 WET [2025/01/25 17:27:31 ET]
Table 'Dorothea IV' 6-max Seat #3 is the button
Seat 6: Dr. Fvinagre ($0 in chips) is sitting out
Seat 1: franbasualdo10 ($23 in chips) 
Seat 2: nastja336 ($100 in chips) 
Seat 3: m0nTTu ($13.75 in chips) 
franbasualdo10: posts small blind $0.50
nastja336: posts big blind $1
*** HOLE CARDS ***
Dr. Fvinagre is disconnected 
m0nTTu: folds 
franbasualdo10: folds 
Uncalled bet ($0.50) returned to nastja336
nastja336 collected $1 from pot
nastja336: doesn't show hand 
*** SUMMARY ***
Total pot $1 | Rake $0 
Seat 6: Dr. Fvinagre
Seat 1: franbasualdo10 (small blind) folded before Flop
Seat 2: nastja336 (big blind) collected ($1)
Seat 3: m0nTTu (button) folded before Flop (didn't bet)



PokerStars Hand #254553353779:  Hold'em No Limit ($0.50/$1.00 USD) - 2025/01/25 22:27:40 WET [2025/01/25 17:27:40 ET]
Table 'Dorothea IV' 6-max Seat #2 is the button
Seat 3: m0nTTu ($13.75 in chips) is sitting out
Seat 6: Dr. Fvinagre ($0 in chips) is sitting out
Seat 1: franbasualdo10 ($22.50 in chips) 
Seat 2: nastja336 ($100.50 in chips) 
nastja336: posts small blind $0.50
m0nTTu: is sitting out 
franbasualdo10: posts big blind $1
*** HOLE CARDS ***
m0nTTu leaves the table
nastja336: folds 
Uncalled bet ($0.50) returned to franbasualdo10
franbasualdo10 collected $1 from pot
*** SUMMARY ***
Total pot $1 | Rake $0 
Seat 3: m0nTTu
Seat 6: Dr. Fvinagre
Seat 1: franbasualdo10 (big blind) collected ($1)
Seat 2: nastja336 (button) (small blind) folded before Flop



PokerStars Hand #254553356029:  Hold'em No Limit ($0.50/$1.00 USD) - 2025/01/25 22:27:48 WET [2025/01/25 17:27:48 ET]
Table 'Dorothea IV' 6-max Seat #1 is the button
Seat 6: Dr. Fvinagre ($0 in chips) is sitting out
Seat 1: franbasualdo10 ($23 in chips) 
Seat 2: nastja336 ($100 in chips) 
franbasualdo10: posts small blind $0.50
nastja336: posts big blind $1
*** HOLE CARDS ***
franbasualdo10: calls $0.50
nastja336: raises $4 to $5
franbasualdo10: folds 
Uncalled bet ($4) returned to nastja336
nastja336 collected $2 from pot
nastja336: doesn't show hand 
*** SUMMARY ***
Total pot $2 | Rake $0 
Seat 6: Dr. Fvinagre
Seat 1: franbasualdo10 (button) (small blind) folded before Flop
Seat 2: nastja336 (big blind) collected ($2)



PokerStars Hand #254553360127:  Hold'em No Limit ($0.50/$1.00 USD) - 2025/01/25 22:28:03 WET [2025/01/25 17:28:03 ET]
Table 'Dorothea IV' 6-max Seat #2 is the button
Seat 6: Dr. Fvinagre ($0 in chips) is sitting out
Seat 1: franbasualdo10 ($22 in chips) 
Seat 2: nastja336 ($101 in chips) 
nastja336: posts small blind $0.50
franbasualdo10: posts big blind $1
*** HOLE CARDS ***
nastja336: raises $2 to $3
franbasualdo10: folds 
Uncalled bet ($2) returned to nastja336
nastja336 collected $2 from pot
nastja336: doesn't show hand 
z00mba joins the table at seat #3 
*** SUMMARY ***
Total pot $2 | Rake $0 
Seat 6: Dr. Fvinagre
Seat 1: franbasualdo10 (big blind) folded before Flop
Seat 2: nastja336 (button) (small blind) collected ($2)



PokerStars Hand #254553365593:  Hold'em No Limit ($0.50/$1.00 USD) - 2025/01/25 22:28:23 WET [2025/01/25 17:28:23 ET]
Table 'Dorothea IV' 6-max Seat #3 is the button
Seat 6: Dr. Fvinagre ($0 in chips) is sitting out
Seat 1: franbasualdo10 ($21 in chips) 
Seat 3: z00mba ($100 in chips) 
z00mba: posts small blind $0.50
franbasualdo10: posts big blind $1
*** HOLE CARDS ***
z00mba: raises $1 to $2
franbasualdo10: calls $1
*** FLOP *** [Jh Tc 9h]
franbasualdo10: checks 
z00mba: bets $2
franbasualdo10: raises $2 to $4
z00mba: raises $34 to $38
franbasualdo10: calls $15 and is all-in
Uncalled bet ($19) returned to z00mba
*** TURN *** [Jh Tc 9h] [8s]
*** RIVER *** [Jh Tc 9h 8s] [9d]
*** SHOW DOWN ***
franbasualdo10: shows [7c Js] (a straight, Seven to Jack)
z00mba: shows [Ah 2h] (a pair of Nines)
franbasualdo10 collected $41 from pot
*** SUMMARY ***
Total pot $42 | Rake $1 
Board [Jh Tc 9h 8s 9d]
Seat 6: Dr. Fvinagre
Seat 1: franbasualdo10 (big blind) showed [7c Js] and won ($41) with a straight, Seven to Jack
Seat 3: z00mba (button) (small blind) showed [Ah 2h] and lost with a pair of Nines



