PokerStars Hand #254550408257:  Hold'em No Limit ($0.50/$1.00 USD) - 2025/01/25 20:06:01 WET [2025/01/25 15:06:01 ET]
Table 'Sy IV' 6-max Seat #2 is the button
Seat 1: worker0k ($100 in chips) 
Seat 2: tintin641 ($100 in chips) 
Seat 5: Manifestorr ($100 in chips) 
Seat 6: AIien Hand ($100 in chips) 
Manifestorr: posts small blind $0.50
AIien Hand: posts big blind $1
*** HOLE CARDS ***
worker0k: folds 
tintin641: folds 
Manifestorr: folds 
Uncalled bet ($0.50) returned to AIien Hand
AIien Hand collected $1 from pot
AIien Hand: doesn't show hand 
tommygun2754 joins the table at seat #3 
tommygun2754 is disconnected 
*** SUMMARY ***
Total pot $1 | Rake $0 
Seat 1: worker0k folded before Flop (didn't bet)
Seat 2: tintin641 (button) folded before Flop (didn't bet)
Seat 5: Manifestorr (small blind) folded before Flop
Seat 6: AIien Hand (big blind) collected ($1)



PokerStars Hand #254550410262:  Hold'em No Limit ($0.50/$1.00 USD) - 2025/01/25 20:06:08 WET [2025/01/25 15:06:08 ET]
Table 'Sy IV' 6-max Seat #5 is the button
Seat 3: tommygun2754 ($70 in chips) is sitting out
Seat 1: worker0k ($100 in chips) 
Seat 2: tintin641 ($100 in chips) 
Seat 5: Manifestorr ($100 in chips) 
Seat 6: AIien Hand ($100.50 in chips) 
AIien Hand: posts small blind $0.50
worker0k: posts big blind $1
tommygun2754: sits out 
*** HOLE CARDS ***
tintin641: raises $1.50 to $2.50
Manifestorr: folds 
AIien Hand: folds 
worker0k: folds 
Uncalled bet ($1.50) returned to tintin641
tintin641 collected $2.50 from pot
tintin641: doesn't show hand 
*** SUMMARY ***
Total pot $2.50 | Rake $0 
Seat 3: tommygun2754
Seat 1: worker0k (big blind) folded before Flop
Seat 2: tintin641 collected ($2.50)
Seat 5: Manifestorr (button) folded before Flop (didn't bet)
Seat 6: AIien Hand (small blind) folded before Flop



PokerStars Hand #254550412479:  Hold'em No Limit ($0.50/$1.00 USD) - 2025/01/25 20:06:16 WET [2025/01/25 15:06:16 ET]
Table 'Sy IV' 6-max Seat #6 is the button
Seat 3: tommygun2754 ($70 in chips) is sitting out
Seat 1: worker0k ($100 in chips) 
Seat 2: tintin641 ($101.50 in chips) 
Seat 5: Manifestorr ($100 in chips) 
Seat 6: AIien Hand ($100 in chips) 
worker0k: posts small blind $0.50
tintin641: posts big blind $1
tommygun2754: sits out 
*** HOLE CARDS ***
Manifestorr: folds 
AIien Hand: folds 
worker0k: folds 
Uncalled bet ($0.50) returned to tintin641
z00mba joins the table at seat #4 
tintin641 collected $1 from pot
tintin641: doesn't show hand 
*** SUMMARY ***
Total pot $1 | Rake $0 
Seat 3: tommygun2754
Seat 1: worker0k (small blind) folded before Flop
Seat 2: tintin641 (big blind) collected ($1)
Seat 5: Manifestorr folded before Flop (didn't bet)
Seat 6: AIien Hand (button) folded before Flop (didn't bet)



PokerStars Hand #254550415050:  Hold'em No Limit ($0.50/$1.00 USD) - 2025/01/25 20:06:24 WET [2025/01/25 15:06:24 ET]
Table 'Sy IV' 6-max Seat #1 is the button
Seat 4: z00mba ($100 in chips) is sitting out
Seat 1: worker0k ($100 in chips) 
Seat 2: tintin641 ($102 in chips) 
Seat 3: tommygun2754 ($70 in chips) 
Seat 5: Manifestorr ($100 in chips) 
Seat 6: AIien Hand ($100 in chips) 
tintin641: posts small blind $0.50
tommygun2754: posts big blind $1
*** HOLE CARDS ***
Manifestorr: folds 
AIien Hand: folds 
worker0k: raises $1 to $2
tintin641: folds 
tommygun2754: folds 
Uncalled bet ($1) returned to worker0k
worker0k collected $2.50 from pot
*** SUMMARY ***
Total pot $2.50 | Rake $0 
Seat 4: z00mba
Seat 1: worker0k (button) collected ($2.50)
Seat 2: tintin641 (small blind) folded before Flop
Seat 3: tommygun2754 (big blind) folded before Flop
Seat 5: Manifestorr folded before Flop (didn't bet)
Seat 6: AIien Hand folded before Flop (didn't bet)



PokerStars Hand #254550422510:  Hold'em No Limit ($0.50/$1.00 USD) - 2025/01/25 20:06:49 WET [2025/01/25 15:06:49 ET]
Table 'Sy IV' 6-max Seat #2 is the button
Seat 1: worker0k ($101.50 in chips) 
Seat 2: tintin641 ($101.50 in chips) 
Seat 3: tommygun2754 ($69 in chips) 
Seat 4: z00mba ($100 in chips) 
Seat 5: Manifestorr ($100 in chips) 
Seat 6: AIien Hand ($100 in chips) 
tommygun2754: posts small blind $0.50
z00mba: posts big blind $1
*** HOLE CARDS ***
Manifestorr: raises $1.20 to $2.20
AIien Hand: folds 
worker0k: folds 
tintin641: folds 
tommygun2754: folds 
z00mba: folds 
Uncalled bet ($1.20) returned to Manifestorr
Manifestorr collected $2.50 from pot
*** SUMMARY ***
Total pot $2.50 | Rake $0 
Seat 1: worker0k folded before Flop (didn't bet)
Seat 2: tintin641 (button) folded before Flop (didn't bet)
Seat 3: tommygun2754 (small blind) folded before Flop
Seat 4: z00mba (big blind) folded before Flop
Seat 5: Manifestorr collected ($2.50)
Seat 6: AIien Hand folded before Flop (didn't bet)



PokerStars Hand #254550428285:  Hold'em No Limit ($0.50/$1.00 USD) - 2025/01/25 20:07:08 WET [2025/01/25 15:07:08 ET]
Table 'Sy IV' 6-max Seat #3 is the button
Seat 1: worker0k ($101.50 in chips) 
Seat 2: tintin641 ($101.50 in chips) 
Seat 3: tommygun2754 ($68.50 in chips) 
Seat 4: z00mba ($100 in chips) 
Seat 5: Manifestorr ($101.50 in chips) 
Seat 6: AIien Hand ($100 in chips) 
z00mba: posts small blind $0.50
Manifestorr: posts big blind $1
*** HOLE CARDS ***
AIien Hand: folds 
worker0k: folds 
tintin641: folds 
tommygun2754: folds 
z00mba: raises $2 to $3
Manifestorr: folds 
Uncalled bet ($2) returned to z00mba
z00mba collected $2 from pot
z00mba: doesn't show hand 
*** SUMMARY ***
Total pot $2 | Rake $0 
Seat 1: worker0k folded before Flop (didn't bet)
Seat 2: tintin641 folded before Flop (didn't bet)
Seat 3: tommygun2754 (button) folded before Flop (didn't bet)
Seat 4: z00mba (small blind) collected ($2)
Seat 5: Manifestorr (big blind) folded before Flop
Seat 6: AIien Hand folded before Flop (didn't bet)



PokerStars Hand #254550431468:  Hold'em No Limit ($0.50/$1.00 USD) - 2025/01/25 20:07:19 WET [2025/01/25 15:07:19 ET]
Table 'Sy IV' 6-max Seat #4 is the button
Seat 1: worker0k ($101.50 in chips) 
Seat 2: tintin641 ($101.50 in chips) 
Seat 3: tommygun2754 ($68.50 in chips) 
Seat 4: z00mba ($101 in chips) 
Seat 5: Manifestorr ($100.50 in chips) 
Seat 6: AIien Hand ($100 in chips) 
Manifestorr: posts small blind $0.50
AIien Hand: posts big blind $1
*** HOLE CARDS ***
worker0k: raises $2 to $3
tintin641: folds 
tommygun2754: folds 
z00mba: folds 
Manifestorr: folds 
AIien Hand: folds 
Uncalled bet ($2) returned to worker0k
worker0k collected $2.50 from pot
*** SUMMARY ***
Total pot $2.50 | Rake $0 
Seat 1: worker0k collected ($2.50)
Seat 2: tintin641 folded before Flop (didn't bet)
Seat 3: tommygun2754 folded before Flop (didn't bet)
Seat 4: z00mba (button) folded before Flop (didn't bet)
Seat 5: Manifestorr (small blind) folded before Flop
Seat 6: AIien Hand (big blind) folded before Flop



PokerStars Hand #254550436197:  Hold'em No Limit ($0.50/$1.00 USD) - 2025/01/25 20:07:35 WET [2025/01/25 15:07:35 ET]
Table 'Sy IV' 6-max Seat #5 is the button
Seat 1: worker0k ($103 in chips) 
Seat 2: tintin641 ($101.50 in chips) 
Seat 3: tommygun2754 ($68.50 in chips) 
Seat 4: z00mba ($101 in chips) 
Seat 5: Manifestorr ($100 in chips) 
Seat 6: AIien Hand ($100 in chips) 
AIien Hand: posts small blind $0.50
worker0k: posts big blind $1
*** HOLE CARDS ***
tintin641: folds 
tommygun2754: raises $1 to $2
z00mba: folds 
Manifestorr: folds 
AIien Hand: folds 
worker0k: folds 
Uncalled bet ($1) returned to tommygun2754
tommygun2754 collected $2.50 from pot
*** SUMMARY ***
Total pot $2.50 | Rake $0 
Seat 1: worker0k (big blind) folded before Flop
Seat 2: tintin641 folded before Flop (didn't bet)
Seat 3: tommygun2754 collected ($2.50)
Seat 4: z00mba folded before Flop (didn't bet)
Seat 5: Manifestorr (button) folded before Flop (didn't bet)
Seat 6: AIien Hand (small blind) folded before Flop



PokerStars Hand #254550440783:  Hold'em No Limit ($0.50/$1.00 USD) - 2025/01/25 20:07:50 WET [2025/01/25 15:07:50 ET]
Table 'Sy IV' 6-max Seat #6 is the button
Seat 1: worker0k ($102 in chips) 
Seat 2: tintin641 ($101.50 in chips) 
Seat 3: tommygun2754 ($70 in chips) 
Seat 4: z00mba ($101 in chips) 
Seat 5: Manifestorr ($100 in chips) 
Seat 6: AIien Hand ($100 in chips) 
worker0k: posts small blind $0.50
tintin641: posts big blind $1
*** HOLE CARDS ***
tommygun2754: calls $1
z00mba: folds 
Manifestorr: folds 
AIien Hand: folds 
worker0k: folds 
tintin641: raises $4 to $5
tommygun2754: folds 
Uncalled bet ($4) returned to tintin641
tintin641 collected $2.50 from pot
tintin641: doesn't show hand 
*** SUMMARY ***
Total pot $2.50 | Rake $0 
Seat 1: worker0k (small blind) folded before Flop
Seat 2: tintin641 (big blind) collected ($2.50)
Seat 3: tommygun2754 folded before Flop
Seat 4: z00mba folded before Flop (didn't bet)
Seat 5: Manifestorr folded before Flop (didn't bet)
Seat 6: AIien Hand (button) folded before Flop (didn't bet)



PokerStars Hand #254550448861:  Hold'em No Limit ($0.50/$1.00 USD) - 2025/01/25 20:08:16 WET [2025/01/25 15:08:16 ET]
Table 'Sy IV' 6-max Seat #1 is the button
Seat 1: worker0k ($101.50 in chips) 
Seat 2: tintin641 ($103 in chips) 
Seat 3: tommygun2754 ($69 in chips) 
Seat 4: z00mba ($101 in chips) 
Seat 5: Manifestorr ($100 in chips) 
Seat 6: AIien Hand ($100 in chips) 
tintin641: posts small blind $0.50
tommygun2754: posts big blind $1
*** HOLE CARDS ***
z00mba: raises $1.50 to $2.50
Manifestorr: folds 
AIien Hand: folds 
worker0k: folds 
tintin641: calls $2
tommygun2754: calls $1.50
*** FLOP *** [Jc 6c 2s]
tintin641: checks 
tommygun2754: checks 
z00mba: checks 
*** TURN *** [Jc 6c 2s] [4c]
tintin641: checks 
tommygun2754: checks 
z00mba: checks 
*** RIVER *** [Jc 6c 2s 4c] [Kc]
tintin641: checks 
tommygun2754: checks 
z00mba: checks 
*** SHOW DOWN ***
tintin641: shows [5s 5h] (a pair of Fives)
tommygun2754: mucks hand 
z00mba: mucks hand 
tintin641 collected $7.12 from pot
*** SUMMARY ***
Total pot $7.50 | Rake $0.38 
Board [Jc 6c 2s 4c Kc]
Seat 1: worker0k (button) folded before Flop (didn't bet)
Seat 2: tintin641 (small blind) showed [5s 5h] and won ($7.12) with a pair of Fives
Seat 3: tommygun2754 (big blind) mucked
Seat 4: z00mba mucked
Seat 5: Manifestorr folded before Flop (didn't bet)
Seat 6: AIien Hand folded before Flop (didn't bet)



PokerStars Hand #254550969488:  Hold'em No Limit ($0.50/$1.00 USD) - 2025/01/25 20:09:25 WET [2025/01/25 15:09:25 ET]
Table 'Sy IV' 6-max Seat #2 is the button
Seat 1: worker0k ($101.50 in chips) 
Seat 2: tintin641 ($107.62 in chips) 
Seat 3: tommygun2754 ($66.50 in chips) 
Seat 4: z00mba ($100 in chips) 
Seat 5: Manifestorr ($100 in chips) 
Seat 6: AIien Hand ($100 in chips) 
tommygun2754: posts small blind $0.50
z00mba: posts big blind $1
*** HOLE CARDS ***
Manifestorr: folds 
AIien Hand: raises $1.20 to $2.20
worker0k: folds 
tintin641: folds 
tommygun2754: calls $1.70
z00mba: folds 
*** FLOP *** [6d 9s 5h]
tommygun2754: bets $2
AIien Hand: calls $2
*** TURN *** [6d 9s 5h] [5s]
tommygun2754: checks 
AIien Hand: checks 
*** RIVER *** [6d 9s 5h 5s] [8h]
tommygun2754: bets $3
AIien Hand: calls $3
*** SHOW DOWN ***
tommygun2754: shows [Th Qc] (a pair of Fives)
AIien Hand: shows [Ts Ac] (a pair of Fives - Ace kicker)
AIien Hand collected $14.63 from pot
*** SUMMARY ***
Total pot $15.40 | Rake $0.77 
Board [6d 9s 5h 5s 8h]
Seat 1: worker0k folded before Flop (didn't bet)
Seat 2: tintin641 (button) folded before Flop (didn't bet)
Seat 3: tommygun2754 (small blind) showed [Th Qc] and lost with a pair of Fives
Seat 4: z00mba (big blind) folded before Flop
Seat 5: Manifestorr folded before Flop (didn't bet)
Seat 6: AIien Hand showed [Ts Ac] and won ($14.63) with a pair of Fives



PokerStars Hand #254550987406:  Hold'em No Limit ($0.50/$1.00 USD) - 2025/01/25 20:10:25 WET [2025/01/25 15:10:25 ET]
Table 'Sy IV' 6-max Seat #3 is the button
Seat 1: worker0k ($101.50 in chips) 
Seat 2: tintin641 ($107.62 in chips) 
Seat 3: tommygun2754 ($59.30 in chips) 
Seat 4: z00mba ($100 in chips) 
Seat 5: Manifestorr ($100 in chips) 
Seat 6: AIien Hand ($107.43 in chips) 
z00mba: posts small blind $0.50
Manifestorr: posts big blind $1
*** HOLE CARDS ***
AIien Hand: folds 
worker0k: folds 
tintin641: folds 
tommygun2754: calls $1
z00mba: calls $0.50
Manifestorr: raises $5 to $6
tommygun2754: folds 
z00mba: folds 
Uncalled bet ($5) returned to Manifestorr
Manifestorr collected $3 from pot
*** SUMMARY ***
Total pot $3 | Rake $0 
Seat 1: worker0k folded before Flop (didn't bet)
Seat 2: tintin641 folded before Flop (didn't bet)
Seat 3: tommygun2754 (button) folded before Flop
Seat 4: z00mba (small blind) folded before Flop
Seat 5: Manifestorr (big blind) collected ($3)
Seat 6: AIien Hand folded before Flop (didn't bet)



PokerStars Hand #254550993677:  Hold'em No Limit ($0.50/$1.00 USD) - 2025/01/25 20:10:46 WET [2025/01/25 15:10:46 ET]
Table 'Sy IV' 6-max Seat #4 is the button
Seat 1: worker0k ($101.50 in chips) 
Seat 2: tintin641 ($107.62 in chips) 
Seat 3: tommygun2754 ($58.30 in chips) 
Seat 4: z00mba ($100 in chips) 
Seat 5: Manifestorr ($102 in chips) 
Seat 6: AIien Hand ($107.43 in chips) 
Manifestorr: posts small blind $0.50
AIien Hand: posts big blind $1
*** HOLE CARDS ***
worker0k: folds 
tintin641: folds 
tommygun2754: folds 
z00mba: raises $1.50 to $2.50
Manifestorr: folds 
AIien Hand: raises $10 to $12.50
z00mba: calls $10
*** FLOP *** [9c Js 8s]
AIien Hand: bets $5.57
z00mba: raises $13.93 to $19.50
AIien Hand: folds 
Uncalled bet ($13.93) returned to z00mba
z00mba collected $34.81 from pot
z00mba: doesn't show hand 
*** SUMMARY ***
Total pot $36.64 | Rake $1.83 
Board [9c Js 8s]
Seat 1: worker0k folded before Flop (didn't bet)
Seat 2: tintin641 folded before Flop (didn't bet)
Seat 3: tommygun2754 folded before Flop (didn't bet)
Seat 4: z00mba (button) collected ($34.81)
Seat 5: Manifestorr (small blind) folded before Flop
Seat 6: AIien Hand (big blind) folded on the Flop



PokerStars Hand #254551009801:  Hold'em No Limit ($0.50/$1.00 USD) - 2025/01/25 20:11:39 WET [2025/01/25 15:11:39 ET]
Table 'Sy IV' 6-max Seat #5 is the button
Seat 1: worker0k ($101.50 in chips) 
Seat 2: tintin641 ($107.62 in chips) 
Seat 3: tommygun2754 ($58.30 in chips) 
Seat 4: z00mba ($116.74 in chips) 
Seat 5: Manifestorr ($101.50 in chips) 
Seat 6: AIien Hand ($100 in chips) 
AIien Hand: posts small blind $0.50
worker0k: posts big blind $1
*** HOLE CARDS ***
tintin641: folds 
tommygun2754: folds 
z00mba: folds 
Manifestorr: folds 
AIien Hand: raises $2 to $3
worker0k: folds 
Uncalled bet ($2) returned to AIien Hand
AIien Hand collected $2 from pot
AIien Hand: doesn't show hand 
*** SUMMARY ***
Total pot $2 | Rake $0 
Seat 1: worker0k (big blind) folded before Flop
Seat 2: tintin641 folded before Flop (didn't bet)
Seat 3: tommygun2754 folded before Flop (didn't bet)
Seat 4: z00mba folded before Flop (didn't bet)
Seat 5: Manifestorr (button) folded before Flop (didn't bet)
Seat 6: AIien Hand (small blind) collected ($2)



PokerStars Hand #254551014883:  Hold'em No Limit ($0.50/$1.00 USD) - 2025/01/25 20:11:56 WET [2025/01/25 15:11:56 ET]
Table 'Sy IV' 6-max Seat #6 is the button
Seat 1: worker0k ($100.50 in chips) 
Seat 2: tintin641 ($107.62 in chips) 
Seat 3: tommygun2754 ($58.30 in chips) 
Seat 4: z00mba ($116.74 in chips) 
Seat 5: Manifestorr ($101.50 in chips) 
Seat 6: AIien Hand ($101 in chips) 
worker0k: posts small blind $0.50
tintin641: posts big blind $1
*** HOLE CARDS ***
tommygun2754: calls $1
z00mba: raises $2.50 to $3.50
Manifestorr: folds 
AIien Hand: calls $3.50
worker0k: folds 
tintin641: folds 
tommygun2754: folds 
*** FLOP *** [9d 2d 6c]
z00mba: checks 
AIien Hand: bets $2.71
z00mba: folds 
Uncalled bet ($2.71) returned to AIien Hand
AIien Hand collected $9.02 from pot
AIien Hand: doesn't show hand 
*** SUMMARY ***
Total pot $9.50 | Rake $0.48 
Board [9d 2d 6c]
Seat 1: worker0k (small blind) folded before Flop
Seat 2: tintin641 (big blind) folded before Flop
Seat 3: tommygun2754 folded before Flop
Seat 4: z00mba folded on the Flop
Seat 5: Manifestorr folded before Flop (didn't bet)
Seat 6: AIien Hand (button) collected ($9.02)



PokerStars Hand #254551025344:  Hold'em No Limit ($0.50/$1.00 USD) - 2025/01/25 20:12:31 WET [2025/01/25 15:12:31 ET]
Table 'Sy IV' 6-max Seat #1 is the button
Seat 1: worker0k ($100 in chips) 
Seat 2: tintin641 ($106.62 in chips) 
Seat 3: tommygun2754 ($57.30 in chips) 
Seat 4: z00mba ($113.24 in chips) 
Seat 5: Manifestorr ($101.50 in chips) 
Seat 6: AIien Hand ($106.52 in chips) 
tintin641: posts small blind $0.50
tommygun2754: posts big blind $1
*** HOLE CARDS ***
z00mba: folds 
Manifestorr: folds 
AIien Hand: raises $1.20 to $2.20
worker0k: folds 
tintin641: folds 
tommygun2754: calls $1.20
*** FLOP *** [3d 8h 5c]
tommygun2754: checks 
AIien Hand: bets $1.40
tommygun2754: folds 
Uncalled bet ($1.40) returned to AIien Hand
AIien Hand collected $4.66 from pot
AIien Hand: doesn't show hand 
*** SUMMARY ***
Total pot $4.90 | Rake $0.24 
Board [3d 8h 5c]
Seat 1: worker0k (button) folded before Flop (didn't bet)
Seat 2: tintin641 (small blind) folded before Flop
Seat 3: tommygun2754 (big blind) folded on the Flop
Seat 4: z00mba folded before Flop (didn't bet)
Seat 5: Manifestorr folded before Flop (didn't bet)
Seat 6: AIien Hand collected ($4.66)



PokerStars Hand #254551037302:  Hold'em No Limit ($0.50/$1.00 USD) - 2025/01/25 20:13:11 WET [2025/01/25 15:13:11 ET]
Table 'Sy IV' 6-max Seat #2 is the button
Seat 1: worker0k ($100 in chips) 
Seat 2: tintin641 ($106.12 in chips) 
Seat 3: tommygun2754 ($55.10 in chips) 
Seat 4: z00mba ($113.24 in chips) 
Seat 5: Manifestorr ($101.50 in chips) 
Seat 6: AIien Hand ($108.98 in chips) 
tommygun2754: posts small blind $0.50
z00mba: posts big blind $1
*** HOLE CARDS ***
Manifestorr: raises $1.20 to $2.20
AIien Hand: folds 
worker0k: folds 
tintin641: folds 
tommygun2754: folds 
z00mba: calls $1.20
*** FLOP *** [4h 3s 6s]
z00mba: checks 
Manifestorr: bets $3.50
z00mba: folds 
Uncalled bet ($3.50) returned to Manifestorr
Manifestorr collected $4.66 from pot
*** SUMMARY ***
Total pot $4.90 | Rake $0.24 
Board [4h 3s 6s]
Seat 1: worker0k folded before Flop (didn't bet)
Seat 2: tintin641 (button) folded before Flop (didn't bet)
Seat 3: tommygun2754 (small blind) folded before Flop
Seat 4: z00mba (big blind) folded on the Flop
Seat 5: Manifestorr collected ($4.66)
Seat 6: AIien Hand folded before Flop (didn't bet)



PokerStars Hand #254551045158:  Hold'em No Limit ($0.50/$1.00 USD) - 2025/01/25 20:13:38 WET [2025/01/25 15:13:38 ET]
Table 'Sy IV' 6-max Seat #3 is the button
Seat 1: worker0k ($100 in chips) 
Seat 2: tintin641 ($106.12 in chips) 
Seat 3: tommygun2754 ($54.60 in chips) 
Seat 4: z00mba ($111.04 in chips) 
Seat 5: Manifestorr ($103.96 in chips) 
Seat 6: AIien Hand ($108.98 in chips) 
z00mba: posts small blind $0.50
Manifestorr: posts big blind $1
*** HOLE CARDS ***
AIien Hand: folds 
worker0k: raises $1.30 to $2.30
tintin641: raises $5.20 to $7.50
tommygun2754: folds 
z00mba: folds 
Manifestorr: folds 
worker0k: calls $5.20
*** FLOP *** [Ts As 3c]
worker0k: checks 
tintin641: bets $5.17
worker0k: folds 
Uncalled bet ($5.17) returned to tintin641
tintin641 collected $15.68 from pot
tintin641: doesn't show hand 
*** SUMMARY ***
Total pot $16.50 | Rake $0.82 
Board [Ts As 3c]
Seat 1: worker0k folded on the Flop
Seat 2: tintin641 collected ($15.68)
Seat 3: tommygun2754 (button) folded before Flop (didn't bet)
Seat 4: z00mba (small blind) folded before Flop
Seat 5: Manifestorr (big blind) folded before Flop
Seat 6: AIien Hand folded before Flop (didn't bet)



PokerStars Hand #254551056942:  Hold'em No Limit ($0.50/$1.00 USD) - 2025/01/25 20:14:17 WET [2025/01/25 15:14:17 ET]
Table 'Sy IV' 6-max Seat #4 is the button
Seat 1: worker0k ($100 in chips) 
Seat 2: tintin641 ($114.30 in chips) 
Seat 3: tommygun2754 ($54.60 in chips) 
Seat 4: z00mba ($110.54 in chips) 
Seat 5: Manifestorr ($102.96 in chips) 
Seat 6: AIien Hand ($108.98 in chips) 
Manifestorr: posts small blind $0.50
AIien Hand: posts big blind $1
*** HOLE CARDS ***
worker0k: folds 
tintin641: folds 
tommygun2754: calls $1
z00mba: raises $2.50 to $3.50
Manifestorr: folds 
AIien Hand: folds 
tommygun2754: calls $2.50
*** FLOP *** [Ts 3h 4s]
tommygun2754: checks 
z00mba: bets $3.96
tommygun2754: folds 
Uncalled bet ($3.96) returned to z00mba
z00mba collected $8.08 from pot
z00mba: doesn't show hand 
*** SUMMARY ***
Total pot $8.50 | Rake $0.42 
Board [Ts 3h 4s]
Seat 1: worker0k folded before Flop (didn't bet)
Seat 2: tintin641 folded before Flop (didn't bet)
Seat 3: tommygun2754 folded on the Flop
Seat 4: z00mba (button) collected ($8.08)
Seat 5: Manifestorr (small blind) folded before Flop
Seat 6: AIien Hand (big blind) folded before Flop



PokerStars Hand #254551067112:  Hold'em No Limit ($0.50/$1.00 USD) - 2025/01/25 20:14:51 WET [2025/01/25 15:14:51 ET]
Table 'Sy IV' 6-max Seat #5 is the button
Seat 1: worker0k ($100 in chips) 
Seat 2: tintin641 ($114.30 in chips) 
Seat 3: tommygun2754 ($51.10 in chips) 
Seat 4: z00mba ($115.12 in chips) 
Seat 5: Manifestorr ($102.46 in chips) 
Seat 6: AIien Hand ($107.98 in chips) 
AIien Hand: posts small blind $0.50
worker0k: posts big blind $1
*** HOLE CARDS ***
tintin641: raises $1.50 to $2.50
tommygun2754: folds 
z00mba: folds 
Manifestorr: folds 
AIien Hand: folds 
worker0k: calls $1.50
*** FLOP *** [2s Ac 8s]
worker0k: checks 
tintin641: bets $1.72
worker0k: folds 
Uncalled bet ($1.72) returned to tintin641
tintin641 collected $5.22 from pot
tintin641: doesn't show hand 
*** SUMMARY ***
Total pot $5.50 | Rake $0.28 
Board [2s Ac 8s]
Seat 1: worker0k (big blind) folded on the Flop
Seat 2: tintin641 collected ($5.22)
Seat 3: tommygun2754 folded before Flop (didn't bet)
Seat 4: z00mba folded before Flop (didn't bet)
Seat 5: Manifestorr (button) folded before Flop (didn't bet)
Seat 6: AIien Hand (small blind) folded before Flop



PokerStars Hand #254551074340:  Hold'em No Limit ($0.50/$1.00 USD) - 2025/01/25 20:15:15 WET [2025/01/25 15:15:15 ET]
Table 'Sy IV' 6-max Seat #6 is the button
Seat 1: worker0k ($100 in chips) 
Seat 2: tintin641 ($117.02 in chips) 
Seat 3: tommygun2754 ($51.10 in chips) 
Seat 4: z00mba ($115.12 in chips) 
Seat 5: Manifestorr ($102.46 in chips) 
Seat 6: AIien Hand ($107.48 in chips) 
worker0k: posts small blind $0.50
tintin641: posts big blind $1
*** HOLE CARDS ***
tommygun2754: folds 
z00mba: folds 
Manifestorr: folds 
AIien Hand: folds 
worker0k: raises $1.80 to $2.80
tintin641: calls $1.80
*** FLOP *** [5d 4c 4d]
worker0k: checks 
tintin641: bets $2.66
worker0k: calls $2.66
*** TURN *** [5d 4c 4d] [As]
worker0k: checks 
tintin641: bets $7.78
worker0k: calls $7.78
*** RIVER *** [5d 4c 4d As] [Qd]
worker0k: checks 
tintin641: checks 
*** SHOW DOWN ***
worker0k: shows [Ac Td] (two pair, Aces and Fours)
tintin641: mucks hand 
worker0k collected $25.16 from pot
*** SUMMARY ***
Total pot $26.48 | Rake $1.32 
Board [5d 4c 4d As Qd]
Seat 1: worker0k (small blind) showed [Ac Td] and won ($25.16) with two pair, Aces and Fours
Seat 2: tintin641 (big blind) mucked
Seat 3: tommygun2754 folded before Flop (didn't bet)
Seat 4: z00mba folded before Flop (didn't bet)
Seat 5: Manifestorr folded before Flop (didn't bet)
Seat 6: AIien Hand (button) folded before Flop (didn't bet)



PokerStars Hand #254551096041:  Hold'em No Limit ($0.50/$1.00 USD) - 2025/01/25 20:16:27 WET [2025/01/25 15:16:27 ET]
Table 'Sy IV' 6-max Seat #1 is the button
Seat 1: worker0k ($111.92 in chips) 
Seat 2: tintin641 ($103.78 in chips) 
Seat 3: tommygun2754 ($51.10 in chips) 
Seat 4: z00mba ($115.12 in chips) 
Seat 5: Manifestorr ($102.46 in chips) 
Seat 6: AIien Hand ($107.48 in chips) 
tintin641: posts small blind $0.50
tommygun2754: posts big blind $1
*** HOLE CARDS ***
z00mba: folds 
Manifestorr: raises $1.20 to $2.20
AIien Hand: calls $2.20
worker0k: folds 
tintin641: folds 
tommygun2754: folds 
*** FLOP *** [6s 5c 3c]
Manifestorr: bets $2.80
AIien Hand: calls $2.80
*** TURN *** [6s 5c 3c] [Ad]
Manifestorr: bets $8.19
AIien Hand: folds 
Uncalled bet ($8.19) returned to Manifestorr
Manifestorr collected $10.92 from pot
*** SUMMARY ***
Total pot $11.50 | Rake $0.58 
Board [6s 5c 3c Ad]
Seat 1: worker0k (button) folded before Flop (didn't bet)
Seat 2: tintin641 (small blind) folded before Flop
Seat 3: tommygun2754 (big blind) folded before Flop
Seat 4: z00mba folded before Flop (didn't bet)
Seat 5: Manifestorr collected ($10.92)
Seat 6: AIien Hand folded on the Turn



PokerStars Hand #254551122014:  Hold'em No Limit ($0.50/$1.00 USD) - 2025/01/25 20:17:54 WET [2025/01/25 15:17:54 ET]
Table 'Sy IV' 6-max Seat #2 is the button
Seat 1: worker0k ($111.92 in chips) 
Seat 2: tintin641 ($103.28 in chips) 
Seat 3: tommygun2754 ($50.10 in chips) 
Seat 4: z00mba ($115.12 in chips) 
Seat 5: Manifestorr ($108.38 in chips) 
Seat 6: AIien Hand ($102.48 in chips) 
tommygun2754: posts small blind $0.50
z00mba: posts big blind $1
*** HOLE CARDS ***
Manifestorr: folds 
AIien Hand: raises $1.20 to $2.20
worker0k: folds 
tintin641: folds 
tommygun2754: folds 
z00mba: folds 
Uncalled bet ($1.20) returned to AIien Hand
AIien Hand collected $2.50 from pot
AIien Hand: doesn't show hand 
*** SUMMARY ***
Total pot $2.50 | Rake $0 
Seat 1: worker0k folded before Flop (didn't bet)
Seat 2: tintin641 (button) folded before Flop (didn't bet)
Seat 3: tommygun2754 (small blind) folded before Flop
Seat 4: z00mba (big blind) folded before Flop
Seat 5: Manifestorr folded before Flop (didn't bet)
Seat 6: AIien Hand collected ($2.50)



PokerStars Hand #254551125753:  Hold'em No Limit ($0.50/$1.00 USD) - 2025/01/25 20:18:06 WET [2025/01/25 15:18:06 ET]
Table 'Sy IV' 6-max Seat #3 is the button
Seat 1: worker0k ($111.92 in chips) 
Seat 2: tintin641 ($103.28 in chips) 
Seat 3: tommygun2754 ($49.60 in chips) 
Seat 4: z00mba ($114.12 in chips) 
Seat 5: Manifestorr ($108.38 in chips) 
Seat 6: AIien Hand ($103.98 in chips) 
z00mba: posts small blind $0.50
Manifestorr: posts big blind $1
*** HOLE CARDS ***
AIien Hand: folds 
worker0k: folds 
tintin641: folds 
tommygun2754: folds 
z00mba: folds 
Uncalled bet ($0.50) returned to Manifestorr
Manifestorr collected $1 from pot
*** SUMMARY ***
Total pot $1 | Rake $0 
Seat 1: worker0k folded before Flop (didn't bet)
Seat 2: tintin641 folded before Flop (didn't bet)
Seat 3: tommygun2754 (button) folded before Flop (didn't bet)
Seat 4: z00mba (small blind) folded before Flop
Seat 5: Manifestorr (big blind) collected ($1)
Seat 6: AIien Hand folded before Flop (didn't bet)



PokerStars Hand #254551130703:  Hold'em No Limit ($0.50/$1.00 USD) - 2025/01/25 20:18:23 WET [2025/01/25 15:18:23 ET]
Table 'Sy IV' 6-max Seat #4 is the button
Seat 1: worker0k ($111.92 in chips) 
Seat 2: tintin641 ($103.28 in chips) 
Seat 3: tommygun2754 ($49.60 in chips) 
Seat 4: z00mba ($113.62 in chips) 
Seat 5: Manifestorr ($108.88 in chips) 
Seat 6: AIien Hand ($103.98 in chips) 
Manifestorr: posts small blind $0.50
AIien Hand: posts big blind $1
*** HOLE CARDS ***
worker0k: folds 
tintin641: folds 
tommygun2754: calls $1
z00mba: folds 
Manifestorr: folds 
AIien Hand: checks 
*** FLOP *** [5d Th Ts]
AIien Hand: checks 
tommygun2754: bets $1
AIien Hand: folds 
Uncalled bet ($1) returned to tommygun2754
tommygun2754 collected $2.38 from pot
*** SUMMARY ***
Total pot $2.50 | Rake $0.12 
Board [5d Th Ts]
Seat 1: worker0k folded before Flop (didn't bet)
Seat 2: tintin641 folded before Flop (didn't bet)
Seat 3: tommygun2754 collected ($2.38)
Seat 4: z00mba (button) folded before Flop (didn't bet)
Seat 5: Manifestorr (small blind) folded before Flop
Seat 6: AIien Hand (big blind) folded on the Flop



PokerStars Hand #254551138779:  Hold'em No Limit ($0.50/$1.00 USD) - 2025/01/25 20:18:50 WET [2025/01/25 15:18:50 ET]
Table 'Sy IV' 6-max Seat #5 is the button
Seat 1: worker0k ($111.92 in chips) 
Seat 2: tintin641 ($103.28 in chips) 
Seat 3: tommygun2754 ($50.98 in chips) 
Seat 4: z00mba ($113.62 in chips) 
Seat 5: Manifestorr ($108.38 in chips) 
Seat 6: AIien Hand ($102.98 in chips) 
AIien Hand: posts small blind $0.50
worker0k: posts big blind $1
*** HOLE CARDS ***
tintin641: folds 
tommygun2754: folds 
z00mba: folds 
Manifestorr: raises $1.20 to $2.20
AIien Hand: folds 
worker0k: calls $1.20
*** FLOP *** [9c Td 3s]
worker0k: checks 
Manifestorr: checks 
*** TURN *** [9c Td 3s] [5s]
worker0k: bets $3.50
Manifestorr: calls $3.50
*** RIVER *** [9c Td 3s 5s] [4d]
worker0k: bets $7.35
Manifestorr: folds 
Uncalled bet ($7.35) returned to worker0k
worker0k collected $11.30 from pot
*** SUMMARY ***
Total pot $11.90 | Rake $0.60 
Board [9c Td 3s 5s 4d]
Seat 1: worker0k (big blind) collected ($11.30)
Seat 2: tintin641 folded before Flop (didn't bet)
Seat 3: tommygun2754 folded before Flop (didn't bet)
Seat 4: z00mba folded before Flop (didn't bet)
Seat 5: Manifestorr (button) folded on the River
Seat 6: AIien Hand (small blind) folded before Flop



PokerStars Hand #254551152335:  Hold'em No Limit ($0.50/$1.00 USD) - 2025/01/25 20:19:35 WET [2025/01/25 15:19:35 ET]
Table 'Sy IV' 6-max Seat #6 is the button
Seat 1: worker0k ($117.52 in chips) 
Seat 2: tintin641 ($103.28 in chips) 
Seat 3: tommygun2754 ($50.98 in chips) 
Seat 4: z00mba ($113.62 in chips) 
Seat 5: Manifestorr ($102.68 in chips) 
Seat 6: AIien Hand ($102.48 in chips) 
worker0k: posts small blind $0.50
tintin641: posts big blind $1
*** HOLE CARDS ***
tommygun2754: folds 
z00mba: folds 
Manifestorr: raises $1.20 to $2.20
AIien Hand: folds 
worker0k: raises $8.80 to $11
tintin641: folds 
Manifestorr: folds 
Uncalled bet ($8.80) returned to worker0k
worker0k collected $5.40 from pot
*** SUMMARY ***
Total pot $5.40 | Rake $0 
Seat 1: worker0k (small blind) collected ($5.40)
Seat 2: tintin641 (big blind) folded before Flop
Seat 3: tommygun2754 folded before Flop (didn't bet)
Seat 4: z00mba folded before Flop (didn't bet)
Seat 5: Manifestorr folded before Flop
Seat 6: AIien Hand (button) folded before Flop (didn't bet)



PokerStars Hand #254551160367:  Hold'em No Limit ($0.50/$1.00 USD) - 2025/01/25 20:20:02 WET [2025/01/25 15:20:02 ET]
Table 'Sy IV' 6-max Seat #1 is the button
Seat 1: worker0k ($120.72 in chips) 
Seat 2: tintin641 ($102.28 in chips) 
Seat 3: tommygun2754 ($50.98 in chips) 
Seat 4: z00mba ($113.62 in chips) 
Seat 5: Manifestorr ($100.48 in chips) 
Seat 6: AIien Hand ($102.48 in chips) 
tintin641: posts small blind $0.50
tommygun2754: posts big blind $1
*** HOLE CARDS ***
z00mba: folds 
Manifestorr: raises $1.20 to $2.20
AIien Hand: folds 
worker0k: folds 
tintin641: raises $8.80 to $11
tommygun2754: folds 
Manifestorr: folds 
Uncalled bet ($8.80) returned to tintin641
tintin641 collected $5.40 from pot
tintin641: doesn't show hand 
*** SUMMARY ***
Total pot $5.40 | Rake $0 
Seat 1: worker0k (button) folded before Flop (didn't bet)
Seat 2: tintin641 (small blind) collected ($5.40)
Seat 3: tommygun2754 (big blind) folded before Flop
Seat 4: z00mba folded before Flop (didn't bet)
Seat 5: Manifestorr folded before Flop
Seat 6: AIien Hand folded before Flop (didn't bet)



PokerStars Hand #254551166082:  Hold'em No Limit ($0.50/$1.00 USD) - 2025/01/25 20:20:22 WET [2025/01/25 15:20:22 ET]
Table 'Sy IV' 6-max Seat #2 is the button
Seat 1: worker0k ($120.72 in chips) 
Seat 2: tintin641 ($105.48 in chips) 
Seat 3: tommygun2754 ($49.98 in chips) 
Seat 4: z00mba ($113.62 in chips) 
Seat 5: Manifestorr ($100 in chips) 
Seat 6: AIien Hand ($102.48 in chips) 
tommygun2754: posts small blind $0.50
z00mba: posts big blind $1
*** HOLE CARDS ***
Manifestorr: folds 
AIien Hand: folds 
worker0k: raises $1.30 to $2.30
tintin641: folds 
tommygun2754: folds 
z00mba: calls $1.30
*** FLOP *** [2s Ks 5s]
z00mba: checks 
worker0k: bets $1.60
z00mba: folds 
Uncalled bet ($1.60) returned to worker0k
worker0k collected $4.84 from pot
*** SUMMARY ***
Total pot $5.10 | Rake $0.26 
Board [2s Ks 5s]
Seat 1: worker0k collected ($4.84)
Seat 2: tintin641 (button) folded before Flop (didn't bet)
Seat 3: tommygun2754 (small blind) folded before Flop
Seat 4: z00mba (big blind) folded on the Flop
Seat 5: Manifestorr folded before Flop (didn't bet)
Seat 6: AIien Hand folded before Flop (didn't bet)



PokerStars Hand #254551184011:  Hold'em No Limit ($0.50/$1.00 USD) - 2025/01/25 20:21:22 WET [2025/01/25 15:21:22 ET]
Table 'Sy IV' 6-max Seat #3 is the button
Seat 1: worker0k ($123.26 in chips) 
Seat 2: tintin641 ($105.48 in chips) 
Seat 3: tommygun2754 ($49.48 in chips) 
Seat 4: z00mba ($111.32 in chips) 
Seat 5: Manifestorr ($100 in chips) 
Seat 6: AIien Hand ($102.48 in chips) 
z00mba: posts small blind $0.50
Manifestorr: posts big blind $1
*** HOLE CARDS ***
AIien Hand: folds 
worker0k: folds 
tintin641: raises $1.50 to $2.50
tommygun2754: folds 
z00mba: folds 
Manifestorr: folds 
Uncalled bet ($1.50) returned to tintin641
tintin641 collected $2.50 from pot
tintin641: doesn't show hand 
*** SUMMARY ***
Total pot $2.50 | Rake $0 
Seat 1: worker0k folded before Flop (didn't bet)
Seat 2: tintin641 collected ($2.50)
Seat 3: tommygun2754 (button) folded before Flop (didn't bet)
Seat 4: z00mba (small blind) folded before Flop
Seat 5: Manifestorr (big blind) folded before Flop
Seat 6: AIien Hand folded before Flop (didn't bet)



PokerStars Hand #254551190668:  Hold'em No Limit ($0.50/$1.00 USD) - 2025/01/25 20:21:44 WET [2025/01/25 15:21:44 ET]
Table 'Sy IV' 6-max Seat #4 is the button
Seat 1: worker0k ($123.26 in chips) 
Seat 2: tintin641 ($106.98 in chips) 
Seat 3: tommygun2754 ($49.48 in chips) 
Seat 4: z00mba ($110.82 in chips) 
Seat 5: Manifestorr ($100 in chips) 
Seat 6: AIien Hand ($102.48 in chips) 
Manifestorr: posts small blind $0.50
AIien Hand: posts big blind $1
*** HOLE CARDS ***
worker0k: folds 
tintin641: folds 
tommygun2754: calls $1
z00mba: folds 
Manifestorr: folds 
AIien Hand: raises $4 to $5
tommygun2754: calls $4
*** FLOP *** [7h Td Ts]
AIien Hand: bets $2.30
tommygun2754: calls $2.30
*** TURN *** [7h Td Ts] [Qh]
AIien Hand: checks 
tommygun2754: bets $5
AIien Hand: raises $48.68 to $53.68
tommygun2754: folds 
Uncalled bet ($48.68) returned to AIien Hand
AIien Hand collected $23.84 from pot
AIien Hand: doesn't show hand 
*** SUMMARY ***
Total pot $25.10 | Rake $1.26 
Board [7h Td Ts Qh]
Seat 1: worker0k folded before Flop (didn't bet)
Seat 2: tintin641 folded before Flop (didn't bet)
Seat 3: tommygun2754 folded on the Turn
Seat 4: z00mba (button) folded before Flop (didn't bet)
Seat 5: Manifestorr (small blind) folded before Flop
Seat 6: AIien Hand (big blind) collected ($23.84)



PokerStars Hand #254551217587:  Hold'em No Limit ($0.50/$1.00 USD) - 2025/01/25 20:23:15 WET [2025/01/25 15:23:15 ET]
Table 'Sy IV' 6-max Seat #5 is the button
Seat 1: worker0k ($123.26 in chips) 
Seat 2: tintin641 ($106.98 in chips) 
Seat 3: tommygun2754 ($37.18 in chips) 
Seat 4: z00mba ($110.82 in chips) 
Seat 5: Manifestorr ($100 in chips) 
Seat 6: AIien Hand ($114.02 in chips) 
AIien Hand: posts small blind $0.50
worker0k: posts big blind $1
*** HOLE CARDS ***
tintin641: folds 
tommygun2754: folds 
z00mba: raises $1.50 to $2.50
Manifestorr: folds 
AIien Hand: raises $8 to $10.50
worker0k: folds 
z00mba: folds 
Uncalled bet ($8) returned to AIien Hand
AIien Hand collected $6 from pot
AIien Hand: doesn't show hand 
*** SUMMARY ***
Total pot $6 | Rake $0 
Seat 1: worker0k (big blind) folded before Flop
Seat 2: tintin641 folded before Flop (didn't bet)
Seat 3: tommygun2754 folded before Flop (didn't bet)
Seat 4: z00mba folded before Flop
Seat 5: Manifestorr (button) folded before Flop (didn't bet)
Seat 6: AIien Hand (small blind) collected ($6)



PokerStars Hand #254551224116:  Hold'em No Limit ($0.50/$1.00 USD) - 2025/01/25 20:23:37 WET [2025/01/25 15:23:37 ET]
Table 'Sy IV' 6-max Seat #6 is the button
Seat 1: worker0k ($122.26 in chips) 
Seat 2: tintin641 ($106.98 in chips) 
Seat 3: tommygun2754 ($37.18 in chips) 
Seat 4: z00mba ($108.32 in chips) 
Seat 5: Manifestorr ($100 in chips) 
Seat 6: AIien Hand ($117.52 in chips) 
worker0k: posts small blind $0.50
tintin641: posts big blind $1
*** HOLE CARDS ***
tommygun2754: folds 
z00mba: folds 
Manifestorr: raises $1.20 to $2.20
AIien Hand: folds 
worker0k: folds 
tintin641: calls $1.20
*** FLOP *** [5s 3c Kc]
tintin641: checks 
Manifestorr: checks 
*** TURN *** [5s 3c Kc] [7s]
tintin641: bets $6.99
Manifestorr: calls $6.99
*** RIVER *** [5s 3c Kc 7s] [Qc]
tintin641: bets $26.91
Manifestorr: folds 
Uncalled bet ($26.91) returned to tintin641
tintin641 collected $17.94 from pot
tintin641: doesn't show hand 
*** SUMMARY ***
Total pot $18.88 | Rake $0.94 
Board [5s 3c Kc 7s Qc]
Seat 1: worker0k (small blind) folded before Flop
Seat 2: tintin641 (big blind) collected ($17.94)
Seat 3: tommygun2754 folded before Flop (didn't bet)
Seat 4: z00mba folded before Flop (didn't bet)
Seat 5: Manifestorr folded on the River
Seat 6: AIien Hand (button) folded before Flop (didn't bet)



PokerStars Hand #254551245572:  Hold'em No Limit ($0.50/$1.00 USD) - 2025/01/25 20:24:49 WET [2025/01/25 15:24:49 ET]
Table 'Sy IV' 6-max Seat #1 is the button
Seat 1: worker0k ($121.76 in chips) 
Seat 2: tintin641 ($115.73 in chips) 
Seat 3: tommygun2754 ($37.18 in chips) 
Seat 4: z00mba ($108.32 in chips) 
Seat 5: Manifestorr ($100 in chips) 
Seat 6: AIien Hand ($117.52 in chips) 
tintin641: posts small blind $0.50
tommygun2754: posts big blind $1
*** HOLE CARDS ***
z00mba: folds 
Manifestorr: raises $1.20 to $2.20
AIien Hand: folds 
worker0k: folds 
tintin641: folds 
tommygun2754: calls $1.20
*** FLOP *** [8c Js 9c]
tommygun2754: checks 
Manifestorr: checks 
*** TURN *** [8c Js 9c] [9h]
tommygun2754: checks 
Manifestorr: checks 
*** RIVER *** [8c Js 9c 9h] [5c]
tommygun2754: checks 
Manifestorr: checks 
*** SHOW DOWN ***
tommygun2754: shows [6c 5h] (two pair, Nines and Fives)
Manifestorr: mucks hand 
tommygun2754 collected $4.66 from pot
*** SUMMARY ***
Total pot $4.90 | Rake $0.24 
Board [8c Js 9c 9h 5c]
Seat 1: worker0k (button) folded before Flop (didn't bet)
Seat 2: tintin641 (small blind) folded before Flop
Seat 3: tommygun2754 (big blind) showed [6c 5h] and won ($4.66) with two pair, Nines and Fives
Seat 4: z00mba folded before Flop (didn't bet)
Seat 5: Manifestorr mucked
Seat 6: AIien Hand folded before Flop (didn't bet)



PokerStars Hand #254551258889:  Hold'em No Limit ($0.50/$1.00 USD) - 2025/01/25 20:25:34 WET [2025/01/25 15:25:34 ET]
Table 'Sy IV' 6-max Seat #2 is the button
Seat 1: worker0k ($121.76 in chips) 
Seat 2: tintin641 ($115.23 in chips) 
Seat 3: tommygun2754 ($39.64 in chips) 
Seat 4: z00mba ($108.32 in chips) 
Seat 5: Manifestorr ($100 in chips) 
Seat 6: AIien Hand ($117.52 in chips) 
tommygun2754: posts small blind $0.50
z00mba: posts big blind $1
*** HOLE CARDS ***
Manifestorr: folds 
AIien Hand: folds 
worker0k: raises $1.30 to $2.30
tintin641: folds 
tommygun2754: folds 
z00mba: folds 
Uncalled bet ($1.30) returned to worker0k
worker0k collected $2.50 from pot
*** SUMMARY ***
Total pot $2.50 | Rake $0 
Seat 1: worker0k collected ($2.50)
Seat 2: tintin641 (button) folded before Flop (didn't bet)
Seat 3: tommygun2754 (small blind) folded before Flop
Seat 4: z00mba (big blind) folded before Flop
Seat 5: Manifestorr folded before Flop (didn't bet)
Seat 6: AIien Hand folded before Flop (didn't bet)



PokerStars Hand #254551264281:  Hold'em No Limit ($0.50/$1.00 USD) - 2025/01/25 20:25:52 WET [2025/01/25 15:25:52 ET]
Table 'Sy IV' 6-max Seat #3 is the button
Seat 1: worker0k ($123.26 in chips) 
Seat 2: tintin641 ($115.23 in chips) 
Seat 3: tommygun2754 ($39.14 in chips) 
Seat 4: z00mba ($107.32 in chips) 
Seat 5: Manifestorr ($100 in chips) 
Seat 6: AIien Hand ($117.52 in chips) 
z00mba: posts small blind $0.50
Manifestorr: posts big blind $1
*** HOLE CARDS ***
AIien Hand: folds 
worker0k: folds 
tintin641: folds 
tommygun2754: folds 
z00mba: folds 
Uncalled bet ($0.50) returned to Manifestorr
Manifestorr collected $1 from pot
*** SUMMARY ***
Total pot $1 | Rake $0 
Seat 1: worker0k folded before Flop (didn't bet)
Seat 2: tintin641 folded before Flop (didn't bet)
Seat 3: tommygun2754 (button) folded before Flop (didn't bet)
Seat 4: z00mba (small blind) folded before Flop
Seat 5: Manifestorr (big blind) collected ($1)
Seat 6: AIien Hand folded before Flop (didn't bet)



PokerStars Hand #254551270137:  Hold'em No Limit ($0.50/$1.00 USD) - 2025/01/25 20:26:12 WET [2025/01/25 15:26:12 ET]
Table 'Sy IV' 6-max Seat #4 is the button
Seat 1: worker0k ($123.26 in chips) 
Seat 2: tintin641 ($115.23 in chips) 
Seat 3: tommygun2754 ($39.14 in chips) 
Seat 4: z00mba ($106.82 in chips) 
Seat 5: Manifestorr ($100.50 in chips) 
Seat 6: AIien Hand ($117.52 in chips) 
Manifestorr: posts small blind $0.50
AIien Hand: posts big blind $1
*** HOLE CARDS ***
worker0k: folds 
tintin641: folds 
tommygun2754: raises $1 to $2
z00mba: folds 
Manifestorr: folds 
AIien Hand: calls $1
*** FLOP *** [6h 5c 7c]
AIien Hand: checks 
tommygun2754: bets $3
AIien Hand: calls $3
*** TURN *** [6h 5c 7c] [2s]
AIien Hand: checks 
tommygun2754: bets $5
AIien Hand: calls $5
*** RIVER *** [6h 5c 7c 2s] [Th]
AIien Hand: checks 
tommygun2754: checks 
*** SHOW DOWN ***
AIien Hand: shows [4c 2c] (a pair of Deuces)
tommygun2754: shows [9s 9h] (a pair of Nines)
tommygun2754 collected $19.48 from pot
*** SUMMARY ***
Total pot $20.50 | Rake $1.02 
Board [6h 5c 7c 2s Th]
Seat 1: worker0k folded before Flop (didn't bet)
Seat 2: tintin641 folded before Flop (didn't bet)
Seat 3: tommygun2754 showed [9s 9h] and won ($19.48) with a pair of Nines
Seat 4: z00mba (button) folded before Flop (didn't bet)
Seat 5: Manifestorr (small blind) folded before Flop
Seat 6: AIien Hand (big blind) showed [4c 2c] and lost with a pair of Deuces



PokerStars Hand #254551286983:  Hold'em No Limit ($0.50/$1.00 USD) - 2025/01/25 20:27:08 WET [2025/01/25 15:27:08 ET]
Table 'Sy IV' 6-max Seat #5 is the button
Seat 1: worker0k ($123.26 in chips) is sitting out
Seat 2: tintin641 ($115.23 in chips) 
Seat 3: tommygun2754 ($48.62 in chips) 
Seat 4: z00mba ($106.82 in chips) 
Seat 5: Manifestorr ($100 in chips) 
Seat 6: AIien Hand ($107.52 in chips) 
AIien Hand: posts small blind $0.50
worker0k: is sitting out 
tintin641: posts big blind $1
*** HOLE CARDS ***
tommygun2754: folds 
z00mba: folds 
Manifestorr: raises $1.20 to $2.20
worker0k leaves the table
AIien Hand: raises $8.30 to $10.50
CichiChanMarian joins the table at seat #1 
tintin641: folds 
Manifestorr: calls $8.30
*** FLOP *** [2d 3h 7d]
AIien Hand: checks 
Manifestorr: bets $10.45
AIien Hand: raises $12.62 to $23.07
Manifestorr: folds 
Uncalled bet ($12.62) returned to AIien Hand
AIien Hand collected $40.76 from pot
AIien Hand: doesn't show hand 
*** SUMMARY ***
Total pot $42.90 | Rake $2.14 
Board [2d 3h 7d]
Seat 1: worker0k
Seat 2: tintin641 (big blind) folded before Flop
Seat 3: tommygun2754 folded before Flop (didn't bet)
Seat 4: z00mba folded before Flop (didn't bet)
Seat 5: Manifestorr (button) folded on the Flop
Seat 6: AIien Hand (small blind) collected ($40.76)



PokerStars Hand #254551308499:  Hold'em No Limit ($0.50/$1.00 USD) - 2025/01/25 20:28:20 WET [2025/01/25 15:28:20 ET]
Table 'Sy IV' 6-max Seat #6 is the button
Seat 1: CichiChanMarian ($100 in chips) is sitting out
Seat 2: tintin641 ($114.23 in chips) 
Seat 3: tommygun2754 ($48.62 in chips) 
Seat 4: z00mba ($106.82 in chips) 
Seat 5: Manifestorr ($100 in chips) 
Seat 6: AIien Hand ($127.33 in chips) 
tintin641: posts small blind $0.50
tommygun2754: posts big blind $1
*** HOLE CARDS ***
z00mba: folds 
Manifestorr: folds 
AIien Hand: raises $1.50 to $2.50
tintin641: folds 
tommygun2754: calls $1.50
*** FLOP *** [6h 8c Ks]
tommygun2754: checks 
AIien Hand: bets $1.20
tommygun2754: calls $1.20
*** TURN *** [6h 8c Ks] [4s]
tommygun2754: checks 
AIien Hand: checks 
*** RIVER *** [6h 8c Ks 4s] [Ts]
tommygun2754: checks 
AIien Hand: bets $1.73
tommygun2754: calls $1.73
*** SHOW DOWN ***
AIien Hand: shows [9h 8h] (a pair of Eights)
tommygun2754: shows [9s Td] (a pair of Tens)
tommygun2754 collected $10.79 from pot
*** SUMMARY ***
Total pot $11.36 | Rake $0.57 
Board [6h 8c Ks 4s Ts]
Seat 1: CichiChanMarian
Seat 2: tintin641 (small blind) folded before Flop
Seat 3: tommygun2754 (big blind) showed [9s Td] and won ($10.79) with a pair of Tens
Seat 4: z00mba folded before Flop (didn't bet)
Seat 5: Manifestorr folded before Flop (didn't bet)
Seat 6: AIien Hand (button) showed [9h 8h] and lost with a pair of Eights



PokerStars Hand #254551326526:  Hold'em No Limit ($0.50/$1.00 USD) - 2025/01/25 20:29:20 WET [2025/01/25 15:29:20 ET]
Table 'Sy IV' 6-max Seat #2 is the button
Seat 1: CichiChanMarian ($100 in chips) is sitting out
Seat 2: tintin641 ($113.73 in chips) 
Seat 3: tommygun2754 ($53.98 in chips) 
Seat 4: z00mba ($106.82 in chips) 
Seat 5: Manifestorr ($100 in chips) 
Seat 6: AIien Hand ($121.90 in chips) 
tommygun2754: posts small blind $0.50
z00mba: posts big blind $1
CichiChanMarian: sits out 
*** HOLE CARDS ***
Manifestorr: raises $1.20 to $2.20
AIien Hand: folds 
tintin641: folds 
tommygun2754: calls $1.70
z00mba: folds 
*** FLOP *** [Jd Th 7c]
tommygun2754: checks 
Manifestorr: checks 
*** TURN *** [Jd Th 7c] [Jh]
tommygun2754: bets $1
Manifestorr: calls $1
*** RIVER *** [Jd Th 7c Jh] [As]
tommygun2754: checks 
Manifestorr: checks 
*** SHOW DOWN ***
tommygun2754: shows [4d 3d] (a pair of Jacks)
Manifestorr: shows [Ks 7s] (two pair, Jacks and Sevens)
Manifestorr collected $7.03 from pot
*** SUMMARY ***
Total pot $7.40 | Rake $0.37 
Board [Jd Th 7c Jh As]
Seat 1: CichiChanMarian
Seat 2: tintin641 (button) folded before Flop (didn't bet)
Seat 3: tommygun2754 (small blind) showed [4d 3d] and lost with a pair of Jacks
Seat 4: z00mba (big blind) folded before Flop
Seat 5: Manifestorr showed [Ks 7s] and won ($7.03) with two pair, Jacks and Sevens
Seat 6: AIien Hand folded before Flop (didn't bet)



PokerStars Hand #254551340973:  Hold'em No Limit ($0.50/$1.00 USD) - 2025/01/25 20:30:08 WET [2025/01/25 15:30:08 ET]
Table 'Sy IV' 6-max Seat #3 is the button
Seat 1: CichiChanMarian ($100 in chips) is sitting out
Seat 2: tintin641 ($113.73 in chips) 
Seat 3: tommygun2754 ($50.78 in chips) 
Seat 4: z00mba ($105.82 in chips) 
Seat 5: Manifestorr ($103.83 in chips) 
Seat 6: AIien Hand ($121.90 in chips) 
z00mba: posts small blind $0.50
Manifestorr: posts big blind $1
CichiChanMarian: sits out 
*** HOLE CARDS ***
AIien Hand: folds 
tintin641: folds 
tommygun2754: folds 
z00mba: folds 
Uncalled bet ($0.50) returned to Manifestorr
Manifestorr collected $1 from pot
*** SUMMARY ***
Total pot $1 | Rake $0 
Seat 1: CichiChanMarian
Seat 2: tintin641 folded before Flop (didn't bet)
Seat 3: tommygun2754 (button) folded before Flop (didn't bet)
Seat 4: z00mba (small blind) folded before Flop
Seat 5: Manifestorr (big blind) collected ($1)
Seat 6: AIien Hand folded before Flop (didn't bet)



PokerStars Hand #254551344577:  Hold'em No Limit ($0.50/$1.00 USD) - 2025/01/25 20:30:21 WET [2025/01/25 15:30:21 ET]
Table 'Sy IV' 6-max Seat #4 is the button
Seat 1: CichiChanMarian ($100 in chips) is sitting out
Seat 2: tintin641 ($113.73 in chips) 
Seat 3: tommygun2754 ($50.78 in chips) 
Seat 4: z00mba ($105.32 in chips) 
Seat 5: Manifestorr ($104.33 in chips) 
Seat 6: AIien Hand ($121.90 in chips) 
Manifestorr: posts small blind $0.50
AIien Hand: posts big blind $1
CichiChanMarian: sits out 
*** HOLE CARDS ***
tintin641: folds 
tommygun2754: folds 
z00mba: folds 
Manifestorr: folds 
Uncalled bet ($0.50) returned to AIien Hand
AIien Hand collected $1 from pot
AIien Hand: doesn't show hand 
*** SUMMARY ***
Total pot $1 | Rake $0 
Seat 1: CichiChanMarian
Seat 2: tintin641 folded before Flop (didn't bet)
Seat 3: tommygun2754 folded before Flop (didn't bet)
Seat 4: z00mba (button) folded before Flop (didn't bet)
Seat 5: Manifestorr (small blind) folded before Flop
Seat 6: AIien Hand (big blind) collected ($1)



PokerStars Hand #254551348040:  Hold'em No Limit ($0.50/$1.00 USD) - 2025/01/25 20:30:32 WET [2025/01/25 15:30:32 ET]
Table 'Sy IV' 6-max Seat #5 is the button
Seat 1: CichiChanMarian ($100 in chips) 
Seat 2: tintin641 ($113.73 in chips) 
Seat 3: tommygun2754 ($50.78 in chips) 
Seat 4: z00mba ($105.32 in chips) 
Seat 5: Manifestorr ($103.83 in chips) 
Seat 6: AIien Hand ($122.40 in chips) 
AIien Hand: posts small blind $0.50
CichiChanMarian: posts big blind $1
*** HOLE CARDS ***
tintin641: folds 
tommygun2754: calls $1
z00mba: raises $2.50 to $3.50
Manifestorr: calls $3.50
AIien Hand: folds 
CichiChanMarian: folds 
tommygun2754: folds 
*** FLOP *** [4c Ah Th]
z00mba: checks 
Manifestorr: checks 
*** TURN *** [4c Ah Th] [Kc]
z00mba: checks 
Manifestorr: checks 
*** RIVER *** [4c Ah Th Kc] [Qh]
z00mba: checks 
Manifestorr: checks 
*** SHOW DOWN ***
z00mba: shows [7d 7c] (a pair of Sevens)
Manifestorr: shows [8s 8c] (a pair of Eights)
Manifestorr collected $9.02 from pot
*** SUMMARY ***
Total pot $9.50 | Rake $0.48 
Board [4c Ah Th Kc Qh]
Seat 1: CichiChanMarian (big blind) folded before Flop
Seat 2: tintin641 folded before Flop (didn't bet)
Seat 3: tommygun2754 folded before Flop
Seat 4: z00mba showed [7d 7c] and lost with a pair of Sevens
Seat 5: Manifestorr (button) showed [8s 8c] and won ($9.02) with a pair of Eights
Seat 6: AIien Hand (small blind) folded before Flop



PokerStars Hand #254551371945:  Hold'em No Limit ($0.50/$1.00 USD) - 2025/01/25 20:31:53 WET [2025/01/25 15:31:53 ET]
Table 'Sy IV' 6-max Seat #6 is the button
Seat 1: CichiChanMarian ($100 in chips) 
Seat 2: tintin641 ($113.73 in chips) 
Seat 3: tommygun2754 ($49.78 in chips) 
Seat 4: z00mba ($101.82 in chips) 
Seat 5: Manifestorr ($109.35 in chips) 
Seat 6: AIien Hand ($121.90 in chips) 
CichiChanMarian: posts small blind $0.50
tintin641: posts big blind $1
*** HOLE CARDS ***
tommygun2754: calls $1
z00mba: folds 
Manifestorr: folds 
AIien Hand: raises $2.50 to $3.50
CichiChanMarian: folds 
tintin641: folds 
tommygun2754: raises $4.50 to $8
AIien Hand: calls $4.50
*** FLOP *** [9s 4h 7c]
tommygun2754: bets $8
AIien Hand: folds 
Uncalled bet ($8) returned to tommygun2754
tommygun2754 collected $16.62 from pot
*** SUMMARY ***
Total pot $17.50 | Rake $0.88 
Board [9s 4h 7c]
Seat 1: CichiChanMarian (small blind) folded before Flop
Seat 2: tintin641 (big blind) folded before Flop
Seat 3: tommygun2754 collected ($16.62)
Seat 4: z00mba folded before Flop (didn't bet)
Seat 5: Manifestorr folded before Flop (didn't bet)
Seat 6: AIien Hand (button) folded on the Flop



PokerStars Hand #254551385027:  Hold'em No Limit ($0.50/$1.00 USD) - 2025/01/25 20:32:37 WET [2025/01/25 15:32:37 ET]
Table 'Sy IV' 6-max Seat #1 is the button
Seat 1: CichiChanMarian ($100 in chips) 
Seat 2: tintin641 ($112.73 in chips) 
Seat 3: tommygun2754 ($58.40 in chips) 
Seat 4: z00mba ($101.82 in chips) 
Seat 5: Manifestorr ($109.35 in chips) 
Seat 6: AIien Hand ($113.90 in chips) 
tintin641: posts small blind $0.50
tommygun2754: posts big blind $1
*** HOLE CARDS ***
z00mba: folds 
Manifestorr: folds 
AIien Hand: raises $1.20 to $2.20
CichiChanMarian: folds 
tintin641: raises $8.80 to $11
tommygun2754: folds 
AIien Hand: calls $8.80
*** FLOP *** [7c Js Qc]
tintin641: bets $10.93
AIien Hand: folds 
Uncalled bet ($10.93) returned to tintin641
tintin641 collected $21.85 from pot
tintin641: doesn't show hand 
*** SUMMARY ***
Total pot $23 | Rake $1.15 
Board [7c Js Qc]
Seat 1: CichiChanMarian (button) folded before Flop (didn't bet)
Seat 2: tintin641 (small blind) collected ($21.85)
Seat 3: tommygun2754 (big blind) folded before Flop
Seat 4: z00mba folded before Flop (didn't bet)
Seat 5: Manifestorr folded before Flop (didn't bet)
Seat 6: AIien Hand folded on the Flop



PokerStars Hand #254551397068:  Hold'em No Limit ($0.50/$1.00 USD) - 2025/01/25 20:33:18 WET [2025/01/25 15:33:18 ET]
Table 'Sy IV' 6-max Seat #2 is the button
Seat 1: CichiChanMarian ($100 in chips) 
Seat 2: tintin641 ($123.58 in chips) 
Seat 3: tommygun2754 ($57.40 in chips) 
Seat 4: z00mba ($101.82 in chips) 
Seat 5: Manifestorr ($109.35 in chips) 
Seat 6: AIien Hand ($102.90 in chips) 
tommygun2754: posts small blind $0.50
z00mba: posts big blind $1
*** HOLE CARDS ***
Manifestorr: folds 
AIien Hand: folds 
CichiChanMarian: folds 
tintin641: folds 
tommygun2754: calls $0.50
z00mba: checks 
*** FLOP *** [Js Kc Jc]
tommygun2754: checks 
z00mba: checks 
*** TURN *** [Js Kc Jc] [Kd]
tommygun2754: bets $2
z00mba: folds 
Uncalled bet ($2) returned to tommygun2754
tommygun2754 collected $1.90 from pot
*** SUMMARY ***
Total pot $2 | Rake $0.10 
Board [Js Kc Jc Kd]
Seat 1: CichiChanMarian folded before Flop (didn't bet)
Seat 2: tintin641 (button) folded before Flop (didn't bet)
Seat 3: tommygun2754 (small blind) collected ($1.90)
Seat 4: z00mba (big blind) folded on the Turn
Seat 5: Manifestorr folded before Flop (didn't bet)
Seat 6: AIien Hand folded before Flop (didn't bet)



PokerStars Hand #254551412075:  Hold'em No Limit ($0.50/$1.00 USD) - 2025/01/25 20:34:09 WET [2025/01/25 15:34:09 ET]
Table 'Sy IV' 6-max Seat #3 is the button
Seat 1: CichiChanMarian ($100 in chips) 
Seat 2: tintin641 ($123.58 in chips) 
Seat 3: tommygun2754 ($58.30 in chips) 
Seat 4: z00mba ($100.82 in chips) 
Seat 5: Manifestorr ($109.35 in chips) 
Seat 6: AIien Hand ($102.90 in chips) 
z00mba: posts small blind $0.50
Manifestorr: posts big blind $1
*** HOLE CARDS ***
AIien Hand: folds 
CichiChanMarian: folds 
tintin641: raises $1.50 to $2.50
tommygun2754: folds 
z00mba: folds 
Manifestorr: folds 
Uncalled bet ($1.50) returned to tintin641
tintin641 collected $2.50 from pot
tintin641: doesn't show hand 
*** SUMMARY ***
Total pot $2.50 | Rake $0 
Seat 1: CichiChanMarian folded before Flop (didn't bet)
Seat 2: tintin641 collected ($2.50)
Seat 3: tommygun2754 (button) folded before Flop (didn't bet)
Seat 4: z00mba (small blind) folded before Flop
Seat 5: Manifestorr (big blind) folded before Flop
Seat 6: AIien Hand folded before Flop (didn't bet)



PokerStars Hand #254551417036:  Hold'em No Limit ($0.50/$1.00 USD) - 2025/01/25 20:34:25 WET [2025/01/25 15:34:25 ET]
Table 'Sy IV' 6-max Seat #4 is the button
Seat 1: CichiChanMarian ($100 in chips) 
Seat 2: tintin641 ($125.08 in chips) 
Seat 3: tommygun2754 ($58.30 in chips) 
Seat 4: z00mba ($100.32 in chips) 
Seat 5: Manifestorr ($108.35 in chips) 
Seat 6: AIien Hand ($102.90 in chips) 
Manifestorr: posts small blind $0.50
AIien Hand: posts big blind $1
*** HOLE CARDS ***
CichiChanMarian: folds 
tintin641: folds 
tommygun2754: folds 
z00mba: folds 
Manifestorr: raises $2 to $3
AIien Hand: calls $2
*** FLOP *** [Ad Kd As]
Manifestorr: checks 
AIien Hand: checks 
*** TURN *** [Ad Kd As] [Ks]
Manifestorr: checks 
AIien Hand: checks 
*** RIVER *** [Ad Kd As Ks] [8d]
Manifestorr: checks 
AIien Hand: bets $3.14
Manifestorr: calls $3.14
*** SHOW DOWN ***
AIien Hand: shows [8s 8h] (a full house, Eights full of Aces)
Manifestorr: mucks hand 
AIien Hand collected $11.67 from pot
*** SUMMARY ***
Total pot $12.28 | Rake $0.61 
Board [Ad Kd As Ks 8d]
Seat 1: CichiChanMarian folded before Flop (didn't bet)
Seat 2: tintin641 folded before Flop (didn't bet)
Seat 3: tommygun2754 folded before Flop (didn't bet)
Seat 4: z00mba (button) folded before Flop (didn't bet)
Seat 5: Manifestorr (small blind) mucked
Seat 6: AIien Hand (big blind) showed [8s 8h] and won ($11.67) with a full house, Eights full of Aces



PokerStars Hand #254551437967:  Hold'em No Limit ($0.50/$1.00 USD) - 2025/01/25 20:35:37 WET [2025/01/25 15:35:37 ET]
Table 'Sy IV' 6-max Seat #5 is the button
Seat 1: CichiChanMarian ($100 in chips) 
Seat 2: tintin641 ($125.08 in chips) 
Seat 3: tommygun2754 ($58.30 in chips) 
Seat 4: z00mba ($100.32 in chips) 
Seat 5: Manifestorr ($102.21 in chips) 
Seat 6: AIien Hand ($108.43 in chips) 
AIien Hand: posts small blind $0.50
CichiChanMarian: posts big blind $1
*** HOLE CARDS ***
tintin641: folds 
tommygun2754: calls $1
z00mba: folds 
Manifestorr: folds 
AIien Hand: folds 
CichiChanMarian: checks 
*** FLOP *** [9c 2d 4h]
CichiChanMarian: checks 
tommygun2754: checks 
*** TURN *** [9c 2d 4h] [5s]
CichiChanMarian: bets $1.57
tommygun2754: calls $1.57
*** RIVER *** [9c 2d 4h 5s] [5d]
CichiChanMarian: bets $5.36
tommygun2754: raises $9.36 to $14.72
CichiChanMarian: folds 
Uncalled bet ($9.36) returned to tommygun2754
tommygun2754 collected $15.54 from pot
*** SUMMARY ***
Total pot $16.36 | Rake $0.82 
Board [9c 2d 4h 5s 5d]
Seat 1: CichiChanMarian (big blind) folded on the River
Seat 2: tintin641 folded before Flop (didn't bet)
Seat 3: tommygun2754 collected ($15.54)
Seat 4: z00mba folded before Flop (didn't bet)
Seat 5: Manifestorr (button) folded before Flop (didn't bet)
Seat 6: AIien Hand (small blind) folded before Flop



PokerStars Hand #254551458502:  Hold'em No Limit ($0.50/$1.00 USD) - 2025/01/25 20:36:46 WET [2025/01/25 15:36:46 ET]
Table 'Sy IV' 6-max Seat #6 is the button
Seat 2: tintin641 ($125.08 in chips) is sitting out
Seat 1: CichiChanMarian ($100 in chips) 
Seat 3: tommygun2754 ($65.91 in chips) 
Seat 4: z00mba ($100.32 in chips) 
Seat 5: Manifestorr ($102.21 in chips) 
Seat 6: AIien Hand ($107.93 in chips) 
CichiChanMarian: posts small blind $0.50
tintin641: is sitting out 
tommygun2754: posts big blind $1
*** HOLE CARDS ***
tintin641 leaves the table
z00mba: folds 
Manifestorr: folds 
AIien Hand: folds 
CichiChanMarian: folds 
Uncalled bet ($0.50) returned to tommygun2754
tommygun2754 collected $1 from pot
*** SUMMARY ***
Total pot $1 | Rake $0 
Seat 2: tintin641
Seat 1: CichiChanMarian (small blind) folded before Flop
Seat 3: tommygun2754 (big blind) collected ($1)
Seat 4: z00mba folded before Flop (didn't bet)
Seat 5: Manifestorr folded before Flop (didn't bet)
Seat 6: AIien Hand (button) folded before Flop (didn't bet)



PokerStars Hand #254551461742:  Hold'em No Limit ($0.50/$1.00 USD) - 2025/01/25 20:36:57 WET [2025/01/25 15:36:57 ET]
Table 'Sy IV' 6-max Seat #1 is the button
Seat 1: CichiChanMarian ($100 in chips) 
Seat 3: tommygun2754 ($66.41 in chips) 
Seat 4: z00mba ($100.32 in chips) 
Seat 5: Manifestorr ($102.21 in chips) 
Seat 6: AIien Hand ($107.93 in chips) 
tommygun2754: posts small blind $0.50
z00mba: posts big blind $1
*** HOLE CARDS ***
Manifestorr: folds 
AIien Hand: folds 
CichiChanMarian: folds 
tommygun2754: calls $0.50
z00mba: raises $3 to $4
tommygun2754: folds 
Uncalled bet ($3) returned to z00mba
z00mba collected $2 from pot
z00mba: doesn't show hand 
*** SUMMARY ***
Total pot $2 | Rake $0 
Seat 1: CichiChanMarian (button) folded before Flop (didn't bet)
Seat 3: tommygun2754 (small blind) folded before Flop
Seat 4: z00mba (big blind) collected ($2)
Seat 5: Manifestorr folded before Flop (didn't bet)
Seat 6: AIien Hand folded before Flop (didn't bet)



PokerStars Hand #254551466183:  Hold'em No Limit ($0.50/$1.00 USD) - 2025/01/25 20:37:12 WET [2025/01/25 15:37:12 ET]
Table 'Sy IV' 6-max Seat #3 is the button
Seat 1: CichiChanMarian ($100 in chips) 
Seat 3: tommygun2754 ($65.41 in chips) 
Seat 4: z00mba ($101.32 in chips) 
Seat 5: Manifestorr ($102.21 in chips) 
Seat 6: AIien Hand ($107.93 in chips) 
z00mba: posts small blind $0.50
Manifestorr: posts big blind $1
*** HOLE CARDS ***
AIien Hand: folds 
CichiChanMarian: raises $1.50 to $2.50
tommygun2754: folds 
z00mba: raises $9 to $11.50
Manifestorr: folds 
CichiChanMarian: calls $9
*** FLOP *** [Kc 9h 8c]
z00mba: bets $7.30
CichiChanMarian: calls $7.30
*** TURN *** [Kc 9h 8c] [6c]
z00mba: checks 
CichiChanMarian: bets $12.10
z00mba: folds 
Uncalled bet ($12.10) returned to CichiChanMarian
CichiChanMarian collected $36.67 from pot
CichiChanMarian: doesn't show hand 
*** SUMMARY ***
Total pot $38.60 | Rake $1.93 
Board [Kc 9h 8c 6c]
Seat 1: CichiChanMarian collected ($36.67)
Seat 3: tommygun2754 (button) folded before Flop (didn't bet)
Seat 4: z00mba (small blind) folded on the Turn
Seat 5: Manifestorr (big blind) folded before Flop
Seat 6: AIien Hand folded before Flop (didn't bet)



PokerStars Hand #254551480223:  Hold'em No Limit ($0.50/$1.00 USD) - 2025/01/25 20:38:00 WET [2025/01/25 15:38:00 ET]
Table 'Sy IV' 6-max Seat #4 is the button
Seat 1: CichiChanMarian ($117.87 in chips) 
Seat 3: tommygun2754 ($65.41 in chips) 
Seat 4: z00mba ($100 in chips) 
Seat 5: Manifestorr ($101.21 in chips) 
Seat 6: AIien Hand ($107.93 in chips) 
Manifestorr: posts small blind $0.50
AIien Hand: posts big blind $1
*** HOLE CARDS ***
CichiChanMarian: raises $1.50 to $2.50
Sadyhov V.V. joins the table at seat #2 
tommygun2754: calls $2.50
z00mba: folds 
Manifestorr: folds 
AIien Hand: calls $1.50
*** FLOP *** [3d 8h 9c]
AIien Hand: checks 
CichiChanMarian: checks 
tommygun2754: checks 
*** TURN *** [3d 8h 9c] [8d]
AIien Hand: bets $2.28
CichiChanMarian: calls $2.28
tommygun2754: folds 
*** RIVER *** [3d 8h 9c 8d] [Js]
AIien Hand: checks 
CichiChanMarian: bets $8.95
AIien Hand: folds 
Uncalled bet ($8.95) returned to CichiChanMarian
CichiChanMarian collected $11.93 from pot
CichiChanMarian: doesn't show hand 
*** SUMMARY ***
Total pot $12.56 | Rake $0.63 
Board [3d 8h 9c 8d Js]
Seat 1: CichiChanMarian collected ($11.93)
Seat 3: tommygun2754 folded on the Turn
Seat 4: z00mba (button) folded before Flop (didn't bet)
Seat 5: Manifestorr (small blind) folded before Flop
Seat 6: AIien Hand (big blind) folded on the River



PokerStars Hand #254551508512:  Hold'em No Limit ($0.50/$1.00 USD) - 2025/01/25 20:39:35 WET [2025/01/25 15:39:35 ET]
Table 'Sy IV' 6-max Seat #5 is the button
Seat 2: Sadyhov V.V. ($100 in chips) is sitting out
Seat 1: CichiChanMarian ($125.02 in chips) 
Seat 3: tommygun2754 ($62.91 in chips) 
Seat 4: z00mba ($100 in chips) 
Seat 5: Manifestorr ($100.71 in chips) 
Seat 6: AIien Hand ($103.15 in chips) 
AIien Hand: posts small blind $0.50
CichiChanMarian: posts big blind $1
Sadyhov V.V.: sits out 
*** HOLE CARDS ***
tommygun2754: folds 
z00mba: folds 
Manifestorr: folds 
AIien Hand: folds 
Uncalled bet ($0.50) returned to CichiChanMarian
CichiChanMarian collected $1 from pot
CichiChanMarian: doesn't show hand 
*** SUMMARY ***
Total pot $1 | Rake $0 
Seat 2: Sadyhov V.V.
Seat 1: CichiChanMarian (big blind) collected ($1)
Seat 3: tommygun2754 folded before Flop (didn't bet)
Seat 4: z00mba folded before Flop (didn't bet)
Seat 5: Manifestorr (button) folded before Flop (didn't bet)
Seat 6: AIien Hand (small blind) folded before Flop



PokerStars Hand #254551511358:  Hold'em No Limit ($0.50/$1.00 USD) - 2025/01/25 20:39:45 WET [2025/01/25 15:39:45 ET]
Table 'Sy IV' 6-max Seat #6 is the button
Seat 1: CichiChanMarian ($125.52 in chips) 
Seat 2: Sadyhov V.V. ($100 in chips) 
Seat 3: tommygun2754 ($62.91 in chips) 
Seat 4: z00mba ($100 in chips) 
Seat 5: Manifestorr ($100.71 in chips) 
Seat 6: AIien Hand ($102.65 in chips) 
CichiChanMarian: posts small blind $0.50
Sadyhov V.V.: posts big blind $1
*** HOLE CARDS ***
tommygun2754: raises $1 to $2
z00mba: folds 
Manifestorr: folds 
AIien Hand: folds 
CichiChanMarian: folds 
Sadyhov V.V.: calls $1
*** FLOP *** [Ad 3c Qc]
Sadyhov V.V.: checks 
tommygun2754: bets $2
Sadyhov V.V.: calls $2
*** TURN *** [Ad 3c Qc] [2c]
Sadyhov V.V.: checks 
tommygun2754: checks 
*** RIVER *** [Ad 3c Qc 2c] [Ts]
Sadyhov V.V.: checks 
tommygun2754: bets $7
Sadyhov V.V.: folds 
Uncalled bet ($7) returned to tommygun2754
tommygun2754 collected $8.08 from pot
*** SUMMARY ***
Total pot $8.50 | Rake $0.42 
Board [Ad 3c Qc 2c Ts]
Seat 1: CichiChanMarian (small blind) folded before Flop
Seat 2: Sadyhov V.V. (big blind) folded on the River
Seat 3: tommygun2754 collected ($8.08)
Seat 4: z00mba folded before Flop (didn't bet)
Seat 5: Manifestorr folded before Flop (didn't bet)
Seat 6: AIien Hand (button) folded before Flop (didn't bet)



PokerStars Hand #254551523931:  Hold'em No Limit ($0.50/$1.00 USD) - 2025/01/25 20:40:27 WET [2025/01/25 15:40:27 ET]
Table 'Sy IV' 6-max Seat #1 is the button
Seat 1: CichiChanMarian ($125.02 in chips) 
Seat 2: Sadyhov V.V. ($100 in chips) 
Seat 3: tommygun2754 ($66.99 in chips) 
Seat 4: z00mba ($100 in chips) 
Seat 5: Manifestorr ($100.71 in chips) 
Seat 6: AIien Hand ($102.65 in chips) 
Sadyhov V.V.: posts small blind $0.50
tommygun2754: posts big blind $1
*** HOLE CARDS ***
z00mba: folds 
Manifestorr: folds 
AIien Hand: folds 
CichiChanMarian: raises $1.50 to $2.50
Sadyhov V.V.: calls $2
tommygun2754: raises $2.50 to $5
CichiChanMarian: calls $2.50
Sadyhov V.V.: calls $2.50
*** FLOP *** [As Ks Ts]
Sadyhov V.V.: checks 
tommygun2754: bets $4
CichiChanMarian: folds 
Sadyhov V.V.: folds 
Uncalled bet ($4) returned to tommygun2754
tommygun2754 collected $14.25 from pot
*** SUMMARY ***
Total pot $15 | Rake $0.75 
Board [As Ks Ts]
Seat 1: CichiChanMarian (button) folded on the Flop
Seat 2: Sadyhov V.V. (small blind) folded on the Flop
Seat 3: tommygun2754 (big blind) collected ($14.25)
Seat 4: z00mba folded before Flop (didn't bet)
Seat 5: Manifestorr folded before Flop (didn't bet)
Seat 6: AIien Hand folded before Flop (didn't bet)



PokerStars Hand #254551545412:  Hold'em No Limit ($0.50/$1.00 USD) - 2025/01/25 20:41:39 WET [2025/01/25 15:41:39 ET]
Table 'Sy IV' 6-max Seat #2 is the button
Seat 1: CichiChanMarian ($120.02 in chips) 
Seat 2: Sadyhov V.V. ($100 in chips) 
Seat 3: tommygun2754 ($76.24 in chips) 
Seat 4: z00mba ($100 in chips) 
Seat 5: Manifestorr ($100.71 in chips) 
Seat 6: AIien Hand ($102.65 in chips) 
tommygun2754: posts small blind $0.50
z00mba: posts big blind $1
*** HOLE CARDS ***
Manifestorr: folds 
AIien Hand: folds 
CichiChanMarian: folds 
Sadyhov V.V.: folds 
tommygun2754: calls $0.50
z00mba: raises $3 to $4
tommygun2754: calls $3
*** FLOP *** [9s Jc 6s]
tommygun2754: bets $4
z00mba: calls $4
*** TURN *** [9s Jc 6s] [Qh]
tommygun2754: bets $4
z00mba: raises $8 to $12
tommygun2754: calls $8
*** RIVER *** [9s Jc 6s Qh] [Ac]
tommygun2754: checks 
Manifestorr leaves the table
AlexPinsk1 joins the table at seat #5 
z00mba: bets $80 and is all-in
tommygun2754: folds 
Uncalled bet ($80) returned to z00mba
z00mba collected $38 from pot
z00mba: doesn't show hand 
*** SUMMARY ***
Total pot $40 | Rake $2 
Board [9s Jc 6s Qh Ac]
Seat 1: CichiChanMarian folded before Flop (didn't bet)
Seat 2: Sadyhov V.V. (button) folded before Flop (didn't bet)
Seat 3: tommygun2754 (small blind) folded on the River
Seat 4: z00mba (big blind) collected ($38)
Seat 5: Manifestorr folded before Flop (didn't bet)
Seat 6: AIien Hand folded before Flop (didn't bet)



PokerStars Hand #254551568559:  Hold'em No Limit ($0.50/$1.00 USD) - 2025/01/25 20:42:58 WET [2025/01/25 15:42:58 ET]
Table 'Sy IV' 6-max Seat #3 is the button
Seat 1: CichiChanMarian ($120.02 in chips) 
Seat 2: Sadyhov V.V. ($100 in chips) 
Seat 3: tommygun2754 ($56.24 in chips) 
Seat 4: z00mba ($118 in chips) 
Seat 5: AlexPinsk1 ($100 in chips) 
Seat 6: AIien Hand ($102.65 in chips) 
z00mba: posts small blind $0.50
AlexPinsk1: posts big blind $1
*** HOLE CARDS ***
AIien Hand: folds 
CichiChanMarian: folds 
Sadyhov V.V.: folds 
tommygun2754: folds 
z00mba: raises $2 to $3
AlexPinsk1: calls $2
*** FLOP *** [9d Kh 2c]
z00mba: checks 
AlexPinsk1: checks 
*** TURN *** [9d Kh 2c] [6s]
z00mba: bets $3
AlexPinsk1: folds 
Uncalled bet ($3) returned to z00mba
z00mba collected $5.70 from pot
z00mba: doesn't show hand 
*** SUMMARY ***
Total pot $6 | Rake $0.30 
Board [9d Kh 2c 6s]
Seat 1: CichiChanMarian folded before Flop (didn't bet)
Seat 2: Sadyhov V.V. folded before Flop (didn't bet)
Seat 3: tommygun2754 (button) folded before Flop (didn't bet)
Seat 4: z00mba (small blind) collected ($5.70)
Seat 5: AlexPinsk1 (big blind) folded on the Turn
Seat 6: AIien Hand folded before Flop (didn't bet)



PokerStars Hand #254551582897:  Hold'em No Limit ($0.50/$1.00 USD) - 2025/01/25 20:43:46 WET [2025/01/25 15:43:46 ET]
Table 'Sy IV' 6-max Seat #4 is the button
Seat 1: CichiChanMarian ($120.02 in chips) 
Seat 2: Sadyhov V.V. ($100 in chips) 
Seat 3: tommygun2754 ($56.24 in chips) 
Seat 4: z00mba ($120.70 in chips) 
Seat 5: AlexPinsk1 ($100 in chips) 
Seat 6: AIien Hand ($102.65 in chips) 
AlexPinsk1: posts small blind $0.50
AIien Hand: posts big blind $1
*** HOLE CARDS ***
CichiChanMarian: folds 
Sadyhov V.V.: folds 
tommygun2754: calls $1
z00mba: folds 
AlexPinsk1: calls $0.50
AIien Hand: checks 
*** FLOP *** [8c Jh Kh]
AlexPinsk1: checks 
AIien Hand: checks 
tommygun2754: checks 
*** TURN *** [8c Jh Kh] [8s]
AlexPinsk1: checks 
AIien Hand has timed out
AIien Hand: checks 
tommygun2754: checks 
*** RIVER *** [8c Jh Kh 8s] [Ts]
AlexPinsk1: bets $3
AIien Hand: folds 
tommygun2754: folds 
Uncalled bet ($3) returned to AlexPinsk1
AlexPinsk1 collected $2.85 from pot
AlexPinsk1: doesn't show hand 
*** SUMMARY ***
Total pot $3 | Rake $0.15 
Board [8c Jh Kh 8s Ts]
Seat 1: CichiChanMarian folded before Flop (didn't bet)
Seat 2: Sadyhov V.V. folded before Flop (didn't bet)
Seat 3: tommygun2754 folded on the River
Seat 4: z00mba (button) folded before Flop (didn't bet)
Seat 5: AlexPinsk1 (small blind) collected ($2.85)
Seat 6: AIien Hand (big blind) folded on the River



PokerStars Hand #254551605082:  Hold'em No Limit ($0.50/$1.00 USD) - 2025/01/25 20:45:00 WET [2025/01/25 15:45:00 ET]
Table 'Sy IV' 6-max Seat #5 is the button
Seat 1: CichiChanMarian ($120.02 in chips) 
Seat 2: Sadyhov V.V. ($100 in chips) 
Seat 3: tommygun2754 ($55.24 in chips) 
Seat 4: z00mba ($120.70 in chips) 
Seat 5: AlexPinsk1 ($101.85 in chips) 
Seat 6: AIien Hand ($101.65 in chips) 
AIien Hand: posts small blind $0.50
CichiChanMarian: posts big blind $1
*** HOLE CARDS ***
Sadyhov V.V.: folds 
tommygun2754: folds 
z00mba: raises $1.50 to $2.50
AlexPinsk1: folds 
AIien Hand: folds 
CichiChanMarian: folds 
Uncalled bet ($1.50) returned to z00mba
z00mba collected $2.50 from pot
z00mba: doesn't show hand 
*** SUMMARY ***
Total pot $2.50 | Rake $0 
Seat 1: CichiChanMarian (big blind) folded before Flop
Seat 2: Sadyhov V.V. folded before Flop (didn't bet)
Seat 3: tommygun2754 folded before Flop (didn't bet)
Seat 4: z00mba collected ($2.50)
Seat 5: AlexPinsk1 (button) folded before Flop (didn't bet)
Seat 6: AIien Hand (small blind) folded before Flop



PokerStars Hand #254551610231:  Hold'em No Limit ($0.50/$1.00 USD) - 2025/01/25 20:45:18 WET [2025/01/25 15:45:18 ET]
Table 'Sy IV' 6-max Seat #6 is the button
Seat 1: CichiChanMarian ($119.02 in chips) 
Seat 2: Sadyhov V.V. ($100 in chips) 
Seat 3: tommygun2754 ($55.24 in chips) 
Seat 4: z00mba ($122.20 in chips) 
Seat 5: AlexPinsk1 ($101.85 in chips) 
Seat 6: AIien Hand ($101.15 in chips) 
CichiChanMarian: posts small blind $0.50
Sadyhov V.V.: posts big blind $1
*** HOLE CARDS ***
tommygun2754: folds 
z00mba: folds 
AlexPinsk1: folds 
AIien Hand: raises $1.50 to $2.50
CichiChanMarian: folds 
Sadyhov V.V.: folds 
Uncalled bet ($1.50) returned to AIien Hand
AIien Hand collected $2.50 from pot
AIien Hand: doesn't show hand 
*** SUMMARY ***
Total pot $2.50 | Rake $0 
Seat 1: CichiChanMarian (small blind) folded before Flop
Seat 2: Sadyhov V.V. (big blind) folded before Flop
Seat 3: tommygun2754 folded before Flop (didn't bet)
Seat 4: z00mba folded before Flop (didn't bet)
Seat 5: AlexPinsk1 folded before Flop (didn't bet)
Seat 6: AIien Hand (button) collected ($2.50)



PokerStars Hand #254551617481:  Hold'em No Limit ($0.50/$1.00 USD) - 2025/01/25 20:45:43 WET [2025/01/25 15:45:43 ET]
Table 'Sy IV' 6-max Seat #1 is the button
Seat 1: CichiChanMarian ($118.52 in chips) 
Seat 2: Sadyhov V.V. ($100 in chips) 
Seat 3: tommygun2754 ($55.24 in chips) 
Seat 4: z00mba ($122.20 in chips) 
Seat 5: AlexPinsk1 ($101.85 in chips) 
Seat 6: AIien Hand ($102.65 in chips) 
Sadyhov V.V.: posts small blind $0.50
tommygun2754: posts big blind $1
*** HOLE CARDS ***
z00mba: folds 
AlexPinsk1: folds 
AIien Hand: folds 
CichiChanMarian: raises $1.50 to $2.50
Sadyhov V.V.: folds 
tommygun2754: calls $1.50
*** FLOP *** [5h 7c Td]
tommygun2754: checks 
CichiChanMarian: checks 
*** TURN *** [5h 7c Td] [Tc]
tommygun2754: checks 
CichiChanMarian: checks 
*** RIVER *** [5h 7c Td Tc] [6c]
tommygun2754: checks 
CichiChanMarian: checks 
*** SHOW DOWN ***
tommygun2754: shows [3h 9h] (a pair of Tens)
CichiChanMarian: shows [Ad 6h] (two pair, Tens and Sixes)
CichiChanMarian collected $5.22 from pot
*** SUMMARY ***
Total pot $5.50 | Rake $0.28 
Board [5h 7c Td Tc 6c]
Seat 1: CichiChanMarian (button) showed [Ad 6h] and won ($5.22) with two pair, Tens and Sixes
Seat 2: Sadyhov V.V. (small blind) folded before Flop
Seat 3: tommygun2754 (big blind) showed [3h 9h] and lost with a pair of Tens
Seat 4: z00mba folded before Flop (didn't bet)
Seat 5: AlexPinsk1 folded before Flop (didn't bet)
Seat 6: AIien Hand folded before Flop (didn't bet)



PokerStars Hand #254551632843:  Hold'em No Limit ($0.50/$1.00 USD) - 2025/01/25 20:46:35 WET [2025/01/25 15:46:35 ET]
Table 'Sy IV' 6-max Seat #2 is the button
Seat 4: z00mba ($122.20 in chips) is sitting out
Seat 1: CichiChanMarian ($121.24 in chips) 
Seat 2: Sadyhov V.V. ($100 in chips) 
Seat 3: tommygun2754 ($52.74 in chips) 
Seat 5: AlexPinsk1 ($101.85 in chips) 
Seat 6: AIien Hand ($102.65 in chips) 
tommygun2754: posts small blind $0.50
z00mba: is sitting out 
AlexPinsk1: posts big blind $1
*** HOLE CARDS ***
AIien Hand: folds 
CichiChanMarian: raises $1.50 to $2.50
Sadyhov V.V.: raises $5.50 to $8
tommygun2754: folds 
AlexPinsk1: folds 
CichiChanMarian: raises $14.40 to $22.40
Sadyhov V.V.: folds 
Uncalled bet ($14.40) returned to CichiChanMarian
CichiChanMarian collected $17.50 from pot
CichiChanMarian: doesn't show hand 
*** SUMMARY ***
Total pot $17.50 | Rake $0 
Seat 4: z00mba
Seat 1: CichiChanMarian collected ($17.50)
Seat 2: Sadyhov V.V. (button) folded before Flop
Seat 3: tommygun2754 (small blind) folded before Flop
Seat 5: AlexPinsk1 (big blind) folded before Flop
Seat 6: AIien Hand folded before Flop (didn't bet)



PokerStars Hand #254551644713:  Hold'em No Limit ($0.50/$1.00 USD) - 2025/01/25 20:47:15 WET [2025/01/25 15:47:15 ET]
Table 'Sy IV' 6-max Seat #3 is the button
Seat 4: z00mba ($122.20 in chips) is sitting out
Seat 1: CichiChanMarian ($130.74 in chips) 
Seat 2: Sadyhov V.V. ($100 in chips) 
Seat 3: tommygun2754 ($52.24 in chips) 
Seat 5: AlexPinsk1 ($100.85 in chips) 
Seat 6: AIien Hand ($102.65 in chips) 
AlexPinsk1: posts small blind $0.50
AIien Hand: posts big blind $1
*** HOLE CARDS ***
CichiChanMarian: raises $1.50 to $2.50
Sadyhov V.V.: folds 
tommygun2754: folds 
AlexPinsk1: folds 
AIien Hand: raises $10 to $12.50
CichiChanMarian: folds 
Uncalled bet ($10) returned to AIien Hand
AIien Hand collected $5.50 from pot
AIien Hand: doesn't show hand 
*** SUMMARY ***
Total pot $5.50 | Rake $0 
Seat 4: z00mba
Seat 1: CichiChanMarian folded before Flop
Seat 2: Sadyhov V.V. folded before Flop (didn't bet)
Seat 3: tommygun2754 (button) folded before Flop (didn't bet)
Seat 5: AlexPinsk1 (small blind) folded before Flop
Seat 6: AIien Hand (big blind) collected ($5.50)



PokerStars Hand #254551653623:  Hold'em No Limit ($0.50/$1.00 USD) - 2025/01/25 20:47:45 WET [2025/01/25 15:47:45 ET]
Table 'Sy IV' 6-max Seat #5 is the button
Seat 4: z00mba ($122.20 in chips) is sitting out
Seat 1: CichiChanMarian ($128.24 in chips) 
Seat 2: Sadyhov V.V. ($100 in chips) 
Seat 3: tommygun2754 ($52.24 in chips) 
Seat 5: AlexPinsk1 ($100.35 in chips) 
Seat 6: AIien Hand ($105.65 in chips) 
AIien Hand: posts small blind $0.50
CichiChanMarian: posts big blind $1
z00mba: sits out 
*** HOLE CARDS ***
Sadyhov V.V.: folds 
tommygun2754: raises $1 to $2
AlexPinsk1: folds 
AIien Hand: folds 
CichiChanMarian: calls $1
*** FLOP *** [6h 5h Ts]
CichiChanMarian has timed out
CichiChanMarian: checks 
tommygun2754: bets $2
CichiChanMarian: calls $2
*** TURN *** [6h 5h Ts] [2d]
CichiChanMarian: checks 
tommygun2754: checks 
*** RIVER *** [6h 5h Ts 2d] [7s]
CichiChanMarian: checks 
tommygun2754: checks 
*** SHOW DOWN ***
CichiChanMarian: shows [Ad 8d] (high card Ace)
tommygun2754: shows [Ah 8c] (high card Ace)
CichiChanMarian collected $4.04 from pot
tommygun2754 collected $4.04 from pot
*** SUMMARY ***
Total pot $8.50 | Rake $0.42 
Board [6h 5h Ts 2d 7s]
Seat 4: z00mba
Seat 1: CichiChanMarian (big blind) showed [Ad 8d] and won ($4.04) with high card Ace
Seat 2: Sadyhov V.V. folded before Flop (didn't bet)
Seat 3: tommygun2754 showed [Ah 8c] and won ($4.04) with high card Ace
Seat 5: AlexPinsk1 (button) folded before Flop (didn't bet)
Seat 6: AIien Hand (small blind) folded before Flop



PokerStars Hand #254551676467:  Hold'em No Limit ($0.50/$1.00 USD) - 2025/01/25 20:49:03 WET [2025/01/25 15:49:03 ET]
Table 'Sy IV' 6-max Seat #6 is the button
Seat 4: z00mba ($122.20 in chips) is sitting out
Seat 1: CichiChanMarian ($128.28 in chips) 
Seat 2: Sadyhov V.V. ($100 in chips) 
Seat 3: tommygun2754 ($52.28 in chips) 
Seat 5: AlexPinsk1 ($100.35 in chips) 
Seat 6: AIien Hand ($105.15 in chips) 
CichiChanMarian: posts small blind $0.50
Sadyhov V.V.: posts big blind $1
z00mba: sits out 
*** HOLE CARDS ***
tommygun2754: folds 
AlexPinsk1: raises $1.50 to $2.50
AIien Hand: folds 
CichiChanMarian: folds 
Sadyhov V.V.: raises $7.50 to $10
AlexPinsk1: folds 
Uncalled bet ($7.50) returned to Sadyhov V.V.
Sadyhov V.V. collected $5.50 from pot
Sadyhov V.V.: doesn't show hand 
*** SUMMARY ***
Total pot $5.50 | Rake $0 
Seat 4: z00mba
Seat 1: CichiChanMarian (small blind) folded before Flop
Seat 2: Sadyhov V.V. (big blind) collected ($5.50)
Seat 3: tommygun2754 folded before Flop (didn't bet)
Seat 5: AlexPinsk1 folded before Flop
Seat 6: AIien Hand (button) folded before Flop (didn't bet)



PokerStars Hand #254551684051:  Hold'em No Limit ($0.50/$1.00 USD) - 2025/01/25 20:49:30 WET [2025/01/25 15:49:30 ET]
Table 'Sy IV' 6-max Seat #1 is the button
Seat 4: z00mba ($122.20 in chips) is sitting out
Seat 1: CichiChanMarian ($127.78 in chips) 
Seat 2: Sadyhov V.V. ($103 in chips) 
Seat 3: tommygun2754 ($52.28 in chips) 
Seat 5: AlexPinsk1 ($100 in chips) 
Seat 6: AIien Hand ($105.15 in chips) 
Sadyhov V.V.: posts small blind $0.50
tommygun2754: posts big blind $1
z00mba: sits out 
*** HOLE CARDS ***
AlexPinsk1: folds 
AIien Hand: raises $1.20 to $2.20
CichiChanMarian: folds 
Sadyhov V.V.: folds 
tommygun2754: calls $1.20
*** FLOP *** [2h Qh 9c]
tommygun2754: checks 
AIien Hand: checks 
*** TURN *** [2h Qh 9c] [6c]
tommygun2754: checks 
AIien Hand: bets $1.40
tommygun2754: folds 
Uncalled bet ($1.40) returned to AIien Hand
AIien Hand collected $4.66 from pot
AIien Hand: doesn't show hand 
*** SUMMARY ***
Total pot $4.90 | Rake $0.24 
Board [2h Qh 9c 6c]
Seat 4: z00mba
Seat 1: CichiChanMarian (button) folded before Flop (didn't bet)
Seat 2: Sadyhov V.V. (small blind) folded before Flop
Seat 3: tommygun2754 (big blind) folded on the Turn
Seat 5: AlexPinsk1 folded before Flop (didn't bet)
Seat 6: AIien Hand collected ($4.66)



PokerStars Hand #254551698108:  Hold'em No Limit ($0.50/$1.00 USD) - 2025/01/25 20:50:17 WET [2025/01/25 15:50:17 ET]
Table 'Sy IV' 6-max Seat #2 is the button
Seat 4: z00mba ($122.20 in chips) is sitting out
Seat 1: CichiChanMarian ($127.78 in chips) 
Seat 2: Sadyhov V.V. ($102.50 in chips) 
Seat 3: tommygun2754 ($50.08 in chips) 
Seat 5: AlexPinsk1 ($100 in chips) 
Seat 6: AIien Hand ($107.61 in chips) 
tommygun2754: posts small blind $0.50
z00mba: is sitting out 
AlexPinsk1: posts big blind $1
*** HOLE CARDS ***
AIien Hand: folds 
CichiChanMarian: folds 
Sadyhov V.V.: raises $1.20 to $2.20
tommygun2754: folds 
AlexPinsk1: folds 
Uncalled bet ($1.20) returned to Sadyhov V.V.
Sadyhov V.V. collected $2.50 from pot
Sadyhov V.V.: doesn't show hand 
*** SUMMARY ***
Total pot $2.50 | Rake $0 
Seat 4: z00mba
Seat 1: CichiChanMarian folded before Flop (didn't bet)
Seat 2: Sadyhov V.V. (button) collected ($2.50)
Seat 3: tommygun2754 (small blind) folded before Flop
Seat 5: AlexPinsk1 (big blind) folded before Flop
Seat 6: AIien Hand folded before Flop (didn't bet)



PokerStars Hand #254551702738:  Hold'em No Limit ($0.50/$1.00 USD) - 2025/01/25 20:50:33 WET [2025/01/25 15:50:33 ET]
Table 'Sy IV' 6-max Seat #3 is the button
Seat 4: z00mba ($122.20 in chips) is sitting out
Seat 1: CichiChanMarian ($127.78 in chips) 
Seat 2: Sadyhov V.V. ($104 in chips) 
Seat 3: tommygun2754 ($49.58 in chips) 
Seat 5: AlexPinsk1 ($100 in chips) 
Seat 6: AIien Hand ($107.61 in chips) 
AlexPinsk1: posts small blind $0.50
AIien Hand: posts big blind $1
*** HOLE CARDS ***
CichiChanMarian: folds 
Sadyhov V.V.: raises $1.20 to $2.20
tommygun2754: folds 
AlexPinsk1: folds 
AIien Hand: calls $1.20
*** FLOP *** [3h Jc 4h]
AIien Hand: checks 
Sadyhov V.V.: checks 
*** TURN *** [3h Jc 4h] [9h]
AIien Hand: bets $2.56
Sadyhov V.V.: calls $2.56
*** RIVER *** [3h Jc 4h 9h] [6d]
AIien Hand: bets $6.85
Sadyhov V.V.: folds 
Uncalled bet ($6.85) returned to AIien Hand
AIien Hand collected $9.52 from pot
AIien Hand: doesn't show hand 
*** SUMMARY ***
Total pot $10.02 | Rake $0.50 
Board [3h Jc 4h 9h 6d]
Seat 4: z00mba
Seat 1: CichiChanMarian folded before Flop (didn't bet)
Seat 2: Sadyhov V.V. folded on the River
Seat 3: tommygun2754 (button) folded before Flop (didn't bet)
Seat 5: AlexPinsk1 (small blind) folded before Flop
Seat 6: AIien Hand (big blind) collected ($9.52)



PokerStars Hand #254551723691:  Hold'em No Limit ($0.50/$1.00 USD) - 2025/01/25 20:51:44 WET [2025/01/25 15:51:44 ET]
Table 'Sy IV' 6-max Seat #5 is the button
Seat 1: CichiChanMarian ($127.78 in chips) is sitting out
Seat 4: z00mba ($122.20 in chips) is sitting out
Seat 2: Sadyhov V.V. ($100 in chips) 
Seat 3: tommygun2754 ($49.58 in chips) 
Seat 5: AlexPinsk1 ($100 in chips) 
Seat 6: AIien Hand ($112.37 in chips) 
AIien Hand: posts small blind $0.50
CichiChanMarian: is sitting out 
Sadyhov V.V.: posts big blind $1
*** HOLE CARDS ***
tommygun2754: calls $1
AlexPinsk1: folds 
CichiChanMarian leaves the table
AIien Hand: raises $4 to $5
Sadyhov V.V.: folds 
BoyLoc0 joins the table at seat #1 
tommygun2754: folds 
Uncalled bet ($4) returned to AIien Hand
AIien Hand collected $3 from pot
AIien Hand: doesn't show hand 
*** SUMMARY ***
Total pot $3 | Rake $0 
Seat 1: CichiChanMarian
Seat 4: z00mba
Seat 2: Sadyhov V.V. (big blind) folded before Flop
Seat 3: tommygun2754 folded before Flop
Seat 5: AlexPinsk1 (button) folded before Flop (didn't bet)
Seat 6: AIien Hand (small blind) collected ($3)



PokerStars Hand #254551729921:  Hold'em No Limit ($0.50/$1.00 USD) - 2025/01/25 20:52:05 WET [2025/01/25 15:52:05 ET]
Table 'Sy IV' 6-max Seat #6 is the button
Seat 1: BoyLoc0 ($100 in chips) is sitting out
Seat 4: z00mba ($122.20 in chips) is sitting out
Seat 2: Sadyhov V.V. ($100 in chips) 
Seat 3: tommygun2754 ($48.58 in chips) 
Seat 5: AlexPinsk1 ($100 in chips) 
Seat 6: AIien Hand ($114.37 in chips) 
Sadyhov V.V.: posts small blind $0.50
tommygun2754: posts big blind $1
*** HOLE CARDS ***
AlexPinsk1: folds 
AIien Hand: folds 
Sadyhov V.V.: calls $0.50
tommygun2754: raises $1 to $2
Sadyhov V.V.: calls $1
*** FLOP *** [Kc Jh 6s]
Sadyhov V.V.: checks 
tommygun2754: checks 
*** TURN *** [Kc Jh 6s] [Qd]
Sadyhov V.V.: checks 
tommygun2754: checks 
*** RIVER *** [Kc Jh 6s Qd] [6c]
Sadyhov V.V.: checks 
tommygun2754: bets $1
Sadyhov V.V.: folds 
Uncalled bet ($1) returned to tommygun2754
tommygun2754 collected $3.80 from pot
*** SUMMARY ***
Total pot $4 | Rake $0.20 
Board [Kc Jh 6s Qd 6c]
Seat 1: BoyLoc0
Seat 4: z00mba
Seat 2: Sadyhov V.V. (small blind) folded on the River
Seat 3: tommygun2754 (big blind) collected ($3.80)
Seat 5: AlexPinsk1 folded before Flop (didn't bet)
Seat 6: AIien Hand (button) folded before Flop (didn't bet)



PokerStars Hand #254551738569:  Hold'em No Limit ($0.50/$1.00 USD) - 2025/01/25 20:52:34 WET [2025/01/25 15:52:34 ET]
Table 'Sy IV' 6-max Seat #2 is the button
Seat 1: BoyLoc0 ($100 in chips) is sitting out
Seat 2: Sadyhov V.V. ($100 in chips) 
Seat 3: tommygun2754 ($50.38 in chips) 
Seat 4: z00mba ($122.20 in chips) 
Seat 5: AlexPinsk1 ($100 in chips) 
Seat 6: AIien Hand ($114.37 in chips) 
tommygun2754: posts small blind $0.50
z00mba: posts big blind $1
BoyLoc0: sits out 
*** HOLE CARDS ***
AlexPinsk1: folds 
AIien Hand: folds 
Sadyhov V.V.: raises $1.20 to $2.20
tommygun2754: folds 
z00mba: folds 
Uncalled bet ($1.20) returned to Sadyhov V.V.
Sadyhov V.V. collected $2.50 from pot
Sadyhov V.V.: doesn't show hand 
*** SUMMARY ***
Total pot $2.50 | Rake $0 
Seat 1: BoyLoc0
Seat 2: Sadyhov V.V. (button) collected ($2.50)
Seat 3: tommygun2754 (small blind) folded before Flop
Seat 4: z00mba (big blind) folded before Flop
Seat 5: AlexPinsk1 folded before Flop (didn't bet)
Seat 6: AIien Hand folded before Flop (didn't bet)



PokerStars Hand #254551743706:  Hold'em No Limit ($0.50/$1.00 USD) - 2025/01/25 20:52:51 WET [2025/01/25 15:52:51 ET]
Table 'Sy IV' 6-max Seat #3 is the button
Seat 1: BoyLoc0 ($100 in chips) is sitting out
Seat 2: Sadyhov V.V. ($101.50 in chips) 
Seat 3: tommygun2754 ($49.88 in chips) 
Seat 4: z00mba ($121.20 in chips) 
Seat 5: AlexPinsk1 ($100 in chips) 
Seat 6: AIien Hand ($114.37 in chips) 
z00mba: posts small blind $0.50
AlexPinsk1: posts big blind $1
BoyLoc0: sits out 
*** HOLE CARDS ***
AIien Hand: raises $1.20 to $2.20
Sadyhov V.V.: raises $5.80 to $8
tommygun2754: folds 
z00mba: folds 
AlexPinsk1: folds 
AIien Hand: folds 
Uncalled bet ($5.80) returned to Sadyhov V.V.
Sadyhov V.V. collected $5.90 from pot
Sadyhov V.V.: doesn't show hand 
*** SUMMARY ***
Total pot $5.90 | Rake $0 
Seat 1: BoyLoc0
Seat 2: Sadyhov V.V. collected ($5.90)
Seat 3: tommygun2754 (button) folded before Flop (didn't bet)
Seat 4: z00mba (small blind) folded before Flop
Seat 5: AlexPinsk1 (big blind) folded before Flop
Seat 6: AIien Hand folded before Flop



PokerStars Hand #254551753035:  Hold'em No Limit ($0.50/$1.00 USD) - 2025/01/25 20:53:23 WET [2025/01/25 15:53:23 ET]
Table 'Sy IV' 6-max Seat #4 is the button
Seat 1: BoyLoc0 ($100 in chips) is sitting out
Seat 2: Sadyhov V.V. ($105.20 in chips) 
Seat 3: tommygun2754 ($49.88 in chips) 
Seat 4: z00mba ($120.70 in chips) 
Seat 5: AlexPinsk1 ($100 in chips) 
Seat 6: AIien Hand ($112.17 in chips) 
AlexPinsk1: posts small blind $0.50
AIien Hand: posts big blind $1
BoyLoc0: sits out 
*** HOLE CARDS ***
Sadyhov V.V.: raises $1.20 to $2.20
tommygun2754: calls $2.20
z00mba: raises $7.30 to $9.50
AlexPinsk1: folds 
AIien Hand: folds 
Sadyhov V.V.: calls $7.30
tommygun2754: folds 
*** FLOP *** [4h 2h 5h]
Sadyhov V.V.: checks 
z00mba: checks 
*** TURN *** [4h 2h 5h] [7h]
Sadyhov V.V.: bets $7.11
z00mba: folds 
Uncalled bet ($7.11) returned to Sadyhov V.V.
Sadyhov V.V. collected $21.56 from pot
Sadyhov V.V.: doesn't show hand 
*** SUMMARY ***
Total pot $22.70 | Rake $1.14 
Board [4h 2h 5h 7h]
Seat 1: BoyLoc0
Seat 2: Sadyhov V.V. collected ($21.56)
Seat 3: tommygun2754 folded before Flop
Seat 4: z00mba (button) folded on the Turn
Seat 5: AlexPinsk1 (small blind) folded before Flop
Seat 6: AIien Hand (big blind) folded before Flop



PokerStars Hand #254551768229:  Hold'em No Limit ($0.50/$1.00 USD) - 2025/01/25 20:54:14 WET [2025/01/25 15:54:14 ET]
Table 'Sy IV' 6-max Seat #5 is the button
Seat 1: BoyLoc0 ($100 in chips) 
Seat 2: Sadyhov V.V. ($117.26 in chips) 
Seat 3: tommygun2754 ($47.68 in chips) 
Seat 4: z00mba ($111.20 in chips) 
Seat 5: AlexPinsk1 ($100 in chips) 
Seat 6: AIien Hand ($111.17 in chips) 
AIien Hand: posts small blind $0.50
BoyLoc0: posts big blind $1
*** HOLE CARDS ***
Sadyhov V.V.: folds 
tommygun2754: folds 
z00mba: folds 
AlexPinsk1: folds 
AIien Hand: raises $2 to $3
BoyLoc0: raises $7 to $10
AIien Hand: folds 
Uncalled bet ($7) returned to BoyLoc0
BoyLoc0 collected $6 from pot
BoyLoc0: doesn't show hand 
*** SUMMARY ***
Total pot $6 | Rake $0 
Seat 1: BoyLoc0 (big blind) collected ($6)
Seat 2: Sadyhov V.V. folded before Flop (didn't bet)
Seat 3: tommygun2754 folded before Flop (didn't bet)
Seat 4: z00mba folded before Flop (didn't bet)
Seat 5: AlexPinsk1 (button) folded before Flop (didn't bet)
Seat 6: AIien Hand (small blind) folded before Flop



PokerStars Hand #254551774348:  Hold'em No Limit ($0.50/$1.00 USD) - 2025/01/25 20:54:35 WET [2025/01/25 15:54:35 ET]
Table 'Sy IV' 6-max Seat #6 is the button
Seat 1: BoyLoc0 ($103 in chips) 
Seat 2: Sadyhov V.V. ($117.26 in chips) 
Seat 3: tommygun2754 ($47.68 in chips) 
Seat 4: z00mba ($111.20 in chips) 
Seat 5: AlexPinsk1 ($100 in chips) 
Seat 6: AIien Hand ($108.17 in chips) 
BoyLoc0: posts small blind $0.50
Sadyhov V.V.: posts big blind $1
*** HOLE CARDS ***
tommygun2754: raises $2 to $3
z00mba: folds 
AlexPinsk1: folds 
AIien Hand: folds 
BoyLoc0: folds 
Sadyhov V.V.: folds 
Uncalled bet ($2) returned to tommygun2754
tommygun2754 collected $2.50 from pot
*** SUMMARY ***
Total pot $2.50 | Rake $0 
Seat 1: BoyLoc0 (small blind) folded before Flop
Seat 2: Sadyhov V.V. (big blind) folded before Flop
Seat 3: tommygun2754 collected ($2.50)
Seat 4: z00mba folded before Flop (didn't bet)
Seat 5: AlexPinsk1 folded before Flop (didn't bet)
Seat 6: AIien Hand (button) folded before Flop (didn't bet)



PokerStars Hand #254551782294:  Hold'em No Limit ($0.50/$1.00 USD) - 2025/01/25 20:55:02 WET [2025/01/25 15:55:02 ET]
Table 'Sy IV' 6-max Seat #1 is the button
Seat 1: BoyLoc0 ($102.50 in chips) 
Seat 2: Sadyhov V.V. ($116.26 in chips) 
Seat 3: tommygun2754 ($49.18 in chips) 
Seat 4: z00mba ($111.20 in chips) 
Seat 5: AlexPinsk1 ($100 in chips) 
Seat 6: AIien Hand ($108.17 in chips) 
Sadyhov V.V.: posts small blind $0.50
tommygun2754: posts big blind $1
*** HOLE CARDS ***
z00mba: raises $1.50 to $2.50
AlexPinsk1: folds 
AIien Hand: folds 
BoyLoc0: folds 
Sadyhov V.V.: folds 
tommygun2754: folds 
Uncalled bet ($1.50) returned to z00mba
z00mba collected $2.50 from pot
z00mba: doesn't show hand 
*** SUMMARY ***
Total pot $2.50 | Rake $0 
Seat 1: BoyLoc0 (button) folded before Flop (didn't bet)
Seat 2: Sadyhov V.V. (small blind) folded before Flop
Seat 3: tommygun2754 (big blind) folded before Flop
Seat 4: z00mba collected ($2.50)
Seat 5: AlexPinsk1 folded before Flop (didn't bet)
Seat 6: AIien Hand folded before Flop (didn't bet)



PokerStars Hand #254551787774:  Hold'em No Limit ($0.50/$1.00 USD) - 2025/01/25 20:55:24 WET [2025/01/25 15:55:24 ET]
Table 'Sy IV' 6-max Seat #2 is the button
Seat 1: BoyLoc0 ($102.50 in chips) 
Seat 2: Sadyhov V.V. ($115.76 in chips) 
Seat 3: tommygun2754 ($48.18 in chips) 
Seat 4: z00mba ($112.70 in chips) 
Seat 5: AlexPinsk1 ($100 in chips) 
Seat 6: AIien Hand ($108.17 in chips) 
tommygun2754: posts small blind $0.50
z00mba: posts big blind $1
*** HOLE CARDS ***
AlexPinsk1: folds 
AIien Hand: folds 
BoyLoc0: folds 
Sadyhov V.V.: raises $1.20 to $2.20
tommygun2754: folds 
z00mba: folds 
Uncalled bet ($1.20) returned to Sadyhov V.V.
Sadyhov V.V. collected $2.50 from pot
Sadyhov V.V.: doesn't show hand 
*** SUMMARY ***
Total pot $2.50 | Rake $0 
Seat 1: BoyLoc0 folded before Flop (didn't bet)
Seat 2: Sadyhov V.V. (button) collected ($2.50)
Seat 3: tommygun2754 (small blind) folded before Flop
Seat 4: z00mba (big blind) folded before Flop
Seat 5: AlexPinsk1 folded before Flop (didn't bet)
Seat 6: AIien Hand folded before Flop (didn't bet)



PokerStars Hand #254551790637:  Hold'em No Limit ($0.50/$1.00 USD) - 2025/01/25 20:55:39 WET [2025/01/25 15:55:39 ET]
Table 'Sy IV' 6-max Seat #3 is the button
Seat 1: BoyLoc0 ($102.50 in chips) 
Seat 2: Sadyhov V.V. ($117.26 in chips) 
Seat 3: tommygun2754 ($47.68 in chips) 
Seat 4: z00mba ($111.70 in chips) 
Seat 5: AlexPinsk1 ($100 in chips) 
Seat 6: AIien Hand ($108.17 in chips) 
z00mba: posts small blind $0.50
AlexPinsk1: posts big blind $1
*** HOLE CARDS ***
AIien Hand: folds 
BoyLoc0: folds 
Sadyhov V.V.: folds 
tommygun2754: folds 
z00mba: raises $2 to $3
AlexPinsk1: folds 
Uncalled bet ($2) returned to z00mba
z00mba collected $2 from pot
z00mba: doesn't show hand 
*** SUMMARY ***
Total pot $2 | Rake $0 
Seat 1: BoyLoc0 folded before Flop (didn't bet)
Seat 2: Sadyhov V.V. folded before Flop (didn't bet)
Seat 3: tommygun2754 (button) folded before Flop (didn't bet)
Seat 4: z00mba (small blind) collected ($2)
Seat 5: AlexPinsk1 (big blind) folded before Flop
Seat 6: AIien Hand folded before Flop (didn't bet)



PokerStars Hand #254551795423:  Hold'em No Limit ($0.50/$1.00 USD) - 2025/01/25 20:56:02 WET [2025/01/25 15:56:02 ET]
Table 'Sy IV' 6-max Seat #4 is the button
Seat 1: BoyLoc0 ($102.50 in chips) 
Seat 2: Sadyhov V.V. ($117.26 in chips) 
Seat 3: tommygun2754 ($47.68 in chips) 
Seat 4: z00mba ($112.70 in chips) 
Seat 5: AlexPinsk1 ($100 in chips) 
Seat 6: AIien Hand ($108.17 in chips) 
AlexPinsk1: posts small blind $0.50
AIien Hand: posts big blind $1
*** HOLE CARDS ***
BoyLoc0: folds 
Sadyhov V.V.: raises $1.20 to $2.20
tommygun2754: folds 
z00mba: folds 
AlexPinsk1: folds 
AIien Hand: calls $1.20
*** FLOP *** [6s 8c 8h]
AIien Hand: checks 
Sadyhov V.V.: bets $1.54
AIien Hand: raises $3.10 to $4.64
Sadyhov V.V.: calls $3.10
*** TURN *** [6s 8c 8h] [2d]
AIien Hand: bets $9.72
Sadyhov V.V.: folds 
Uncalled bet ($9.72) returned to AIien Hand
AIien Hand collected $13.47 from pot
AIien Hand: doesn't show hand 
*** SUMMARY ***
Total pot $14.18 | Rake $0.71 
Board [6s 8c 8h 2d]
Seat 1: BoyLoc0 folded before Flop (didn't bet)
Seat 2: Sadyhov V.V. folded on the Turn
Seat 3: tommygun2754 folded before Flop (didn't bet)
Seat 4: z00mba (button) folded before Flop (didn't bet)
Seat 5: AlexPinsk1 (small blind) folded before Flop
Seat 6: AIien Hand (big blind) collected ($13.47)



PokerStars Hand #254551806038:  Hold'em No Limit ($0.50/$1.00 USD) - 2025/01/25 20:56:54 WET [2025/01/25 15:56:54 ET]
Table 'Sy IV' 6-max Seat #5 is the button
Seat 1: BoyLoc0 ($102.50 in chips) 
Seat 2: Sadyhov V.V. ($110.42 in chips) 
Seat 3: tommygun2754 ($47.68 in chips) 
Seat 4: z00mba ($112.70 in chips) 
Seat 5: AlexPinsk1 ($100 in chips) 
Seat 6: AIien Hand ($114.80 in chips) 
AIien Hand: posts small blind $0.50
BoyLoc0: posts big blind $1
*** HOLE CARDS ***
Sadyhov V.V.: folds 
tommygun2754: calls $1
z00mba: folds 
AlexPinsk1: folds 
AIien Hand: raises $3.50 to $4.50
BoyLoc0: calls $3.50
tommygun2754: folds 
*** FLOP *** [Qs 4c 6s]
AIien Hand: bets $2.19
BoyLoc0: calls $2.19
*** TURN *** [Qs 4c 6s] [Ts]
AIien Hand: bets $4.11
BoyLoc0: folds 
Uncalled bet ($4.11) returned to AIien Hand
AIien Hand collected $13.66 from pot
AIien Hand: doesn't show hand 
*** SUMMARY ***
Total pot $14.38 | Rake $0.72 
Board [Qs 4c 6s Ts]
Seat 1: BoyLoc0 (big blind) folded on the Turn
Seat 2: Sadyhov V.V. folded before Flop (didn't bet)
Seat 3: tommygun2754 folded before Flop
Seat 4: z00mba folded before Flop (didn't bet)
Seat 5: AlexPinsk1 (button) folded before Flop (didn't bet)
Seat 6: AIien Hand (small blind) collected ($13.66)



PokerStars Hand #254551818417:  Hold'em No Limit ($0.50/$1.00 USD) - 2025/01/25 20:57:54 WET [2025/01/25 15:57:54 ET]
Table 'Sy IV' 6-max Seat #6 is the button
Seat 1: BoyLoc0 ($100 in chips) 
Seat 2: Sadyhov V.V. ($110.42 in chips) 
Seat 3: tommygun2754 ($46.68 in chips) 
Seat 4: z00mba ($112.70 in chips) 
Seat 5: AlexPinsk1 ($100 in chips) 
Seat 6: AIien Hand ($121.77 in chips) 
BoyLoc0: posts small blind $0.50
Sadyhov V.V.: posts big blind $1
*** HOLE CARDS ***
tommygun2754: folds 
z00mba: folds 
AlexPinsk1: folds 
AIien Hand: folds 
BoyLoc0: raises $2 to $3
Sadyhov V.V.: calls $2
*** FLOP *** [9c 9d 3s]
BoyLoc0: bets $1.88
Sadyhov V.V.: folds 
Uncalled bet ($1.88) returned to BoyLoc0
BoyLoc0 collected $5.70 from pot
BoyLoc0: doesn't show hand 
*** SUMMARY ***
Total pot $6 | Rake $0.30 
Board [9c 9d 3s]
Seat 1: BoyLoc0 (small blind) collected ($5.70)
Seat 2: Sadyhov V.V. (big blind) folded on the Flop
Seat 3: tommygun2754 folded before Flop (didn't bet)
Seat 4: z00mba folded before Flop (didn't bet)
Seat 5: AlexPinsk1 folded before Flop (didn't bet)
Seat 6: AIien Hand (button) folded before Flop (didn't bet)



PokerStars Hand #254551827551:  Hold'em No Limit ($0.50/$1.00 USD) - 2025/01/25 20:58:38 WET [2025/01/25 15:58:38 ET]
Table 'Sy IV' 6-max Seat #1 is the button
Seat 1: BoyLoc0 ($102.70 in chips) 
Seat 2: Sadyhov V.V. ($107.42 in chips) 
Seat 3: tommygun2754 ($46.68 in chips) 
Seat 4: z00mba ($112.70 in chips) 
Seat 5: AlexPinsk1 ($100 in chips) 
Seat 6: AIien Hand ($121.77 in chips) 
Sadyhov V.V.: posts small blind $0.50
tommygun2754: posts big blind $1
*** HOLE CARDS ***
z00mba: folds 
AlexPinsk1: folds 
AIien Hand: folds 
BoyLoc0: folds 
Sadyhov V.V.: calls $0.50
tommygun2754: raises $1 to $2
Sadyhov V.V.: calls $1
*** FLOP *** [9h Qs 2c]
Sadyhov V.V.: checks 
tommygun2754: bets $3
Sadyhov V.V.: calls $3
*** TURN *** [9h Qs 2c] [Kd]
Sadyhov V.V.: checks 
tommygun2754: checks 
*** RIVER *** [9h Qs 2c Kd] [7h]
Sadyhov V.V.: checks 
tommygun2754: bets $4
Sadyhov V.V.: folds 
Uncalled bet ($4) returned to tommygun2754
tommygun2754 collected $9.50 from pot
*** SUMMARY ***
Total pot $10 | Rake $0.50 
Board [9h Qs 2c Kd 7h]
Seat 1: BoyLoc0 (button) folded before Flop (didn't bet)
Seat 2: Sadyhov V.V. (small blind) folded on the River
Seat 3: tommygun2754 (big blind) collected ($9.50)
Seat 4: z00mba folded before Flop (didn't bet)
Seat 5: AlexPinsk1 folded before Flop (didn't bet)
Seat 6: AIien Hand folded before Flop (didn't bet)



PokerStars Hand #254551838409:  Hold'em No Limit ($0.50/$1.00 USD) - 2025/01/25 20:59:30 WET [2025/01/25 15:59:30 ET]
Table 'Sy IV' 6-max Seat #2 is the button
Seat 1: BoyLoc0 ($102.70 in chips) 
Seat 2: Sadyhov V.V. ($102.42 in chips) 
Seat 3: tommygun2754 ($51.18 in chips) 
Seat 4: z00mba ($112.70 in chips) 
Seat 5: AlexPinsk1 ($100 in chips) 
Seat 6: AIien Hand ($121.77 in chips) 
tommygun2754: posts small blind $0.50
z00mba: posts big blind $1
*** HOLE CARDS ***
AlexPinsk1: folds 
AIien Hand: raises $1.20 to $2.20
BoyLoc0: folds 
Sadyhov V.V.: calls $2.20
tommygun2754: folds 
z00mba: calls $1.20
*** FLOP *** [Js 7h Kh]
z00mba: checks 
AIien Hand: bets $2.02
Sadyhov V.V.: calls $2.02
z00mba: calls $2.02
*** TURN *** [Js 7h Kh] [4h]
z00mba: checks 
AIien Hand: checks 
Sadyhov V.V.: bets $4.13
z00mba: folds 
AIien Hand: folds 
Uncalled bet ($4.13) returned to Sadyhov V.V.
Sadyhov V.V. collected $12.50 from pot
Sadyhov V.V.: doesn't show hand 
*** SUMMARY ***
Total pot $13.16 | Rake $0.66 
Board [Js 7h Kh 4h]
Seat 1: BoyLoc0 folded before Flop (didn't bet)
Seat 2: Sadyhov V.V. (button) collected ($12.50)
Seat 3: tommygun2754 (small blind) folded before Flop
Seat 4: z00mba (big blind) folded on the Turn
Seat 5: AlexPinsk1 folded before Flop (didn't bet)
Seat 6: AIien Hand folded on the Turn



PokerStars Hand #254551982864:  Hold'em No Limit ($0.50/$1.00 USD) - 2025/01/25 21:08:00 WET [2025/01/25 16:08:00 ET]
Table 'Sy IV' 6-max Seat #1 is the button
Seat 6: AIien Hand ($127.05 in chips) is sitting out
Seat 1: BoyLoc0 ($112.34 in chips) 
Seat 2: Sadyhov V.V. ($112.09 in chips) 
Seat 3: tommygun2754 ($33.21 in chips) 
Seat 4: z00mba ($104.98 in chips) 
Seat 5: AlexPinsk1 ($103.90 in chips) 
Sadyhov V.V.: posts small blind $0.50
tommygun2754: posts big blind $1
*** HOLE CARDS ***
z00mba: folds 
AlexPinsk1: folds 
BoyLoc0: raises $1.50 to $2.50
Sadyhov V.V.: folds 
tommygun2754: calls $1.50
*** FLOP *** [3c 4h Kd]
tommygun2754: checks 
BoyLoc0: bets $1.72
tommygun2754: folds 
Uncalled bet ($1.72) returned to BoyLoc0
BoyLoc0 collected $5.22 from pot
BoyLoc0: doesn't show hand 
*** SUMMARY ***
Total pot $5.50 | Rake $0.28 
Board [3c 4h Kd]
Seat 6: AIien Hand
Seat 1: BoyLoc0 (button) collected ($5.22)
Seat 2: Sadyhov V.V. (small blind) folded before Flop
Seat 3: tommygun2754 (big blind) folded on the Flop
Seat 4: z00mba folded before Flop (didn't bet)
Seat 5: AlexPinsk1 folded before Flop (didn't bet)



PokerStars Hand #254551990220:  Hold'em No Limit ($0.50/$1.00 USD) - 2025/01/25 21:08:25 WET [2025/01/25 16:08:25 ET]
Table 'Sy IV' 6-max Seat #2 is the button
Seat 6: AIien Hand ($127.05 in chips) is sitting out
Seat 1: BoyLoc0 ($115.06 in chips) 
Seat 2: Sadyhov V.V. ($111.59 in chips) 
Seat 3: tommygun2754 ($30.71 in chips) 
Seat 4: z00mba ($104.98 in chips) 
Seat 5: AlexPinsk1 ($103.90 in chips) 
tommygun2754: posts small blind $0.50
z00mba: posts big blind $1
*** HOLE CARDS ***
AlexPinsk1: folds 
BoyLoc0: folds 
Sadyhov V.V.: raises $1.20 to $2.20
tommygun2754: calls $1.70
z00mba: calls $1.20
*** FLOP *** [Kc 6s 5c]
tommygun2754: checks 
z00mba: checks 
Sadyhov V.V.: checks 
*** TURN *** [Kc 6s 5c] [2s]
tommygun2754: bets $4
z00mba: raises $8 to $12
Sadyhov V.V.: folds 
tommygun2754: calls $8
*** RIVER *** [Kc 6s 5c 2s] [3c]
tommygun2754: bets $16.51 and is all-in
z00mba: calls $16.51
*** SHOW DOWN ***
tommygun2754: shows [7s Ts] (high card King)
z00mba: shows [5d 5s] (three of a kind, Fives)
z00mba collected $61.12 from pot
*** SUMMARY ***
Total pot $63.62 | Rake $2.50 
Board [Kc 6s 5c 2s 3c]
Seat 6: AIien Hand
Seat 1: BoyLoc0 folded before Flop (didn't bet)
Seat 2: Sadyhov V.V. (button) folded on the Turn
Seat 3: tommygun2754 (small blind) showed [7s Ts] and lost with high card King
Seat 4: z00mba (big blind) showed [5d 5s] and won ($61.12) with three of a kind, Fives
Seat 5: AlexPinsk1 folded before Flop (didn't bet)



PokerStars Hand #254552009293:  Hold'em No Limit ($0.50/$1.00 USD) - 2025/01/25 21:09:29 WET [2025/01/25 16:09:29 ET]
Table 'Sy IV' 6-max Seat #4 is the button
Seat 3: tommygun2754 ($0 in chips) is sitting out
Seat 6: AIien Hand ($127.05 in chips) is sitting out
Seat 1: BoyLoc0 ($115.06 in chips) 
Seat 2: Sadyhov V.V. ($109.39 in chips) 
Seat 4: z00mba ($135.39 in chips) 
Seat 5: AlexPinsk1 ($103.90 in chips) 
AlexPinsk1: posts small blind $0.50
BoyLoc0: posts big blind $1
*** HOLE CARDS ***
Sadyhov V.V.: folds 
z00mba: folds 
AlexPinsk1: raises $2 to $3
BoyLoc0: calls $2
*** FLOP *** [Jc Kh Kd]
AlexPinsk1: checks 
BoyLoc0: checks 
*** TURN *** [Jc Kh Kd] [3s]
AlexPinsk1: checks 
BoyLoc0: bets $4.28
AlexPinsk1: calls $4.28
*** RIVER *** [Jc Kh Kd 3s] [3h]
AlexPinsk1: checks 
BoyLoc0: bets $10.37
AlexPinsk1: folds 
Uncalled bet ($10.37) returned to BoyLoc0
BoyLoc0 collected $13.83 from pot
BoyLoc0: doesn't show hand 
*** SUMMARY ***
Total pot $14.56 | Rake $0.73 
Board [Jc Kh Kd 3s 3h]
Seat 3: tommygun2754
Seat 6: AIien Hand
Seat 1: BoyLoc0 (big blind) collected ($13.83)
Seat 2: Sadyhov V.V. folded before Flop (didn't bet)
Seat 4: z00mba (button) folded before Flop (didn't bet)
Seat 5: AlexPinsk1 (small blind) folded on the River



PokerStars Hand #254552026906:  Hold'em No Limit ($0.50/$1.00 USD) - 2025/01/25 21:10:27 WET [2025/01/25 16:10:27 ET]
Table 'Sy IV' 6-max Seat #1 is the button
Seat 2: Sadyhov V.V. ($109.39 in chips) is sitting out
Seat 3: tommygun2754 ($0 in chips) is sitting out
Seat 4: z00mba ($135.39 in chips) is sitting out
Seat 6: AIien Hand ($127.05 in chips) is sitting out
Seat 1: BoyLoc0 ($121.61 in chips) 
Seat 5: AlexPinsk1 ($100 in chips) 
BoyLoc0: posts small blind $0.50
Sadyhov V.V.: is sitting out 
z00mba: is sitting out 
AlexPinsk1: posts big blind $1
*** HOLE CARDS ***
BoyLoc0: raises $1.50 to $2.50
AlexPinsk1: raises $7.50 to $10
BoyLoc0: calls $7.50
*** FLOP *** [Qh 8c Th]
AlexPinsk1: checks 
BoyLoc0: bets $6.27
tommygun2754 is disconnected 
AlexPinsk1: raises $14.23 to $20.50
BoyLoc0: calls $14.23
*** TURN *** [Qh 8c Th] [Ts]
Sadyhov V.V. leaves the table
AlexPinsk1: checks 
BoyLoc0: bets $19.80
YeeesMan joins the table at seat #2 
AlexPinsk1: calls $19.80
*** RIVER *** [Qh 8c Th Ts] [Ah]
AlexPinsk1: checks 
BoyLoc0: checks 
*** SHOW DOWN ***
AlexPinsk1: shows [Qd Jd] (two pair, Queens and Tens)
BoyLoc0: shows [9s Qs] (two pair, Queens and Tens)
AlexPinsk1 collected $49.80 from pot
BoyLoc0 collected $49.80 from pot
*** SUMMARY ***
Total pot $100.60 | Rake $1 
Board [Qh 8c Th Ts Ah]
Seat 2: Sadyhov V.V.
Seat 3: tommygun2754
Seat 4: z00mba
Seat 6: AIien Hand
Seat 1: BoyLoc0 (button) (small blind) showed [9s Qs] and won ($49.80) with two pair, Queens and Tens
Seat 5: AlexPinsk1 (big blind) showed [Qd Jd] and won ($49.80) with two pair, Queens and Tens



PokerStars Hand #254552061590:  Hold'em No Limit ($0.50/$1.00 USD) - 2025/01/25 21:12:22 WET [2025/01/25 16:12:22 ET]
Table 'Sy IV' 6-max Seat #5 is the button
Seat 3: tommygun2754 ($0 in chips) is sitting out
Seat 4: z00mba ($135.39 in chips) is sitting out
Seat 6: AIien Hand ($127.05 in chips) is sitting out
Seat 1: BoyLoc0 ($121.11 in chips) 
Seat 2: YeeesMan ($100 in chips) 
Seat 5: AlexPinsk1 ($100 in chips) 
BoyLoc0: posts small blind $0.50
YeeesMan: posts big blind $1
*** HOLE CARDS ***
AlexPinsk1: raises $1.50 to $2.50
BoyLoc0: folds 
YeeesMan: raises $9.50 to $12
AlexPinsk1: calls $9.50
*** FLOP *** [6s Ts Kh]
YeeesMan: bets $7.76
AlexPinsk1: calls $7.76
*** TURN *** [6s Ts Kh] [4c]
YeeesMan: bets $29.27
AlexPinsk1: calls $29.27
*** RIVER *** [6s Ts Kh 4c] [Th]
YeeesMan: bets $50.97 and is all-in
z00mba leaves the table
AlexPinsk1: folds 
Uncalled bet ($50.97) returned to YeeesMan
YeeesMan collected $97.56 from pot
YeeesMan: doesn't show hand 
*** SUMMARY ***
Total pot $98.56 | Rake $1 
Board [6s Ts Kh 4c Th]
Seat 3: tommygun2754
Seat 4: z00mba
Seat 6: AIien Hand
Seat 1: BoyLoc0 (small blind) folded before Flop
Seat 2: YeeesMan (big blind) collected ($97.56)
Seat 5: AlexPinsk1 (button) folded on the River



PokerStars Hand #254552089065:  Hold'em No Limit ($0.50/$1.00 USD) - 2025/01/25 21:13:53 WET [2025/01/25 16:13:53 ET]
Table 'Sy IV' 6-max Seat #2 is the button
Seat 3: tommygun2754 ($0 in chips) is sitting out
Seat 5: AlexPinsk1 ($100 in chips) is sitting out
Seat 6: AIien Hand ($127.05 in chips) is sitting out
Seat 1: BoyLoc0 ($120.61 in chips) 
Seat 2: YeeesMan ($148.53 in chips) 
YeeesMan: posts small blind $0.50
AlexPinsk1: is sitting out 
BoyLoc0: posts big blind $1
*** HOLE CARDS ***
YeeesMan: raises $1.50 to $2.50
BoyLoc0: folds 
Uncalled bet ($1.50) returned to YeeesMan
AlexPinsk1 leaves the table
YeeesMan collected $2 from pot
AIien Hand leaves the table
YeeesMan: doesn't show hand 
*** SUMMARY ***
Total pot $2 | Rake $0 
Seat 3: tommygun2754
Seat 5: AlexPinsk1
Seat 6: AIien Hand
Seat 1: BoyLoc0 (big blind) folded before Flop
Seat 2: YeeesMan (button) (small blind) collected ($2)



