PokerStars Hand #254545739750:  Hold'em No Limit ($0.50/$1.00 USD) - 2025/01/25 14:51:18 WET [2025/01/25 9:51:18 ET]
Table 'Huygens IV' 6-max Seat #2 is the button
Seat 2: AlexPinsk1 ($119.65 in chips) 
Seat 5: elcutez ($79.65 in chips) 
Seat 6: dreimis190 ($100 in chips) 
elcutez: posts small blind $0.50
dreimis190: posts big blind $1
*** HOLE CARDS ***
AlexPinsk1: raises $1.50 to $2.50
elcutez: folds 
dreimis190: calls $1.50
*** FLOP *** [Qs Ah Kh]
dreimis190: checks 
AlexPinsk1: bets $3.92
dreimis190: folds 
Uncalled bet ($3.92) returned to AlexPinsk1
AlexPinsk1 collected $5.22 from pot
AlexPinsk1: doesn't show hand 
*** SUMMARY ***
Total pot $5.50 | Rake $0.28 
Board [Qs Ah Kh]
Seat 2: AlexPinsk1 (button) collected ($5.22)
Seat 5: elcutez (small blind) folded before Flop
Seat 6: dreimis190 (big blind) folded on the Flop



PokerStars Hand #254545748792:  Hold'em No Limit ($0.50/$1.00 USD) - 2025/01/25 14:52:02 WET [2025/01/25 9:52:02 ET]
Table 'Huygens IV' 6-max Seat #5 is the button
Seat 2: AlexPinsk1 ($122.37 in chips) 
Seat 5: elcutez ($79.15 in chips) 
Seat 6: dreimis190 ($100 in chips) 
dreimis190: posts small blind $0.50
AlexPinsk1: posts big blind $1
*** HOLE CARDS ***
elcutez: folds 
dreimis190: folds 
Uncalled bet ($0.50) returned to AlexPinsk1
AlexPinsk1 collected $1 from pot
AlexPinsk1: doesn't show hand 
*** SUMMARY ***
Total pot $1 | Rake $0 
Seat 2: AlexPinsk1 (big blind) collected ($1)
Seat 5: elcutez (button) folded before Flop (didn't bet)
Seat 6: dreimis190 (small blind) folded before Flop



PokerStars Hand #254545750826:  Hold'em No Limit ($0.50/$1.00 USD) - 2025/01/25 14:52:11 WET [2025/01/25 9:52:11 ET]
Table 'Huygens IV' 6-max Seat #6 is the button
Seat 2: AlexPinsk1 ($122.87 in chips) 
Seat 5: elcutez ($79.15 in chips) 
Seat 6: dreimis190 ($100 in chips) 
AlexPinsk1: posts small blind $0.50
elcutez: posts big blind $1
*** HOLE CARDS ***
dreimis190: raises $1.50 to $2.50
AlexPinsk1: folds 
elcutez: calls $1.50
*** FLOP *** [8h 2d Jc]
elcutez: checks 
dreimis190: bets $1.72
elcutez: calls $1.72
*** TURN *** [8h 2d Jc] [Kd]
elcutez: checks 
dreimis190: bets $5.50
elcutez: folds 
Uncalled bet ($5.50) returned to dreimis190
dreimis190 collected $8.49 from pot
dreimis190: doesn't show hand 
*** SUMMARY ***
Total pot $8.94 | Rake $0.45 
Board [8h 2d Jc Kd]
Seat 2: AlexPinsk1 (small blind) folded before Flop
Seat 5: elcutez (big blind) folded on the Turn
Seat 6: dreimis190 (button) collected ($8.49)



PokerStars Hand #254545761279:  Hold'em No Limit ($0.50/$1.00 USD) - 2025/01/25 14:53:02 WET [2025/01/25 9:53:02 ET]
Table 'Huygens IV' 6-max Seat #2 is the button
Seat 2: AlexPinsk1 ($122.37 in chips) 
Seat 5: elcutez ($74.93 in chips) 
Seat 6: dreimis190 ($104.27 in chips) 
elcutez: posts small blind $0.50
dreimis190: posts big blind $1
*** HOLE CARDS ***
AlexPinsk1: folds 
elcutez: folds 
Uncalled bet ($0.50) returned to dreimis190
dreimis190 collected $1 from pot
dreimis190: doesn't show hand 
*** SUMMARY ***
Total pot $1 | Rake $0 
Seat 2: AlexPinsk1 (button) folded before Flop (didn't bet)
Seat 5: elcutez (small blind) folded before Flop
Seat 6: dreimis190 (big blind) collected ($1)



PokerStars Hand #254545762661:  Hold'em No Limit ($0.50/$1.00 USD) - 2025/01/25 14:53:09 WET [2025/01/25 9:53:09 ET]
Table 'Huygens IV' 6-max Seat #5 is the button
Seat 2: AlexPinsk1 ($122.37 in chips) 
Seat 5: elcutez ($74.43 in chips) 
Seat 6: dreimis190 ($104.77 in chips) 
dreimis190: posts small blind $0.50
AlexPinsk1: posts big blind $1
*** HOLE CARDS ***
elcutez: raises $2 to $3
dreimis190: folds 
AlexPinsk1: folds 
Uncalled bet ($2) returned to elcutez
elcutez collected $2.50 from pot
*** SUMMARY ***
Total pot $2.50 | Rake $0 
Seat 2: AlexPinsk1 (big blind) folded before Flop
Seat 5: elcutez (button) collected ($2.50)
Seat 6: dreimis190 (small blind) folded before Flop



PokerStars Hand #254545766297:  Hold'em No Limit ($0.50/$1.00 USD) - 2025/01/25 14:53:26 WET [2025/01/25 9:53:26 ET]
Table 'Huygens IV' 6-max Seat #6 is the button
Seat 2: AlexPinsk1 ($121.37 in chips) 
Seat 5: elcutez ($75.93 in chips) 
Seat 6: dreimis190 ($104.27 in chips) 
AlexPinsk1: posts small blind $0.50
elcutez: posts big blind $1
*** HOLE CARDS ***
dreimis190: folds 
AlexPinsk1: folds 
Uncalled bet ($0.50) returned to elcutez
elcutez collected $1 from pot
*** SUMMARY ***
Total pot $1 | Rake $0 
Seat 2: AlexPinsk1 (small blind) folded before Flop
Seat 5: elcutez (big blind) collected ($1)
Seat 6: dreimis190 (button) folded before Flop (didn't bet)



PokerStars Hand #254545768940:  Hold'em No Limit ($0.50/$1.00 USD) - 2025/01/25 14:53:39 WET [2025/01/25 9:53:39 ET]
Table 'Huygens IV' 6-max Seat #2 is the button
Seat 2: AlexPinsk1 ($120.87 in chips) 
Seat 5: elcutez ($76.43 in chips) 
Seat 6: dreimis190 ($104.27 in chips) 
elcutez: posts small blind $0.50
dreimis190: posts big blind $1
*** HOLE CARDS ***
AlexPinsk1: folds 
elcutez: folds 
Uncalled bet ($0.50) returned to dreimis190
dreimis190 collected $1 from pot
dreimis190: doesn't show hand 
*** SUMMARY ***
Total pot $1 | Rake $0 
Seat 2: AlexPinsk1 (button) folded before Flop (didn't bet)
Seat 5: elcutez (small blind) folded before Flop
Seat 6: dreimis190 (big blind) collected ($1)



PokerStars Hand #254545770662:  Hold'em No Limit ($0.50/$1.00 USD) - 2025/01/25 14:53:47 WET [2025/01/25 9:53:47 ET]
Table 'Huygens IV' 6-max Seat #5 is the button
Seat 2: AlexPinsk1 ($120.87 in chips) 
Seat 5: elcutez ($75.93 in chips) 
Seat 6: dreimis190 ($104.77 in chips) 
dreimis190: posts small blind $0.50
AlexPinsk1: posts big blind $1
*** HOLE CARDS ***
elcutez: raises $1.70 to $2.70
dreimis190: folds 
AlexPinsk1: folds 
Uncalled bet ($1.70) returned to elcutez
elcutez collected $2.50 from pot
*** SUMMARY ***
Total pot $2.50 | Rake $0 
Seat 2: AlexPinsk1 (big blind) folded before Flop
Seat 5: elcutez (button) collected ($2.50)
Seat 6: dreimis190 (small blind) folded before Flop



PokerStars Hand #254545774096:  Hold'em No Limit ($0.50/$1.00 USD) - 2025/01/25 14:54:04 WET [2025/01/25 9:54:04 ET]
Table 'Huygens IV' 6-max Seat #6 is the button
Seat 2: AlexPinsk1 ($119.87 in chips) 
Seat 5: elcutez ($77.43 in chips) 
Seat 6: dreimis190 ($104.27 in chips) 
AlexPinsk1: posts small blind $0.50
elcutez: posts big blind $1
*** HOLE CARDS ***
dreimis190: folds 
AlexPinsk1: raises $1 to $2
elcutez: calls $1
*** FLOP *** [3h Qs 4s]
AlexPinsk1: bets $1.50
elcutez: raises $4.50 to $6
AlexPinsk1: calls $4.50
*** TURN *** [3h Qs 4s] [8h]
AlexPinsk1: checks 
elcutez: bets $13
AlexPinsk1: folds 
Uncalled bet ($13) returned to elcutez
elcutez collected $15.20 from pot
*** SUMMARY ***
Total pot $16 | Rake $0.80 
Board [3h Qs 4s 8h]
Seat 2: AlexPinsk1 (small blind) folded on the Turn
Seat 5: elcutez (big blind) collected ($15.20)
Seat 6: dreimis190 (button) folded before Flop (didn't bet)



PokerStars Hand #254545785214:  Hold'em No Limit ($0.50/$1.00 USD) - 2025/01/25 14:54:57 WET [2025/01/25 9:54:57 ET]
Table 'Huygens IV' 6-max Seat #2 is the button
Seat 2: AlexPinsk1 ($111.87 in chips) 
Seat 5: elcutez ($84.63 in chips) 
Seat 6: dreimis190 ($104.27 in chips) 
elcutez: posts small blind $0.50
dreimis190: posts big blind $1
*** HOLE CARDS ***
AlexPinsk1: folds 
elcutez: folds 
Uncalled bet ($0.50) returned to dreimis190
dreimis190 collected $1 from pot
dreimis190: doesn't show hand 
*** SUMMARY ***
Total pot $1 | Rake $0 
Seat 2: AlexPinsk1 (button) folded before Flop (didn't bet)
Seat 5: elcutez (small blind) folded before Flop
Seat 6: dreimis190 (big blind) collected ($1)



PokerStars Hand #254545786747:  Hold'em No Limit ($0.50/$1.00 USD) - 2025/01/25 14:55:04 WET [2025/01/25 9:55:04 ET]
Table 'Huygens IV' 6-max Seat #5 is the button
Seat 2: AlexPinsk1 ($111.87 in chips) 
Seat 5: elcutez ($84.13 in chips) 
Seat 6: dreimis190 ($104.77 in chips) 
dreimis190: posts small blind $0.50
AlexPinsk1: posts big blind $1
*** HOLE CARDS ***
elcutez: folds 
dreimis190: raises $2 to $3
AlexPinsk1: folds 
Uncalled bet ($2) returned to dreimis190
dreimis190 collected $2 from pot
dreimis190: doesn't show hand 
*** SUMMARY ***
Total pot $2 | Rake $0 
Seat 2: AlexPinsk1 (big blind) folded before Flop
Seat 5: elcutez (button) folded before Flop (didn't bet)
Seat 6: dreimis190 (small blind) collected ($2)



PokerStars Hand #254545789910:  Hold'em No Limit ($0.50/$1.00 USD) - 2025/01/25 14:55:23 WET [2025/01/25 9:55:23 ET]
Table 'Huygens IV' 6-max Seat #6 is the button
Seat 2: AlexPinsk1 ($110.87 in chips) 
Seat 5: elcutez ($84.13 in chips) 
Seat 6: dreimis190 ($105.77 in chips) 
AlexPinsk1: posts small blind $0.50
elcutez: posts big blind $1
*** HOLE CARDS ***
dreimis190: raises $1.50 to $2.50
AlexPinsk1: folds 
elcutez: folds 
Uncalled bet ($1.50) returned to dreimis190
dreimis190 collected $2.50 from pot
dreimis190: doesn't show hand 
*** SUMMARY ***
Total pot $2.50 | Rake $0 
Seat 2: AlexPinsk1 (small blind) folded before Flop
Seat 5: elcutez (big blind) folded before Flop
Seat 6: dreimis190 (button) collected ($2.50)



PokerStars Hand #254545792255:  Hold'em No Limit ($0.50/$1.00 USD) - 2025/01/25 14:55:37 WET [2025/01/25 9:55:37 ET]
Table 'Huygens IV' 6-max Seat #2 is the button
Seat 2: AlexPinsk1 ($110.37 in chips) 
Seat 5: elcutez ($83.13 in chips) 
Seat 6: dreimis190 ($107.27 in chips) 
elcutez: posts small blind $0.50
dreimis190: posts big blind $1
*** HOLE CARDS ***
AlexPinsk1: folds 
elcutez: raises $2 to $3
dreimis190: calls $2
*** FLOP *** [Jh Kd 7s]
elcutez: checks 
dreimis190: checks 
*** TURN *** [Jh Kd 7s] [3c]
elcutez: bets $5
dreimis190: calls $5
*** RIVER *** [Jh Kd 7s 3c] [8h]
elcutez: checks 
dreimis190: checks 
*** SHOW DOWN ***
elcutez: shows [3d Ah] (a pair of Threes)
dreimis190: shows [Jd Tc] (a pair of Jacks)
dreimis190 collected $15.20 from pot
*** SUMMARY ***
Total pot $16 | Rake $0.80 
Board [Jh Kd 7s 3c 8h]
Seat 2: AlexPinsk1 (button) folded before Flop (didn't bet)
Seat 5: elcutez (small blind) showed [3d Ah] and lost with a pair of Threes
Seat 6: dreimis190 (big blind) showed [Jd Tc] and won ($15.20) with a pair of Jacks



PokerStars Hand #254545802582:  Hold'em No Limit ($0.50/$1.00 USD) - 2025/01/25 14:56:42 WET [2025/01/25 9:56:42 ET]
Table 'Huygens IV' 6-max Seat #5 is the button
Seat 2: AlexPinsk1 ($110.37 in chips) 
Seat 5: elcutez ($75.13 in chips) 
Seat 6: dreimis190 ($114.47 in chips) 
dreimis190: posts small blind $0.50
AlexPinsk1: posts big blind $1
*** HOLE CARDS ***
elcutez: folds 
dreimis190: raises $2 to $3
AlexPinsk1: calls $2
*** FLOP *** [Qd 2c 7s]
dreimis190: checks 
AlexPinsk1: checks 
*** TURN *** [Qd 2c 7s] [6c]
dreimis190: bets $4.28
AlexPinsk1: calls $4.28
*** RIVER *** [Qd 2c 7s 6c] [4h]
dreimis190: bets $21
AlexPinsk1: folds 
Uncalled bet ($21) returned to dreimis190
dreimis190 collected $13.83 from pot
dreimis190: doesn't show hand 
*** SUMMARY ***
Total pot $14.56 | Rake $0.73 
Board [Qd 2c 7s 6c 4h]
Seat 2: AlexPinsk1 (big blind) folded on the River
Seat 5: elcutez (button) folded before Flop (didn't bet)
Seat 6: dreimis190 (small blind) collected ($13.83)



PokerStars Hand #254545818877:  Hold'em No Limit ($0.50/$1.00 USD) - 2025/01/25 14:58:23 WET [2025/01/25 9:58:23 ET]
Table 'Huygens IV' 6-max Seat #6 is the button
Seat 2: AlexPinsk1 ($103.09 in chips) 
Seat 5: elcutez ($75.13 in chips) 
Seat 6: dreimis190 ($121.02 in chips) 
AlexPinsk1: posts small blind $0.50
elcutez: posts big blind $1
*** HOLE CARDS ***
dreimis190: folds 
AlexPinsk1: folds 
Uncalled bet ($0.50) returned to elcutez
elcutez collected $1 from pot
*** SUMMARY ***
Total pot $1 | Rake $0 
Seat 2: AlexPinsk1 (small blind) folded before Flop
Seat 5: elcutez (big blind) collected ($1)
Seat 6: dreimis190 (button) folded before Flop (didn't bet)



PokerStars Hand #254545820470:  Hold'em No Limit ($0.50/$1.00 USD) - 2025/01/25 14:58:33 WET [2025/01/25 9:58:33 ET]
Table 'Huygens IV' 6-max Seat #2 is the button
Seat 2: AlexPinsk1 ($102.59 in chips) 
Seat 5: elcutez ($75.63 in chips) 
Seat 6: dreimis190 ($121.02 in chips) 
elcutez: posts small blind $0.50
dreimis190: posts big blind $1
*** HOLE CARDS ***
AlexPinsk1: folds 
elcutez: folds 
Uncalled bet ($0.50) returned to dreimis190
dreimis190 collected $1 from pot
dreimis190: doesn't show hand 
*** SUMMARY ***
Total pot $1 | Rake $0 
Seat 2: AlexPinsk1 (button) folded before Flop (didn't bet)
Seat 5: elcutez (small blind) folded before Flop
Seat 6: dreimis190 (big blind) collected ($1)



PokerStars Hand #254545822419:  Hold'em No Limit ($0.50/$1.00 USD) - 2025/01/25 14:58:45 WET [2025/01/25 9:58:45 ET]
Table 'Huygens IV' 6-max Seat #5 is the button
Seat 2: AlexPinsk1 ($102.59 in chips) 
Seat 5: elcutez ($75.13 in chips) 
Seat 6: dreimis190 ($121.52 in chips) 
dreimis190: posts small blind $0.50
AlexPinsk1: posts big blind $1
*** HOLE CARDS ***
elcutez: raises $1.50 to $2.50
dreimis190: folds 
AlexPinsk1: folds 
Uncalled bet ($1.50) returned to elcutez
elcutez collected $2.50 from pot
*** SUMMARY ***
Total pot $2.50 | Rake $0 
Seat 2: AlexPinsk1 (big blind) folded before Flop
Seat 5: elcutez (button) collected ($2.50)
Seat 6: dreimis190 (small blind) folded before Flop



PokerStars Hand #254545824071:  Hold'em No Limit ($0.50/$1.00 USD) - 2025/01/25 14:58:55 WET [2025/01/25 9:58:55 ET]
Table 'Huygens IV' 6-max Seat #6 is the button
Seat 2: AlexPinsk1 ($101.59 in chips) 
Seat 5: elcutez ($76.63 in chips) 
Seat 6: dreimis190 ($121.02 in chips) 
AlexPinsk1: posts small blind $0.50
elcutez: posts big blind $1
*** HOLE CARDS ***
dreimis190: folds 
AlexPinsk1: folds 
Uncalled bet ($0.50) returned to elcutez
elcutez collected $1 from pot
*** SUMMARY ***
Total pot $1 | Rake $0 
Seat 2: AlexPinsk1 (small blind) folded before Flop
Seat 5: elcutez (big blind) collected ($1)
Seat 6: dreimis190 (button) folded before Flop (didn't bet)



PokerStars Hand #254545825215:  Hold'em No Limit ($0.50/$1.00 USD) - 2025/01/25 14:59:02 WET [2025/01/25 9:59:02 ET]
Table 'Huygens IV' 6-max Seat #2 is the button
Seat 2: AlexPinsk1 ($101.09 in chips) 
Seat 5: elcutez ($77.13 in chips) 
Seat 6: dreimis190 ($121.02 in chips) 
elcutez: posts small blind $0.50
dreimis190: posts big blind $1
*** HOLE CARDS ***
AlexPinsk1: folds 
elcutez: folds 
Uncalled bet ($0.50) returned to dreimis190
dreimis190 collected $1 from pot
dreimis190: doesn't show hand 
*** SUMMARY ***
Total pot $1 | Rake $0 
Seat 2: AlexPinsk1 (button) folded before Flop (didn't bet)
Seat 5: elcutez (small blind) folded before Flop
Seat 6: dreimis190 (big blind) collected ($1)



PokerStars Hand #254545826456:  Hold'em No Limit ($0.50/$1.00 USD) - 2025/01/25 14:59:10 WET [2025/01/25 9:59:10 ET]
Table 'Huygens IV' 6-max Seat #5 is the button
Seat 2: AlexPinsk1 ($101.09 in chips) 
Seat 5: elcutez ($76.63 in chips) 
Seat 6: dreimis190 ($121.52 in chips) 
dreimis190: posts small blind $0.50
AlexPinsk1: posts big blind $1
*** HOLE CARDS ***
elcutez: raises $2 to $3
dreimis190: folds 
AlexPinsk1: calls $2
*** FLOP *** [6d 8d Ad]
AlexPinsk1: checks 
elcutez: checks 
*** TURN *** [6d 8d Ad] [Jc]
AlexPinsk1: checks 
elcutez: checks 
*** RIVER *** [6d 8d Ad Jc] [9c]
AlexPinsk1: bets $9
elcutez: folds 
Uncalled bet ($9) returned to AlexPinsk1
AlexPinsk1 collected $6.18 from pot
AlexPinsk1: doesn't show hand 
*** SUMMARY ***
Total pot $6.50 | Rake $0.32 
Board [6d 8d Ad Jc 9c]
Seat 2: AlexPinsk1 (big blind) collected ($6.18)
Seat 5: elcutez (button) folded on the River
Seat 6: dreimis190 (small blind) folded before Flop



PokerStars Hand #254545833394:  Hold'em No Limit ($0.50/$1.00 USD) - 2025/01/25 14:59:53 WET [2025/01/25 9:59:53 ET]
Table 'Huygens IV' 6-max Seat #6 is the button
Seat 2: AlexPinsk1 ($104.27 in chips) 
Seat 5: elcutez ($73.63 in chips) 
Seat 6: dreimis190 ($121.02 in chips) 
AlexPinsk1: posts small blind $0.50
elcutez: posts big blind $1
*** HOLE CARDS ***
dreimis190: folds 
AlexPinsk1: raises $2 to $3
elcutez: folds 
Uncalled bet ($2) returned to AlexPinsk1
AlexPinsk1 collected $2 from pot
AlexPinsk1: doesn't show hand 
*** SUMMARY ***
Total pot $2 | Rake $0 
Seat 2: AlexPinsk1 (small blind) collected ($2)
Seat 5: elcutez (big blind) folded before Flop
Seat 6: dreimis190 (button) folded before Flop (didn't bet)



PokerStars Hand #254545835529:  Hold'em No Limit ($0.50/$1.00 USD) - 2025/01/25 15:00:06 WET [2025/01/25 10:00:06 ET]
Table 'Huygens IV' 6-max Seat #2 is the button
Seat 2: AlexPinsk1 ($105.27 in chips) 
Seat 5: elcutez ($72.63 in chips) 
Seat 6: dreimis190 ($121.02 in chips) 
elcutez: posts small blind $0.50
dreimis190: posts big blind $1
*** HOLE CARDS ***
AlexPinsk1: folds 
elcutez: folds 
Uncalled bet ($0.50) returned to dreimis190
dreimis190 collected $1 from pot
dreimis190: doesn't show hand 
*** SUMMARY ***
Total pot $1 | Rake $0 
Seat 2: AlexPinsk1 (button) folded before Flop (didn't bet)
Seat 5: elcutez (small blind) folded before Flop
Seat 6: dreimis190 (big blind) collected ($1)



PokerStars Hand #254545837174:  Hold'em No Limit ($0.50/$1.00 USD) - 2025/01/25 15:00:16 WET [2025/01/25 10:00:16 ET]
Table 'Huygens IV' 6-max Seat #5 is the button
Seat 2: AlexPinsk1 ($105.27 in chips) 
Seat 5: elcutez ($72.13 in chips) 
Seat 6: dreimis190 ($121.52 in chips) 
dreimis190: posts small blind $0.50
AlexPinsk1: posts big blind $1
*** HOLE CARDS ***
elcutez: folds 
dreimis190: folds 
Uncalled bet ($0.50) returned to AlexPinsk1
AlexPinsk1 collected $1 from pot
AlexPinsk1: doesn't show hand 
*** SUMMARY ***
Total pot $1 | Rake $0 
Seat 2: AlexPinsk1 (big blind) collected ($1)
Seat 5: elcutez (button) folded before Flop (didn't bet)
Seat 6: dreimis190 (small blind) folded before Flop



PokerStars Hand #254545854685:  Hold'em No Limit ($0.50/$1.00 USD) - 2025/01/25 15:01:50 WET [2025/01/25 10:01:50 ET]
Table 'Huygens IV' 6-max Seat #5 is the button
Seat 2: AlexPinsk1 ($100 in chips) 
Seat 5: elcutez ($76.90 in chips) 
Seat 6: dreimis190 ($123.02 in chips) 
dreimis190: posts small blind $0.50
AlexPinsk1: posts big blind $1
*** HOLE CARDS ***
elcutez: raises $2 to $3
dreimis190: folds 
vikku24 joins the table at seat #3 
Nicedaymybro joins the table at seat #1 
blackclan7 joins the table at seat #4 
AlexPinsk1: raises $9.50 to $12.50
elcutez: folds 
Uncalled bet ($9.50) returned to AlexPinsk1
AlexPinsk1 collected $6.50 from pot
AlexPinsk1: doesn't show hand 
*** SUMMARY ***
Total pot $6.50 | Rake $0 
Seat 2: AlexPinsk1 (big blind) collected ($6.50)
Seat 5: elcutez (button) folded before Flop
Seat 6: dreimis190 (small blind) folded before Flop



PokerStars Hand #254545863330:  Hold'em No Limit ($0.50/$1.00 USD) - 2025/01/25 15:02:33 WET [2025/01/25 10:02:33 ET]
Table 'Huygens IV' 6-max Seat #6 is the button
Seat 1: Nicedaymybro ($100 in chips) is sitting out
Seat 4: blackclan7 ($100 in chips) is sitting out
Seat 2: AlexPinsk1 ($103.50 in chips) 
Seat 3: vikku24 ($100 in chips) 
Seat 5: elcutez ($73.90 in chips) 
Seat 6: dreimis190 ($122.52 in chips) 
AlexPinsk1: posts small blind $0.50
vikku24: posts big blind $1
blackclan7: sits out 
*** HOLE CARDS ***
elcutez: folds 
dreimis190: raises $1.50 to $2.50
AlexPinsk1: folds 
vikku24: calls $1.50
*** FLOP *** [6h 9d 6d]
vikku24: checks 
dreimis190: bets $1.72
vikku24: folds 
Uncalled bet ($1.72) returned to dreimis190
dreimis190 collected $5.22 from pot
dreimis190: doesn't show hand 
*** SUMMARY ***
Total pot $5.50 | Rake $0.28 
Board [6h 9d 6d]
Seat 1: Nicedaymybro
Seat 4: blackclan7
Seat 2: AlexPinsk1 (small blind) folded before Flop
Seat 3: vikku24 (big blind) folded on the Flop
Seat 5: elcutez folded before Flop (didn't bet)
Seat 6: dreimis190 (button) collected ($5.22)



PokerStars Hand #254545867283:  Hold'em No Limit ($0.50/$1.00 USD) - 2025/01/25 15:02:53 WET [2025/01/25 10:02:53 ET]
Table 'Huygens IV' 6-max Seat #2 is the button
Seat 1: Nicedaymybro ($100 in chips) is sitting out
Seat 5: elcutez ($73.90 in chips) is sitting out
Seat 2: AlexPinsk1 ($103 in chips) 
Seat 3: vikku24 ($97.50 in chips) 
Seat 4: blackclan7 ($100 in chips) 
Seat 6: dreimis190 ($125.24 in chips) 
vikku24: posts small blind $0.50
blackclan7: posts big blind $1
Nicedaymybro: sits out 
*** HOLE CARDS ***
dreimis190: raises $1 to $2
AlexPinsk1: folds 
vikku24: folds 
blackclan7: calls $1
*** FLOP *** [Qh 8s 7c]
elcutez is disconnected 
blackclan7: checks 
dreimis190: bets $1.41
blackclan7: folds 
Uncalled bet ($1.41) returned to dreimis190
dreimis190 collected $4.28 from pot
dreimis190: doesn't show hand 
*** SUMMARY ***
Total pot $4.50 | Rake $0.22 
Board [Qh 8s 7c]
Seat 1: Nicedaymybro
Seat 5: elcutez
Seat 2: AlexPinsk1 (button) folded before Flop (didn't bet)
Seat 3: vikku24 (small blind) folded before Flop
Seat 4: blackclan7 (big blind) folded on the Flop
Seat 6: dreimis190 collected ($4.28)



PokerStars Hand #254545877079:  Hold'em No Limit ($0.50/$1.00 USD) - 2025/01/25 15:03:40 WET [2025/01/25 10:03:40 ET]
Table 'Huygens IV' 6-max Seat #3 is the button
Seat 1: Nicedaymybro ($100 in chips) is sitting out
Seat 5: elcutez ($73.90 in chips) is sitting out
Seat 2: AlexPinsk1 ($103 in chips) 
Seat 3: vikku24 ($97 in chips) 
Seat 4: blackclan7 ($100 in chips) 
Seat 6: dreimis190 ($127.52 in chips) 
blackclan7: posts small blind $0.50
dreimis190: posts big blind $1
Nicedaymybro: sits out 
*** HOLE CARDS ***
AlexPinsk1: folds 
vikku24: raises $1.50 to $2.50
blackclan7: folds 
dreimis190: calls $1.50
*** FLOP *** [Qh Td 8d]
dreimis190: checks 
vikku24: bets $1.50
dreimis190: calls $1.50
*** TURN *** [Qh Td 8d] [Ah]
dreimis190: checks 
vikku24: bets $4.50
dreimis190: calls $4.50
*** RIVER *** [Qh Td 8d Ah] [7s]
dreimis190: checks 
vikku24: bets $10
dreimis190: folds 
Uncalled bet ($10) returned to vikku24
vikku24 collected $16.62 from pot
vikku24: doesn't show hand 
*** SUMMARY ***
Total pot $17.50 | Rake $0.88 
Board [Qh Td 8d Ah 7s]
Seat 1: Nicedaymybro
Seat 5: elcutez
Seat 2: AlexPinsk1 folded before Flop (didn't bet)
Seat 3: vikku24 (button) collected ($16.62)
Seat 4: blackclan7 (small blind) folded before Flop
Seat 6: dreimis190 (big blind) folded on the River



PokerStars Hand #254545895953:  Hold'em No Limit ($0.50/$1.00 USD) - 2025/01/25 15:05:12 WET [2025/01/25 10:05:12 ET]
Table 'Huygens IV' 6-max Seat #4 is the button
Seat 5: elcutez ($73.90 in chips) is sitting out
Seat 1: Nicedaymybro ($100 in chips) 
Seat 2: AlexPinsk1 ($103 in chips) 
Seat 3: vikku24 ($105.12 in chips) 
Seat 4: blackclan7 ($100 in chips) 
Seat 6: dreimis190 ($119.02 in chips) 
dreimis190: posts small blind $0.50
Nicedaymybro: posts big blind $1
*** HOLE CARDS ***
AlexPinsk1: folds 
vikku24: folds 
blackclan7: raises $1.50 to $2.50
dreimis190: raises $8.50 to $11
Nicedaymybro: folds 
blackclan7: folds 
Uncalled bet ($8.50) returned to dreimis190
dreimis190 collected $6 from pot
dreimis190: doesn't show hand 
*** SUMMARY ***
Total pot $6 | Rake $0 
Seat 5: elcutez
Seat 1: Nicedaymybro (big blind) folded before Flop
Seat 2: AlexPinsk1 folded before Flop (didn't bet)
Seat 3: vikku24 folded before Flop (didn't bet)
Seat 4: blackclan7 (button) folded before Flop
Seat 6: dreimis190 (small blind) collected ($6)



PokerStars Hand #254545901347:  Hold'em No Limit ($0.50/$1.00 USD) - 2025/01/25 15:05:39 WET [2025/01/25 10:05:39 ET]
Table 'Huygens IV' 6-max Seat #6 is the button
Seat 5: elcutez ($73.90 in chips) is sitting out
Seat 1: Nicedaymybro ($100 in chips) 
Seat 2: AlexPinsk1 ($103 in chips) 
Seat 3: vikku24 ($105.12 in chips) 
Seat 4: blackclan7 ($100 in chips) 
Seat 6: dreimis190 ($122.52 in chips) 
Nicedaymybro: posts small blind $0.50
AlexPinsk1: posts big blind $1
*** HOLE CARDS ***
vikku24: folds 
blackclan7: raises $1.30 to $2.30
dreimis190: raises $5.70 to $8
Nicedaymybro: folds 
AlexPinsk1: folds 
blackclan7: folds 
Uncalled bet ($5.70) returned to dreimis190
dreimis190 collected $6.10 from pot
dreimis190: doesn't show hand 
*** SUMMARY ***
Total pot $6.10 | Rake $0 
Seat 5: elcutez
Seat 1: Nicedaymybro (small blind) folded before Flop
Seat 2: AlexPinsk1 (big blind) folded before Flop
Seat 3: vikku24 folded before Flop (didn't bet)
Seat 4: blackclan7 folded before Flop
Seat 6: dreimis190 (button) collected ($6.10)



PokerStars Hand #254545908732:  Hold'em No Limit ($0.50/$1.00 USD) - 2025/01/25 15:06:14 WET [2025/01/25 10:06:14 ET]
Table 'Huygens IV' 6-max Seat #1 is the button
Seat 5: elcutez ($73.90 in chips) is sitting out
Seat 1: Nicedaymybro ($100 in chips) 
Seat 2: AlexPinsk1 ($102 in chips) 
Seat 3: vikku24 ($105.12 in chips) 
Seat 4: blackclan7 ($100 in chips) 
Seat 6: dreimis190 ($126.32 in chips) 
AlexPinsk1: posts small blind $0.50
vikku24: posts big blind $1
*** HOLE CARDS ***
blackclan7: folds 
dreimis190: folds 
Nicedaymybro: folds 
AlexPinsk1: raises $2 to $3
vikku24: raises $9 to $12
AlexPinsk1: folds 
Uncalled bet ($9) returned to vikku24
vikku24 collected $6 from pot
vikku24: doesn't show hand 
*** SUMMARY ***
Total pot $6 | Rake $0 
Seat 5: elcutez
Seat 1: Nicedaymybro (button) folded before Flop (didn't bet)
Seat 2: AlexPinsk1 (small blind) folded before Flop
Seat 3: vikku24 (big blind) collected ($6)
Seat 4: blackclan7 folded before Flop (didn't bet)
Seat 6: dreimis190 folded before Flop (didn't bet)



PokerStars Hand #254545914386:  Hold'em No Limit ($0.50/$1.00 USD) - 2025/01/25 15:06:41 WET [2025/01/25 10:06:41 ET]
Table 'Huygens IV' 6-max Seat #2 is the button
Seat 4: blackclan7 ($100 in chips) is sitting out
Seat 5: elcutez ($73.90 in chips) is sitting out
Seat 1: Nicedaymybro ($100 in chips) 
Seat 2: AlexPinsk1 ($100 in chips) 
Seat 3: vikku24 ($108.12 in chips) 
Seat 6: dreimis190 ($126.32 in chips) 
vikku24: posts small blind $0.50
blackclan7: is sitting out 
dreimis190: posts big blind $1
*** HOLE CARDS ***
blackclan7 leaves the table
Nicedaymybro: folds 
AlexPinsk1: folds 
vikku24: calls $0.50
dreimis190: checks 
*** FLOP *** [2s 3h Tc]
philhell24 joins the table at seat #4 
vikku24: bets $2
dreimis190: folds 
Uncalled bet ($2) returned to vikku24
vikku24 collected $1.90 from pot
vikku24: doesn't show hand 
*** SUMMARY ***
Total pot $2 | Rake $0.10 
Board [2s 3h Tc]
Seat 4: blackclan7
Seat 5: elcutez
Seat 1: Nicedaymybro folded before Flop (didn't bet)
Seat 2: AlexPinsk1 (button) folded before Flop (didn't bet)
Seat 3: vikku24 (small blind) collected ($1.90)
Seat 6: dreimis190 (big blind) folded on the Flop



PokerStars Hand #254545919351:  Hold'em No Limit ($0.50/$1.00 USD) - 2025/01/25 15:07:05 WET [2025/01/25 10:07:05 ET]
Table 'Huygens IV' 6-max Seat #3 is the button
Seat 4: philhell24 ($100 in chips) is sitting out
Seat 5: elcutez ($73.90 in chips) is sitting out
Seat 1: Nicedaymybro ($100 in chips) 
Seat 2: AlexPinsk1 ($100 in chips) 
Seat 3: vikku24 ($109.02 in chips) 
Seat 6: dreimis190 ($125.32 in chips) 
dreimis190: posts small blind $0.50
Nicedaymybro: posts big blind $1
*** HOLE CARDS ***
AlexPinsk1: folds 
vikku24: raises $1 to $2
dreimis190: folds 
Nicedaymybro: calls $1
*** FLOP *** [Ac Jd 6s]
Nicedaymybro: checks 
vikku24: checks 
*** TURN *** [Ac Jd 6s] [Kh]
Nicedaymybro: bets $2.14
vikku24: folds 
Uncalled bet ($2.14) returned to Nicedaymybro
Nicedaymybro collected $4.28 from pot
Nicedaymybro: doesn't show hand 
*** SUMMARY ***
Total pot $4.50 | Rake $0.22 
Board [Ac Jd 6s Kh]
Seat 4: philhell24
Seat 5: elcutez
Seat 1: Nicedaymybro (big blind) collected ($4.28)
Seat 2: AlexPinsk1 folded before Flop (didn't bet)
Seat 3: vikku24 (button) folded on the Turn
Seat 6: dreimis190 (small blind) folded before Flop



PokerStars Hand #254545924534:  Hold'em No Limit ($0.50/$1.00 USD) - 2025/01/25 15:07:30 WET [2025/01/25 10:07:30 ET]
Table 'Huygens IV' 6-max Seat #6 is the button
Seat 4: philhell24 ($100 in chips) is sitting out
Seat 5: elcutez ($73.90 in chips) is sitting out
Seat 1: Nicedaymybro ($102.28 in chips) 
Seat 2: AlexPinsk1 ($100 in chips) 
Seat 3: vikku24 ($107.02 in chips) 
Seat 6: dreimis190 ($124.82 in chips) 
Nicedaymybro: posts small blind $0.50
AlexPinsk1: posts big blind $1
philhell24: sits out 
*** HOLE CARDS ***
vikku24: folds 
dreimis190: raises $1.50 to $2.50
Nicedaymybro: folds 
AlexPinsk1: raises $9.50 to $12
dreimis190: folds 
Uncalled bet ($9.50) returned to AlexPinsk1
AlexPinsk1 collected $5.50 from pot
AlexPinsk1: doesn't show hand 
*** SUMMARY ***
Total pot $5.50 | Rake $0 
Seat 4: philhell24
Seat 5: elcutez
Seat 1: Nicedaymybro (small blind) folded before Flop
Seat 2: AlexPinsk1 (big blind) collected ($5.50)
Seat 3: vikku24 folded before Flop (didn't bet)
Seat 6: dreimis190 (button) folded before Flop



PokerStars Hand #254545931391:  Hold'em No Limit ($0.50/$1.00 USD) - 2025/01/25 15:08:04 WET [2025/01/25 10:08:04 ET]
Table 'Huygens IV' 6-max Seat #1 is the button
Seat 4: philhell24 ($100 in chips) is sitting out
Seat 1: Nicedaymybro ($101.78 in chips) 
Seat 2: AlexPinsk1 ($103 in chips) 
Seat 3: vikku24 ($107.02 in chips) 
Seat 5: elcutez ($73.90 in chips) 
Seat 6: dreimis190 ($122.32 in chips) 
AlexPinsk1: posts small blind $0.50
vikku24: posts big blind $1
philhell24: sits out 
elcutez: posts small & big blinds $1.50
*** HOLE CARDS ***
elcutez: checks 
dreimis190: folds 
Nicedaymybro: folds 
AlexPinsk1: folds 
vikku24: checks 
*** FLOP *** [7s 6h 6c]
vikku24: checks 
elcutez: checks 
*** TURN *** [7s 6h 6c] [5s]
vikku24: checks 
elcutez: checks 
*** RIVER *** [7s 6h 6c 5s] [Js]
philhell24 leaves the table
vikku24: bets $2
elcutez: folds 
Uncalled bet ($2) returned to vikku24
vikku24 collected $2.85 from pot
vikku24: doesn't show hand 
*** SUMMARY ***
Total pot $3 | Rake $0.15 
Board [7s 6h 6c 5s Js]
Seat 4: philhell24
Seat 1: Nicedaymybro (button) folded before Flop (didn't bet)
Seat 2: AlexPinsk1 (small blind) folded before Flop
Seat 3: vikku24 (big blind) collected ($2.85)
Seat 5: elcutez folded on the River (didn't bet)
Seat 6: dreimis190 folded before Flop (didn't bet)



PokerStars Hand #254545938011:  Hold'em No Limit ($0.50/$1.00 USD) - 2025/01/25 15:08:35 WET [2025/01/25 10:08:35 ET]
Table 'Huygens IV' 6-max Seat #2 is the button
Seat 1: Nicedaymybro ($101.78 in chips) 
Seat 2: AlexPinsk1 ($102.50 in chips) 
Seat 3: vikku24 ($108.87 in chips) 
Seat 5: elcutez ($72.40 in chips) 
Seat 6: dreimis190 ($122.32 in chips) 
vikku24: posts small blind $0.50
elcutez: posts big blind $1
*** HOLE CARDS ***
dreimis190: folds 
Nicedaymybro: folds 
AlexPinsk1: folds 
vikku24: raises $1 to $2
elcutez: folds 
Uncalled bet ($1) returned to vikku24
vikku24 collected $2 from pot
vikku24: doesn't show hand 
*** SUMMARY ***
Total pot $2 | Rake $0 
Seat 1: Nicedaymybro folded before Flop (didn't bet)
Seat 2: AlexPinsk1 (button) folded before Flop (didn't bet)
Seat 3: vikku24 (small blind) collected ($2)
Seat 5: elcutez (big blind) folded before Flop
Seat 6: dreimis190 folded before Flop (didn't bet)



PokerStars Hand #254545942082:  Hold'em No Limit ($0.50/$1.00 USD) - 2025/01/25 15:08:55 WET [2025/01/25 10:08:55 ET]
Table 'Huygens IV' 6-max Seat #3 is the button
Seat 1: Nicedaymybro ($101.78 in chips) 
Seat 2: AlexPinsk1 ($102.50 in chips) 
Seat 3: vikku24 ($109.87 in chips) 
Seat 5: elcutez ($71.40 in chips) 
Seat 6: dreimis190 ($122.32 in chips) 
elcutez: posts small blind $0.50
dreimis190: posts big blind $1
*** HOLE CARDS ***
Nicedaymybro: folds 
AlexPinsk1: folds 
vikku24: folds 
elcutez: raises $3 to $4
dreimis190: calls $3
*** FLOP *** [6d Qd Qc]
elcutez: checks 
dreimis190: checks 
*** TURN *** [6d Qd Qc] [9c]
elcutez: checks 
Cositorto joins the table at seat #4 
dreimis190: bets $2.51
elcutez: folds 
Uncalled bet ($2.51) returned to dreimis190
dreimis190 collected $7.60 from pot
dreimis190: doesn't show hand 
*** SUMMARY ***
Total pot $8 | Rake $0.40 
Board [6d Qd Qc 9c]
Seat 1: Nicedaymybro folded before Flop (didn't bet)
Seat 2: AlexPinsk1 folded before Flop (didn't bet)
Seat 3: vikku24 (button) folded before Flop (didn't bet)
Seat 5: elcutez (small blind) folded on the Turn
Seat 6: dreimis190 (big blind) collected ($7.60)



PokerStars Hand #254545952093:  Hold'em No Limit ($0.50/$1.00 USD) - 2025/01/25 15:09:43 WET [2025/01/25 10:09:43 ET]
Table 'Huygens IV' 6-max Seat #5 is the button
Seat 4: Cositorto ($100 in chips) is sitting out
Seat 1: Nicedaymybro ($101.78 in chips) 
Seat 2: AlexPinsk1 ($102.50 in chips) 
Seat 3: vikku24 ($109.87 in chips) 
Seat 5: elcutez ($67.40 in chips) 
Seat 6: dreimis190 ($125.92 in chips) 
dreimis190: posts small blind $0.50
Nicedaymybro: posts big blind $1
Cositorto: sits out 
*** HOLE CARDS ***
AlexPinsk1: raises $1.50 to $2.50
vikku24: folds 
elcutez: folds 
dreimis190: folds 
Nicedaymybro: calls $1.50
*** FLOP *** [2s Kh Th]
Nicedaymybro: checks 
AlexPinsk1: bets $3.92
Nicedaymybro: folds 
Uncalled bet ($3.92) returned to AlexPinsk1
AlexPinsk1 collected $5.22 from pot
AlexPinsk1: doesn't show hand 
*** SUMMARY ***
Total pot $5.50 | Rake $0.28 
Board [2s Kh Th]
Seat 4: Cositorto
Seat 1: Nicedaymybro (big blind) folded on the Flop
Seat 2: AlexPinsk1 collected ($5.22)
Seat 3: vikku24 folded before Flop (didn't bet)
Seat 5: elcutez (button) folded before Flop (didn't bet)
Seat 6: dreimis190 (small blind) folded before Flop



PokerStars Hand #254545957930:  Hold'em No Limit ($0.50/$1.00 USD) - 2025/01/25 15:10:12 WET [2025/01/25 10:10:12 ET]
Table 'Huygens IV' 6-max Seat #6 is the button
Seat 4: Cositorto ($100 in chips) is sitting out
Seat 1: Nicedaymybro ($100 in chips) 
Seat 2: AlexPinsk1 ($105.22 in chips) 
Seat 3: vikku24 ($109.87 in chips) 
Seat 5: elcutez ($67.40 in chips) 
Seat 6: dreimis190 ($125.42 in chips) 
Nicedaymybro: posts small blind $0.50
AlexPinsk1: posts big blind $1
Cositorto: sits out 
*** HOLE CARDS ***
vikku24: folds 
elcutez: folds 
dreimis190: folds 
Nicedaymybro: folds 
Uncalled bet ($0.50) returned to AlexPinsk1
AlexPinsk1 collected $1 from pot
AlexPinsk1: doesn't show hand 
*** SUMMARY ***
Total pot $1 | Rake $0 
Seat 4: Cositorto
Seat 1: Nicedaymybro (small blind) folded before Flop
Seat 2: AlexPinsk1 (big blind) collected ($1)
Seat 3: vikku24 folded before Flop (didn't bet)
Seat 5: elcutez folded before Flop (didn't bet)
Seat 6: dreimis190 (button) folded before Flop (didn't bet)



PokerStars Hand #254545959487:  Hold'em No Limit ($0.50/$1.00 USD) - 2025/01/25 15:10:20 WET [2025/01/25 10:10:20 ET]
Table 'Huygens IV' 6-max Seat #1 is the button
Seat 4: Cositorto ($100 in chips) is sitting out
Seat 1: Nicedaymybro ($100 in chips) 
Seat 2: AlexPinsk1 ($105.72 in chips) 
Seat 3: vikku24 ($109.87 in chips) 
Seat 5: elcutez ($67.40 in chips) 
Seat 6: dreimis190 ($125.42 in chips) 
AlexPinsk1: posts small blind $0.50
vikku24: posts big blind $1
Cositorto: sits out 
*** HOLE CARDS ***
elcutez: folds 
dreimis190: raises $1.50 to $2.50
Nicedaymybro: folds 
AlexPinsk1: folds 
vikku24: calls $1.50
*** FLOP *** [6c Jc 7s]
vikku24: bets $2
dreimis190: calls $2
*** TURN *** [6c Jc 7s] [Ts]
vikku24: checks 
dreimis190: checks 
*** RIVER *** [6c Jc 7s Ts] [2h]
vikku24: checks 
dreimis190: bets $1.50
vikku24: raises $8.50 to $10
dreimis190: calls $8.50
*** SHOW DOWN ***
vikku24: shows [Th 7h] (two pair, Tens and Sevens)
dreimis190: mucks hand 
vikku24 collected $28.02 from pot
*** SUMMARY ***
Total pot $29.50 | Rake $1.48 
Board [6c Jc 7s Ts 2h]
Seat 4: Cositorto
Seat 1: Nicedaymybro (button) folded before Flop (didn't bet)
Seat 2: AlexPinsk1 (small blind) folded before Flop
Seat 3: vikku24 (big blind) showed [Th 7h] and won ($28.02) with two pair, Tens and Sevens
Seat 5: elcutez folded before Flop (didn't bet)
Seat 6: dreimis190 mucked



PokerStars Hand #254545972505:  Hold'em No Limit ($0.50/$1.00 USD) - 2025/01/25 15:11:24 WET [2025/01/25 10:11:24 ET]
Table 'Huygens IV' 6-max Seat #2 is the button
Seat 1: Nicedaymybro ($100 in chips) 
Seat 2: AlexPinsk1 ($105.22 in chips) 
Seat 3: vikku24 ($123.39 in chips) 
Seat 4: Cositorto ($100 in chips) 
Seat 5: elcutez ($67.40 in chips) 
Seat 6: dreimis190 ($110.92 in chips) 
vikku24: posts small blind $0.50
Cositorto: posts big blind $1
*** HOLE CARDS ***
elcutez: folds 
dreimis190: folds 
Nicedaymybro: folds 
AlexPinsk1: raises $1.50 to $2.50
vikku24: folds 
Cositorto: folds 
Uncalled bet ($1.50) returned to AlexPinsk1
AlexPinsk1 collected $2.50 from pot
AlexPinsk1: doesn't show hand 
*** SUMMARY ***
Total pot $2.50 | Rake $0 
Seat 1: Nicedaymybro folded before Flop (didn't bet)
Seat 2: AlexPinsk1 (button) collected ($2.50)
Seat 3: vikku24 (small blind) folded before Flop
Seat 4: Cositorto (big blind) folded before Flop
Seat 5: elcutez folded before Flop (didn't bet)
Seat 6: dreimis190 folded before Flop (didn't bet)



PokerStars Hand #254545976536:  Hold'em No Limit ($0.50/$1.00 USD) - 2025/01/25 15:11:43 WET [2025/01/25 10:11:43 ET]
Table 'Huygens IV' 6-max Seat #3 is the button
Seat 1: Nicedaymybro ($100 in chips) 
Seat 2: AlexPinsk1 ($106.72 in chips) 
Seat 3: vikku24 ($122.89 in chips) 
Seat 4: Cositorto ($100 in chips) 
Seat 5: elcutez ($67.40 in chips) 
Seat 6: dreimis190 ($110.92 in chips) 
Cositorto: posts small blind $0.50
elcutez: posts big blind $1
*** HOLE CARDS ***
dreimis190: folds 
Nicedaymybro: folds 
AlexPinsk1: folds 
vikku24: folds 
Cositorto: raises $2 to $3
elcutez: calls $2
*** FLOP *** [Tc 2h 8h]
Cositorto: bets $1.54
elcutez: calls $1.54
*** TURN *** [Tc 2h 8h] [Ac]
Cositorto: bets $6.47
elcutez: calls $6.47
*** RIVER *** [Tc 2h 8h Ac] [2d]
Cositorto: bets $88.99 and is all-in
elcutez: calls $56.39 and is all-in
Uncalled bet ($32.60) returned to Cositorto
*** SHOW DOWN ***
Cositorto: shows [Kh 4d] (a pair of Deuces)
elcutez: shows [Ah 6c] (two pair, Aces and Deuces)
elcutez collected $132.30 from pot
*** SUMMARY ***
Total pot $134.80 | Rake $2.50 
Board [Tc 2h 8h Ac 2d]
Seat 1: Nicedaymybro folded before Flop (didn't bet)
Seat 2: AlexPinsk1 folded before Flop (didn't bet)
Seat 3: vikku24 (button) folded before Flop (didn't bet)
Seat 4: Cositorto (small blind) showed [Kh 4d] and lost with a pair of Deuces
Seat 5: elcutez (big blind) showed [Ah 6c] and won ($132.30) with two pair, Aces and Deuces
Seat 6: dreimis190 folded before Flop (didn't bet)



PokerStars Hand #254545997044:  Hold'em No Limit ($0.50/$1.00 USD) - 2025/01/25 15:13:21 WET [2025/01/25 10:13:21 ET]
Table 'Huygens IV' 6-max Seat #4 is the button
Seat 1: Nicedaymybro ($100 in chips) 
Seat 2: AlexPinsk1 ($106.72 in chips) 
Seat 3: vikku24 ($122.89 in chips) 
Seat 4: Cositorto ($100 in chips) 
Seat 5: elcutez ($132.30 in chips) 
Seat 6: dreimis190 ($110.92 in chips) 
elcutez: posts small blind $0.50
dreimis190: posts big blind $1
*** HOLE CARDS ***
Nicedaymybro: folds 
AlexPinsk1: folds 
vikku24: folds 
Cositorto: raises $1.50 to $2.50
elcutez: folds 
dreimis190: folds 
Uncalled bet ($1.50) returned to Cositorto
Cositorto collected $2.50 from pot
Cositorto: doesn't show hand 
*** SUMMARY ***
Total pot $2.50 | Rake $0 
Seat 1: Nicedaymybro folded before Flop (didn't bet)
Seat 2: AlexPinsk1 folded before Flop (didn't bet)
Seat 3: vikku24 folded before Flop (didn't bet)
Seat 4: Cositorto (button) collected ($2.50)
Seat 5: elcutez (small blind) folded before Flop
Seat 6: dreimis190 (big blind) folded before Flop



PokerStars Hand #254546000543:  Hold'em No Limit ($0.50/$1.00 USD) - 2025/01/25 15:13:38 WET [2025/01/25 10:13:38 ET]
Table 'Huygens IV' 6-max Seat #5 is the button
Seat 1: Nicedaymybro ($100 in chips) 
Seat 2: AlexPinsk1 ($106.72 in chips) 
Seat 3: vikku24 ($122.89 in chips) 
Seat 4: Cositorto ($101.50 in chips) 
Seat 5: elcutez ($131.80 in chips) 
Seat 6: dreimis190 ($109.92 in chips) 
dreimis190: posts small blind $0.50
Nicedaymybro: posts big blind $1
*** HOLE CARDS ***
AlexPinsk1: folds 
vikku24: raises $1.20 to $2.20
Cositorto: folds 
elcutez: raises $5.90 to $8.10
dreimis190: folds 
Nicedaymybro: folds 
vikku24: raises $9.90 to $18
elcutez: calls $9.90
*** FLOP *** [2c Ah 6c]
vikku24: bets $12
elcutez: raises $15 to $27
vikku24: folds 
Uncalled bet ($15) returned to elcutez
elcutez collected $59 from pot
*** SUMMARY ***
Total pot $61.50 | Rake $2.50 
Board [2c Ah 6c]
Seat 1: Nicedaymybro (big blind) folded before Flop
Seat 2: AlexPinsk1 folded before Flop (didn't bet)
Seat 3: vikku24 folded on the Flop
Seat 4: Cositorto folded before Flop (didn't bet)
Seat 5: elcutez (button) collected ($59)
Seat 6: dreimis190 (small blind) folded before Flop



PokerStars Hand #254546009670:  Hold'em No Limit ($0.50/$1.00 USD) - 2025/01/25 15:14:22 WET [2025/01/25 10:14:22 ET]
Table 'Huygens IV' 6-max Seat #6 is the button
Seat 2: AlexPinsk1 ($106.72 in chips) is sitting out
Seat 1: Nicedaymybro ($100 in chips) 
Seat 3: vikku24 ($92.89 in chips) 
Seat 4: Cositorto ($101.50 in chips) 
Seat 5: elcutez ($160.80 in chips) 
Seat 6: dreimis190 ($109.42 in chips) 
Nicedaymybro: posts small blind $0.50
AlexPinsk1: is sitting out 
vikku24: posts big blind $1
*** HOLE CARDS ***
Cositorto: raises $1 to $2
elcutez: folds 
dreimis190: folds 
Nicedaymybro: raises $8 to $10
vikku24: folds 
Cositorto: calls $8
*** FLOP *** [Qc 7d 9c]
Nicedaymybro: bets $15
Cositorto: calls $15
*** TURN *** [Qc 7d 9c] [Kd]
Nicedaymybro: checks 
Cositorto: checks 
*** RIVER *** [Qc 7d 9c Kd] [8d]
Nicedaymybro: bets $10.50
Cositorto: raises $22.94 to $33.44
Nicedaymybro: folds 
Uncalled bet ($22.94) returned to Cositorto
Cositorto collected $69.50 from pot
Cositorto: doesn't show hand 
*** SUMMARY ***
Total pot $72 | Rake $2.50 
Board [Qc 7d 9c Kd 8d]
Seat 2: AlexPinsk1
Seat 1: Nicedaymybro (small blind) folded on the River
Seat 3: vikku24 (big blind) folded before Flop
Seat 4: Cositorto collected ($69.50)
Seat 5: elcutez folded before Flop (didn't bet)
Seat 6: dreimis190 (button) folded before Flop (didn't bet)



PokerStars Hand #254546029985:  Hold'em No Limit ($0.50/$1.00 USD) - 2025/01/25 15:15:57 WET [2025/01/25 10:15:57 ET]
Table 'Huygens IV' 6-max Seat #1 is the button
Seat 2: AlexPinsk1 ($106.72 in chips) is sitting out
Seat 1: Nicedaymybro ($100 in chips) 
Seat 3: vikku24 ($98.68 in chips) 
Seat 4: Cositorto ($135.50 in chips) 
Seat 5: elcutez ($160.80 in chips) 
Seat 6: dreimis190 ($109.42 in chips) 
vikku24: posts small blind $0.50
Cositorto: posts big blind $1
*** HOLE CARDS ***
elcutez: folds 
dreimis190: folds 
Nicedaymybro: raises $1.50 to $2.50
vikku24: folds 
Cositorto: folds 
Uncalled bet ($1.50) returned to Nicedaymybro
Nicedaymybro collected $2.50 from pot
Nicedaymybro: doesn't show hand 
*** SUMMARY ***
Total pot $2.50 | Rake $0 
Seat 2: AlexPinsk1
Seat 1: Nicedaymybro (button) collected ($2.50)
Seat 3: vikku24 (small blind) folded before Flop
Seat 4: Cositorto (big blind) folded before Flop
Seat 5: elcutez folded before Flop (didn't bet)
Seat 6: dreimis190 folded before Flop (didn't bet)



PokerStars Hand #254546034536:  Hold'em No Limit ($0.50/$1.00 USD) - 2025/01/25 15:16:17 WET [2025/01/25 10:16:17 ET]
Table 'Huygens IV' 6-max Seat #3 is the button
Seat 2: AlexPinsk1 ($106.72 in chips) is sitting out
Seat 1: Nicedaymybro ($101.50 in chips) 
Seat 3: vikku24 ($98.18 in chips) 
Seat 4: Cositorto ($134.50 in chips) 
Seat 5: elcutez ($160.80 in chips) 
Seat 6: dreimis190 ($109.42 in chips) 
Cositorto: posts small blind $0.50
elcutez: posts big blind $1
AlexPinsk1: sits out 
*** HOLE CARDS ***
dreimis190: folds 
Nicedaymybro: folds 
vikku24: folds 
Cositorto: raises $2 to $3
elcutez: calls $2
*** FLOP *** [5h Jd 7h]
Cositorto: bets $1.54
elcutez: raises $4.46 to $6
Cositorto: calls $4.46
*** TURN *** [5h Jd 7h] [8c]
Cositorto: checks 
elcutez: checks 
*** RIVER *** [5h Jd 7h 8c] [Th]
Cositorto: checks 
elcutez: checks 
*** SHOW DOWN ***
Cositorto: shows [8d Td] (two pair, Tens and Eights)
elcutez: mucks hand 
Cositorto collected $17.10 from pot
*** SUMMARY ***
Total pot $18 | Rake $0.90 
Board [5h Jd 7h 8c Th]
Seat 2: AlexPinsk1
Seat 1: Nicedaymybro folded before Flop (didn't bet)
Seat 3: vikku24 (button) folded before Flop (didn't bet)
Seat 4: Cositorto (small blind) showed [8d Td] and won ($17.10) with two pair, Tens and Eights
Seat 5: elcutez (big blind) mucked
Seat 6: dreimis190 folded before Flop (didn't bet)



PokerStars Hand #254546044224:  Hold'em No Limit ($0.50/$1.00 USD) - 2025/01/25 15:17:02 WET [2025/01/25 10:17:02 ET]
Table 'Huygens IV' 6-max Seat #4 is the button
Seat 2: AlexPinsk1 ($106.72 in chips) is sitting out
Seat 1: Nicedaymybro ($101.50 in chips) 
Seat 3: vikku24 ($98.18 in chips) 
Seat 4: Cositorto ($142.60 in chips) 
Seat 5: elcutez ($151.80 in chips) 
Seat 6: dreimis190 ($109.42 in chips) 
elcutez: posts small blind $0.50
dreimis190: posts big blind $1
AlexPinsk1: sits out 
*** HOLE CARDS ***
Nicedaymybro: folds 
vikku24: folds 
Cositorto: raises $1.50 to $2.50
elcutez: folds 
dreimis190: folds 
Uncalled bet ($1.50) returned to Cositorto
Cositorto collected $2.50 from pot
Cositorto: doesn't show hand 
*** SUMMARY ***
Total pot $2.50 | Rake $0 
Seat 2: AlexPinsk1
Seat 1: Nicedaymybro folded before Flop (didn't bet)
Seat 3: vikku24 folded before Flop (didn't bet)
Seat 4: Cositorto (button) collected ($2.50)
Seat 5: elcutez (small blind) folded before Flop
Seat 6: dreimis190 (big blind) folded before Flop



PokerStars Hand #254546047426:  Hold'em No Limit ($0.50/$1.00 USD) - 2025/01/25 15:17:17 WET [2025/01/25 10:17:17 ET]
Table 'Huygens IV' 6-max Seat #5 is the button
Seat 2: AlexPinsk1 ($106.72 in chips) is sitting out
Seat 1: Nicedaymybro ($101.50 in chips) 
Seat 3: vikku24 ($98.18 in chips) 
Seat 4: Cositorto ($144.10 in chips) 
Seat 5: elcutez ($151.30 in chips) 
Seat 6: dreimis190 ($108.42 in chips) 
dreimis190: posts small blind $0.50
Nicedaymybro: posts big blind $1
AlexPinsk1: sits out 
*** HOLE CARDS ***
vikku24: raises $1 to $2
Cositorto: folds 
elcutez: folds 
dreimis190: folds 
Nicedaymybro: calls $1
*** FLOP *** [3d 3c Th]
Nicedaymybro: checks 
vikku24: checks 
*** TURN *** [3d 3c Th] [8h]
Nicedaymybro: checks 
vikku24: checks 
*** RIVER *** [3d 3c Th 8h] [9d]
Nicedaymybro: bets $2.14
vikku24: calls $2.14
*** SHOW DOWN ***
Nicedaymybro: shows [7d Kd] (a pair of Threes)
vikku24: shows [As 2c] (a pair of Threes - Ace kicker)
vikku24 collected $8.34 from pot
*** SUMMARY ***
Total pot $8.78 | Rake $0.44 
Board [3d 3c Th 8h 9d]
Seat 2: AlexPinsk1
Seat 1: Nicedaymybro (big blind) showed [7d Kd] and lost with a pair of Threes
Seat 3: vikku24 showed [As 2c] and won ($8.34) with a pair of Threes
Seat 4: Cositorto folded before Flop (didn't bet)
Seat 5: elcutez (button) folded before Flop (didn't bet)
Seat 6: dreimis190 (small blind) folded before Flop



PokerStars Hand #254546054983:  Hold'em No Limit ($0.50/$1.00 USD) - 2025/01/25 15:17:51 WET [2025/01/25 10:17:51 ET]
Table 'Huygens IV' 6-max Seat #6 is the button
Seat 1: Nicedaymybro ($100 in chips) 
Seat 2: AlexPinsk1 ($106.72 in chips) 
Seat 3: vikku24 ($102.38 in chips) 
Seat 4: Cositorto ($144.10 in chips) 
Seat 5: elcutez ($151.30 in chips) 
Seat 6: dreimis190 ($107.92 in chips) 
Nicedaymybro: posts small blind $0.50
AlexPinsk1: posts big blind $1
*** HOLE CARDS ***
vikku24: raises $1.20 to $2.20
Cositorto: folds 
elcutez: folds 
dreimis190: folds 
Nicedaymybro: folds 
AlexPinsk1: folds 
Uncalled bet ($1.20) returned to vikku24
vikku24 collected $2.50 from pot
vikku24: doesn't show hand 
*** SUMMARY ***
Total pot $2.50 | Rake $0 
Seat 1: Nicedaymybro (small blind) folded before Flop
Seat 2: AlexPinsk1 (big blind) folded before Flop
Seat 3: vikku24 collected ($2.50)
Seat 4: Cositorto folded before Flop (didn't bet)
Seat 5: elcutez folded before Flop (didn't bet)
Seat 6: dreimis190 (button) folded before Flop (didn't bet)



PokerStars Hand #254546059851:  Hold'em No Limit ($0.50/$1.00 USD) - 2025/01/25 15:18:13 WET [2025/01/25 10:18:13 ET]
Table 'Huygens IV' 6-max Seat #1 is the button
Seat 1: Nicedaymybro ($100 in chips) 
Seat 2: AlexPinsk1 ($105.72 in chips) 
Seat 3: vikku24 ($103.88 in chips) 
Seat 4: Cositorto ($144.10 in chips) 
Seat 5: elcutez ($151.30 in chips) 
Seat 6: dreimis190 ($107.92 in chips) 
AlexPinsk1: posts small blind $0.50
vikku24: posts big blind $1
*** HOLE CARDS ***
Cositorto: folds 
elcutez: folds 
dreimis190: raises $1.50 to $2.50
Nicedaymybro: folds 
AlexPinsk1: folds 
vikku24: calls $1.50
*** FLOP *** [3s 9c 5c]
vikku24: bets $1.50
dreimis190: folds 
Uncalled bet ($1.50) returned to vikku24
vikku24 collected $5.22 from pot
vikku24: doesn't show hand 
*** SUMMARY ***
Total pot $5.50 | Rake $0.28 
Board [3s 9c 5c]
Seat 1: Nicedaymybro (button) folded before Flop (didn't bet)
Seat 2: AlexPinsk1 (small blind) folded before Flop
Seat 3: vikku24 (big blind) collected ($5.22)
Seat 4: Cositorto folded before Flop (didn't bet)
Seat 5: elcutez folded before Flop (didn't bet)
Seat 6: dreimis190 folded on the Flop



PokerStars Hand #254546068247:  Hold'em No Limit ($0.50/$1.00 USD) - 2025/01/25 15:18:51 WET [2025/01/25 10:18:51 ET]
Table 'Huygens IV' 6-max Seat #2 is the button
Seat 1: Nicedaymybro ($100 in chips) 
Seat 2: AlexPinsk1 ($105.22 in chips) 
Seat 3: vikku24 ($106.60 in chips) 
Seat 4: Cositorto ($144.10 in chips) 
Seat 5: elcutez ($151.30 in chips) 
Seat 6: dreimis190 ($105.42 in chips) 
vikku24: posts small blind $0.50
Cositorto: posts big blind $1
*** HOLE CARDS ***
elcutez: folds 
dreimis190: folds 
Nicedaymybro: folds 
AlexPinsk1: raises $1.50 to $2.50
vikku24: folds 
Cositorto: calls $1.50
*** FLOP *** [8h 5d Kd]
Cositorto: checks 
AlexPinsk1: bets $3.92
Cositorto: raises $6.53 to $10.45
AlexPinsk1: calls $6.53
*** TURN *** [8h 5d Kd] [Ad]
Cositorto: bets $6.50
AlexPinsk1: calls $6.50
*** RIVER *** [8h 5d Kd Ad] [5h]
Cositorto: bets $7.49
AlexPinsk1: calls $7.49
*** SHOW DOWN ***
Cositorto: shows [8c 8d] (a full house, Eights full of Fives)
AlexPinsk1: mucks hand 
Cositorto collected $51.88 from pot
*** SUMMARY ***
Total pot $54.38 | Rake $2.50 
Board [8h 5d Kd Ad 5h]
Seat 1: Nicedaymybro folded before Flop (didn't bet)
Seat 2: AlexPinsk1 (button) mucked
Seat 3: vikku24 (small blind) folded before Flop
Seat 4: Cositorto (big blind) showed [8c 8d] and won ($51.88) with a full house, Eights full of Fives
Seat 5: elcutez folded before Flop (didn't bet)
Seat 6: dreimis190 folded before Flop (didn't bet)



PokerStars Hand #254546088611:  Hold'em No Limit ($0.50/$1.00 USD) - 2025/01/25 15:20:24 WET [2025/01/25 10:20:24 ET]
Table 'Huygens IV' 6-max Seat #3 is the button
Seat 1: Nicedaymybro ($100 in chips) 
Seat 2: AlexPinsk1 ($100 in chips) 
Seat 3: vikku24 ($106.10 in chips) 
Seat 4: Cositorto ($169.04 in chips) 
Seat 5: elcutez ($151.30 in chips) 
Seat 6: dreimis190 ($105.42 in chips) 
Cositorto: posts small blind $0.50
elcutez: posts big blind $1
*** HOLE CARDS ***
dreimis190: folds 
Nicedaymybro: folds 
AlexPinsk1: folds 
vikku24: raises $1 to $2
Cositorto: folds 
elcutez: folds 
Uncalled bet ($1) returned to vikku24
vikku24 collected $2.50 from pot
vikku24: doesn't show hand 
*** SUMMARY ***
Total pot $2.50 | Rake $0 
Seat 1: Nicedaymybro folded before Flop (didn't bet)
Seat 2: AlexPinsk1 folded before Flop (didn't bet)
Seat 3: vikku24 (button) collected ($2.50)
Seat 4: Cositorto (small blind) folded before Flop
Seat 5: elcutez (big blind) folded before Flop
Seat 6: dreimis190 folded before Flop (didn't bet)



PokerStars Hand #254546091616:  Hold'em No Limit ($0.50/$1.00 USD) - 2025/01/25 15:20:37 WET [2025/01/25 10:20:37 ET]
Table 'Huygens IV' 6-max Seat #4 is the button
Seat 1: Nicedaymybro ($100 in chips) 
Seat 2: AlexPinsk1 ($100 in chips) 
Seat 3: vikku24 ($107.60 in chips) 
Seat 4: Cositorto ($168.54 in chips) 
Seat 5: elcutez ($150.30 in chips) 
Seat 6: dreimis190 ($105.42 in chips) 
elcutez: posts small blind $0.50
dreimis190: posts big blind $1
*** HOLE CARDS ***
Nicedaymybro: raises $1.50 to $2.50
AlexPinsk1: folds 
vikku24: calls $2.50
Cositorto: calls $2.50
elcutez: folds 
dreimis190: calls $1.50
*** FLOP *** [Ks 3h 6d]
dreimis190: checks 
Nicedaymybro: bets $3.29
vikku24: folds 
Cositorto: calls $3.29
dreimis190: folds 
*** TURN *** [Ks 3h 6d] [8d]
Nicedaymybro: bets $12.15
Cositorto: calls $12.15
*** RIVER *** [Ks 3h 6d 8d] [9s]
Nicedaymybro: bets $29.48
Cositorto: calls $29.48
*** SHOW DOWN ***
Nicedaymybro: shows [Qc Kc] (a pair of Kings)
Cositorto: mucks hand 
Nicedaymybro collected $97.84 from pot
*** SUMMARY ***
Total pot $100.34 | Rake $2.50 
Board [Ks 3h 6d 8d 9s]
Seat 1: Nicedaymybro showed [Qc Kc] and won ($97.84) with a pair of Kings
Seat 2: AlexPinsk1 folded before Flop (didn't bet)
Seat 3: vikku24 folded on the Flop
Seat 4: Cositorto (button) mucked
Seat 5: elcutez (small blind) folded before Flop
Seat 6: dreimis190 (big blind) folded on the Flop



PokerStars Hand #254546114654:  Hold'em No Limit ($0.50/$1.00 USD) - 2025/01/25 15:22:21 WET [2025/01/25 10:22:21 ET]
Table 'Huygens IV' 6-max Seat #5 is the button
Seat 1: Nicedaymybro ($150.42 in chips) 
Seat 2: AlexPinsk1 ($100 in chips) 
Seat 3: vikku24 ($105.10 in chips) 
Seat 4: Cositorto ($121.12 in chips) 
Seat 5: elcutez ($149.80 in chips) 
Seat 6: dreimis190 ($102.92 in chips) 
dreimis190: posts small blind $0.50
Nicedaymybro: posts big blind $1
*** HOLE CARDS ***
AlexPinsk1: folds 
vikku24: folds 
Cositorto: folds 
elcutez: raises $2 to $3
dreimis190: folds 
Nicedaymybro: folds 
Uncalled bet ($2) returned to elcutez
elcutez collected $2.50 from pot
*** SUMMARY ***
Total pot $2.50 | Rake $0 
Seat 1: Nicedaymybro (big blind) folded before Flop
Seat 2: AlexPinsk1 folded before Flop (didn't bet)
Seat 3: vikku24 folded before Flop (didn't bet)
Seat 4: Cositorto folded before Flop (didn't bet)
Seat 5: elcutez (button) collected ($2.50)
Seat 6: dreimis190 (small blind) folded before Flop



PokerStars Hand #254546117780:  Hold'em No Limit ($0.50/$1.00 USD) - 2025/01/25 15:22:35 WET [2025/01/25 10:22:35 ET]
Table 'Huygens IV' 6-max Seat #6 is the button
Seat 1: Nicedaymybro ($149.42 in chips) 
Seat 2: AlexPinsk1 ($100 in chips) 
Seat 3: vikku24 ($105.10 in chips) 
Seat 4: Cositorto ($121.12 in chips) 
Seat 5: elcutez ($151.30 in chips) 
Seat 6: dreimis190 ($102.42 in chips) 
Nicedaymybro: posts small blind $0.50
AlexPinsk1: posts big blind $1
*** HOLE CARDS ***
vikku24: raises $1 to $2
Cositorto: folds 
elcutez: folds 
dreimis190: folds 
Nicedaymybro: folds 
AlexPinsk1: calls $1
*** FLOP *** [5s 9c 3d]
AlexPinsk1: checks 
vikku24: bets $2
AlexPinsk1: folds 
Uncalled bet ($2) returned to vikku24
vikku24 collected $4.28 from pot
vikku24: doesn't show hand 
*** SUMMARY ***
Total pot $4.50 | Rake $0.22 
Board [5s 9c 3d]
Seat 1: Nicedaymybro (small blind) folded before Flop
Seat 2: AlexPinsk1 (big blind) folded on the Flop
Seat 3: vikku24 collected ($4.28)
Seat 4: Cositorto folded before Flop (didn't bet)
Seat 5: elcutez folded before Flop (didn't bet)
Seat 6: dreimis190 (button) folded before Flop (didn't bet)



PokerStars Hand #254546125363:  Hold'em No Limit ($0.50/$1.00 USD) - 2025/01/25 15:23:09 WET [2025/01/25 10:23:09 ET]
Table 'Huygens IV' 6-max Seat #1 is the button
Seat 1: Nicedaymybro ($148.92 in chips) 
Seat 2: AlexPinsk1 ($100 in chips) 
Seat 3: vikku24 ($107.38 in chips) 
Seat 4: Cositorto ($121.12 in chips) 
Seat 5: elcutez ($151.30 in chips) 
Seat 6: dreimis190 ($102.42 in chips) 
AlexPinsk1: posts small blind $0.50
vikku24: posts big blind $1
*** HOLE CARDS ***
Cositorto: folds 
elcutez: folds 
dreimis190: raises $1.50 to $2.50
Nicedaymybro: folds 
AlexPinsk1: raises $7.50 to $10
vikku24: folds 
dreimis190: raises $12 to $22
AlexPinsk1: folds 
Uncalled bet ($12) returned to dreimis190
dreimis190 collected $21 from pot
dreimis190: doesn't show hand 
*** SUMMARY ***
Total pot $21 | Rake $0 
Seat 1: Nicedaymybro (button) folded before Flop (didn't bet)
Seat 2: AlexPinsk1 (small blind) folded before Flop
Seat 3: vikku24 (big blind) folded before Flop
Seat 4: Cositorto folded before Flop (didn't bet)
Seat 5: elcutez folded before Flop (didn't bet)
Seat 6: dreimis190 collected ($21)



PokerStars Hand #254546135200:  Hold'em No Limit ($0.50/$1.00 USD) - 2025/01/25 15:23:53 WET [2025/01/25 10:23:53 ET]
Table 'Huygens IV' 6-max Seat #2 is the button
Seat 1: Nicedaymybro ($148.92 in chips) 
Seat 2: AlexPinsk1 ($100 in chips) 
Seat 3: vikku24 ($106.38 in chips) 
Seat 4: Cositorto ($121.12 in chips) 
Seat 5: elcutez ($151.30 in chips) 
Seat 6: dreimis190 ($113.42 in chips) 
vikku24: posts small blind $0.50
Cositorto: posts big blind $1
*** HOLE CARDS ***
elcutez: raises $2 to $3
dreimis190: folds 
Nicedaymybro: folds 
AlexPinsk1: folds 
vikku24: raises $9 to $12
Cositorto: folds 
elcutez: calls $9
*** FLOP *** [5s 6d 4c]
vikku24: bets $24
elcutez: calls $24
*** TURN *** [5s 6d 4c] [8h]
vikku24: bets $70.38 and is all-in
elcutez: calls $70.38
*** RIVER *** [5s 6d 4c 8h] [Js]
*** SHOW DOWN ***
vikku24: shows [9d 9s] (a pair of Nines)
elcutez: shows [9c 7c] (a straight, Five to Nine)
elcutez collected $211.26 from pot
*** SUMMARY ***
Total pot $213.76 | Rake $2.50 
Board [5s 6d 4c 8h Js]
Seat 1: Nicedaymybro folded before Flop (didn't bet)
Seat 2: AlexPinsk1 (button) folded before Flop (didn't bet)
Seat 3: vikku24 (small blind) showed [9d 9s] and lost with a pair of Nines
Seat 4: Cositorto (big blind) folded before Flop
Seat 5: elcutez showed [9c 7c] and won ($211.26) with a straight, Five to Nine
Seat 6: dreimis190 folded before Flop (didn't bet)



PokerStars Hand #254546149191:  Hold'em No Limit ($0.50/$1.00 USD) - 2025/01/25 15:24:56 WET [2025/01/25 10:24:56 ET]
Table 'Huygens IV' 6-max Seat #4 is the button
Seat 3: vikku24 ($0 in chips) is sitting out
Seat 1: Nicedaymybro ($148.92 in chips) 
Seat 2: AlexPinsk1 ($100 in chips) 
Seat 4: Cositorto ($120.12 in chips) 
Seat 5: elcutez ($256.18 in chips) 
Seat 6: dreimis190 ($113.42 in chips) 
elcutez: posts small blind $0.50
dreimis190: posts big blind $1
*** HOLE CARDS ***
Nicedaymybro: folds 
AlexPinsk1: raises $1.50 to $2.50
Cositorto: folds 
elcutez: folds 
vikku24 leaves the table
dreimis190: folds 
Uncalled bet ($1.50) returned to AlexPinsk1
AlexPinsk1 collected $2.50 from pot
AlexPinsk1: doesn't show hand 
*** SUMMARY ***
Total pot $2.50 | Rake $0 
Seat 3: vikku24
Seat 1: Nicedaymybro folded before Flop (didn't bet)
Seat 2: AlexPinsk1 collected ($2.50)
Seat 4: Cositorto (button) folded before Flop (didn't bet)
Seat 5: elcutez (small blind) folded before Flop
Seat 6: dreimis190 (big blind) folded before Flop



PokerStars Hand #254546151779:  Hold'em No Limit ($0.50/$1.00 USD) - 2025/01/25 15:25:07 WET [2025/01/25 10:25:07 ET]
Table 'Huygens IV' 6-max Seat #5 is the button
Seat 1: Nicedaymybro ($148.92 in chips) 
Seat 2: AlexPinsk1 ($101.50 in chips) 
Seat 4: Cositorto ($120.12 in chips) 
Seat 5: elcutez ($255.68 in chips) 
Seat 6: dreimis190 ($112.42 in chips) 
dreimis190: posts small blind $0.50
Nicedaymybro: posts big blind $1
*** HOLE CARDS ***
AlexPinsk1: raises $1.50 to $2.50
Cositorto: folds 
elcutez: calls $2.50
dreimis190: raises $10.50 to $13
Nicedaymybro: folds 
AlexPinsk1: folds 
elcutez: folds 
Uncalled bet ($10.50) returned to dreimis190
dreimis190 collected $8.50 from pot
dreimis190: doesn't show hand 
*** SUMMARY ***
Total pot $8.50 | Rake $0 
Seat 1: Nicedaymybro (big blind) folded before Flop
Seat 2: AlexPinsk1 folded before Flop
Seat 4: Cositorto folded before Flop (didn't bet)
Seat 5: elcutez (button) folded before Flop
Seat 6: dreimis190 (small blind) collected ($8.50)



PokerStars Hand #254546161621:  Hold'em No Limit ($0.50/$1.00 USD) - 2025/01/25 15:25:52 WET [2025/01/25 10:25:52 ET]
Table 'Huygens IV' 6-max Seat #6 is the button
Seat 2: AlexPinsk1 ($100 in chips) is sitting out
Seat 1: Nicedaymybro ($147.92 in chips) 
Seat 4: Cositorto ($120.12 in chips) 
Seat 5: elcutez ($253.18 in chips) 
Seat 6: dreimis190 ($118.42 in chips) 
Nicedaymybro: posts small blind $0.50
AlexPinsk1: is sitting out 
Cositorto: posts big blind $1
*** HOLE CARDS ***
elcutez: folds 
dreimis190: folds 
Nicedaymybro: raises $2 to $3
Cositorto: folds 
Uncalled bet ($2) returned to Nicedaymybro
Nicedaymybro collected $2 from pot
Nicedaymybro: doesn't show hand 
*** SUMMARY ***
Total pot $2 | Rake $0 
Seat 2: AlexPinsk1
Seat 1: Nicedaymybro (small blind) collected ($2)
Seat 4: Cositorto (big blind) folded before Flop
Seat 5: elcutez folded before Flop (didn't bet)
Seat 6: dreimis190 (button) folded before Flop (didn't bet)



PokerStars Hand #254546164172:  Hold'em No Limit ($0.50/$1.00 USD) - 2025/01/25 15:26:03 WET [2025/01/25 10:26:03 ET]
Table 'Huygens IV' 6-max Seat #1 is the button
Seat 2: AlexPinsk1 ($100 in chips) is sitting out
Seat 1: Nicedaymybro ($148.92 in chips) 
Seat 4: Cositorto ($119.12 in chips) 
Seat 5: elcutez ($253.18 in chips) 
Seat 6: dreimis190 ($118.42 in chips) 
Cositorto: posts small blind $0.50
elcutez: posts big blind $1
*** HOLE CARDS ***
dreimis190: folds 
Nicedaymybro: folds 
Cositorto: raises $2 to $3
elcutez: folds 
Uncalled bet ($2) returned to Cositorto
Cositorto collected $2 from pot
Cositorto: doesn't show hand 
*** SUMMARY ***
Total pot $2 | Rake $0 
Seat 2: AlexPinsk1
Seat 1: Nicedaymybro (button) folded before Flop (didn't bet)
Seat 4: Cositorto (small blind) collected ($2)
Seat 5: elcutez (big blind) folded before Flop
Seat 6: dreimis190 folded before Flop (didn't bet)



PokerStars Hand #254546168113:  Hold'em No Limit ($0.50/$1.00 USD) - 2025/01/25 15:26:21 WET [2025/01/25 10:26:21 ET]
Table 'Huygens IV' 6-max Seat #4 is the button
Seat 2: AlexPinsk1 ($100 in chips) is sitting out
Seat 1: Nicedaymybro ($148.92 in chips) 
Seat 4: Cositorto ($120.12 in chips) 
Seat 5: elcutez ($252.18 in chips) 
Seat 6: dreimis190 ($118.42 in chips) 
elcutez: posts small blind $0.50
dreimis190: posts big blind $1
*** HOLE CARDS ***
Nicedaymybro: folds 
Cositorto: folds 
elcutez: folds 
Uncalled bet ($0.50) returned to dreimis190
dreimis190 collected $1 from pot
dreimis190: doesn't show hand 
*** SUMMARY ***
Total pot $1 | Rake $0 
Seat 2: AlexPinsk1
Seat 1: Nicedaymybro folded before Flop (didn't bet)
Seat 4: Cositorto (button) folded before Flop (didn't bet)
Seat 5: elcutez (small blind) folded before Flop
Seat 6: dreimis190 (big blind) collected ($1)



PokerStars Hand #254546169668:  Hold'em No Limit ($0.50/$1.00 USD) - 2025/01/25 15:26:27 WET [2025/01/25 10:26:27 ET]
Table 'Huygens IV' 6-max Seat #5 is the button
Seat 1: Nicedaymybro ($148.92 in chips) is sitting out
Seat 2: AlexPinsk1 ($100 in chips) is sitting out
Seat 4: Cositorto ($120.12 in chips) 
Seat 5: elcutez ($251.68 in chips) 
Seat 6: dreimis190 ($118.92 in chips) 
dreimis190: posts small blind $0.50
Nicedaymybro: is sitting out 
Cositorto: posts big blind $1
*** HOLE CARDS ***
Nicedaymybro leaves the table
elcutez: raises $2.50 to $3.50
dreimis190: folds 
Cositorto: folds 
Uncalled bet ($2.50) returned to elcutez
elcutez collected $2.50 from pot
*** SUMMARY ***
Total pot $2.50 | Rake $0 
Seat 1: Nicedaymybro
Seat 2: AlexPinsk1
Seat 4: Cositorto (big blind) folded before Flop
Seat 5: elcutez (button) collected ($2.50)
Seat 6: dreimis190 (small blind) folded before Flop



PokerStars Hand #254546176179:  Hold'em No Limit ($0.50/$1.00 USD) - 2025/01/25 15:26:57 WET [2025/01/25 10:26:57 ET]
Table 'Huygens IV' 6-max Seat #6 is the button
Seat 2: AlexPinsk1 ($100 in chips) is sitting out
Seat 4: Cositorto ($119.12 in chips) 
Seat 5: elcutez ($253.18 in chips) 
Seat 6: dreimis190 ($118.42 in chips) 
Cositorto: posts small blind $0.50
elcutez: posts big blind $1
*** HOLE CARDS ***
AlexPinsk1 leaves the table
dreimis190: folds 
Cositorto: folds 
Uncalled bet ($0.50) returned to elcutez
elcutez collected $1 from pot
*** SUMMARY ***
Total pot $1 | Rake $0 
Seat 2: AlexPinsk1
Seat 4: Cositorto (small blind) folded before Flop
Seat 5: elcutez (big blind) collected ($1)
Seat 6: dreimis190 (button) folded before Flop (didn't bet)



PokerStars Hand #254546178089:  Hold'em No Limit ($0.50/$1.00 USD) - 2025/01/25 15:27:05 WET [2025/01/25 10:27:05 ET]
Table 'Huygens IV' 6-max Seat #4 is the button
Seat 4: Cositorto ($118.62 in chips) 
Seat 5: elcutez ($253.68 in chips) 
Seat 6: dreimis190 ($118.42 in chips) 
elcutez: posts small blind $0.50
dreimis190: posts big blind $1
*** HOLE CARDS ***
Cositorto: raises $1.50 to $2.50
elcutez: folds 
dreimis190: folds 
Uncalled bet ($1.50) returned to Cositorto
Cositorto collected $2.50 from pot
Cositorto: doesn't show hand 
*** SUMMARY ***
Total pot $2.50 | Rake $0 
Seat 4: Cositorto (button) collected ($2.50)
Seat 5: elcutez (small blind) folded before Flop
Seat 6: dreimis190 (big blind) folded before Flop



PokerStars Hand #254546180852:  Hold'em No Limit ($0.50/$1.00 USD) - 2025/01/25 15:27:18 WET [2025/01/25 10:27:18 ET]
Table 'Huygens IV' 6-max Seat #5 is the button
Seat 4: Cositorto ($120.12 in chips) 
Seat 5: elcutez ($253.18 in chips) 
Seat 6: dreimis190 ($117.42 in chips) 
dreimis190: posts small blind $0.50
Cositorto: posts big blind $1
*** HOLE CARDS ***
elcutez: raises $1.40 to $2.40
dreimis190: folds 
Cositorto: folds 
Uncalled bet ($1.40) returned to elcutez
elcutez collected $2.50 from pot
*** SUMMARY ***
Total pot $2.50 | Rake $0 
Seat 4: Cositorto (big blind) folded before Flop
Seat 5: elcutez (button) collected ($2.50)
Seat 6: dreimis190 (small blind) folded before Flop



PokerStars Hand #254546184296:  Hold'em No Limit ($0.50/$1.00 USD) - 2025/01/25 15:27:33 WET [2025/01/25 10:27:33 ET]
Table 'Huygens IV' 6-max Seat #6 is the button
Seat 4: Cositorto ($119.12 in chips) 
Seat 5: elcutez ($254.68 in chips) 
Seat 6: dreimis190 ($116.92 in chips) 
Cositorto: posts small blind $0.50
elcutez: posts big blind $1
*** HOLE CARDS ***
dreimis190: raises $1.50 to $2.50
Cositorto: folds 
elcutez: calls $1.50
*** FLOP *** [2s 8h Td]
elcutez: checks 
dreimis190: bets $1.72
elcutez: folds 
Uncalled bet ($1.72) returned to dreimis190
dreimis190 collected $5.22 from pot
dreimis190: doesn't show hand 
*** SUMMARY ***
Total pot $5.50 | Rake $0.28 
Board [2s 8h Td]
Seat 4: Cositorto (small blind) folded before Flop
Seat 5: elcutez (big blind) folded on the Flop
Seat 6: dreimis190 (button) collected ($5.22)



PokerStars Hand #254546188591:  Hold'em No Limit ($0.50/$1.00 USD) - 2025/01/25 15:27:53 WET [2025/01/25 10:27:53 ET]
Table 'Huygens IV' 6-max Seat #4 is the button
Seat 4: Cositorto ($118.62 in chips) 
Seat 5: elcutez ($252.18 in chips) 
Seat 6: dreimis190 ($119.64 in chips) 
elcutez: posts small blind $0.50
dreimis190: posts big blind $1
*** HOLE CARDS ***
Cositorto: raises $1.50 to $2.50
elcutez: folds 
dreimis190: calls $1.50
*** FLOP *** [8s Kc As]
dreimis190: checks 
Cositorto: bets $1.41
dreimis190: folds 
Uncalled bet ($1.41) returned to Cositorto
Cositorto collected $5.22 from pot
Cositorto: doesn't show hand 
*** SUMMARY ***
Total pot $5.50 | Rake $0.28 
Board [8s Kc As]
Seat 4: Cositorto (button) collected ($5.22)
Seat 5: elcutez (small blind) folded before Flop
Seat 6: dreimis190 (big blind) folded on the Flop



PokerStars Hand #254546193156:  Hold'em No Limit ($0.50/$1.00 USD) - 2025/01/25 15:28:13 WET [2025/01/25 10:28:13 ET]
Table 'Huygens IV' 6-max Seat #5 is the button
Seat 4: Cositorto ($121.34 in chips) 
Seat 5: elcutez ($251.68 in chips) 
Seat 6: dreimis190 ($117.14 in chips) 
dreimis190: posts small blind $0.50
Cositorto: posts big blind $1
*** HOLE CARDS ***
elcutez: raises $2 to $3
dreimis190: raises $9 to $12
Cositorto: folds 
elcutez: folds 
Uncalled bet ($9) returned to dreimis190
dreimis190 collected $7 from pot
dreimis190: doesn't show hand 
*** SUMMARY ***
Total pot $7 | Rake $0 
Seat 4: Cositorto (big blind) folded before Flop
Seat 5: elcutez (button) folded before Flop
Seat 6: dreimis190 (small blind) collected ($7)



PokerStars Hand #254546196960:  Hold'em No Limit ($0.50/$1.00 USD) - 2025/01/25 15:28:30 WET [2025/01/25 10:28:30 ET]
Table 'Huygens IV' 6-max Seat #6 is the button
Seat 4: Cositorto ($120.34 in chips) 
Seat 5: elcutez ($248.68 in chips) 
Seat 6: dreimis190 ($121.14 in chips) 
Cositorto: posts small blind $0.50
elcutez: posts big blind $1
*** HOLE CARDS ***
dreimis190: folds 
Cositorto: raises $2 to $3
elcutez: calls $2
*** FLOP *** [7h 4c Kc]
Cositorto: checks 
elcutez: checks 
*** TURN *** [7h 4c Kc] [Qh]
Cositorto: checks 
elcutez: checks 
*** RIVER *** [7h 4c Kc Qh] [8s]
poker_soul11 joins the table at seat #1 
UnderC@t joins the table at seat #2 
Cositorto: bets $8.55
elcutez: folds 
Uncalled bet ($8.55) returned to Cositorto
Cositorto collected $5.70 from pot
Cositorto: doesn't show hand 
*** SUMMARY ***
Total pot $6 | Rake $0.30 
Board [7h 4c Kc Qh 8s]
Seat 4: Cositorto (small blind) collected ($5.70)
Seat 5: elcutez (big blind) folded on the River
Seat 6: dreimis190 (button) folded before Flop (didn't bet)



PokerStars Hand #254546206834:  Hold'em No Limit ($0.50/$1.00 USD) - 2025/01/25 15:29:15 WET [2025/01/25 10:29:15 ET]
Table 'Huygens IV' 6-max Seat #4 is the button
Seat 1: poker_soul11 ($100 in chips) is sitting out
Seat 2: UnderC@t ($100 in chips) is sitting out
Seat 4: Cositorto ($123.04 in chips) 
Seat 5: elcutez ($245.68 in chips) 
Seat 6: dreimis190 ($121.14 in chips) 
elcutez: posts small blind $0.50
dreimis190: posts big blind $1
poker_soul11: sits out 
UnderC@t: sits out 
*** HOLE CARDS ***
Cositorto: raises $1.50 to $2.50
elcutez: folds 
dreimis190: folds 
Uncalled bet ($1.50) returned to Cositorto
Cositorto collected $2.50 from pot
Cositorto: doesn't show hand 
*** SUMMARY ***
Total pot $2.50 | Rake $0 
Seat 1: poker_soul11
Seat 2: UnderC@t
Seat 4: Cositorto (button) collected ($2.50)
Seat 5: elcutez (small blind) folded before Flop
Seat 6: dreimis190 (big blind) folded before Flop



PokerStars Hand #254546208497:  Hold'em No Limit ($0.50/$1.00 USD) - 2025/01/25 15:29:22 WET [2025/01/25 10:29:22 ET]
Table 'Huygens IV' 6-max Seat #5 is the button
Seat 2: UnderC@t ($100 in chips) is sitting out
Seat 1: poker_soul11 ($100 in chips) 
Seat 4: Cositorto ($124.54 in chips) 
Seat 5: elcutez ($245.18 in chips) 
Seat 6: dreimis190 ($120.14 in chips) 
dreimis190: posts small blind $0.50
poker_soul11: posts big blind $1
UnderC@t: sits out 
*** HOLE CARDS ***
Cositorto: folds 
elcutez: folds 
dreimis190: folds 
Uncalled bet ($0.50) returned to poker_soul11
poker_soul11 collected $1 from pot
poker_soul11: doesn't show hand 
*** SUMMARY ***
Total pot $1 | Rake $0 
Seat 2: UnderC@t
Seat 1: poker_soul11 (big blind) collected ($1)
Seat 4: Cositorto folded before Flop (didn't bet)
Seat 5: elcutez (button) folded before Flop (didn't bet)
Seat 6: dreimis190 (small blind) folded before Flop



PokerStars Hand #254546210719:  Hold'em No Limit ($0.50/$1.00 USD) - 2025/01/25 15:29:32 WET [2025/01/25 10:29:32 ET]
Table 'Huygens IV' 6-max Seat #6 is the button
Seat 1: poker_soul11 ($100.50 in chips) 
Seat 2: UnderC@t ($100 in chips) 
Seat 4: Cositorto ($124.54 in chips) 
Seat 5: elcutez ($245.18 in chips) 
Seat 6: dreimis190 ($119.64 in chips) 
poker_soul11: posts small blind $0.50
UnderC@t: posts big blind $1
*** HOLE CARDS ***
Cositorto: folds 
elcutez: raises $2 to $3
dreimis190: folds 
poker_soul11: folds 
UnderC@t: folds 
Uncalled bet ($2) returned to elcutez
elcutez collected $2.50 from pot
*** SUMMARY ***
Total pot $2.50 | Rake $0 
Seat 1: poker_soul11 (small blind) folded before Flop
Seat 2: UnderC@t (big blind) folded before Flop
Seat 4: Cositorto folded before Flop (didn't bet)
Seat 5: elcutez collected ($2.50)
Seat 6: dreimis190 (button) folded before Flop (didn't bet)



PokerStars Hand #254546215314:  Hold'em No Limit ($0.50/$1.00 USD) - 2025/01/25 15:29:52 WET [2025/01/25 10:29:52 ET]
Table 'Huygens IV' 6-max Seat #1 is the button
Seat 1: poker_soul11 ($100 in chips) 
Seat 2: UnderC@t ($100 in chips) 
Seat 4: Cositorto ($124.54 in chips) 
Seat 5: elcutez ($246.68 in chips) 
Seat 6: dreimis190 ($119.64 in chips) 
UnderC@t: posts small blind $0.50
Cositorto: posts big blind $1
*** HOLE CARDS ***
RAidakCo joins the table at seat #3 
elcutez: folds 
dreimis190: folds 
poker_soul11: folds 
UnderC@t: raises $2 to $3
Cositorto: folds 
Uncalled bet ($2) returned to UnderC@t
UnderC@t collected $2 from pot
UnderC@t: doesn't show hand 
*** SUMMARY ***
Total pot $2 | Rake $0 
Seat 1: poker_soul11 (button) folded before Flop (didn't bet)
Seat 2: UnderC@t (small blind) collected ($2)
Seat 4: Cositorto (big blind) folded before Flop
Seat 5: elcutez folded before Flop (didn't bet)
Seat 6: dreimis190 folded before Flop (didn't bet)



PokerStars Hand #254546220185:  Hold'em No Limit ($0.50/$1.00 USD) - 2025/01/25 15:30:13 WET [2025/01/25 10:30:13 ET]
Table 'Huygens IV' 6-max Seat #2 is the button
Seat 3: RAidakCo ($100 in chips) is sitting out
Seat 1: poker_soul11 ($100 in chips) 
Seat 2: UnderC@t ($101 in chips) 
Seat 4: Cositorto ($123.54 in chips) 
Seat 5: elcutez ($246.68 in chips) 
Seat 6: dreimis190 ($119.64 in chips) 
Cositorto: posts small blind $0.50
elcutez: posts big blind $1
*** HOLE CARDS ***
dreimis190: folds 
poker_soul11: folds 
UnderC@t: raises $1.50 to $2.50
Cositorto: folds 
elcutez: raises $5.50 to $8
UnderC@t: folds 
Uncalled bet ($5.50) returned to elcutez
elcutez collected $5.50 from pot
*** SUMMARY ***
Total pot $5.50 | Rake $0 
Seat 3: RAidakCo
Seat 1: poker_soul11 folded before Flop (didn't bet)
Seat 2: UnderC@t (button) folded before Flop
Seat 4: Cositorto (small blind) folded before Flop
Seat 5: elcutez (big blind) collected ($5.50)
Seat 6: dreimis190 folded before Flop (didn't bet)



PokerStars Hand #254546247127:  Hold'em No Limit ($0.50/$1.00 USD) - 2025/01/25 15:32:12 WET [2025/01/25 10:32:12 ET]
Table 'Huygens IV' 6-max Seat #1 is the button
Seat 1: poker_soul11 ($100 in chips) 
Seat 2: UnderC@t ($105.64 in chips) 
Seat 3: RAidakCo ($100 in chips) 
Seat 4: Cositorto ($126.24 in chips) 
Seat 5: elcutez ($247.18 in chips) 
Seat 6: dreimis190 ($114.07 in chips) 
UnderC@t: posts small blind $0.50
RAidakCo: posts big blind $1
*** HOLE CARDS ***
Cositorto: raises $1 to $2
elcutez: folds 
dreimis190: folds 
poker_soul11: calls $2
UnderC@t: folds 
RAidakCo: calls $1
*** FLOP *** [As 7s Jc]
RAidakCo: checks 
Cositorto: checks 
poker_soul11: checks 
*** TURN *** [As 7s Jc] [Jd]
RAidakCo: bets $3.09
Cositorto: folds 
poker_soul11: folds 
Uncalled bet ($3.09) returned to RAidakCo
RAidakCo collected $6.18 from pot
RAidakCo: doesn't show hand 
*** SUMMARY ***
Total pot $6.50 | Rake $0.32 
Board [As 7s Jc Jd]
Seat 1: poker_soul11 (button) folded on the Turn
Seat 2: UnderC@t (small blind) folded before Flop
Seat 3: RAidakCo (big blind) collected ($6.18)
Seat 4: Cositorto folded on the Turn
Seat 5: elcutez folded before Flop (didn't bet)
Seat 6: dreimis190 folded before Flop (didn't bet)



PokerStars Hand #254546257977:  Hold'em No Limit ($0.50/$1.00 USD) - 2025/01/25 15:32:59 WET [2025/01/25 10:32:59 ET]
Table 'Huygens IV' 6-max Seat #2 is the button
Seat 4: Cositorto ($124.24 in chips) is sitting out
Seat 1: poker_soul11 ($100 in chips) 
Seat 2: UnderC@t ($105.14 in chips) 
Seat 3: RAidakCo ($104.18 in chips) 
Seat 5: elcutez ($247.18 in chips) 
Seat 6: dreimis190 ($114.07 in chips) 
RAidakCo: posts small blind $0.50
Cositorto: is sitting out 
elcutez: posts big blind $1
*** HOLE CARDS ***
dreimis190: raises $1 to $2
poker_soul11: folds 
Cositorto leaves the table
UnderC@t: calls $2
RAidakCo: folds 
elcutez: calls $1
*** FLOP *** [7c 3d Kh]
elcutez: checks 
dreimis190: checks 
UnderC@t: checks 
*** TURN *** [7c 3d Kh] [6h]
elcutez: bets $6.18
MLira1 joins the table at seat #4 
MLira1 leaves the table
dreimis190: raises $22.82 to $29
UnderC@t: folds 
elcutez: calls $22.82
*** RIVER *** [7c 3d Kh 6h] [8d]
elcutez: checks 
dreimis190: bets $83.07 and is all-in
elcutez: folds 
Uncalled bet ($83.07) returned to dreimis190
dreimis190 collected $62 from pot
dreimis190: doesn't show hand 
*** SUMMARY ***
Total pot $64.50 | Rake $2.50 
Board [7c 3d Kh 6h 8d]
Seat 4: Cositorto
Seat 1: poker_soul11 folded before Flop (didn't bet)
Seat 2: UnderC@t (button) folded on the Turn
Seat 3: RAidakCo (small blind) folded before Flop
Seat 5: elcutez (big blind) folded on the River
Seat 6: dreimis190 collected ($62)



PokerStars Hand #254546278292:  Hold'em No Limit ($0.50/$1.00 USD) - 2025/01/25 15:34:27 WET [2025/01/25 10:34:27 ET]
Table 'Huygens IV' 6-max Seat #3 is the button
Seat 1: poker_soul11 ($100 in chips) 
Seat 2: UnderC@t ($103.14 in chips) 
Seat 3: RAidakCo ($103.68 in chips) 
Seat 5: elcutez ($216.18 in chips) 
Seat 6: dreimis190 ($145.07 in chips) 
elcutez: posts small blind $0.50
dreimis190: posts big blind $1
*** HOLE CARDS ***
poker_soul11: folds 
UnderC@t: folds 
RAidakCo: folds 
elcutez: folds 
Uncalled bet ($0.50) returned to dreimis190
dreimis190 collected $1 from pot
dreimis190: doesn't show hand 
*** SUMMARY ***
Total pot $1 | Rake $0 
Seat 1: poker_soul11 folded before Flop (didn't bet)
Seat 2: UnderC@t folded before Flop (didn't bet)
Seat 3: RAidakCo (button) folded before Flop (didn't bet)
Seat 5: elcutez (small blind) folded before Flop
Seat 6: dreimis190 (big blind) collected ($1)



PokerStars Hand #254546283796:  Hold'em No Limit ($0.50/$1.00 USD) - 2025/01/25 15:34:51 WET [2025/01/25 10:34:51 ET]
Table 'Huygens IV' 6-max Seat #5 is the button
Seat 1: poker_soul11 ($100 in chips) 
Seat 2: UnderC@t ($103.14 in chips) 
Seat 3: RAidakCo ($103.68 in chips) 
Seat 5: elcutez ($215.68 in chips) 
Seat 6: dreimis190 ($145.57 in chips) 
dreimis190: posts small blind $0.50
poker_soul11: posts big blind $1
*** HOLE CARDS ***
UnderC@t: folds 
RAidakCo: folds 
elcutez: folds 
elcutez leaves the table
dreimis190: raises $2 to $3
poker_soul11: folds 
Uncalled bet ($2) returned to dreimis190
dreimis190 collected $2 from pot
dreimis190: doesn't show hand 
*** SUMMARY ***
Total pot $2 | Rake $0 
Seat 1: poker_soul11 (big blind) folded before Flop
Seat 2: UnderC@t folded before Flop (didn't bet)
Seat 3: RAidakCo folded before Flop (didn't bet)
Seat 5: elcutez (button) folded before Flop (didn't bet)
Seat 6: dreimis190 (small blind) collected ($2)



PokerStars Hand #254546289693:  Hold'em No Limit ($0.50/$1.00 USD) - 2025/01/25 15:35:17 WET [2025/01/25 10:35:17 ET]
Table 'Huygens IV' 6-max Seat #6 is the button
Seat 1: poker_soul11 ($100 in chips) 
Seat 2: UnderC@t ($103.14 in chips) 
Seat 3: RAidakCo ($103.68 in chips) 
Seat 6: dreimis190 ($146.57 in chips) 
poker_soul11: posts small blind $0.50
UnderC@t: posts big blind $1
*** HOLE CARDS ***
RAidakCo: raises $1.20 to $2.20
dreimis190: folds 
poker_soul11: folds 
UnderC@t: calls $1.20
*** FLOP *** [Qc 3h 9h]
UnderC@t: checks 
RAidakCo: bets $3.50
UnderC@t: folds 
Uncalled bet ($3.50) returned to RAidakCo
RAidakCo collected $4.66 from pot
RAidakCo: doesn't show hand 
*** SUMMARY ***
Total pot $4.90 | Rake $0.24 
Board [Qc 3h 9h]
Seat 1: poker_soul11 (small blind) folded before Flop
Seat 2: UnderC@t (big blind) folded on the Flop
Seat 3: RAidakCo collected ($4.66)
Seat 6: dreimis190 (button) folded before Flop (didn't bet)



PokerStars Hand #254546294182:  Hold'em No Limit ($0.50/$1.00 USD) - 2025/01/25 15:35:37 WET [2025/01/25 10:35:37 ET]
Table 'Huygens IV' 6-max Seat #1 is the button
Seat 1: poker_soul11 ($100 in chips) 
Seat 2: UnderC@t ($100.94 in chips) 
Seat 3: RAidakCo ($106.14 in chips) 
Seat 6: dreimis190 ($146.57 in chips) 
UnderC@t: posts small blind $0.50
RAidakCo: posts big blind $1
*** HOLE CARDS ***
dreimis190: raises $1.50 to $2.50
poker_soul11: folds 
UnderC@t: folds 
RAidakCo: calls $1.50
*** FLOP *** [Jh Ks 9d]
RAidakCo: checks 
dreimis190: bets $1.22
RAidakCo: folds 
Uncalled bet ($1.22) returned to dreimis190
dreimis190 collected $5.22 from pot
dreimis190: doesn't show hand 
*** SUMMARY ***
Total pot $5.50 | Rake $0.28 
Board [Jh Ks 9d]
Seat 1: poker_soul11 (button) folded before Flop (didn't bet)
Seat 2: UnderC@t (small blind) folded before Flop
Seat 3: RAidakCo (big blind) folded on the Flop
Seat 6: dreimis190 collected ($5.22)



PokerStars Hand #254546300665:  Hold'em No Limit ($0.50/$1.00 USD) - 2025/01/25 15:36:05 WET [2025/01/25 10:36:05 ET]
Table 'Huygens IV' 6-max Seat #3 is the button
Seat 1: poker_soul11 ($100 in chips) is sitting out
Seat 6: dreimis190 ($149.29 in chips) is sitting out
Seat 2: UnderC@t ($100.44 in chips) 
Seat 3: RAidakCo ($103.64 in chips) 
RAidakCo: posts small blind $0.50
dreimis190: is sitting out 
poker_soul11: is sitting out 
UnderC@t: posts big blind $1
*** HOLE CARDS ***
dreimis190 leaves the table
poker_soul11 leaves the table
RAidakCo: raises $1.50 to $2.50
UnderC@t: folds 
Uncalled bet ($1.50) returned to RAidakCo
RAidakCo collected $2 from pot
RAidakCo: doesn't show hand 
*** SUMMARY ***
Total pot $2 | Rake $0 
Seat 1: poker_soul11
Seat 6: dreimis190
Seat 2: UnderC@t (big blind) folded before Flop
Seat 3: RAidakCo (button) (small blind) collected ($2)



PokerStars Hand #254546302995:  Hold'em No Limit ($0.50/$1.00 USD) - 2025/01/25 15:36:16 WET [2025/01/25 10:36:16 ET]
Table 'Huygens IV' 6-max Seat #2 is the button
Seat 2: UnderC@t ($100 in chips) 
Seat 3: RAidakCo ($104.64 in chips) 
UnderC@t: posts small blind $0.50
RAidakCo: posts big blind $1
*** HOLE CARDS ***
UnderC@t: folds 
Uncalled bet ($0.50) returned to RAidakCo
RAidakCo collected $1 from pot
RAidakCo: doesn't show hand 
*** SUMMARY ***
Total pot $1 | Rake $0 
Seat 2: UnderC@t (button) (small blind) folded before Flop
Seat 3: RAidakCo (big blind) collected ($1)



PokerStars Hand #254546304277:  Hold'em No Limit ($0.50/$1.00 USD) - 2025/01/25 15:36:21 WET [2025/01/25 10:36:21 ET]
Table 'Huygens IV' 6-max Seat #3 is the button
Seat 2: UnderC@t ($100 in chips) 
Seat 3: RAidakCo ($105.14 in chips) 
RAidakCo: posts small blind $0.50
UnderC@t: posts big blind $1
*** HOLE CARDS ***
RAidakCo: raises $1.50 to $2.50
UnderC@t: calls $1.50
*** FLOP *** [2c Jh 4d]
UnderC@t: checks 
RAidakCo: bets $3.56
UnderC@t: folds 
Uncalled bet ($3.56) returned to RAidakCo
RAidakCo collected $4.75 from pot
RAidakCo: doesn't show hand 
*** SUMMARY ***
Total pot $5 | Rake $0.25 
Board [2c Jh 4d]
Seat 2: UnderC@t (big blind) folded on the Flop
Seat 3: RAidakCo (button) (small blind) collected ($4.75)



PokerStars Hand #254546308361:  Hold'em No Limit ($0.50/$1.00 USD) - 2025/01/25 15:36:40 WET [2025/01/25 10:36:40 ET]
Table 'Huygens IV' 6-max Seat #2 is the button
Seat 2: UnderC@t ($100 in chips) 
Seat 3: RAidakCo ($107.39 in chips) 
UnderC@t: posts small blind $0.50
RAidakCo: posts big blind $1
*** HOLE CARDS ***
UnderC@t: folds 
Uncalled bet ($0.50) returned to RAidakCo
RAidakCo collected $1 from pot
RAidakCo: doesn't show hand 
*** SUMMARY ***
Total pot $1 | Rake $0 
Seat 2: UnderC@t (button) (small blind) folded before Flop
Seat 3: RAidakCo (big blind) collected ($1)



PokerStars Hand #254546309622:  Hold'em No Limit ($0.50/$1.00 USD) - 2025/01/25 15:36:45 WET [2025/01/25 10:36:45 ET]
Table 'Huygens IV' 6-max Seat #3 is the button
Seat 2: UnderC@t ($100 in chips) 
Seat 3: RAidakCo ($107.89 in chips) 
RAidakCo: posts small blind $0.50
UnderC@t: posts big blind $1
*** HOLE CARDS ***
RAidakCo: raises $1.50 to $2.50
UnderC@t: raises $8.50 to $11
RAidakCo: folds 
Uncalled bet ($8.50) returned to UnderC@t
UnderC@t collected $5 from pot
UnderC@t: doesn't show hand 
*** SUMMARY ***
Total pot $5 | Rake $0 
Seat 2: UnderC@t (big blind) collected ($5)
Seat 3: RAidakCo (button) (small blind) folded before Flop



PokerStars Hand #254546312787:  Hold'em No Limit ($0.50/$1.00 USD) - 2025/01/25 15:36:59 WET [2025/01/25 10:36:59 ET]
Table 'Huygens IV' 6-max Seat #2 is the button
Seat 2: UnderC@t ($102.50 in chips) 
Seat 3: RAidakCo ($105.39 in chips) 
UnderC@t: posts small blind $0.50
RAidakCo: posts big blind $1
*** HOLE CARDS ***
UnderC@t: folds 
Uncalled bet ($0.50) returned to RAidakCo
RAidakCo collected $1 from pot
UnderC@t leaves the table
RAidakCo: doesn't show hand 
*** SUMMARY ***
Total pot $1 | Rake $0 
Seat 2: UnderC@t (button) (small blind) folded before Flop
Seat 3: RAidakCo (big blind) collected ($1)



