PokerStars Hand #254555302799:  Hold'em No Limit ($0.50/$1.00 USD) - 2025/01/25 0:41:43 WET [2025/01/25 19:41:43 ET]
Table 'Heze IV' 6-max Seat #2 is the button
Seat 1: Unipoker11 ($100 in chips) is sitting out
Seat 6: XneferX ($100 in chips) is sitting out
Seat 2: Manifestorr ($100 in chips) 
Seat 4: oblivion1900 ($88.32 in chips) 
Seat 5: equilibrium_tv ($110.68 in chips) 
oblivion1900: posts small blind $0.50
equilibrium_tv: posts big blind $1
XneferX: sits out 
Unipoker11: sits out 
*** HOLE CARDS ***
Manifestorr: raises $1.20 to $2.20
oblivion1900: folds 
equilibrium_tv: raises $8.80 to $11
Manifestorr: folds 
Uncalled bet ($8.80) returned to equilibrium_tv
equilibrium_tv collected $4.90 from pot
*** SUMMARY ***
Total pot $4.90 | Rake $0 
Seat 1: Unipoker11
Seat 6: XneferX
Seat 2: Manifestorr (button) folded before Flop
Seat 4: oblivion1900 (small blind) folded before Flop
Seat 5: equilibrium_tv (big blind) collected ($4.90)



PokerStars Hand #254555309236:  Hold'em No Limit ($0.50/$1.00 USD) - 2025/01/25 0:42:14 WET [2025/01/25 19:42:14 ET]
Table 'Heze IV' 6-max Seat #4 is the button
Seat 1: Unipoker11 ($100 in chips) is sitting out
Seat 2: Manifestorr ($100 in chips) 
Seat 4: oblivion1900 ($87.82 in chips) 
Seat 5: equilibrium_tv ($113.38 in chips) 
Seat 6: XneferX ($100 in chips) 
equilibrium_tv: posts small blind $0.50
XneferX: posts big blind $1
Unipoker11: sits out 
*** HOLE CARDS ***
Manifestorr: folds 
oblivion1900: raises $1 to $2
equilibrium_tv: folds 
XneferX: calls $1
*** FLOP *** [6d Tc 6s]
MauriFierro27 joins the table at seat #3 
XneferX: checks 
oblivion1900: bets $5
XneferX: folds 
Uncalled bet ($5) returned to oblivion1900
oblivion1900 collected $4.28 from pot
*** SUMMARY ***
Total pot $4.50 | Rake $0.22 
Board [6d Tc 6s]
Seat 1: Unipoker11
Seat 2: Manifestorr folded before Flop (didn't bet)
Seat 4: oblivion1900 (button) collected ($4.28)
Seat 5: equilibrium_tv (small blind) folded before Flop
Seat 6: XneferX (big blind) folded on the Flop



PokerStars Hand #254555315513:  Hold'em No Limit ($0.50/$1.00 USD) - 2025/01/25 0:42:45 WET [2025/01/25 19:42:45 ET]
Table 'Heze IV' 6-max Seat #5 is the button
Seat 3: MauriFierro27 ($100 in chips) is sitting out
Seat 1: Unipoker11 ($100 in chips) 
Seat 2: Manifestorr ($100 in chips) 
Seat 4: oblivion1900 ($90.10 in chips) 
Seat 5: equilibrium_tv ($112.88 in chips) 
Seat 6: XneferX ($100 in chips) 
XneferX: posts small blind $0.50
Unipoker11: posts big blind $1
MauriFierro27: sits out 
*** HOLE CARDS ***
Manifestorr: folds 
oblivion1900: folds 
equilibrium_tv: raises $1.50 to $2.50
XneferX: folds 
Unipoker11: folds 
Uncalled bet ($1.50) returned to equilibrium_tv
equilibrium_tv collected $2.50 from pot
*** SUMMARY ***
Total pot $2.50 | Rake $0 
Seat 3: MauriFierro27
Seat 1: Unipoker11 (big blind) folded before Flop
Seat 2: Manifestorr folded before Flop (didn't bet)
Seat 4: oblivion1900 folded before Flop (didn't bet)
Seat 5: equilibrium_tv (button) collected ($2.50)
Seat 6: XneferX (small blind) folded before Flop



PokerStars Hand #254555322073:  Hold'em No Limit ($0.50/$1.00 USD) - 2025/01/25 0:43:17 WET [2025/01/25 19:43:17 ET]
Table 'Heze IV' 6-max Seat #6 is the button
Seat 3: MauriFierro27 ($100 in chips) is sitting out
Seat 1: Unipoker11 ($100 in chips) 
Seat 2: Manifestorr ($100 in chips) 
Seat 4: oblivion1900 ($90.10 in chips) 
Seat 5: equilibrium_tv ($114.38 in chips) 
Seat 6: XneferX ($100 in chips) 
Unipoker11: posts small blind $0.50
Manifestorr: posts big blind $1
MauriFierro27: sits out 
*** HOLE CARDS ***
oblivion1900: raises $1 to $2
equilibrium_tv: folds 
XneferX: folds 
Unipoker11: folds 
Manifestorr: folds 
Uncalled bet ($1) returned to oblivion1900
oblivion1900 collected $2.50 from pot
*** SUMMARY ***
Total pot $2.50 | Rake $0 
Seat 3: MauriFierro27
Seat 1: Unipoker11 (small blind) folded before Flop
Seat 2: Manifestorr (big blind) folded before Flop
Seat 4: oblivion1900 collected ($2.50)
Seat 5: equilibrium_tv folded before Flop (didn't bet)
Seat 6: XneferX (button) folded before Flop (didn't bet)



PokerStars Hand #254555325155:  Hold'em No Limit ($0.50/$1.00 USD) - 2025/01/25 0:43:33 WET [2025/01/25 19:43:33 ET]
Table 'Heze IV' 6-max Seat #1 is the button
Seat 1: Unipoker11 ($100 in chips) 
Seat 2: Manifestorr ($100 in chips) 
Seat 3: MauriFierro27 ($100 in chips) 
Seat 4: oblivion1900 ($91.60 in chips) 
Seat 5: equilibrium_tv ($114.38 in chips) 
Seat 6: XneferX ($100 in chips) 
Manifestorr: posts small blind $0.50
MauriFierro27: posts big blind $1
*** HOLE CARDS ***
oblivion1900: folds 
equilibrium_tv: folds 
XneferX: folds 
Unipoker11: folds 
Manifestorr: folds 
Uncalled bet ($0.50) returned to MauriFierro27
MauriFierro27 collected $1 from pot
*** SUMMARY ***
Total pot $1 | Rake $0 
Seat 1: Unipoker11 (button) folded before Flop (didn't bet)
Seat 2: Manifestorr (small blind) folded before Flop
Seat 3: MauriFierro27 (big blind) collected ($1)
Seat 4: oblivion1900 folded before Flop (didn't bet)
Seat 5: equilibrium_tv folded before Flop (didn't bet)
Seat 6: XneferX folded before Flop (didn't bet)



PokerStars Hand #254555327978:  Hold'em No Limit ($0.50/$1.00 USD) - 2025/01/25 0:43:47 WET [2025/01/25 19:43:47 ET]
Table 'Heze IV' 6-max Seat #2 is the button
Seat 1: Unipoker11 ($100 in chips) 
Seat 2: Manifestorr ($100 in chips) 
Seat 3: MauriFierro27 ($100.50 in chips) 
Seat 4: oblivion1900 ($91.60 in chips) 
Seat 5: equilibrium_tv ($114.38 in chips) 
Seat 6: XneferX ($100 in chips) 
MauriFierro27: posts small blind $0.50
oblivion1900: posts big blind $1
*** HOLE CARDS ***
equilibrium_tv: folds 
XneferX: folds 
Unipoker11: folds 
Manifestorr: folds 
MauriFierro27: folds 
Uncalled bet ($0.50) returned to oblivion1900
oblivion1900 collected $1 from pot
*** SUMMARY ***
Total pot $1 | Rake $0 
Seat 1: Unipoker11 folded before Flop (didn't bet)
Seat 2: Manifestorr (button) folded before Flop (didn't bet)
Seat 3: MauriFierro27 (small blind) folded before Flop
Seat 4: oblivion1900 (big blind) collected ($1)
Seat 5: equilibrium_tv folded before Flop (didn't bet)
Seat 6: XneferX folded before Flop (didn't bet)



PokerStars Hand #254555330939:  Hold'em No Limit ($0.50/$1.00 USD) - 2025/01/25 0:44:01 WET [2025/01/25 19:44:01 ET]
Table 'Heze IV' 6-max Seat #3 is the button
Seat 1: Unipoker11 ($100 in chips) 
Seat 2: Manifestorr ($100 in chips) 
Seat 3: MauriFierro27 ($100 in chips) 
Seat 4: oblivion1900 ($92.10 in chips) 
Seat 5: equilibrium_tv ($114.38 in chips) 
Seat 6: XneferX ($100 in chips) 
oblivion1900: posts small blind $0.50
equilibrium_tv: posts big blind $1
*** HOLE CARDS ***
XneferX: folds 
Unipoker11: folds 
Manifestorr: folds 
MauriFierro27: folds 
oblivion1900: folds 
Uncalled bet ($0.50) returned to equilibrium_tv
equilibrium_tv collected $1 from pot
*** SUMMARY ***
Total pot $1 | Rake $0 
Seat 1: Unipoker11 folded before Flop (didn't bet)
Seat 2: Manifestorr folded before Flop (didn't bet)
Seat 3: MauriFierro27 (button) folded before Flop (didn't bet)
Seat 4: oblivion1900 (small blind) folded before Flop
Seat 5: equilibrium_tv (big blind) collected ($1)
Seat 6: XneferX folded before Flop (didn't bet)



PokerStars Hand #254555333397:  Hold'em No Limit ($0.50/$1.00 USD) - 2025/01/25 0:44:13 WET [2025/01/25 19:44:13 ET]
Table 'Heze IV' 6-max Seat #4 is the button
Seat 1: Unipoker11 ($100 in chips) 
Seat 2: Manifestorr ($100 in chips) 
Seat 3: MauriFierro27 ($100 in chips) 
Seat 4: oblivion1900 ($91.60 in chips) 
Seat 5: equilibrium_tv ($114.88 in chips) 
Seat 6: XneferX ($100 in chips) 
equilibrium_tv: posts small blind $0.50
XneferX: posts big blind $1
*** HOLE CARDS ***
Unipoker11: folds 
Manifestorr: raises $1.20 to $2.20
MauriFierro27: folds 
oblivion1900: folds 
equilibrium_tv: folds 
XneferX: folds 
Uncalled bet ($1.20) returned to Manifestorr
Manifestorr collected $2.50 from pot
*** SUMMARY ***
Total pot $2.50 | Rake $0 
Seat 1: Unipoker11 folded before Flop (didn't bet)
Seat 2: Manifestorr collected ($2.50)
Seat 3: MauriFierro27 folded before Flop (didn't bet)
Seat 4: oblivion1900 (button) folded before Flop (didn't bet)
Seat 5: equilibrium_tv (small blind) folded before Flop
Seat 6: XneferX (big blind) folded before Flop



PokerStars Hand #254555338644:  Hold'em No Limit ($0.50/$1.00 USD) - 2025/01/25 0:44:39 WET [2025/01/25 19:44:39 ET]
Table 'Heze IV' 6-max Seat #5 is the button
Seat 1: Unipoker11 ($100 in chips) 
Seat 2: Manifestorr ($101.50 in chips) 
Seat 3: MauriFierro27 ($100 in chips) 
Seat 4: oblivion1900 ($91.60 in chips) 
Seat 5: equilibrium_tv ($114.38 in chips) 
Seat 6: XneferX ($100 in chips) 
XneferX: posts small blind $0.50
Unipoker11: posts big blind $1
*** HOLE CARDS ***
Manifestorr: folds 
MauriFierro27: folds 
oblivion1900: folds 
equilibrium_tv: folds 
XneferX: folds 
Uncalled bet ($0.50) returned to Unipoker11
Unipoker11 collected $1 from pot
Unipoker11: doesn't show hand 
*** SUMMARY ***
Total pot $1 | Rake $0 
Seat 1: Unipoker11 (big blind) collected ($1)
Seat 2: Manifestorr folded before Flop (didn't bet)
Seat 3: MauriFierro27 folded before Flop (didn't bet)
Seat 4: oblivion1900 folded before Flop (didn't bet)
Seat 5: equilibrium_tv (button) folded before Flop (didn't bet)
Seat 6: XneferX (small blind) folded before Flop



