PokerStars Hand #254554288676:  Hold'em No Limit ($0.50/$1.00 USD) - 2025/01/25 23:27:29 WET [2025/01/25 18:27:29 ET]
Table 'Cruithne IV' 6-max Seat #6 is the button
Seat 1: Dampher15 ($101.88 in chips) 
Seat 2: EasyGamerrr ($100 in chips) 
Seat 3: nastja336 ($101.50 in chips) 
Seat 4: Manifestorr ($100 in chips) 
Seat 5: andutu34 ($103.70 in chips) 
Seat 6: reiyser ($100 in chips) 
Dampher15: posts small blind $0.50
EasyGamerrr: posts big blind $1
*** HOLE CARDS ***
nastja336: folds 
Manifestorr: folds 
andutu34: folds 
reiyser: raises $1.23 to $2.23
Dampher15: calls $1.73
EasyGamerrr: calls $1.23
*** FLOP *** [8s 7d Ac]
Dampher15: checks 
EasyGamerrr: checks 
reiyser: bets $3.31
Dampher15: calls $3.31
EasyGamerrr: calls $3.31
*** TURN *** [8s 7d Ac] [Kc]
Dampher15: checks 
EasyGamerrr: checks 
reiyser: bets $12.21
Dampher15: folds 
EasyGamerrr: folds 
Uncalled bet ($12.21) returned to reiyser
reiyser collected $15.79 from pot
reiyser: doesn't show hand 
*** SUMMARY ***
Total pot $16.62 | Rake $0.83 
Board [8s 7d Ac Kc]
Seat 1: Dampher15 (small blind) folded on the Turn
Seat 2: EasyGamerrr (big blind) folded on the Turn
Seat 3: nastja336 folded before Flop (didn't bet)
Seat 4: Manifestorr folded before Flop (didn't bet)
Seat 5: andutu34 folded before Flop (didn't bet)
Seat 6: reiyser (button) collected ($15.79)



PokerStars Hand #254554303928:  Hold'em No Limit ($0.50/$1.00 USD) - 2025/01/25 23:28:27 WET [2025/01/25 18:28:27 ET]
Table 'Cruithne IV' 6-max Seat #1 is the button
Seat 1: Dampher15 ($96.34 in chips) 
Seat 2: EasyGamerrr ($100 in chips) 
Seat 3: nastja336 ($101.50 in chips) 
Seat 4: Manifestorr ($100 in chips) 
Seat 5: andutu34 ($103.70 in chips) 
Seat 6: reiyser ($110.25 in chips) 
EasyGamerrr: posts small blind $0.50
nastja336: posts big blind $1
*** HOLE CARDS ***
Manifestorr: folds 
andutu34: folds 
reiyser: folds 
Dampher15 has timed out
Dampher15: folds 
EasyGamerrr: raises $2 to $3
nastja336: calls $2
*** FLOP *** [Ah 7d Kc]
EasyGamerrr: bets $1.88
nastja336: folds 
Uncalled bet ($1.88) returned to EasyGamerrr
EasyGamerrr collected $5.70 from pot
EasyGamerrr: doesn't show hand 
*** SUMMARY ***
Total pot $6 | Rake $0.30 
Board [Ah 7d Kc]
Seat 1: Dampher15 (button) folded before Flop (didn't bet)
Seat 2: EasyGamerrr (small blind) collected ($5.70)
Seat 3: nastja336 (big blind) folded on the Flop
Seat 4: Manifestorr folded before Flop (didn't bet)
Seat 5: andutu34 folded before Flop (didn't bet)
Seat 6: reiyser folded before Flop (didn't bet)



PokerStars Hand #254554314196:  Hold'em No Limit ($0.50/$1.00 USD) - 2025/01/25 23:29:08 WET [2025/01/25 18:29:08 ET]
Table 'Cruithne IV' 6-max Seat #2 is the button
Seat 1: Dampher15 ($96.34 in chips) 
Seat 2: EasyGamerrr ($102.70 in chips) 
Seat 3: nastja336 ($100 in chips) 
Seat 4: Manifestorr ($100 in chips) 
Seat 5: andutu34 ($103.70 in chips) 
Seat 6: reiyser ($110.25 in chips) 
nastja336: posts small blind $0.50
Manifestorr: posts big blind $1
*** HOLE CARDS ***
andutu34: raises $1 to $2
reiyser: folds 
Dampher15: calls $2
EasyGamerrr: folds 
nastja336: folds 
Manifestorr: calls $1
*** FLOP *** [2s Jh 4c]
Manifestorr: checks 
andutu34: checks 
Dampher15: bets $3.09
Manifestorr: folds 
andutu34: raises $6.18 to $9.27
Dampher15: calls $6.18
*** TURN *** [2s Jh 4c] [Jd]
andutu34: checks 
Dampher15: bets $10
andutu34: folds 
Uncalled bet ($10) returned to Dampher15
Dampher15 collected $23.79 from pot
*** SUMMARY ***
Total pot $25.04 | Rake $1.25 
Board [2s Jh 4c Jd]
Seat 1: Dampher15 collected ($23.79)
Seat 2: EasyGamerrr (button) folded before Flop (didn't bet)
Seat 3: nastja336 (small blind) folded before Flop
Seat 4: Manifestorr (big blind) folded on the Flop
Seat 5: andutu34 folded on the Turn
Seat 6: reiyser folded before Flop (didn't bet)



PokerStars Hand #254554332248:  Hold'em No Limit ($0.50/$1.00 USD) - 2025/01/25 23:30:19 WET [2025/01/25 18:30:19 ET]
Table 'Cruithne IV' 6-max Seat #3 is the button
Seat 1: Dampher15 ($108.86 in chips) 
Seat 2: EasyGamerrr ($102.70 in chips) 
Seat 3: nastja336 ($100 in chips) 
Seat 4: Manifestorr ($100 in chips) 
Seat 5: andutu34 ($100 in chips) 
Seat 6: reiyser ($110.25 in chips) 
Manifestorr: posts small blind $0.50
andutu34: posts big blind $1
*** HOLE CARDS ***
reiyser: folds 
Dampher15: raises $2 to $3
EasyGamerrr: folds 
nastja336: folds 
Manifestorr: folds 
andutu34: calls $2
*** FLOP *** [5h Qc 9s]
andutu34: checks 
Dampher15: bets $4
andutu34: calls $4
*** TURN *** [5h Qc 9s] [7s]
andutu34: checks 
Dampher15: checks 
*** RIVER *** [5h Qc 9s 7s] [3h]
andutu34: bets $13.92
Dampher15: calls $13.92
*** SHOW DOWN ***
andutu34: shows [Ac Qs] (a pair of Queens)
Dampher15: shows [3d 3s] (three of a kind, Threes)
Dampher15 collected $40.22 from pot
*** SUMMARY ***
Total pot $42.34 | Rake $2.12 
Board [5h Qc 9s 7s 3h]
Seat 1: Dampher15 showed [3d 3s] and won ($40.22) with three of a kind, Threes
Seat 2: EasyGamerrr folded before Flop (didn't bet)
Seat 3: nastja336 (button) folded before Flop (didn't bet)
Seat 4: Manifestorr (small blind) folded before Flop
Seat 5: andutu34 (big blind) showed [Ac Qs] and lost with a pair of Queens
Seat 6: reiyser folded before Flop (didn't bet)



PokerStars Hand #254554347588:  Hold'em No Limit ($0.50/$1.00 USD) - 2025/01/25 23:31:20 WET [2025/01/25 18:31:20 ET]
Table 'Cruithne IV' 6-max Seat #4 is the button
Seat 1: Dampher15 ($128.16 in chips) 
Seat 2: EasyGamerrr ($102.70 in chips) 
Seat 3: nastja336 ($100 in chips) 
Seat 4: Manifestorr ($100 in chips) 
Seat 5: andutu34 ($100 in chips) 
Seat 6: reiyser ($110.25 in chips) 
andutu34: posts small blind $0.50
reiyser: posts big blind $1
*** HOLE CARDS ***
Dampher15 has timed out
Dampher15: folds 
EasyGamerrr: folds 
nastja336: folds 
Manifestorr: folds 
andutu34: folds 
Uncalled bet ($0.50) returned to reiyser
reiyser collected $1 from pot
reiyser: doesn't show hand 
*** SUMMARY ***
Total pot $1 | Rake $0 
Seat 1: Dampher15 folded before Flop (didn't bet)
Seat 2: EasyGamerrr folded before Flop (didn't bet)
Seat 3: nastja336 folded before Flop (didn't bet)
Seat 4: Manifestorr (button) folded before Flop (didn't bet)
Seat 5: andutu34 (small blind) folded before Flop
Seat 6: reiyser (big blind) collected ($1)



PokerStars Hand #254554354246:  Hold'em No Limit ($0.50/$1.00 USD) - 2025/01/25 23:31:46 WET [2025/01/25 18:31:46 ET]
Table 'Cruithne IV' 6-max Seat #5 is the button
Seat 1: Dampher15 ($128.16 in chips) 
Seat 2: EasyGamerrr ($102.70 in chips) 
Seat 3: nastja336 ($100 in chips) 
Seat 4: Manifestorr ($100 in chips) 
Seat 5: andutu34 ($100 in chips) 
Seat 6: reiyser ($110.75 in chips) 
reiyser: posts small blind $0.50
Dampher15: posts big blind $1
*** HOLE CARDS ***
EasyGamerrr: raises $1.50 to $2.50
nastja336: folds 
Manifestorr: raises $5.50 to $8
andutu34: folds 
reiyser: folds 
Dampher15: folds 
EasyGamerrr: folds 
Uncalled bet ($5.50) returned to Manifestorr
Manifestorr collected $6.50 from pot
*** SUMMARY ***
Total pot $6.50 | Rake $0 
Seat 1: Dampher15 (big blind) folded before Flop
Seat 2: EasyGamerrr folded before Flop
Seat 3: nastja336 folded before Flop (didn't bet)
Seat 4: Manifestorr collected ($6.50)
Seat 5: andutu34 (button) folded before Flop (didn't bet)
Seat 6: reiyser (small blind) folded before Flop



PokerStars Hand #254554359738:  Hold'em No Limit ($0.50/$1.00 USD) - 2025/01/25 23:32:08 WET [2025/01/25 18:32:08 ET]
Table 'Cruithne IV' 6-max Seat #6 is the button
Seat 2: EasyGamerrr ($100.20 in chips) is sitting out
Seat 3: nastja336 ($100 in chips) is sitting out
Seat 4: Manifestorr ($104 in chips) is sitting out
Seat 1: Dampher15 ($127.16 in chips) 
Seat 5: andutu34 ($100 in chips) 
Seat 6: reiyser ($110.25 in chips) 
Dampher15: posts small blind $0.50
EasyGamerrr: is sitting out 
nastja336: is sitting out 
Manifestorr: is sitting out 
andutu34: posts big blind $1
*** HOLE CARDS ***
reiyser: folds 
nastja336 leaves the table
Manifestorr leaves the table
EasyGamerrr leaves the table
Dampher15: raises $1 to $2
andutu34: folds 
Uncalled bet ($1) returned to Dampher15
Dampher15 collected $2 from pot
*** SUMMARY ***
Total pot $2 | Rake $0 
Seat 2: EasyGamerrr
Seat 3: nastja336
Seat 4: Manifestorr
Seat 1: Dampher15 (small blind) collected ($2)
Seat 5: andutu34 (big blind) folded before Flop
Seat 6: reiyser (button) folded before Flop (didn't bet)



PokerStars Hand #254554363070:  Hold'em No Limit ($0.50/$1.00 USD) - 2025/01/25 23:32:21 WET [2025/01/25 18:32:21 ET]
Table 'Cruithne IV' 6-max Seat #1 is the button
Seat 1: Dampher15 ($128.16 in chips) 
Seat 5: andutu34 ($100 in chips) 
Seat 6: reiyser ($110.25 in chips) 
andutu34: posts small blind $0.50
reiyser: posts big blind $1
*** HOLE CARDS ***
Dampher15: calls $1
andutu34: calls $0.50
reiyser: checks 
*** FLOP *** [6d Kc 9s]
andutu34: bets $2.14
tintin641 joins the table at seat #2 
reiyser: folds 
Dampher15: folds 
Uncalled bet ($2.14) returned to andutu34
Dampher15 leaves the table
andutu34 collected $2.85 from pot
andutu34: doesn't show hand 
*** SUMMARY ***
Total pot $3 | Rake $0.15 
Board [6d Kc 9s]
Seat 1: Dampher15 (button) folded on the Flop
Seat 5: andutu34 (small blind) collected ($2.85)
Seat 6: reiyser (big blind) folded on the Flop



PokerStars Hand #254554368274:  Hold'em No Limit ($0.50/$1.00 USD) - 2025/01/25 23:32:41 WET [2025/01/25 18:32:41 ET]
Table 'Cruithne IV' 6-max Seat #5 is the button
Seat 2: tintin641 ($100 in chips) 
Seat 5: andutu34 ($101.85 in chips) 
Seat 6: reiyser ($109.25 in chips) 
reiyser: posts small blind $0.50
tintin641: posts big blind $1
*** HOLE CARDS ***
andutu34: folds 
reiyser: folds 
Uncalled bet ($0.50) returned to tintin641
andutu34 leaves the table
tintin641 collected $1 from pot
tintin641: doesn't show hand 
*** SUMMARY ***
Total pot $1 | Rake $0 
Seat 2: tintin641 (big blind) collected ($1)
Seat 5: andutu34 (button) folded before Flop (didn't bet)
Seat 6: reiyser (small blind) folded before Flop



