PokerStars Hand #254551152149:  Hold'em No Limit ($0.50/$1.00 USD) - 2025/01/25 20:19:35 WET [2025/01/25 15:19:35 ET]
Table 'Arabella IV' 6-max Seat #3 is the button
Seat 6: yzuk ($100 in chips) is sitting out
Seat 1: RiverBoat010 ($48.20 in chips) 
Seat 2: xxxZeka ($114.64 in chips) 
Seat 3: Unipoker11 ($135.74 in chips) 
Seat 4: sta$igk ($100 in chips) 
Seat 5: franco232315 ($100 in chips) 
sta$igk: posts small blind $0.50
franco232315: posts big blind $1
yzuk: sits out 
*** HOLE CARDS ***
RiverBoat010: raises $2 to $3
xxxZeka: folds 
Unipoker11: folds 
sta$igk: folds 
franco232315: folds 
Uncalled bet ($2) returned to RiverBoat010
RiverBoat010 collected $2.50 from pot
RiverBoat010: doesn't show hand 
*** SUMMARY ***
Total pot $2.50 | Rake $0 
Seat 6: yzuk
Seat 1: RiverBoat010 collected ($2.50)
Seat 2: xxxZeka folded before Flop (didn't bet)
Seat 3: Unipoker11 (button) folded before Flop (didn't bet)
Seat 4: sta$igk (small blind) folded before Flop
Seat 5: franco232315 (big blind) folded before Flop



PokerStars Hand #254551159251:  Hold'em No Limit ($0.50/$1.00 USD) - 2025/01/25 20:19:59 WET [2025/01/25 15:19:59 ET]
Table 'Arabella IV' 6-max Seat #4 is the button
Seat 1: RiverBoat010 ($49.70 in chips) 
Seat 2: xxxZeka ($114.64 in chips) 
Seat 3: Unipoker11 ($135.74 in chips) 
Seat 4: sta$igk ($100 in chips) 
Seat 5: franco232315 ($100 in chips) 
Seat 6: yzuk ($100 in chips) 
franco232315: posts small blind $0.50
yzuk: posts big blind $1
*** HOLE CARDS ***
RiverBoat010: folds 
xxxZeka: folds 
Unipoker11: raises $1.30 to $2.30
sta$igk: folds 
franco232315: folds 
yzuk: folds 
Uncalled bet ($1.30) returned to Unipoker11
Unipoker11 collected $2.50 from pot
Unipoker11: doesn't show hand 
*** SUMMARY ***
Total pot $2.50 | Rake $0 
Seat 1: RiverBoat010 folded before Flop (didn't bet)
Seat 2: xxxZeka folded before Flop (didn't bet)
Seat 3: Unipoker11 collected ($2.50)
Seat 4: sta$igk (button) folded before Flop (didn't bet)
Seat 5: franco232315 (small blind) folded before Flop
Seat 6: yzuk (big blind) folded before Flop



PokerStars Hand #254551165487:  Hold'em No Limit ($0.50/$1.00 USD) - 2025/01/25 20:20:20 WET [2025/01/25 15:20:20 ET]
Table 'Arabella IV' 6-max Seat #5 is the button
Seat 1: RiverBoat010 ($49.70 in chips) 
Seat 2: xxxZeka ($114.64 in chips) 
Seat 3: Unipoker11 ($137.24 in chips) 
Seat 4: sta$igk ($100 in chips) 
Seat 5: franco232315 ($100 in chips) 
Seat 6: yzuk ($100 in chips) 
yzuk: posts small blind $0.50
RiverBoat010: posts big blind $1
*** HOLE CARDS ***
xxxZeka: folds 
Unipoker11: folds 
sta$igk: raises $1.50 to $2.50
franco232315: folds 
yzuk: folds 
RiverBoat010: folds 
Uncalled bet ($1.50) returned to sta$igk
sta$igk collected $2.50 from pot
sta$igk: doesn't show hand 
*** SUMMARY ***
Total pot $2.50 | Rake $0 
Seat 1: RiverBoat010 (big blind) folded before Flop
Seat 2: xxxZeka folded before Flop (didn't bet)
Seat 3: Unipoker11 folded before Flop (didn't bet)
Seat 4: sta$igk collected ($2.50)
Seat 5: franco232315 (button) folded before Flop (didn't bet)
Seat 6: yzuk (small blind) folded before Flop



PokerStars Hand #254551169836:  Hold'em No Limit ($0.50/$1.00 USD) - 2025/01/25 20:20:34 WET [2025/01/25 15:20:34 ET]
Table 'Arabella IV' 6-max Seat #6 is the button
Seat 1: RiverBoat010 ($48.70 in chips) 
Seat 2: xxxZeka ($114.64 in chips) 
Seat 3: Unipoker11 ($137.24 in chips) 
Seat 4: sta$igk ($101.50 in chips) 
Seat 5: franco232315 ($100 in chips) 
Seat 6: yzuk ($100 in chips) 
RiverBoat010: posts small blind $0.50
xxxZeka: posts big blind $1
*** HOLE CARDS ***
Unipoker11: folds 
sta$igk: raises $1.50 to $2.50
franco232315: folds 
yzuk: folds 
RiverBoat010: raises $2.50 to $5
xxxZeka: folds 
sta$igk: raises $10 to $15
RiverBoat010: folds 
Uncalled bet ($10) returned to sta$igk
sta$igk collected $11 from pot
sta$igk: doesn't show hand 
*** SUMMARY ***
Total pot $11 | Rake $0 
Seat 1: RiverBoat010 (small blind) folded before Flop
Seat 2: xxxZeka (big blind) folded before Flop
Seat 3: Unipoker11 folded before Flop (didn't bet)
Seat 4: sta$igk collected ($11)
Seat 5: franco232315 folded before Flop (didn't bet)
Seat 6: yzuk (button) folded before Flop (didn't bet)



PokerStars Hand #254551180794:  Hold'em No Limit ($0.50/$1.00 USD) - 2025/01/25 20:21:11 WET [2025/01/25 15:21:11 ET]
Table 'Arabella IV' 6-max Seat #1 is the button
Seat 1: RiverBoat010 ($43.70 in chips) 
Seat 2: xxxZeka ($113.64 in chips) 
Seat 3: Unipoker11 ($137.24 in chips) 
Seat 4: sta$igk ($107.50 in chips) 
Seat 5: franco232315 ($100 in chips) 
Seat 6: yzuk ($100 in chips) 
xxxZeka: posts small blind $0.50
Unipoker11: posts big blind $1
*** HOLE CARDS ***
sta$igk: raises $1.50 to $2.50
franco232315: folds 
yzuk: folds 
RiverBoat010 is disconnected 
RiverBoat010 is connected 
RiverBoat010: folds 
xxxZeka: folds 
Unipoker11: folds 
Uncalled bet ($1.50) returned to sta$igk
sta$igk collected $2.50 from pot
sta$igk: doesn't show hand 
*** SUMMARY ***
Total pot $2.50 | Rake $0 
Seat 1: RiverBoat010 (button) folded before Flop (didn't bet)
Seat 2: xxxZeka (small blind) folded before Flop
Seat 3: Unipoker11 (big blind) folded before Flop
Seat 4: sta$igk collected ($2.50)
Seat 5: franco232315 folded before Flop (didn't bet)
Seat 6: yzuk folded before Flop (didn't bet)



PokerStars Hand #254551192323:  Hold'em No Limit ($0.50/$1.00 USD) - 2025/01/25 20:21:50 WET [2025/01/25 15:21:50 ET]
Table 'Arabella IV' 6-max Seat #2 is the button
Seat 1: RiverBoat010 ($43.70 in chips) 
Seat 2: xxxZeka ($113.14 in chips) 
Seat 3: Unipoker11 ($136.24 in chips) 
Seat 4: sta$igk ($109 in chips) 
Seat 5: franco232315 ($100 in chips) 
Seat 6: yzuk ($100 in chips) 
Unipoker11: posts small blind $0.50
sta$igk: posts big blind $1
*** HOLE CARDS ***
franco232315: folds 
yzuk: raises $1.50 to $2.50
RiverBoat010: raises $41.20 to $43.70 and is all-in
xxxZeka: folds 
Unipoker11: folds 
sta$igk: folds 
yzuk: calls $41.20
*** FLOP *** [As 7s 2c]
*** TURN *** [As 7s 2c] [9s]
*** RIVER *** [As 7s 2c 9s] [5c]
*** SHOW DOWN ***
yzuk: shows [Ks Ad] (a pair of Aces)
RiverBoat010: shows [Ah Jc] (a pair of Aces - lower kicker)
yzuk collected $86.40 from pot
*** SUMMARY ***
Total pot $88.90 | Rake $2.50 
Board [As 7s 2c 9s 5c]
Seat 1: RiverBoat010 showed [Ah Jc] and lost with a pair of Aces
Seat 2: xxxZeka (button) folded before Flop (didn't bet)
Seat 3: Unipoker11 (small blind) folded before Flop
Seat 4: sta$igk (big blind) folded before Flop
Seat 5: franco232315 folded before Flop (didn't bet)
Seat 6: yzuk showed [Ks Ad] and won ($86.40) with a pair of Aces



PokerStars Hand #254551201803:  Hold'em No Limit ($0.50/$1.00 USD) - 2025/01/25 20:22:21 WET [2025/01/25 15:22:21 ET]
Table 'Arabella IV' 6-max Seat #3 is the button
Seat 1: RiverBoat010 ($0 in chips) is sitting out
Seat 2: xxxZeka ($113.14 in chips) 
Seat 3: Unipoker11 ($135.74 in chips) 
Seat 4: sta$igk ($108 in chips) 
Seat 5: franco232315 ($100 in chips) 
Seat 6: yzuk ($142.70 in chips) 
sta$igk: posts small blind $0.50
franco232315: posts big blind $1
*** HOLE CARDS ***
yzuk: folds 
xxxZeka: folds 
yzuk leaves the table
RiverBoat010 leaves the table
Unipoker11: raises $1.50 to $2.50
sta$igk: folds 
franco232315: calls $1.50
*** FLOP *** [Js 6d Jc]
franco232315: checks 
Unipoker11: bets $1.30
franco232315: raises $4.70 to $6
Unipoker11: folds 
Uncalled bet ($4.70) returned to franco232315
franco232315 collected $7.70 from pot
franco232315: doesn't show hand 
*** SUMMARY ***
Total pot $8.10 | Rake $0.40 
Board [Js 6d Jc]
Seat 1: RiverBoat010
Seat 2: xxxZeka folded before Flop (didn't bet)
Seat 3: Unipoker11 (button) folded on the Flop
Seat 4: sta$igk (small blind) folded before Flop
Seat 5: franco232315 (big blind) collected ($7.70)
Seat 6: yzuk folded before Flop (didn't bet)



PokerStars Hand #254551214702:  Hold'em No Limit ($0.50/$1.00 USD) - 2025/01/25 20:23:05 WET [2025/01/25 15:23:05 ET]
Table 'Arabella IV' 6-max Seat #4 is the button
Seat 2: xxxZeka ($113.14 in chips) is sitting out
Seat 3: Unipoker11 ($131.94 in chips) 
Seat 4: sta$igk ($107.50 in chips) 
Seat 5: franco232315 ($103.90 in chips) 
franco232315: posts small blind $0.50
xxxZeka: is sitting out 
Unipoker11: posts big blind $1
*** HOLE CARDS ***
sta$igk: raises $1.50 to $2.50
franco232315: folds 
Unipoker11: folds 
Uncalled bet ($1.50) returned to sta$igk
sta$igk collected $2.50 from pot
sta$igk: doesn't show hand 
*** SUMMARY ***
Total pot $2.50 | Rake $0 
Seat 2: xxxZeka
Seat 3: Unipoker11 (big blind) folded before Flop
Seat 4: sta$igk (button) collected ($2.50)
Seat 5: franco232315 (small blind) folded before Flop



