PokerStars Hand #254553824204:  Hold'em No Limit ($0.50/$1.00 USD) - 2025/01/25 22:56:54 WET [2025/01/25 17:56:54 ET]
Table 'Tone IV' 6-max Seat #6 is the button
Seat 4: Manifestorr ($100 in chips) 
Seat 6: nikalas22 ($100 in chips) 
YeeesMan leaves the table
nikalas22: posts small blind $0.50
Manifestorr: posts big blind $1
*** HOLE CARDS ***
nikalas22: folds 
Uncalled bet ($0.50) returned to Manifestorr
Manifestorr collected $1 from pot
*** SUMMARY ***
Total pot $1 | Rake $0 
Seat 4: Manifestorr (big blind) collected ($1)
Seat 6: nikalas22 (button) (small blind) folded before Flop



PokerStars Hand #254553825804:  Hold'em No Limit ($0.50/$1.00 USD) - 2025/01/25 22:57:03 WET [2025/01/25 17:57:03 ET]
Table 'Tone IV' 6-max Seat #4 is the button
Seat 4: Manifestorr ($100.50 in chips) 
Seat 6: nikalas22 ($100 in chips) 
Manifestorr: posts small blind $0.50
nikalas22: posts big blind $1
*** HOLE CARDS ***
Manifestorr: folds 
Uncalled bet ($0.50) returned to nikalas22
nikalas22 collected $1 from pot
nikalas22: doesn't show hand 
Manifestorr leaves the table
*** SUMMARY ***
Total pot $1 | Rake $0 
Seat 4: Manifestorr (button) (small blind) folded before Flop
Seat 6: nikalas22 (big blind) collected ($1)



PokerStars Hand #254554174710:  Hold'em No Limit ($0.50/$1.00 USD) - 2025/01/25 23:20:09 WET [2025/01/25 18:20:09 ET]
Table 'Tone IV' 6-max Seat #5 is the button
Seat 2: Manifestorr ($100 in chips) 
Seat 3: tintin641 ($100 in chips) 
Seat 4: ddyyjj ($100 in chips) 
Seat 5: nastja336 ($100 in chips) 
Seat 6: nikalas22 ($100.50 in chips) 
nikalas22: posts small blind $0.50
Manifestorr: posts big blind $1
*** HOLE CARDS ***
tintin641: folds 
ddyyjj: folds 
nastja336: raises $1.50 to $2.50
nikalas22: folds 
Manifestorr: folds 
Uncalled bet ($1.50) returned to nastja336
nastja336 collected $2.50 from pot
nastja336: doesn't show hand 
*** SUMMARY ***
Total pot $2.50 | Rake $0 
Seat 2: Manifestorr (big blind) folded before Flop
Seat 3: tintin641 folded before Flop (didn't bet)
Seat 4: ddyyjj folded before Flop (didn't bet)
Seat 5: nastja336 (button) collected ($2.50)
Seat 6: nikalas22 (small blind) folded before Flop



PokerStars Hand #254554179742:  Hold'em No Limit ($0.50/$1.00 USD) - 2025/01/25 23:20:28 WET [2025/01/25 18:20:28 ET]
Table 'Tone IV' 6-max Seat #6 is the button
Seat 2: Manifestorr ($100 in chips) 
Seat 3: tintin641 ($100 in chips) 
Seat 4: ddyyjj ($100 in chips) 
Seat 5: nastja336 ($101.50 in chips) 
Seat 6: nikalas22 ($100 in chips) 
Manifestorr: posts small blind $0.50
tintin641: posts big blind $1
*** HOLE CARDS ***
ddyyjj: folds 
nastja336 has timed out
nastja336: folds 
nikalas22: folds 
Manifestorr: raises $2 to $3
nastja336 leaves the table
tintin641: folds 
Uncalled bet ($2) returned to Manifestorr
Manifestorr collected $2 from pot
*** SUMMARY ***
Total pot $2 | Rake $0 
Seat 2: Manifestorr (small blind) collected ($2)
Seat 3: tintin641 (big blind) folded before Flop
Seat 4: ddyyjj folded before Flop (didn't bet)
Seat 5: nastja336 folded before Flop (didn't bet)
Seat 6: nikalas22 (button) folded before Flop (didn't bet)



PokerStars Hand #254554191265:  Hold'em No Limit ($0.50/$1.00 USD) - 2025/01/25 23:21:13 WET [2025/01/25 18:21:13 ET]
Table 'Tone IV' 6-max Seat #2 is the button
Seat 2: Manifestorr ($101 in chips) 
Seat 3: tintin641 ($100 in chips) 
Seat 4: ddyyjj ($100 in chips) 
Seat 6: nikalas22 ($100 in chips) 
tintin641: posts small blind $0.50
ddyyjj: posts big blind $1
*** HOLE CARDS ***
nikalas22: raises $1.50 to $2.50
Manifestorr: raises $5.50 to $8
tintin641: folds 
ddyyjj: folds 
nikalas22: folds 
Uncalled bet ($5.50) returned to Manifestorr
Manifestorr collected $6.50 from pot
*** SUMMARY ***
Total pot $6.50 | Rake $0 
Seat 2: Manifestorr (button) collected ($6.50)
Seat 3: tintin641 (small blind) folded before Flop
Seat 4: ddyyjj (big blind) folded before Flop
Seat 6: nikalas22 folded before Flop



PokerStars Hand #254554196883:  Hold'em No Limit ($0.50/$1.00 USD) - 2025/01/25 23:21:35 WET [2025/01/25 18:21:35 ET]
Table 'Tone IV' 6-max Seat #3 is the button
Seat 2: Manifestorr ($105 in chips) 
Seat 3: tintin641 ($100 in chips) 
Seat 4: ddyyjj ($99 in chips) 
Seat 6: nikalas22 ($100 in chips) 
ddyyjj: posts small blind $0.50
nikalas22: posts big blind $1
*** HOLE CARDS ***
Manifestorr: raises $1.20 to $2.20
tintin641: raises $5.30 to $7.50
ddyyjj: folds 
nikalas22: folds 
Manifestorr: folds 
Uncalled bet ($5.30) returned to tintin641
tintin641 collected $5.90 from pot
tintin641: doesn't show hand 
*** SUMMARY ***
Total pot $5.90 | Rake $0 
Seat 2: Manifestorr folded before Flop
Seat 3: tintin641 (button) collected ($5.90)
Seat 4: ddyyjj (small blind) folded before Flop
Seat 6: nikalas22 (big blind) folded before Flop



PokerStars Hand #254554205558:  Hold'em No Limit ($0.50/$1.00 USD) - 2025/01/25 23:22:08 WET [2025/01/25 18:22:08 ET]
Table 'Tone IV' 6-max Seat #4 is the button
Seat 2: Manifestorr ($102.80 in chips) 
Seat 3: tintin641 ($103.70 in chips) 
Seat 4: ddyyjj ($98.50 in chips) 
Seat 6: nikalas22 ($100 in chips) 
nikalas22: posts small blind $0.50
Manifestorr: posts big blind $1
*** HOLE CARDS ***
tintin641: folds 
ddyyjj: folds 
nikalas22: raises $2 to $3
Manifestorr: raises $6 to $9
nikalas22: folds 
Uncalled bet ($6) returned to Manifestorr
Manifestorr collected $6 from pot
*** SUMMARY ***
Total pot $6 | Rake $0 
Seat 2: Manifestorr (big blind) collected ($6)
Seat 3: tintin641 folded before Flop (didn't bet)
Seat 4: ddyyjj (button) folded before Flop (didn't bet)
Seat 6: nikalas22 (small blind) folded before Flop



PokerStars Hand #254554213453:  Hold'em No Limit ($0.50/$1.00 USD) - 2025/01/25 23:22:39 WET [2025/01/25 18:22:39 ET]
Table 'Tone IV' 6-max Seat #6 is the button
Seat 2: Manifestorr ($105.80 in chips) 
Seat 3: tintin641 ($103.70 in chips) 
Seat 4: ddyyjj ($98.50 in chips) 
Seat 6: nikalas22 ($100 in chips) 
Manifestorr: posts small blind $0.50
tintin641: posts big blind $1
*** HOLE CARDS ***
ddyyjj: raises $1.50 to $2.50
nikalas22: folds 
Manifestorr: folds 
tintin641: calls $1.50
*** FLOP *** [2d 5d 6d]
tintin641: checks 
ddyyjj: checks 
*** TURN *** [2d 5d 6d] [5s]
tintin641: bets $1.72
ddyyjj: calls $1.72
*** RIVER *** [2d 5d 6d 5s] [7h]
tintin641: bets $2.80
ddyyjj: folds 
Uncalled bet ($2.80) returned to tintin641
tintin641 collected $8.49 from pot
tintin641: doesn't show hand 
*** SUMMARY ***
Total pot $8.94 | Rake $0.45 
Board [2d 5d 6d 5s 7h]
Seat 2: Manifestorr (small blind) folded before Flop
Seat 3: tintin641 (big blind) collected ($8.49)
Seat 4: ddyyjj folded on the River
Seat 6: nikalas22 (button) folded before Flop (didn't bet)



PokerStars Hand #254554230836:  Hold'em No Limit ($0.50/$1.00 USD) - 2025/01/25 23:23:47 WET [2025/01/25 18:23:47 ET]
Table 'Tone IV' 6-max Seat #2 is the button
Seat 2: Manifestorr ($105.30 in chips) 
Seat 3: tintin641 ($107.97 in chips) 
Seat 4: ddyyjj ($94.28 in chips) 
Seat 6: nikalas22 ($100 in chips) 
tintin641: posts small blind $0.50
ddyyjj: posts big blind $1
*** HOLE CARDS ***
nikalas22: raises $1.50 to $2.50
Manifestorr: folds 
tintin641: folds 
ddyyjj: folds 
Uncalled bet ($1.50) returned to nikalas22
nikalas22 collected $2.50 from pot
nikalas22: doesn't show hand 
*** SUMMARY ***
Total pot $2.50 | Rake $0 
Seat 2: Manifestorr (button) folded before Flop (didn't bet)
Seat 3: tintin641 (small blind) folded before Flop
Seat 4: ddyyjj (big blind) folded before Flop
Seat 6: nikalas22 collected ($2.50)



PokerStars Hand #254554234590:  Hold'em No Limit ($0.50/$1.00 USD) - 2025/01/25 23:24:01 WET [2025/01/25 18:24:01 ET]
Table 'Tone IV' 6-max Seat #3 is the button
Seat 2: Manifestorr ($105.30 in chips) 
Seat 3: tintin641 ($107.47 in chips) 
Seat 4: ddyyjj ($93.28 in chips) 
Seat 6: nikalas22 ($101.50 in chips) 
ddyyjj: posts small blind $0.50
nikalas22: posts big blind $1
*** HOLE CARDS ***
Manifestorr: folds 
tintin641: raises $1.50 to $2.50
ddyyjj: folds 
nikalas22: raises $9.50 to $12
tintin641: folds 
Uncalled bet ($9.50) returned to nikalas22
nikalas22 collected $5.50 from pot
nikalas22: doesn't show hand 
*** SUMMARY ***
Total pot $5.50 | Rake $0 
Seat 2: Manifestorr folded before Flop (didn't bet)
Seat 3: tintin641 (button) folded before Flop
Seat 4: ddyyjj (small blind) folded before Flop
Seat 6: nikalas22 (big blind) collected ($5.50)



PokerStars Hand #254554241705:  Hold'em No Limit ($0.50/$1.00 USD) - 2025/01/25 23:24:29 WET [2025/01/25 18:24:29 ET]
Table 'Tone IV' 6-max Seat #4 is the button
Seat 2: Manifestorr ($105.30 in chips) 
Seat 3: tintin641 ($104.97 in chips) 
Seat 4: ddyyjj ($92.78 in chips) 
Seat 6: nikalas22 ($104.50 in chips) 
nikalas22: posts small blind $0.50
Manifestorr: posts big blind $1
*** HOLE CARDS ***
tintin641: folds 
ddyyjj: folds 
nikalas22: raises $2 to $3
Manifestorr: folds 
Uncalled bet ($2) returned to nikalas22
nikalas22 collected $2 from pot
nikalas22: doesn't show hand 
*** SUMMARY ***
Total pot $2 | Rake $0 
Seat 2: Manifestorr (big blind) folded before Flop
Seat 3: tintin641 folded before Flop (didn't bet)
Seat 4: ddyyjj (button) folded before Flop (didn't bet)
Seat 6: nikalas22 (small blind) collected ($2)



PokerStars Hand #254554246818:  Hold'em No Limit ($0.50/$1.00 USD) - 2025/01/25 23:24:48 WET [2025/01/25 18:24:48 ET]
Table 'Tone IV' 6-max Seat #6 is the button
Seat 2: Manifestorr ($104.30 in chips) 
Seat 3: tintin641 ($104.97 in chips) 
Seat 4: ddyyjj ($92.78 in chips) 
Seat 6: nikalas22 ($105.50 in chips) 
Manifestorr: posts small blind $0.50
tintin641: posts big blind $1
*** HOLE CARDS ***
ddyyjj: raises $1.50 to $2.50
nikalas22: folds 
Manifestorr: folds 
nastja336 joins the table at seat #1 
Takkitta88 joins the table at seat #5 
Takkitta88 is disconnected 
tintin641: folds 
Uncalled bet ($1.50) returned to ddyyjj
ddyyjj collected $2.50 from pot
ddyyjj: doesn't show hand 
*** SUMMARY ***
Total pot $2.50 | Rake $0 
Seat 2: Manifestorr (small blind) folded before Flop
Seat 3: tintin641 (big blind) folded before Flop
Seat 4: ddyyjj collected ($2.50)
Seat 6: nikalas22 (button) folded before Flop (didn't bet)



PokerStars Hand #254554251499:  Hold'em No Limit ($0.50/$1.00 USD) - 2025/01/25 23:25:06 WET [2025/01/25 18:25:06 ET]
Table 'Tone IV' 6-max Seat #2 is the button
Seat 1: nastja336 ($101.50 in chips) is sitting out
Seat 5: Takkitta88 ($10 in chips) is sitting out
Seat 2: Manifestorr ($103.80 in chips) 
Seat 3: tintin641 ($103.97 in chips) 
Seat 4: ddyyjj ($94.28 in chips) 
Seat 6: nikalas22 ($105.50 in chips) 
tintin641: posts small blind $0.50
ddyyjj: posts big blind $1
Takkitta88: sits out 
nastja336: sits out 
*** HOLE CARDS ***
nikalas22: folds 
Manifestorr: raises $1.20 to $2.20
tintin641: folds 
ddyyjj: folds 
Uncalled bet ($1.20) returned to Manifestorr
Manifestorr collected $2.50 from pot
*** SUMMARY ***
Total pot $2.50 | Rake $0 
Seat 1: nastja336
Seat 5: Takkitta88
Seat 2: Manifestorr (button) collected ($2.50)
Seat 3: tintin641 (small blind) folded before Flop
Seat 4: ddyyjj (big blind) folded before Flop
Seat 6: nikalas22 folded before Flop (didn't bet)



PokerStars Hand #254554257120:  Hold'em No Limit ($0.50/$1.00 USD) - 2025/01/25 23:25:28 WET [2025/01/25 18:25:28 ET]
Table 'Tone IV' 6-max Seat #3 is the button
Seat 1: nastja336 ($101.50 in chips) is sitting out
Seat 2: Manifestorr ($105.30 in chips) 
Seat 3: tintin641 ($103.47 in chips) 
Seat 4: ddyyjj ($93.28 in chips) 
Seat 5: Takkitta88 ($10 in chips) 
Seat 6: nikalas22 ($105.50 in chips) 
ddyyjj: posts small blind $0.50
Takkitta88: posts big blind $1
nastja336: sits out 
*** HOLE CARDS ***
nikalas22: folds 
Manifestorr: folds 
tintin641: folds 
ddyyjj: folds 
Uncalled bet ($0.50) returned to Takkitta88
Takkitta88 collected $1 from pot
*** SUMMARY ***
Total pot $1 | Rake $0 
Seat 1: nastja336
Seat 2: Manifestorr folded before Flop (didn't bet)
Seat 3: tintin641 (button) folded before Flop (didn't bet)
Seat 4: ddyyjj (small blind) folded before Flop
Seat 5: Takkitta88 (big blind) collected ($1)
Seat 6: nikalas22 folded before Flop (didn't bet)



PokerStars Hand #254554260366:  Hold'em No Limit ($0.50/$1.00 USD) - 2025/01/25 23:25:40 WET [2025/01/25 18:25:40 ET]
Table 'Tone IV' 6-max Seat #4 is the button
Seat 1: nastja336 ($101.50 in chips) is sitting out
Seat 2: Manifestorr ($105.30 in chips) 
Seat 3: tintin641 ($103.47 in chips) 
Seat 4: ddyyjj ($92.78 in chips) 
Seat 5: Takkitta88 ($10.50 in chips) 
Seat 6: nikalas22 ($105.50 in chips) 
Takkitta88: posts small blind $0.50
nikalas22: posts big blind $1
nastja336: sits out 
*** HOLE CARDS ***
Manifestorr: folds 
tintin641: raises $1.50 to $2.50
ddyyjj: folds 
Takkitta88: folds 
nikalas22: calls $1.50
*** FLOP *** [Kh 9h Kc]
nikalas22: checks 
tintin641: bets $1.72
nikalas22: folds 
Uncalled bet ($1.72) returned to tintin641
tintin641 collected $5.22 from pot
tintin641: doesn't show hand 
*** SUMMARY ***
Total pot $5.50 | Rake $0.28 
Board [Kh 9h Kc]
Seat 1: nastja336
Seat 2: Manifestorr folded before Flop (didn't bet)
Seat 3: tintin641 collected ($5.22)
Seat 4: ddyyjj (button) folded before Flop (didn't bet)
Seat 5: Takkitta88 (small blind) folded before Flop
Seat 6: nikalas22 (big blind) folded on the Flop



PokerStars Hand #254554270737:  Hold'em No Limit ($0.50/$1.00 USD) - 2025/01/25 23:26:20 WET [2025/01/25 18:26:20 ET]
Table 'Tone IV' 6-max Seat #5 is the button
Seat 1: nastja336 ($101.50 in chips) 
Seat 2: Manifestorr ($105.30 in chips) 
Seat 3: tintin641 ($106.19 in chips) 
Seat 4: ddyyjj ($92.78 in chips) 
Seat 5: Takkitta88 ($31.48 in chips) 
Seat 6: nikalas22 ($103 in chips) 
nikalas22: posts small blind $0.50
nastja336: posts big blind $1
*** HOLE CARDS ***
Manifestorr: folds 
tintin641: folds 
ddyyjj: folds 
ddyyjj leaves the table
Takkitta88: calls $1
nikalas22: folds 
nastja336: checks 
*** FLOP *** [9c Kc Ts]
nastja336: checks 
Takkitta88: checks 
*** TURN *** [9c Kc Ts] [Jc]
nastja336: checks 
Takkitta88: bets $1
nastja336: folds 
Uncalled bet ($1) returned to Takkitta88
Takkitta88 collected $2.35 from pot
m0nTTu joins the table at seat #4 
*** SUMMARY ***
Total pot $2.50 | Rake $0.15 
Board [9c Kc Ts Jc]
Seat 1: nastja336 (big blind) folded on the Turn
Seat 2: Manifestorr folded before Flop (didn't bet)
Seat 3: tintin641 folded before Flop (didn't bet)
Seat 4: ddyyjj folded before Flop (didn't bet)
Seat 5: Takkitta88 (button) collected ($2.35)
Seat 6: nikalas22 (small blind) folded before Flop



PokerStars Hand #254554280290:  Hold'em No Limit ($0.50/$1.00 USD) - 2025/01/25 23:26:57 WET [2025/01/25 18:26:57 ET]
Table 'Tone IV' 6-max Seat #6 is the button
Seat 4: m0nTTu ($10 in chips) is sitting out
Seat 1: nastja336 ($100.50 in chips) 
Seat 2: Manifestorr ($105.30 in chips) 
Seat 3: tintin641 ($106.19 in chips) 
Seat 5: Takkitta88 ($32.83 in chips) 
Seat 6: nikalas22 ($102.50 in chips) 
nastja336: posts small blind $0.50
Manifestorr: posts big blind $1
m0nTTu: sits out 
*** HOLE CARDS ***
tintin641: folds 
Takkitta88: folds 
nikalas22: raises $1.50 to $2.50
nastja336: raises $9.50 to $12
Manifestorr: folds 
nikalas22: folds 
Uncalled bet ($9.50) returned to nastja336
nastja336 collected $6 from pot
nastja336: doesn't show hand 
*** SUMMARY ***
Total pot $6 | Rake $0 
Seat 4: m0nTTu
Seat 1: nastja336 (small blind) collected ($6)
Seat 2: Manifestorr (big blind) folded before Flop
Seat 3: tintin641 folded before Flop (didn't bet)
Seat 5: Takkitta88 folded before Flop (didn't bet)
Seat 6: nikalas22 (button) folded before Flop



PokerStars Hand #254554284073:  Hold'em No Limit ($0.50/$1.00 USD) - 2025/01/25 23:27:11 WET [2025/01/25 18:27:11 ET]
Table 'Tone IV' 6-max Seat #1 is the button
Seat 3: tintin641 ($106.19 in chips) is sitting out
Seat 1: nastja336 ($104 in chips) 
Seat 2: Manifestorr ($104.30 in chips) 
Seat 4: m0nTTu ($10 in chips) 
Seat 5: Takkitta88 ($32.83 in chips) 
Seat 6: nikalas22 ($100 in chips) 
Manifestorr: posts small blind $0.50
tintin641: is sitting out 
m0nTTu: posts big blind $1
*** HOLE CARDS ***
tintin641 leaves the table
Takkitta88: calls $1
nikalas22: folds 
nastja336: folds 
Manifestorr: folds 
m0nTTu: checks 
*** FLOP *** [8c 6d 6c]
m0nTTu: checks 
Takkitta88: checks 
*** TURN *** [8c 6d 6c] [4d]
m0nTTu: checks 
Takkitta88: checks 
*** RIVER *** [8c 6d 6c 4d] [7s]
m0nTTu: checks 
Takkitta88: checks 
*** SHOW DOWN ***
m0nTTu: shows [9c Qh] (a pair of Sixes)
Takkitta88: mucks hand 
XneferX joins the table at seat #3 
m0nTTu collected $2.38 from pot
*** SUMMARY ***
Total pot $2.50 | Rake $0.12 
Board [8c 6d 6c 4d 7s]
Seat 3: tintin641
Seat 1: nastja336 (button) folded before Flop (didn't bet)
Seat 2: Manifestorr (small blind) folded before Flop
Seat 4: m0nTTu (big blind) showed [9c Qh] and won ($2.38) with a pair of Sixes
Seat 5: Takkitta88 mucked
Seat 6: nikalas22 folded before Flop (didn't bet)



PokerStars Hand #254554292542:  Hold'em No Limit ($0.50/$1.00 USD) - 2025/01/25 23:27:44 WET [2025/01/25 18:27:44 ET]
Table 'Tone IV' 6-max Seat #2 is the button
Seat 3: XneferX ($100 in chips) is sitting out
Seat 1: nastja336 ($104 in chips) 
Seat 2: Manifestorr ($103.80 in chips) 
Seat 4: m0nTTu ($11.38 in chips) 
Seat 5: Takkitta88 ($31.83 in chips) 
Seat 6: nikalas22 ($100 in chips) 
m0nTTu: posts small blind $0.50
Takkitta88: posts big blind $1
*** HOLE CARDS ***
nikalas22: folds 
nastja336: folds 
Manifestorr: folds 
m0nTTu: raises $10.38 to $11.38 and is all-in
Takkitta88: folds 
Uncalled bet ($10.38) returned to m0nTTu
m0nTTu collected $2 from pot
m0nTTu: doesn't show hand 
*** SUMMARY ***
Total pot $2 | Rake $0 
Seat 3: XneferX
Seat 1: nastja336 folded before Flop (didn't bet)
Seat 2: Manifestorr (button) folded before Flop (didn't bet)
Seat 4: m0nTTu (small blind) collected ($2)
Seat 5: Takkitta88 (big blind) folded before Flop
Seat 6: nikalas22 folded before Flop (didn't bet)



PokerStars Hand #254554296223:  Hold'em No Limit ($0.50/$1.00 USD) - 2025/01/25 23:27:58 WET [2025/01/25 18:27:58 ET]
Table 'Tone IV' 6-max Seat #4 is the button
Seat 3: XneferX ($100 in chips) is sitting out
Seat 1: nastja336 ($104 in chips) 
Seat 2: Manifestorr ($103.80 in chips) 
Seat 4: m0nTTu ($12.38 in chips) 
Seat 5: Takkitta88 ($30.83 in chips) 
Seat 6: nikalas22 ($100 in chips) 
Takkitta88: posts small blind $0.50
nikalas22: posts big blind $1
XneferX: sits out 
*** HOLE CARDS ***
nastja336: folds 
Manifestorr: folds 
m0nTTu: folds 
Takkitta88: calls $0.50
nikalas22: checks 
*** FLOP *** [Ah Ac 3s]
Takkitta88: checks 
nikalas22: checks 
*** TURN *** [Ah Ac 3s] [9s]
Takkitta88: checks 
nikalas22: bets $1.43
Takkitta88: folds 
Uncalled bet ($1.43) returned to nikalas22
nikalas22 collected $1.90 from pot
nikalas22: doesn't show hand 
*** SUMMARY ***
Total pot $2 | Rake $0.10 
Board [Ah Ac 3s 9s]
Seat 3: XneferX
Seat 1: nastja336 folded before Flop (didn't bet)
Seat 2: Manifestorr folded before Flop (didn't bet)
Seat 4: m0nTTu (button) folded before Flop (didn't bet)
Seat 5: Takkitta88 (small blind) folded on the Turn
Seat 6: nikalas22 (big blind) collected ($1.90)



PokerStars Hand #254554310573:  Hold'em No Limit ($0.50/$1.00 USD) - 2025/01/25 23:28:54 WET [2025/01/25 18:28:54 ET]
Table 'Tone IV' 6-max Seat #5 is the button
Seat 3: XneferX ($100 in chips) is sitting out
Seat 1: nastja336 ($104 in chips) 
Seat 2: Manifestorr ($103.80 in chips) 
Seat 4: m0nTTu ($12.38 in chips) 
Seat 5: Takkitta88 ($29.83 in chips) 
Seat 6: nikalas22 ($100.90 in chips) 
nikalas22: posts small blind $0.50
nastja336: posts big blind $1
XneferX: sits out 
*** HOLE CARDS ***
Manifestorr: raises $1.20 to $2.20
m0nTTu: folds 
Takkitta88: folds 
nikalas22: folds 
nastja336: calls $1.20
*** FLOP *** [Jc As Jh]
nastja336: checks 
Manifestorr: checks 
*** TURN *** [Jc As Jh] [5s]
nastja336: checks 
Manifestorr: bets $1.54
nastja336: calls $1.54
*** RIVER *** [Jc As Jh 5s] [6h]
nastja336: checks 
Manifestorr: bets $5.69
nastja336: folds 
Uncalled bet ($5.69) returned to Manifestorr
Manifestorr collected $7.58 from pot
*** SUMMARY ***
Total pot $7.98 | Rake $0.40 
Board [Jc As Jh 5s 6h]
Seat 3: XneferX
Seat 1: nastja336 (big blind) folded on the River
Seat 2: Manifestorr collected ($7.58)
Seat 4: m0nTTu folded before Flop (didn't bet)
Seat 5: Takkitta88 (button) folded before Flop (didn't bet)
Seat 6: nikalas22 (small blind) folded before Flop



PokerStars Hand #254554321292:  Hold'em No Limit ($0.50/$1.00 USD) - 2025/01/25 23:29:36 WET [2025/01/25 18:29:36 ET]
Table 'Tone IV' 6-max Seat #6 is the button
Seat 3: XneferX ($100 in chips) is sitting out
Seat 1: nastja336 ($100.26 in chips) 
Seat 2: Manifestorr ($107.64 in chips) 
Seat 4: m0nTTu ($12.38 in chips) 
Seat 5: Takkitta88 ($29.83 in chips) 
Seat 6: nikalas22 ($100.40 in chips) 
nastja336: posts small blind $0.50
Manifestorr: posts big blind $1
XneferX: sits out 
*** HOLE CARDS ***
m0nTTu: folds 
Takkitta88: folds 
nikalas22: folds 
nastja336: raises $2 to $3
Manifestorr: folds 
Uncalled bet ($2) returned to nastja336
nastja336 collected $2 from pot
nastja336: doesn't show hand 
*** SUMMARY ***
Total pot $2 | Rake $0 
Seat 3: XneferX
Seat 1: nastja336 (small blind) collected ($2)
Seat 2: Manifestorr (big blind) folded before Flop
Seat 4: m0nTTu folded before Flop (didn't bet)
Seat 5: Takkitta88 folded before Flop (didn't bet)
Seat 6: nikalas22 (button) folded before Flop (didn't bet)



PokerStars Hand #254554326700:  Hold'em No Limit ($0.50/$1.00 USD) - 2025/01/25 23:29:57 WET [2025/01/25 18:29:57 ET]
Table 'Tone IV' 6-max Seat #1 is the button
Seat 1: nastja336 ($101.26 in chips) 
Seat 2: Manifestorr ($106.64 in chips) 
Seat 3: XneferX ($100 in chips) 
Seat 4: m0nTTu ($12.38 in chips) 
Seat 5: Takkitta88 ($29.83 in chips) 
Seat 6: nikalas22 ($100.40 in chips) 
Manifestorr: posts small blind $0.50
XneferX: posts big blind $1
*** HOLE CARDS ***
m0nTTu: folds 
Takkitta88: folds 
nikalas22: folds 
nastja336: folds 
Manifestorr: raises $2 to $3
XneferX: calls $2
*** FLOP *** [7s Qs Js]
Manifestorr: bets $1.88
XneferX: raises $2.82 to $4.70
Manifestorr: calls $2.82
*** TURN *** [7s Qs Js] [Qd]
Manifestorr: checks 
XneferX: bets $11.27
Manifestorr: folds 
Uncalled bet ($11.27) returned to XneferX
XneferX collected $14.63 from pot
XneferX: doesn't show hand 
*** SUMMARY ***
Total pot $15.40 | Rake $0.77 
Board [7s Qs Js Qd]
Seat 1: nastja336 (button) folded before Flop (didn't bet)
Seat 2: Manifestorr (small blind) folded on the Turn
Seat 3: XneferX (big blind) collected ($14.63)
Seat 4: m0nTTu folded before Flop (didn't bet)
Seat 5: Takkitta88 folded before Flop (didn't bet)
Seat 6: nikalas22 folded before Flop (didn't bet)



PokerStars Hand #254554344722:  Hold'em No Limit ($0.50/$1.00 USD) - 2025/01/25 23:31:09 WET [2025/01/25 18:31:09 ET]
Table 'Tone IV' 6-max Seat #2 is the button
Seat 1: nastja336 ($101.26 in chips) 
Seat 2: Manifestorr ($100 in chips) 
Seat 3: XneferX ($106.93 in chips) 
Seat 4: m0nTTu ($12.38 in chips) 
Seat 5: Takkitta88 ($29.83 in chips) 
Seat 6: nikalas22 ($100.40 in chips) 
XneferX: posts small blind $0.50
m0nTTu: posts big blind $1
*** HOLE CARDS ***
Takkitta88: calls $1
nikalas22: folds 
nastja336: raises $4 to $5
Manifestorr: folds 
XneferX: folds 
m0nTTu: folds 
Takkitta88: calls $4
*** FLOP *** [8d 8c Td]
Takkitta88: checks 
nastja336: bets $3.60
Takkitta88: folds 
Uncalled bet ($3.60) returned to nastja336
nastja336 collected $10.92 from pot
nastja336: doesn't show hand 
*** SUMMARY ***
Total pot $11.50 | Rake $0.58 
Board [8d 8c Td]
Seat 1: nastja336 collected ($10.92)
Seat 2: Manifestorr (button) folded before Flop (didn't bet)
Seat 3: XneferX (small blind) folded before Flop
Seat 4: m0nTTu (big blind) folded before Flop
Seat 5: Takkitta88 folded on the Flop
Seat 6: nikalas22 folded before Flop (didn't bet)



PokerStars Hand #254554356219:  Hold'em No Limit ($0.50/$1.00 USD) - 2025/01/25 23:31:54 WET [2025/01/25 18:31:54 ET]
Table 'Tone IV' 6-max Seat #3 is the button
Seat 1: nastja336 ($107.18 in chips) 
Seat 2: Manifestorr ($100 in chips) 
Seat 3: XneferX ($106.43 in chips) 
Seat 4: m0nTTu ($11.38 in chips) 
Seat 5: Takkitta88 ($24.83 in chips) 
Seat 6: nikalas22 ($100.40 in chips) 
m0nTTu: posts small blind $0.50
Takkitta88: posts big blind $1
*** HOLE CARDS ***
nikalas22: folds 
nastja336: raises $1.50 to $2.50
Manifestorr: raises $5.50 to $8
XneferX: raises $16 to $24
m0nTTu: folds 
Takkitta88: folds 
nastja336: folds 
Manifestorr: folds 
Uncalled bet ($16) returned to XneferX
XneferX collected $20 from pot
XneferX: doesn't show hand 
*** SUMMARY ***
Total pot $20 | Rake $0 
Seat 1: nastja336 folded before Flop
Seat 2: Manifestorr folded before Flop
Seat 3: XneferX (button) collected ($20)
Seat 4: m0nTTu (small blind) folded before Flop
Seat 5: Takkitta88 (big blind) folded before Flop
Seat 6: nikalas22 folded before Flop (didn't bet)



PokerStars Hand #254554364120:  Hold'em No Limit ($0.50/$1.00 USD) - 2025/01/25 23:32:25 WET [2025/01/25 18:32:25 ET]
Table 'Tone IV' 6-max Seat #4 is the button
Seat 1: nastja336 ($104.68 in chips) 
Seat 2: Manifestorr ($100 in chips) 
Seat 3: XneferX ($118.43 in chips) 
Seat 4: m0nTTu ($10.88 in chips) 
Seat 5: Takkitta88 ($23.83 in chips) 
Seat 6: nikalas22 ($100.40 in chips) 
Takkitta88: posts small blind $0.50
nikalas22: posts big blind $1
*** HOLE CARDS ***
nastja336: folds 
Manifestorr: raises $1.20 to $2.20
XneferX: folds 
m0nTTu: folds 
Takkitta88: calls $1.70
nikalas22: folds 
*** FLOP *** [7d Qs 2h]
Takkitta88: bets $1
Manifestorr: raises $3 to $4
Takkitta88: folds 
Uncalled bet ($3) returned to Manifestorr
Manifestorr collected $7.03 from pot
*** SUMMARY ***
Total pot $7.40 | Rake $0.37 
Board [7d Qs 2h]
Seat 1: nastja336 folded before Flop (didn't bet)
Seat 2: Manifestorr collected ($7.03)
Seat 3: XneferX folded before Flop (didn't bet)
Seat 4: m0nTTu (button) folded before Flop (didn't bet)
Seat 5: Takkitta88 (small blind) folded on the Flop
Seat 6: nikalas22 (big blind) folded before Flop



PokerStars Hand #254554375200:  Hold'em No Limit ($0.50/$1.00 USD) - 2025/01/25 23:33:09 WET [2025/01/25 18:33:09 ET]
Table 'Tone IV' 6-max Seat #5 is the button
Seat 1: nastja336 ($104.68 in chips) 
Seat 2: Manifestorr ($103.83 in chips) 
Seat 3: XneferX ($118.43 in chips) 
Seat 4: m0nTTu ($10.88 in chips) 
Seat 5: Takkitta88 ($20.63 in chips) 
Seat 6: nikalas22 ($100 in chips) 
nikalas22: posts small blind $0.50
nastja336: posts big blind $1
*** HOLE CARDS ***
Manifestorr: folds 
XneferX: raises $1.10 to $2.10
m0nTTu: folds 
Takkitta88: calls $2.10
nikalas22: folds 
nastja336: folds 
*** FLOP *** [Qh 3c Td]
XneferX: bets $1.20
Takkitta88: calls $1.20
*** TURN *** [Qh 3c Td] [3s]
XneferX: checks 
Takkitta88: bets $17.33 and is all-in
XneferX: folds 
Uncalled bet ($17.33) returned to Takkitta88
Takkitta88 collected $7.60 from pot
*** SUMMARY ***
Total pot $8.10 | Rake $0.50 
Board [Qh 3c Td 3s]
Seat 1: nastja336 (big blind) folded before Flop
Seat 2: Manifestorr folded before Flop (didn't bet)
Seat 3: XneferX folded on the Turn
Seat 4: m0nTTu folded before Flop (didn't bet)
Seat 5: Takkitta88 (button) collected ($7.60)
Seat 6: nikalas22 (small blind) folded before Flop



PokerStars Hand #254554391744:  Hold'em No Limit ($0.50/$1.00 USD) - 2025/01/25 23:34:13 WET [2025/01/25 18:34:13 ET]
Table 'Tone IV' 6-max Seat #6 is the button
Seat 1: nastja336 ($103.68 in chips) 
Seat 2: Manifestorr ($103.83 in chips) 
Seat 3: XneferX ($115.13 in chips) 
Seat 4: m0nTTu ($10.88 in chips) 
Seat 5: Takkitta88 ($24.93 in chips) 
Seat 6: nikalas22 ($100 in chips) 
nastja336: posts small blind $0.50
Manifestorr: posts big blind $1
*** HOLE CARDS ***
XneferX: folds 
m0nTTu: raises $9.88 to $10.88 and is all-in
Takkitta88: folds 
nikalas22: folds 
nastja336: folds 
Manifestorr: folds 
Uncalled bet ($9.88) returned to m0nTTu
m0nTTu collected $2.50 from pot
m0nTTu: doesn't show hand 
*** SUMMARY ***
Total pot $2.50 | Rake $0 
Seat 1: nastja336 (small blind) folded before Flop
Seat 2: Manifestorr (big blind) folded before Flop
Seat 3: XneferX folded before Flop (didn't bet)
Seat 4: m0nTTu collected ($2.50)
Seat 5: Takkitta88 folded before Flop (didn't bet)
Seat 6: nikalas22 (button) folded before Flop (didn't bet)



PokerStars Hand #254554401571:  Hold'em No Limit ($0.50/$1.00 USD) - 2025/01/25 23:34:52 WET [2025/01/25 18:34:52 ET]
Table 'Tone IV' 6-max Seat #1 is the button
Seat 1: nastja336 ($103.18 in chips) 
Seat 2: Manifestorr ($102.83 in chips) 
Seat 3: XneferX ($115.13 in chips) 
Seat 4: m0nTTu ($12.38 in chips) 
Seat 5: Takkitta88 ($24.93 in chips) 
Seat 6: nikalas22 ($100 in chips) 
Manifestorr: posts small blind $0.50
XneferX: posts big blind $1
*** HOLE CARDS ***
m0nTTu: folds 
Takkitta88: calls $1
nikalas22: folds 
nastja336: raises $3 to $4
Manifestorr: folds 
XneferX: folds 
Takkitta88: calls $3
*** FLOP *** [7c 7d 9h]
Takkitta88: bets $1
nastja336: calls $1
*** TURN *** [7c 7d 9h] [5s]
Takkitta88: bets $1
nastja336: calls $1
*** RIVER *** [7c 7d 9h 5s] [Qc]
Takkitta88: bets $9
nastja336: folds 
Uncalled bet ($9) returned to Takkitta88
Takkitta88 collected $12.65 from pot
*** SUMMARY ***
Total pot $13.50 | Rake $0.85 
Board [7c 7d 9h 5s Qc]
Seat 1: nastja336 (button) folded on the River
Seat 2: Manifestorr (small blind) folded before Flop
Seat 3: XneferX (big blind) folded before Flop
Seat 4: m0nTTu folded before Flop (didn't bet)
Seat 5: Takkitta88 collected ($12.65)
Seat 6: nikalas22 folded before Flop (didn't bet)



PokerStars Hand #254554413411:  Hold'em No Limit ($0.50/$1.00 USD) - 2025/01/25 23:35:39 WET [2025/01/25 18:35:39 ET]
Table 'Tone IV' 6-max Seat #2 is the button
Seat 1: nastja336 ($100 in chips) 
Seat 2: Manifestorr ($102.33 in chips) 
Seat 3: XneferX ($114.13 in chips) 
Seat 4: m0nTTu ($12.38 in chips) 
Seat 5: Takkitta88 ($31.58 in chips) 
Seat 6: nikalas22 ($100 in chips) 
XneferX: posts small blind $0.50
m0nTTu: posts big blind $1
*** HOLE CARDS ***
Takkitta88: calls $1
nikalas22: folds 
nastja336: folds 
Manifestorr: folds 
XneferX: calls $0.50
m0nTTu: checks 
*** FLOP *** [6c 7d Th]
XneferX: bets $2.19
m0nTTu: folds 
Takkitta88: calls $2.19
*** TURN *** [6c 7d Th] [Qc]
XneferX: checks 
Takkitta88: bets $7.01
XneferX: calls $7.01
*** RIVER *** [6c 7d Th Qc] [Kh]
XneferX: checks 
Takkitta88: bets $21.38 and is all-in
XneferX: calls $21.38
*** SHOW DOWN ***
Takkitta88: shows [2h 6h] (a pair of Sixes)
XneferX: shows [Ts 9d] (a pair of Tens)
XneferX collected $61.66 from pot
*** SUMMARY ***
Total pot $64.16 | Rake $2.50 
Board [6c 7d Th Qc Kh]
Seat 1: nastja336 folded before Flop (didn't bet)
Seat 2: Manifestorr (button) folded before Flop (didn't bet)
Seat 3: XneferX (small blind) showed [Ts 9d] and won ($61.66) with a pair of Tens
Seat 4: m0nTTu (big blind) folded on the Flop
Seat 5: Takkitta88 showed [2h 6h] and lost with a pair of Sixes
Seat 6: nikalas22 folded before Flop (didn't bet)



PokerStars Hand #254554434604:  Hold'em No Limit ($0.50/$1.00 USD) - 2025/01/25 23:37:02 WET [2025/01/25 18:37:02 ET]
Table 'Tone IV' 6-max Seat #3 is the button
Seat 5: Takkitta88 ($0 in chips) is sitting out
Seat 1: nastja336 ($100 in chips) 
Seat 2: Manifestorr ($102.33 in chips) 
Seat 3: XneferX ($144.21 in chips) 
Seat 4: m0nTTu ($11.38 in chips) 
Seat 6: nikalas22 ($100 in chips) 
m0nTTu: posts small blind $0.50
nikalas22: posts big blind $1
*** HOLE CARDS ***
nastja336: folds 
Manifestorr: raises $1.20 to $2.20
XneferX: folds 
m0nTTu: folds 
nikalas22: raises $8.80 to $11
Manifestorr: folds 
Uncalled bet ($8.80) returned to nikalas22
m0nTTu leaves the table
nikalas22 collected $4.90 from pot
nikalas22: doesn't show hand 
*** SUMMARY ***
Total pot $4.90 | Rake $0 
Seat 5: Takkitta88
Seat 1: nastja336 folded before Flop (didn't bet)
Seat 2: Manifestorr folded before Flop
Seat 3: XneferX (button) folded before Flop (didn't bet)
Seat 4: m0nTTu (small blind) folded before Flop
Seat 6: nikalas22 (big blind) collected ($4.90)



PokerStars Hand #254554441388:  Hold'em No Limit ($0.50/$1.00 USD) - 2025/01/25 23:37:28 WET [2025/01/25 18:37:28 ET]
Table 'Tone IV' 6-max Seat #1 is the button
Seat 2: Manifestorr ($100.13 in chips) is sitting out
Seat 3: XneferX ($144.21 in chips) is sitting out
Seat 5: Takkitta88 ($0 in chips) is sitting out
Seat 1: nastja336 ($100 in chips) 
Seat 6: nikalas22 ($102.70 in chips) 
nastja336: posts small blind $0.50
Manifestorr: is sitting out 
XneferX: is sitting out 
nikalas22: posts big blind $1
*** HOLE CARDS ***
Manifestorr leaves the table
XneferX leaves the table
nastja336: raises $2 to $3
nikalas22: folds 
Uncalled bet ($2) returned to nastja336
nastja336 collected $2 from pot
nastja336: doesn't show hand 
*** SUMMARY ***
Total pot $2 | Rake $0 
Seat 2: Manifestorr
Seat 3: XneferX
Seat 5: Takkitta88
Seat 1: nastja336 (button) (small blind) collected ($2)
Seat 6: nikalas22 (big blind) folded before Flop



PokerStars Hand #254554444545:  Hold'em No Limit ($0.50/$1.00 USD) - 2025/01/25 23:37:41 WET [2025/01/25 18:37:41 ET]
Table 'Tone IV' 6-max Seat #6 is the button
Seat 1: nastja336 ($101 in chips) 
Seat 5: Takkitta88 ($20.99 in chips) 
Seat 6: nikalas22 ($101.70 in chips) 
nastja336: posts small blind $0.50
Takkitta88: posts big blind $1
*** HOLE CARDS ***
Manifestorr joins the table at seat #3 
nikalas22: raises $1.50 to $2.50
nastja336: folds 
Takkitta88: calls $1.50
*** FLOP *** [8h 9c 8d]
Takkitta88: checks 
pr0tecto joins the table at seat #2 
XneferX joins the table at seat #4 
nikalas22: bets $1.57
Takkitta88: folds 
Uncalled bet ($1.57) returned to nikalas22
nikalas22 collected $5.22 from pot
nikalas22: doesn't show hand 
*** SUMMARY ***
Total pot $5.50 | Rake $0.28 
Board [8h 9c 8d]
Seat 1: nastja336 (small blind) folded before Flop
Seat 5: Takkitta88 (big blind) folded on the Flop
Seat 6: nikalas22 (button) collected ($5.22)



PokerStars Hand #254554452617:  Hold'em No Limit ($0.50/$1.00 USD) - 2025/01/25 23:38:13 WET [2025/01/25 18:38:13 ET]
Table 'Tone IV' 6-max Seat #1 is the button
Seat 2: pr0tecto ($100 in chips) is sitting out
Seat 3: Manifestorr ($100.13 in chips) is sitting out
Seat 4: XneferX ($144.21 in chips) is sitting out
Seat 1: nastja336 ($100.50 in chips) 
Seat 5: Takkitta88 ($18.49 in chips) 
Seat 6: nikalas22 ($104.42 in chips) 
Takkitta88: posts small blind $0.50
nikalas22: posts big blind $1
*** HOLE CARDS ***
nastja336: folds 
Takkitta88: calls $0.50
nikalas22: raises $4 to $5
Takkitta88: folds 
Uncalled bet ($4) returned to nikalas22
nikalas22 collected $2 from pot
nikalas22: doesn't show hand 
*** SUMMARY ***
Total pot $2 | Rake $0 
Seat 2: pr0tecto
Seat 3: Manifestorr
Seat 4: XneferX
Seat 1: nastja336 (button) folded before Flop (didn't bet)
Seat 5: Takkitta88 (small blind) folded before Flop
Seat 6: nikalas22 (big blind) collected ($2)



PokerStars Hand #254554457108:  Hold'em No Limit ($0.50/$1.00 USD) - 2025/01/25 23:38:30 WET [2025/01/25 18:38:30 ET]
Table 'Tone IV' 6-max Seat #5 is the button
Seat 2: pr0tecto ($100 in chips) is sitting out
Seat 3: Manifestorr ($100.13 in chips) is sitting out
Seat 4: XneferX ($144.21 in chips) is sitting out
Seat 1: nastja336 ($100.50 in chips) 
Seat 5: Takkitta88 ($17.49 in chips) 
Seat 6: nikalas22 ($105.42 in chips) 
nikalas22: posts small blind $0.50
nastja336: posts big blind $1
pr0tecto: sits out 
Manifestorr: sits out 
XneferX: sits out 
*** HOLE CARDS ***
Takkitta88: calls $1
nikalas22: folds 
nastja336: checks 
*** FLOP *** [4c 7s 2d]
nastja336: checks 
Takkitta88: checks 
*** TURN *** [4c 7s 2d] [7h]
nastja336: bets $1.19
Takkitta88: folds 
Uncalled bet ($1.19) returned to nastja336
nastja336 collected $2.38 from pot
nastja336: doesn't show hand 
*** SUMMARY ***
Total pot $2.50 | Rake $0.12 
Board [4c 7s 2d 7h]
Seat 2: pr0tecto
Seat 3: Manifestorr
Seat 4: XneferX
Seat 1: nastja336 (big blind) collected ($2.38)
Seat 5: Takkitta88 (button) folded on the Turn
Seat 6: nikalas22 (small blind) folded before Flop



PokerStars Hand #254554468420:  Hold'em No Limit ($0.50/$1.00 USD) - 2025/01/25 23:39:14 WET [2025/01/25 18:39:14 ET]
Table 'Tone IV' 6-max Seat #6 is the button
Seat 3: Manifestorr ($100.13 in chips) is sitting out
Seat 4: XneferX ($144.21 in chips) is sitting out
Seat 1: nastja336 ($101.88 in chips) 
Seat 2: pr0tecto ($100 in chips) 
Seat 5: Takkitta88 ($16.49 in chips) 
Seat 6: nikalas22 ($104.92 in chips) 
nastja336: posts small blind $0.50
pr0tecto: posts big blind $1
Manifestorr: sits out 
XneferX: sits out 
*** HOLE CARDS ***
Takkitta88: folds 
nikalas22: folds 
nastja336: folds 
Uncalled bet ($0.50) returned to pr0tecto
pr0tecto collected $1 from pot
pr0tecto: doesn't show hand 
*** SUMMARY ***
Total pot $1 | Rake $0 
Seat 3: Manifestorr
Seat 4: XneferX
Seat 1: nastja336 (small blind) folded before Flop
Seat 2: pr0tecto (big blind) collected ($1)
Seat 5: Takkitta88 folded before Flop (didn't bet)
Seat 6: nikalas22 (button) folded before Flop (didn't bet)



PokerStars Hand #254554472248:  Hold'em No Limit ($0.50/$1.00 USD) - 2025/01/25 23:39:30 WET [2025/01/25 18:39:30 ET]
Table 'Tone IV' 6-max Seat #1 is the button
Seat 4: XneferX ($144.21 in chips) is sitting out
Seat 1: nastja336 ($101.38 in chips) 
Seat 2: pr0tecto ($100.50 in chips) 
Seat 3: Manifestorr ($100.13 in chips) 
Seat 5: Takkitta88 ($16.49 in chips) 
Seat 6: nikalas22 ($104.92 in chips) 
pr0tecto: posts small blind $0.50
Manifestorr: posts big blind $1
XneferX: sits out 
*** HOLE CARDS ***
Takkitta88: calls $1
nikalas22: folds 
nastja336: folds 
pr0tecto: raises $3.50 to $4.50
Manifestorr: folds 
Takkitta88: calls $3.50
*** FLOP *** [5s 4s 4d]
pr0tecto: bets $96 and is all-in
Takkitta88: folds 
Uncalled bet ($96) returned to pr0tecto
pr0tecto collected $9.50 from pot
pr0tecto: doesn't show hand 
*** SUMMARY ***
Total pot $10 | Rake $0.50 
Board [5s 4s 4d]
Seat 4: XneferX
Seat 1: nastja336 (button) folded before Flop (didn't bet)
Seat 2: pr0tecto (small blind) collected ($9.50)
Seat 3: Manifestorr (big blind) folded before Flop
Seat 5: Takkitta88 folded on the Flop
Seat 6: nikalas22 folded before Flop (didn't bet)



PokerStars Hand #254554482196:  Hold'em No Limit ($0.50/$1.00 USD) - 2025/01/25 23:40:09 WET [2025/01/25 18:40:09 ET]
Table 'Tone IV' 6-max Seat #2 is the button
Seat 1: nastja336 ($101.38 in chips) 
Seat 2: pr0tecto ($105.50 in chips) 
Seat 3: Manifestorr ($100 in chips) 
Seat 4: XneferX ($144.21 in chips) 
Seat 5: Takkitta88 ($11.99 in chips) 
Seat 6: nikalas22 ($104.92 in chips) 
Manifestorr: posts small blind $0.50
XneferX: posts big blind $1
*** HOLE CARDS ***
Takkitta88: folds 
nikalas22: folds 
nastja336: folds 
pr0tecto: raises $2 to $3
Manifestorr: folds 
XneferX: folds 
Uncalled bet ($2) returned to pr0tecto
pr0tecto collected $2.50 from pot
pr0tecto: doesn't show hand 
*** SUMMARY ***
Total pot $2.50 | Rake $0 
Seat 1: nastja336 folded before Flop (didn't bet)
Seat 2: pr0tecto (button) collected ($2.50)
Seat 3: Manifestorr (small blind) folded before Flop
Seat 4: XneferX (big blind) folded before Flop
Seat 5: Takkitta88 folded before Flop (didn't bet)
Seat 6: nikalas22 folded before Flop (didn't bet)



PokerStars Hand #254554487115:  Hold'em No Limit ($0.50/$1.00 USD) - 2025/01/25 23:40:29 WET [2025/01/25 18:40:29 ET]
Table 'Tone IV' 6-max Seat #3 is the button
Seat 1: nastja336 ($101.38 in chips) 
Seat 2: pr0tecto ($107 in chips) 
Seat 3: Manifestorr ($100 in chips) 
Seat 4: XneferX ($143.21 in chips) 
Seat 5: Takkitta88 ($11.99 in chips) 
Seat 6: nikalas22 ($104.92 in chips) 
XneferX: posts small blind $0.50
Takkitta88: posts big blind $1
*** HOLE CARDS ***
nikalas22: folds 
nastja336: folds 
pr0tecto: raises $1.20 to $2.20
Manifestorr: folds 
XneferX: folds 
Takkitta88: calls $1.20
*** FLOP *** [Js 3s 9h]
Takkitta88: bets $1
pr0tecto: raises $2 to $3
Takkitta88: raises $6.79 to $9.79 and is all-in
pr0tecto: calls $6.79
*** TURN *** [Js 3s 9h] [7h]
*** RIVER *** [Js 3s 9h 7h] [3c]
*** SHOW DOWN ***
Takkitta88: shows [4s Qs] (a pair of Threes)
pr0tecto: shows [3d 3h] (four of a kind, Threes)
pr0tecto collected $23.26 from pot
*** SUMMARY ***
Total pot $24.48 | Rake $1.22 
Board [Js 3s 9h 7h 3c]
Seat 1: nastja336 folded before Flop (didn't bet)
Seat 2: pr0tecto showed [3d 3h] and won ($23.26) with four of a kind, Threes
Seat 3: Manifestorr (button) folded before Flop (didn't bet)
Seat 4: XneferX (small blind) folded before Flop
Seat 5: Takkitta88 (big blind) showed [4s Qs] and lost with a pair of Threes
Seat 6: nikalas22 folded before Flop (didn't bet)



PokerStars Hand #254554498388:  Hold'em No Limit ($0.50/$1.00 USD) - 2025/01/25 23:41:13 WET [2025/01/25 18:41:13 ET]
Table 'Tone IV' 6-max Seat #4 is the button
Seat 5: Takkitta88 ($0 in chips) is sitting out
Seat 1: nastja336 ($101.38 in chips) 
Seat 2: pr0tecto ($118.27 in chips) 
Seat 3: Manifestorr ($100 in chips) 
Seat 4: XneferX ($142.71 in chips) 
Seat 6: nikalas22 ($104.92 in chips) 
nikalas22: posts small blind $0.50
nastja336: posts big blind $1
*** HOLE CARDS ***
Takkitta88 is disconnected 
pr0tecto: folds 
Manifestorr: folds 
XneferX: folds 
nikalas22: folds 
Uncalled bet ($0.50) returned to nastja336
nastja336 collected $1 from pot
nastja336: doesn't show hand 
*** SUMMARY ***
Total pot $1 | Rake $0 
Seat 5: Takkitta88
Seat 1: nastja336 (big blind) collected ($1)
Seat 2: pr0tecto folded before Flop (didn't bet)
Seat 3: Manifestorr folded before Flop (didn't bet)
Seat 4: XneferX (button) folded before Flop (didn't bet)
Seat 6: nikalas22 (small blind) folded before Flop



PokerStars Hand #254554505027:  Hold'em No Limit ($0.50/$1.00 USD) - 2025/01/25 23:41:40 WET [2025/01/25 18:41:40 ET]
Table 'Tone IV' 6-max Seat #6 is the button
Seat 2: pr0tecto ($118.27 in chips) is sitting out
Seat 5: Takkitta88 ($0 in chips) is sitting out
Seat 1: nastja336 ($101.88 in chips) 
Seat 3: Manifestorr ($100 in chips) 
Seat 4: XneferX ($142.71 in chips) 
Seat 6: nikalas22 ($104.42 in chips) 
nastja336: posts small blind $0.50
pr0tecto: is sitting out 
Manifestorr: posts big blind $1
*** HOLE CARDS ***
XneferX: folds 
nikalas22: folds 
nastja336: raises $2 to $3
pr0tecto leaves the table
Manifestorr: folds 
Uncalled bet ($2) returned to nastja336
XneferX leaves the table
nastja336 collected $2 from pot
nastja336: doesn't show hand 
*** SUMMARY ***
Total pot $2 | Rake $0 
Seat 2: pr0tecto
Seat 5: Takkitta88
Seat 1: nastja336 (small blind) collected ($2)
Seat 3: Manifestorr (big blind) folded before Flop
Seat 4: XneferX folded before Flop (didn't bet)
Seat 6: nikalas22 (button) folded before Flop (didn't bet)



PokerStars Hand #254554509096:  Hold'em No Limit ($0.50/$1.00 USD) - 2025/01/25 23:41:56 WET [2025/01/25 18:41:56 ET]
Table 'Tone IV' 6-max Seat #1 is the button
Seat 5: Takkitta88 ($0 in chips) is sitting out
Seat 1: nastja336 ($102.88 in chips) 
Seat 3: Manifestorr ($100 in chips) 
Seat 6: nikalas22 ($104.42 in chips) 
Manifestorr: posts small blind $0.50
nikalas22: posts big blind $1
*** HOLE CARDS ***
nastja336: folds 
Manifestorr: folds 
Uncalled bet ($0.50) returned to nikalas22
nikalas22 collected $1 from pot
nikalas22: doesn't show hand 
*** SUMMARY ***
Total pot $1 | Rake $0 
Seat 5: Takkitta88
Seat 1: nastja336 (button) folded before Flop (didn't bet)
Seat 3: Manifestorr (small blind) folded before Flop
Seat 6: nikalas22 (big blind) collected ($1)



