PokerStars Hand #254544385158:  Hold'em No Limit ($0.50/$1.00 USD) - 2025/01/25 12:45:29 WET [2025/01/25 7:45:29 ET]
Table 'Hugo IV' 6-max Seat #5 is the button
Seat 1: tintin641 ($105 in chips) 
Seat 2: whlzor ($104 in chips) 
Seat 3: Spac396 ($104.68 in chips) 
Seat 4: KarP93 ($100 in chips) 
Seat 5: gohome78 ($8.70 in chips) 
Seat 6: equilibrium_tv ($98.50 in chips) 
equilibrium_tv: posts small blind $0.50
tintin641: posts big blind $1
*** HOLE CARDS ***
whlzor: folds 
Spac396: folds 
KarP93: folds 
gohome78: folds 
equilibrium_tv: raises $2 to $3
tintin641: folds 
Uncalled bet ($2) returned to equilibrium_tv
equilibrium_tv collected $2 from pot
*** SUMMARY ***
Total pot $2 | Rake $0 
Seat 1: tintin641 (big blind) folded before Flop
Seat 2: whlzor folded before Flop (didn't bet)
Seat 3: Spac396 folded before Flop (didn't bet)
Seat 4: KarP93 folded before Flop (didn't bet)
Seat 5: gohome78 (button) folded before Flop (didn't bet)
Seat 6: equilibrium_tv (small blind) collected ($2)



PokerStars Hand #254544387891:  Hold'em No Limit ($0.50/$1.00 USD) - 2025/01/25 12:45:45 WET [2025/01/25 7:45:45 ET]
Table 'Hugo IV' 6-max Seat #6 is the button
Seat 1: tintin641 ($104 in chips) 
Seat 2: whlzor ($104 in chips) 
Seat 3: Spac396 ($104.68 in chips) 
Seat 4: KarP93 ($100 in chips) 
Seat 5: gohome78 ($8.70 in chips) 
Seat 6: equilibrium_tv ($99.50 in chips) 
tintin641: posts small blind $0.50
whlzor: posts big blind $1
*** HOLE CARDS ***
Spac396: calls $1
KarP93: raises $4 to $5
gohome78: folds 
equilibrium_tv: folds 
tintin641: folds 
whlzor: folds 
Spac396: calls $4
*** FLOP *** [6c 6h Ts]
Spac396: checks 
KarP93: bets $3.60
Spac396: calls $3.60
*** TURN *** [6c 6h Ts] [9s]
Spac396: checks 
KarP93: bets $13.32
Spac396: folds 
Uncalled bet ($13.32) returned to KarP93
KarP93 collected $17.76 from pot
KarP93: doesn't show hand 
*** SUMMARY ***
Total pot $18.70 | Rake $0.94 
Board [6c 6h Ts 9s]
Seat 1: tintin641 (small blind) folded before Flop
Seat 2: whlzor (big blind) folded before Flop
Seat 3: Spac396 folded on the Turn
Seat 4: KarP93 collected ($17.76)
Seat 5: gohome78 folded before Flop (didn't bet)
Seat 6: equilibrium_tv (button) folded before Flop (didn't bet)



PokerStars Hand #254544393944:  Hold'em No Limit ($0.50/$1.00 USD) - 2025/01/25 12:46:23 WET [2025/01/25 7:46:23 ET]
Table 'Hugo IV' 6-max Seat #1 is the button
Seat 1: tintin641 ($103.50 in chips) 
Seat 2: whlzor ($103 in chips) 
Seat 3: Spac396 ($96.08 in chips) 
Seat 4: KarP93 ($109.16 in chips) 
Seat 5: gohome78 ($8.70 in chips) 
Seat 6: equilibrium_tv ($99.50 in chips) 
whlzor: posts small blind $0.50
Spac396: posts big blind $1
*** HOLE CARDS ***
KarP93: folds 
gohome78: folds 
equilibrium_tv: folds 
tintin641: raises $1.50 to $2.50
whlzor: folds 
Spac396: calls $1.50
*** FLOP *** [Qh Ts 2s]
Spac396: checks 
tintin641: bets $1.72
Spac396: folds 
Uncalled bet ($1.72) returned to tintin641
tintin641 collected $5.22 from pot
tintin641: doesn't show hand 
*** SUMMARY ***
Total pot $5.50 | Rake $0.28 
Board [Qh Ts 2s]
Seat 1: tintin641 (button) collected ($5.22)
Seat 2: whlzor (small blind) folded before Flop
Seat 3: Spac396 (big blind) folded on the Flop
Seat 4: KarP93 folded before Flop (didn't bet)
Seat 5: gohome78 folded before Flop (didn't bet)
Seat 6: equilibrium_tv folded before Flop (didn't bet)



PokerStars Hand #254544398629:  Hold'em No Limit ($0.50/$1.00 USD) - 2025/01/25 12:46:53 WET [2025/01/25 7:46:53 ET]
Table 'Hugo IV' 6-max Seat #2 is the button
Seat 4: KarP93 ($109.16 in chips) is sitting out
Seat 1: tintin641 ($106.22 in chips) 
Seat 2: whlzor ($102.50 in chips) 
Seat 3: Spac396 ($93.58 in chips) 
Seat 5: gohome78 ($8.70 in chips) 
Seat 6: equilibrium_tv ($99.50 in chips) 
Spac396: posts small blind $0.50
KarP93: is sitting out 
gohome78: posts big blind $1
*** HOLE CARDS ***
equilibrium_tv: folds 
tintin641: folds 
whlzor: folds 
Spac396: calls $0.50
gohome78: checks 
*** FLOP *** [Qc 5c 8c]
Spac396: checks 
gohome78: bets $1.90
Spac396: calls $1.90
*** TURN *** [Qc 5c 8c] [6d]
Spac396: checks 
gohome78: bets $5.51
Spac396: calls $5.51
*** RIVER *** [Qc 5c 8c 6d] [Kd]
Spac396: checks 
gohome78: checks 
*** SHOW DOWN ***
Spac396: shows [5d 6c] (two pair, Sixes and Fives)
gohome78: mucks hand 
Spac396 collected $15.98 from pot
*** SUMMARY ***
Total pot $16.82 | Rake $0.84 
Board [Qc 5c 8c 6d Kd]
Seat 4: KarP93
Seat 1: tintin641 folded before Flop (didn't bet)
Seat 2: whlzor (button) folded before Flop (didn't bet)
Seat 3: Spac396 (small blind) showed [5d 6c] and won ($15.98) with two pair, Sixes and Fives
Seat 5: gohome78 (big blind) mucked
Seat 6: equilibrium_tv folded before Flop (didn't bet)



PokerStars Hand #254544403919:  Hold'em No Limit ($0.50/$1.00 USD) - 2025/01/25 12:47:25 WET [2025/01/25 7:47:25 ET]
Table 'Hugo IV' 6-max Seat #3 is the button
Seat 4: KarP93 ($109.16 in chips) is sitting out
Seat 5: gohome78 ($0.29 in chips) is sitting out
Seat 1: tintin641 ($106.22 in chips) 
Seat 2: whlzor ($102.50 in chips) 
Seat 3: Spac396 ($101.15 in chips) 
Seat 6: equilibrium_tv ($99.50 in chips) 
equilibrium_tv: posts small blind $0.50
tintin641: posts big blind $1
*** HOLE CARDS ***
KarP93 leaves the table
whlzor: folds 
Spac396: folds 
equilibrium_tv: folds 
Uncalled bet ($0.50) returned to tintin641
tintin641 collected $1 from pot
tintin641: doesn't show hand 
*** SUMMARY ***
Total pot $1 | Rake $0 
Seat 4: KarP93
Seat 5: gohome78
Seat 1: tintin641 (big blind) collected ($1)
Seat 2: whlzor folded before Flop (didn't bet)
Seat 3: Spac396 (button) folded before Flop (didn't bet)
Seat 6: equilibrium_tv (small blind) folded before Flop



PokerStars Hand #254544405300:  Hold'em No Limit ($0.50/$1.00 USD) - 2025/01/25 12:47:34 WET [2025/01/25 7:47:34 ET]
Table 'Hugo IV' 6-max Seat #6 is the button
Seat 1: tintin641 ($106.72 in chips) 
Seat 2: whlzor ($102.50 in chips) 
Seat 3: Spac396 ($101.15 in chips) 
Seat 5: gohome78 ($10 in chips) 
Seat 6: equilibrium_tv ($99 in chips) 
tintin641: posts small blind $0.50
whlzor: posts big blind $1
gohome78: posts small blind $0.50
*** HOLE CARDS ***
Spac396: folds 
gohome78: folds 
equilibrium_tv: folds 
tintin641: raises $2 to $3
whlzor: folds 
Uncalled bet ($2) returned to tintin641
tintin641 collected $2.50 from pot
tintin641: doesn't show hand 
*** SUMMARY ***
Total pot $2.50 | Rake $0 
Seat 1: tintin641 (small blind) collected ($2.50)
Seat 2: whlzor (big blind) folded before Flop
Seat 3: Spac396 folded before Flop (didn't bet)
Seat 5: gohome78 folded before Flop (didn't bet)
Seat 6: equilibrium_tv (button) folded before Flop (didn't bet)



PokerStars Hand #254544407090:  Hold'em No Limit ($0.50/$1.00 USD) - 2025/01/25 12:47:45 WET [2025/01/25 7:47:45 ET]
Table 'Hugo IV' 6-max Seat #1 is the button
Seat 1: tintin641 ($108.22 in chips) 
Seat 2: whlzor ($101.50 in chips) 
Seat 3: Spac396 ($101.15 in chips) 
Seat 5: gohome78 ($9.50 in chips) 
Seat 6: equilibrium_tv ($99 in chips) 
whlzor: posts small blind $0.50
Spac396: posts big blind $1
*** HOLE CARDS ***
gohome78: raises $8.50 to $9.50 and is all-in
equilibrium_tv: calls $9.50
tintin641: folds 
whlzor: folds 
Spac396: folds 
*** FLOP *** [5h 5c 7c]
*** TURN *** [5h 5c 7c] [Ts]
*** RIVER *** [5h 5c 7c Ts] [3c]
*** SHOW DOWN ***
gohome78: shows [As 8d] (a pair of Fives)
equilibrium_tv: shows [Qc Ah] (a pair of Fives - Ace+Queen kicker)
equilibrium_tv collected $19.48 from pot
gohome78 cashed out the hand for $5.15 | Cash Out Fee $0.11
*** SUMMARY ***
Total pot $20.50 | Rake $1.02 
Board [5h 5c 7c Ts 3c]
Seat 1: tintin641 (button) folded before Flop (didn't bet)
Seat 2: whlzor (small blind) folded before Flop
Seat 3: Spac396 (big blind) folded before Flop
Seat 5: gohome78 showed [As 8d] and lost with a pair of Fives (cashed out).
Seat 6: equilibrium_tv showed [Qc Ah] and won ($19.48) with a pair of Fives



PokerStars Hand #254544410286:  Hold'em No Limit ($0.50/$1.00 USD) - 2025/01/25 12:48:05 WET [2025/01/25 7:48:05 ET]
Table 'Hugo IV' 6-max Seat #2 is the button
Seat 1: tintin641 ($108.22 in chips) 
Seat 2: whlzor ($101 in chips) 
Seat 3: Spac396 ($100.15 in chips) 
Seat 5: gohome78 ($5.15 in chips) 
Seat 6: equilibrium_tv ($108.98 in chips) 
Spac396: posts small blind $0.50
gohome78: posts big blind $1
*** HOLE CARDS ***
equilibrium_tv: folds 
tintin641: folds 
whlzor: folds 
Spac396: calls $0.50
gohome78: checks 
*** FLOP *** [Tc 8c Jh]
Spac396: checks 
gohome78: bets $1
Spac396: calls $1
*** TURN *** [Tc 8c Jh] [9c]
Spac396: checks 
gohome78: checks 
*** RIVER *** [Tc 8c Jh 9c] [Ts]
Spac396: bets $98.15 and is all-in
gohome78: calls $3.15 and is all-in
Uncalled bet ($95) returned to Spac396
*** SHOW DOWN ***
Spac396: shows [Qc 5d] (a straight, Eight to Queen)
gohome78: shows [5c Td] (three of a kind, Tens)
Spac396 collected $9.78 from pot
*** SUMMARY ***
Total pot $10.30 | Rake $0.52 
Board [Tc 8c Jh 9c Ts]
Seat 1: tintin641 folded before Flop (didn't bet)
Seat 2: whlzor (button) folded before Flop (didn't bet)
Seat 3: Spac396 (small blind) showed [Qc 5d] and won ($9.78) with a straight, Eight to Queen
Seat 5: gohome78 (big blind) showed [5c Td] and lost with three of a kind, Tens
Seat 6: equilibrium_tv folded before Flop (didn't bet)



PokerStars Hand #254544414028:  Hold'em No Limit ($0.50/$1.00 USD) - 2025/01/25 12:48:28 WET [2025/01/25 7:48:28 ET]
Table 'Hugo IV' 6-max Seat #3 is the button
Seat 5: gohome78 ($0 in chips) is sitting out
Seat 1: tintin641 ($108.22 in chips) 
Seat 2: whlzor ($101 in chips) 
Seat 3: Spac396 ($104.78 in chips) 
Seat 6: equilibrium_tv ($108.98 in chips) 
equilibrium_tv: posts small blind $0.50
tintin641: posts big blind $1
*** HOLE CARDS ***
whlzor: folds 
Spac396: calls $1
equilibrium_tv: folds 
tintin641: raises $4 to $5
Spac396: calls $4
*** FLOP *** [Qs 8c Tc]
tintin641: checks 
Spac396: checks 
*** TURN *** [Qs 8c Tc] [4s]
coeeeelho joins the table at seat #4 
tintin641: bets $7.49
Spac396: calls $7.49
*** RIVER *** [Qs 8c Tc 4s] [7s]
tintin641: bets $18.36
Spac396: calls $18.36
*** SHOW DOWN ***
tintin641: shows [9d As] (high card Ace)
Spac396: shows [Kh Ks] (a pair of Kings)
Spac396 collected $61.20 from pot
*** SUMMARY ***
Total pot $62.20 | Rake $1 
Board [Qs 8c Tc 4s 7s]
Seat 5: gohome78
Seat 1: tintin641 (big blind) showed [9d As] and lost with high card Ace
Seat 2: whlzor folded before Flop (didn't bet)
Seat 3: Spac396 (button) showed [Kh Ks] and won ($61.20) with a pair of Kings
Seat 6: equilibrium_tv (small blind) folded before Flop



PokerStars Hand #254544422279:  Hold'em No Limit ($0.50/$1.00 USD) - 2025/01/25 12:49:19 WET [2025/01/25 7:49:19 ET]
Table 'Hugo IV' 6-max Seat #6 is the button
Seat 4: coeeeelho ($100 in chips) is sitting out
Seat 1: tintin641 ($100 in chips) 
Seat 2: whlzor ($101 in chips) 
Seat 3: Spac396 ($135.13 in chips) 
Seat 5: gohome78 ($10 in chips) 
Seat 6: equilibrium_tv ($108.48 in chips) 
tintin641: posts small blind $0.50
whlzor: posts big blind $1
coeeeelho: sits out 
gohome78: posts small blind $0.50
*** HOLE CARDS ***
Spac396: calls $1
gohome78: folds 
equilibrium_tv: raises $3 to $4
tintin641: folds 
whlzor: calls $3
Spac396: calls $3
*** FLOP *** [9c 4s 3d]
whlzor: checks 
Spac396: checks 
equilibrium_tv: bets $4.08
whlzor: folds 
Spac396: calls $4.08
*** TURN *** [9c 4s 3d] [2s]
Spac396: checks 
equilibrium_tv: bets $10.05
Spac396: calls $10.05
*** RIVER *** [9c 4s 3d 2s] [Ac]
Spac396: checks 
equilibrium_tv: bets $29.40
Spac396: calls $29.40
*** SHOW DOWN ***
equilibrium_tv: shows [5h 5c] (a straight, Ace to Five)
Spac396: mucks hand 
equilibrium_tv collected $97.56 from pot
*** SUMMARY ***
Total pot $100.06 | Rake $2.50 
Board [9c 4s 3d 2s Ac]
Seat 4: coeeeelho
Seat 1: tintin641 (small blind) folded before Flop
Seat 2: whlzor (big blind) folded on the Flop
Seat 3: Spac396 mucked
Seat 5: gohome78 folded before Flop (didn't bet)
Seat 6: equilibrium_tv (button) showed [5h 5c] and won ($97.56) with a straight, Ace to Five



PokerStars Hand #254544432638:  Hold'em No Limit ($0.50/$1.00 USD) - 2025/01/25 12:50:23 WET [2025/01/25 7:50:23 ET]
Table 'Hugo IV' 6-max Seat #1 is the button
Seat 4: coeeeelho ($100 in chips) is sitting out
Seat 1: tintin641 ($100 in chips) 
Seat 2: whlzor ($100 in chips) 
Seat 3: Spac396 ($87.60 in chips) 
Seat 5: gohome78 ($9.50 in chips) 
Seat 6: equilibrium_tv ($158.51 in chips) 
whlzor: posts small blind $0.50
Spac396: posts big blind $1
coeeeelho: sits out 
*** HOLE CARDS ***
gohome78: raises $8.50 to $9.50 and is all-in
equilibrium_tv: folds 
tintin641: folds 
whlzor: folds 
Spac396: calls $8.50
*** FLOP *** [5s Qh Kd]
*** TURN *** [5s Qh Kd] [7h]
*** RIVER *** [5s Qh Kd 7h] [9s]
*** SHOW DOWN ***
Spac396: shows [Qs 4s] (a pair of Queens)
gohome78: shows [3h Ac] (high card Ace)
Spac396 collected $18.52 from pot
gohome78 cashed out the hand for $10.34 | Cash Out Fee $0.21
*** SUMMARY ***
Total pot $19.50 | Rake $0.98 
Board [5s Qh Kd 7h 9s]
Seat 4: coeeeelho
Seat 1: tintin641 (button) folded before Flop (didn't bet)
Seat 2: whlzor (small blind) folded before Flop
Seat 3: Spac396 (big blind) showed [Qs 4s] and won ($18.52) with a pair of Queens
Seat 5: gohome78 showed [3h Ac] and lost with high card Ace (cashed out).
Seat 6: equilibrium_tv folded before Flop (didn't bet)



PokerStars Hand #254544437441:  Hold'em No Limit ($0.50/$1.00 USD) - 2025/01/25 12:50:53 WET [2025/01/25 7:50:53 ET]
Table 'Hugo IV' 6-max Seat #2 is the button
Seat 1: tintin641 ($100 in chips) 
Seat 2: whlzor ($100 in chips) 
Seat 3: Spac396 ($96.62 in chips) 
Seat 4: coeeeelho ($100 in chips) 
Seat 5: gohome78 ($10.34 in chips) 
Seat 6: equilibrium_tv ($158.51 in chips) 
Spac396: posts small blind $0.50
coeeeelho: posts big blind $1
*** HOLE CARDS ***
gohome78: folds 
equilibrium_tv: folds 
tintin641: folds 
whlzor: raises $2 to $3
Spac396: raises $93.62 to $96.62 and is all-in
coeeeelho: folds 
whlzor: folds 
Uncalled bet ($93.62) returned to Spac396
Spac396 collected $7 from pot
*** SUMMARY ***
Total pot $7 | Rake $0 
Seat 1: tintin641 folded before Flop (didn't bet)
Seat 2: whlzor (button) folded before Flop
Seat 3: Spac396 (small blind) collected ($7)
Seat 4: coeeeelho (big blind) folded before Flop
Seat 5: gohome78 folded before Flop (didn't bet)
Seat 6: equilibrium_tv folded before Flop (didn't bet)



PokerStars Hand #254544440267:  Hold'em No Limit ($0.50/$1.00 USD) - 2025/01/25 12:51:11 WET [2025/01/25 7:51:11 ET]
Table 'Hugo IV' 6-max Seat #3 is the button
Seat 5: gohome78 ($10.34 in chips) is sitting out
Seat 1: tintin641 ($100 in chips) 
Seat 2: whlzor ($100 in chips) 
Seat 3: Spac396 ($100.62 in chips) 
Seat 4: coeeeelho ($100 in chips) 
Seat 6: equilibrium_tv ($158.51 in chips) 
coeeeelho: posts small blind $0.50
gohome78: is sitting out 
equilibrium_tv: posts big blind $1
*** HOLE CARDS ***
tintin641: raises $1.50 to $2.50
whlzor: folds 
gohome78 leaves the table
Spac396: folds 
coeeeelho: folds 
equilibrium_tv: folds 
Uncalled bet ($1.50) returned to tintin641
tintin641 collected $2.50 from pot
tintin641: doesn't show hand 
*** SUMMARY ***
Total pot $2.50 | Rake $0 
Seat 5: gohome78
Seat 1: tintin641 collected ($2.50)
Seat 2: whlzor folded before Flop (didn't bet)
Seat 3: Spac396 (button) folded before Flop (didn't bet)
Seat 4: coeeeelho (small blind) folded before Flop
Seat 6: equilibrium_tv (big blind) folded before Flop



PokerStars Hand #254544443436:  Hold'em No Limit ($0.50/$1.00 USD) - 2025/01/25 12:51:30 WET [2025/01/25 7:51:30 ET]
Table 'Hugo IV' 6-max Seat #4 is the button
Seat 1: tintin641 ($101.50 in chips) 
Seat 2: whlzor ($100 in chips) 
Seat 3: Spac396 ($100.62 in chips) 
Seat 4: coeeeelho ($100 in chips) 
Seat 6: equilibrium_tv ($157.51 in chips) 
equilibrium_tv: posts small blind $0.50
tintin641: posts big blind $1
*** HOLE CARDS ***
whlzor: folds 
Spac396: calls $1
coeeeelho: raises $3.20 to $4.20
equilibrium_tv: folds 
tintin641: raises $9.80 to $14
Kristo 914 joins the table at seat #5 
Spac396: calls $13
coeeeelho: calls $9.80
*** FLOP *** [6s Jc 9h]
tintin641: checks 
Spac396: bets $86.62 and is all-in
coeeeelho: folds 
tintin641: folds 
Uncalled bet ($86.62) returned to Spac396
Spac396 collected $40.38 from pot
*** SUMMARY ***
Total pot $42.50 | Rake $2.12 
Board [6s Jc 9h]
Seat 1: tintin641 (big blind) folded on the Flop
Seat 2: whlzor folded before Flop (didn't bet)
Seat 3: Spac396 collected ($40.38)
Seat 4: coeeeelho (button) folded on the Flop
Seat 6: equilibrium_tv (small blind) folded before Flop



PokerStars Hand #254544454844:  Hold'em No Limit ($0.50/$1.00 USD) - 2025/01/25 12:52:41 WET [2025/01/25 7:52:41 ET]
Table 'Hugo IV' 6-max Seat #6 is the button
Seat 5: Kristo 914 ($100 in chips) is sitting out
Seat 1: tintin641 ($100 in chips) 
Seat 2: whlzor ($100 in chips) 
Seat 3: Spac396 ($127 in chips) 
Seat 4: coeeeelho ($100 in chips) 
Seat 6: equilibrium_tv ($157.01 in chips) 
tintin641: posts small blind $0.50
whlzor: posts big blind $1
Kristo 914: sits out 
*** HOLE CARDS ***
Spac396: folds 
coeeeelho: raises $1.30 to $2.30
equilibrium_tv: folds 
tintin641: folds 
whlzor: calls $1.30
*** FLOP *** [4h Qs 7s]
whlzor: checks 
coeeeelho: bets $1.21
whlzor: folds 
Uncalled bet ($1.21) returned to coeeeelho
coeeeelho collected $4.84 from pot
*** SUMMARY ***
Total pot $5.10 | Rake $0.26 
Board [4h Qs 7s]
Seat 5: Kristo 914
Seat 1: tintin641 (small blind) folded before Flop
Seat 2: whlzor (big blind) folded on the Flop
Seat 3: Spac396 folded before Flop (didn't bet)
Seat 4: coeeeelho collected ($4.84)
Seat 6: equilibrium_tv (button) folded before Flop (didn't bet)



PokerStars Hand #254544461362:  Hold'em No Limit ($0.50/$1.00 USD) - 2025/01/25 12:53:21 WET [2025/01/25 7:53:21 ET]
Table 'Hugo IV' 6-max Seat #1 is the button
Seat 5: Kristo 914 ($100 in chips) is sitting out
Seat 1: tintin641 ($100 in chips) 
Seat 2: whlzor ($100 in chips) 
Seat 3: Spac396 ($127 in chips) 
Seat 4: coeeeelho ($102.54 in chips) 
Seat 6: equilibrium_tv ($157.01 in chips) 
whlzor: posts small blind $0.50
Spac396: posts big blind $1
Kristo 914: sits out 
*** HOLE CARDS ***
coeeeelho: raises $1.10 to $2.10
equilibrium_tv: folds 
tintin641: folds 
whlzor: folds 
Spac396: calls $1.10
*** FLOP *** [5d Kd Jc]
Spac396: checks 
coeeeelho: checks 
*** TURN *** [5d Kd Jc] [5s]
Spac396: bets $2
coeeeelho: folds 
Uncalled bet ($2) returned to Spac396
Spac396 collected $4.46 from pot
*** SUMMARY ***
Total pot $4.70 | Rake $0.24 
Board [5d Kd Jc 5s]
Seat 5: Kristo 914
Seat 1: tintin641 (button) folded before Flop (didn't bet)
Seat 2: whlzor (small blind) folded before Flop
Seat 3: Spac396 (big blind) collected ($4.46)
Seat 4: coeeeelho folded on the Turn
Seat 6: equilibrium_tv folded before Flop (didn't bet)



PokerStars Hand #254544468762:  Hold'em No Limit ($0.50/$1.00 USD) - 2025/01/25 12:54:08 WET [2025/01/25 7:54:08 ET]
Table 'Hugo IV' 6-max Seat #2 is the button
Seat 5: Kristo 914 ($100 in chips) is sitting out
Seat 1: tintin641 ($100 in chips) 
Seat 2: whlzor ($100 in chips) 
Seat 3: Spac396 ($129.36 in chips) 
Seat 4: coeeeelho ($100.44 in chips) 
Seat 6: equilibrium_tv ($157.01 in chips) 
Spac396: posts small blind $0.50
coeeeelho: posts big blind $1
Kristo 914: sits out 
*** HOLE CARDS ***
equilibrium_tv: folds 
tintin641: folds 
whlzor: folds 
Spac396: calls $0.50
coeeeelho: checks 
*** FLOP *** [3c Qc 7d]
Spac396: checks 
coeeeelho: bets $2
Spac396: folds 
Uncalled bet ($2) returned to coeeeelho
coeeeelho collected $1.90 from pot
*** SUMMARY ***
Total pot $2 | Rake $0.10 
Board [3c Qc 7d]
Seat 5: Kristo 914
Seat 1: tintin641 folded before Flop (didn't bet)
Seat 2: whlzor (button) folded before Flop (didn't bet)
Seat 3: Spac396 (small blind) folded on the Flop
Seat 4: coeeeelho (big blind) collected ($1.90)
Seat 6: equilibrium_tv folded before Flop (didn't bet)



PokerStars Hand #254544473074:  Hold'em No Limit ($0.50/$1.00 USD) - 2025/01/25 12:54:34 WET [2025/01/25 7:54:34 ET]
Table 'Hugo IV' 6-max Seat #3 is the button
Seat 1: tintin641 ($100 in chips) 
Seat 2: whlzor ($100 in chips) 
Seat 3: Spac396 ($128.36 in chips) 
Seat 4: coeeeelho ($101.34 in chips) 
Seat 5: Kristo 914 ($100 in chips) 
Seat 6: equilibrium_tv ($157.01 in chips) 
coeeeelho: posts small blind $0.50
Kristo 914: posts big blind $1
*** HOLE CARDS ***
equilibrium_tv: folds 
tintin641: folds 
whlzor: folds 
Spac396: folds 
coeeeelho: raises $2 to $3
Kristo 914: folds 
Uncalled bet ($2) returned to coeeeelho
coeeeelho collected $2 from pot
*** SUMMARY ***
Total pot $2 | Rake $0 
Seat 1: tintin641 folded before Flop (didn't bet)
Seat 2: whlzor folded before Flop (didn't bet)
Seat 3: Spac396 (button) folded before Flop (didn't bet)
Seat 4: coeeeelho (small blind) collected ($2)
Seat 5: Kristo 914 (big blind) folded before Flop
Seat 6: equilibrium_tv folded before Flop (didn't bet)



PokerStars Hand #254544476339:  Hold'em No Limit ($0.50/$1.00 USD) - 2025/01/25 12:54:55 WET [2025/01/25 7:54:55 ET]
Table 'Hugo IV' 6-max Seat #4 is the button
Seat 1: tintin641 ($100 in chips) 
Seat 2: whlzor ($100 in chips) 
Seat 3: Spac396 ($128.36 in chips) 
Seat 4: coeeeelho ($102.34 in chips) 
Seat 5: Kristo 914 ($100 in chips) 
Seat 6: equilibrium_tv ($157.01 in chips) 
Kristo 914: posts small blind $0.50
equilibrium_tv: posts big blind $1
*** HOLE CARDS ***
tintin641: folds 
whlzor: folds 
Spac396: folds 
coeeeelho: raises $1.50 to $2.50
Kristo 914: raises $8.50 to $11
equilibrium_tv: folds 
coeeeelho: calls $8.50
*** FLOP *** [8d Th 5d]
Kristo 914: checks 
coeeeelho: checks 
*** TURN *** [8d Th 5d] [Qh]
Kristo 914: checks 
coeeeelho: bets $16.39
Kristo 914: raises $72.61 to $89 and is all-in
coeeeelho: folds 
Uncalled bet ($72.61) returned to Kristo 914
Kristo 914 collected $53.28 from pot
Kristo 914: doesn't show hand 
*** SUMMARY ***
Total pot $55.78 | Rake $2.50 
Board [8d Th 5d Qh]
Seat 1: tintin641 folded before Flop (didn't bet)
Seat 2: whlzor folded before Flop (didn't bet)
Seat 3: Spac396 folded before Flop (didn't bet)
Seat 4: coeeeelho (button) folded on the Turn
Seat 5: Kristo 914 (small blind) collected ($53.28)
Seat 6: equilibrium_tv (big blind) folded before Flop



PokerStars Hand #254544488977:  Hold'em No Limit ($0.50/$1.00 USD) - 2025/01/25 12:56:31 WET [2025/01/25 7:56:31 ET]
Table 'Hugo IV' 6-max Seat #5 is the button
Seat 1: tintin641 ($100 in chips) 
Seat 2: whlzor ($100 in chips) 
Seat 3: Spac396 ($128.36 in chips) 
Seat 4: coeeeelho ($100 in chips) 
Seat 5: Kristo 914 ($125.89 in chips) 
Seat 6: equilibrium_tv ($156.01 in chips) 
equilibrium_tv: posts small blind $0.50
tintin641: posts big blind $1
*** HOLE CARDS ***
whlzor: folds 
Spac396: folds 
coeeeelho: folds 
Kristo 914: folds 
equilibrium_tv: raises $2 to $3
tintin641: raises $7 to $10
equilibrium_tv: raises $14 to $24
tintin641: raises $76 to $100 and is all-in
equilibrium_tv: calls $76
*** FIRST FLOP *** [3c 4d Ad]
*** FIRST TURN *** [3c 4d Ad] [8c]
*** FIRST RIVER *** [3c 4d Ad 8c] [9s]
*** SECOND FLOP *** [Qs 4c 6h]
*** SECOND TURN *** [Qs 4c 6h] [7h]
*** SECOND RIVER *** [Qs 4c 6h 7h] [Jd]
*** FIRST SHOW DOWN ***
equilibrium_tv: shows [Kd As] (a pair of Aces)
tintin641: shows [9d 9c] (three of a kind, Nines)
tintin641 collected $98.75 from pot
*** SECOND SHOW DOWN ***
equilibrium_tv: shows [Kd As] (high card Ace)
tintin641: shows [9d 9c] (a pair of Nines)
tintin641 collected $98.75 from pot
*** SUMMARY ***
Total pot $200 | Rake $2.50 
Hand was run twice
FIRST Board [3c 4d Ad 8c 9s]
SECOND Board [Qs 4c 6h 7h Jd]
Seat 1: tintin641 (big blind) showed [9d 9c] and won ($98.75) with three of a kind, Nines, and won ($98.75) with a pair of Nines
Seat 2: whlzor folded before Flop (didn't bet)
Seat 3: Spac396 folded before Flop (didn't bet)
Seat 4: coeeeelho folded before Flop (didn't bet)
Seat 5: Kristo 914 (button) folded before Flop (didn't bet)
Seat 6: equilibrium_tv (small blind) showed [Kd As] and lost with a pair of Aces, and lost with high card Ace



PokerStars Hand #254544496272:  Hold'em No Limit ($0.50/$1.00 USD) - 2025/01/25 12:57:30 WET [2025/01/25 7:57:30 ET]
Table 'Hugo IV' 6-max Seat #6 is the button
Seat 1: tintin641 ($197.50 in chips) 
Seat 2: whlzor ($100 in chips) 
Seat 3: Spac396 ($128.36 in chips) 
Seat 4: coeeeelho ($100 in chips) 
Seat 5: Kristo 914 ($125.89 in chips) 
Seat 6: equilibrium_tv ($56.01 in chips) 
tintin641: posts small blind $0.50
whlzor: posts big blind $1
*** HOLE CARDS ***
Spac396: folds 
coeeeelho: raises $1.10 to $2.10
Kristo 914: folds 
equilibrium_tv: folds 
tintin641: folds 
whlzor: folds 
Uncalled bet ($1.10) returned to coeeeelho
coeeeelho collected $2.50 from pot
*** SUMMARY ***
Total pot $2.50 | Rake $0 
Seat 1: tintin641 (small blind) folded before Flop
Seat 2: whlzor (big blind) folded before Flop
Seat 3: Spac396 folded before Flop (didn't bet)
Seat 4: coeeeelho collected ($2.50)
Seat 5: Kristo 914 folded before Flop (didn't bet)
Seat 6: equilibrium_tv (button) folded before Flop (didn't bet)



PokerStars Hand #254544499060:  Hold'em No Limit ($0.50/$1.00 USD) - 2025/01/25 12:57:53 WET [2025/01/25 7:57:53 ET]
Table 'Hugo IV' 6-max Seat #1 is the button
Seat 1: tintin641 ($197 in chips) 
Seat 2: whlzor ($100 in chips) 
Seat 3: Spac396 ($128.36 in chips) 
Seat 4: coeeeelho ($101.50 in chips) 
Seat 5: Kristo 914 ($125.89 in chips) 
Seat 6: equilibrium_tv ($100 in chips) 
whlzor: posts small blind $0.50
Spac396: posts big blind $1
*** HOLE CARDS ***
coeeeelho: folds 
Kristo 914: folds 
equilibrium_tv: folds 
tintin641: folds 
whlzor: folds 
Uncalled bet ($0.50) returned to Spac396
Spac396 collected $1 from pot
*** SUMMARY ***
Total pot $1 | Rake $0 
Seat 1: tintin641 (button) folded before Flop (didn't bet)
Seat 2: whlzor (small blind) folded before Flop
Seat 3: Spac396 (big blind) collected ($1)
Seat 4: coeeeelho folded before Flop (didn't bet)
Seat 5: Kristo 914 folded before Flop (didn't bet)
Seat 6: equilibrium_tv folded before Flop (didn't bet)



PokerStars Hand #254544500471:  Hold'em No Limit ($0.50/$1.00 USD) - 2025/01/25 12:58:04 WET [2025/01/25 7:58:04 ET]
Table 'Hugo IV' 6-max Seat #2 is the button
Seat 1: tintin641 ($197 in chips) 
Seat 2: whlzor ($100 in chips) 
Seat 3: Spac396 ($128.86 in chips) 
Seat 4: coeeeelho ($101.50 in chips) 
Seat 5: Kristo 914 ($125.89 in chips) 
Seat 6: equilibrium_tv ($100 in chips) 
Spac396: posts small blind $0.50
coeeeelho: posts big blind $1
*** HOLE CARDS ***
Kristo 914: folds 
equilibrium_tv: folds 
tintin641: folds 
whlzor: folds 
Spac396: calls $0.50
coeeeelho: raises $3.20 to $4.20
Spac396: calls $3.20
*** FLOP *** [2d Ah Ad]
Spac396: checks 
coeeeelho: bets $2
Spac396: calls $2
*** TURN *** [2d Ah Ad] [As]
Spac396: checks 
coeeeelho: bets $5.89
Spac396: calls $5.89
*** RIVER *** [2d Ah Ad As] [Jc]
Spac396: bets $116.77 and is all-in
coeeeelho: folds 
Uncalled bet ($116.77) returned to Spac396
Spac396 collected $22.97 from pot
*** SUMMARY ***
Total pot $24.18 | Rake $1.21 
Board [2d Ah Ad As Jc]
Seat 1: tintin641 folded before Flop (didn't bet)
Seat 2: whlzor (button) folded before Flop (didn't bet)
Seat 3: Spac396 (small blind) collected ($22.97)
Seat 4: coeeeelho (big blind) folded on the River
Seat 5: Kristo 914 folded before Flop (didn't bet)
Seat 6: equilibrium_tv folded before Flop (didn't bet)



PokerStars Hand #254544507398:  Hold'em No Limit ($0.50/$1.00 USD) - 2025/01/25 12:58:59 WET [2025/01/25 7:58:59 ET]
Table 'Hugo IV' 6-max Seat #3 is the button
Seat 1: tintin641 ($197 in chips) 
Seat 2: whlzor ($100 in chips) 
Seat 3: Spac396 ($139.74 in chips) 
Seat 4: coeeeelho ($100 in chips) 
Seat 5: Kristo 914 ($125.89 in chips) 
Seat 6: equilibrium_tv ($100 in chips) 
coeeeelho: posts small blind $0.50
Kristo 914: posts big blind $1
*** HOLE CARDS ***
equilibrium_tv: folds 
tintin641: folds 
whlzor: folds 
Spac396: calls $1
coeeeelho: raises $3.20 to $4.20
Kristo 914: folds 
Spac396: calls $3.20
*** FLOP *** [Ac 5h 3s]
coeeeelho: bets $2.23
Spac396: calls $2.23
*** TURN *** [Ac 5h 3s] [7s]
coeeeelho: bets $10
Spac396: calls $10
*** RIVER *** [Ac 5h 3s 7s] [Ad]
coeeeelho: checks 
Spac396: checks 
*** SHOW DOWN ***
coeeeelho: shows [2d 2h] (two pair, Aces and Deuces)
Spac396: shows [4d 4h] (two pair, Aces and Fours)
Spac396 collected $32.17 from pot
*** SUMMARY ***
Total pot $33.86 | Rake $1.69 
Board [Ac 5h 3s 7s Ad]
Seat 1: tintin641 folded before Flop (didn't bet)
Seat 2: whlzor folded before Flop (didn't bet)
Seat 3: Spac396 (button) showed [4d 4h] and won ($32.17) with two pair, Aces and Fours
Seat 4: coeeeelho (small blind) showed [2d 2h] and lost with two pair, Aces and Deuces
Seat 5: Kristo 914 (big blind) folded before Flop
Seat 6: equilibrium_tv folded before Flop (didn't bet)



PokerStars Hand #254544511724:  Hold'em No Limit ($0.50/$1.00 USD) - 2025/01/25 12:59:32 WET [2025/01/25 7:59:32 ET]
Table 'Hugo IV' 6-max Seat #4 is the button
Seat 1: tintin641 ($197 in chips) 
Seat 2: whlzor ($100 in chips) 
Seat 3: Spac396 ($155.48 in chips) 
Seat 4: coeeeelho ($100 in chips) 
Seat 5: Kristo 914 ($124.89 in chips) 
Seat 6: equilibrium_tv ($100 in chips) 
Kristo 914: posts small blind $0.50
equilibrium_tv: posts big blind $1
*** HOLE CARDS ***
tintin641: folds 
whlzor: folds 
Spac396: folds 
coeeeelho: raises $1.20 to $2.20
Kristo 914: folds 
equilibrium_tv: folds 
Uncalled bet ($1.20) returned to coeeeelho
coeeeelho collected $2.50 from pot
*** SUMMARY ***
Total pot $2.50 | Rake $0 
Seat 1: tintin641 folded before Flop (didn't bet)
Seat 2: whlzor folded before Flop (didn't bet)
Seat 3: Spac396 folded before Flop (didn't bet)
Seat 4: coeeeelho (button) collected ($2.50)
Seat 5: Kristo 914 (small blind) folded before Flop
Seat 6: equilibrium_tv (big blind) folded before Flop



PokerStars Hand #254544513680:  Hold'em No Limit ($0.50/$1.00 USD) - 2025/01/25 12:59:48 WET [2025/01/25 7:59:48 ET]
Table 'Hugo IV' 6-max Seat #5 is the button
Seat 1: tintin641 ($197 in chips) 
Seat 2: whlzor ($100 in chips) 
Seat 3: Spac396 ($155.48 in chips) 
Seat 4: coeeeelho ($101.50 in chips) 
Seat 5: Kristo 914 ($124.39 in chips) 
Seat 6: equilibrium_tv ($99 in chips) 
equilibrium_tv: posts small blind $0.50
tintin641: posts big blind $1
*** HOLE CARDS ***
whlzor: folds 
Spac396: folds 
coeeeelho: folds 
Kristo 914: folds 
equilibrium_tv: raises $2 to $3
tintin641: folds 
Uncalled bet ($2) returned to equilibrium_tv
equilibrium_tv collected $2 from pot
*** SUMMARY ***
Total pot $2 | Rake $0 
Seat 1: tintin641 (big blind) folded before Flop
Seat 2: whlzor folded before Flop (didn't bet)
Seat 3: Spac396 folded before Flop (didn't bet)
Seat 4: coeeeelho folded before Flop (didn't bet)
Seat 5: Kristo 914 (button) folded before Flop (didn't bet)
Seat 6: equilibrium_tv (small blind) collected ($2)



PokerStars Hand #254544517098:  Hold'em No Limit ($0.50/$1.00 USD) - 2025/01/25 13:00:14 WET [2025/01/25 8:00:14 ET]
Table 'Hugo IV' 6-max Seat #6 is the button
Seat 1: tintin641 ($196 in chips) 
Seat 2: whlzor ($100 in chips) 
Seat 3: Spac396 ($155.48 in chips) 
Seat 4: coeeeelho ($101.50 in chips) 
Seat 5: Kristo 914 ($124.39 in chips) 
Seat 6: equilibrium_tv ($100 in chips) 
tintin641: posts small blind $0.50
whlzor: posts big blind $1
*** HOLE CARDS ***
Spac396: calls $1
coeeeelho: folds 
Kristo 914: raises $3.50 to $4.50
equilibrium_tv: folds 
tintin641: folds 
whlzor: folds 
Spac396: raises $150.98 to $155.48 and is all-in
Kristo 914: folds 
Uncalled bet ($150.98) returned to Spac396
Spac396 collected $10.50 from pot
*** SUMMARY ***
Total pot $10.50 | Rake $0 
Seat 1: tintin641 (small blind) folded before Flop
Seat 2: whlzor (big blind) folded before Flop
Seat 3: Spac396 collected ($10.50)
Seat 4: coeeeelho folded before Flop (didn't bet)
Seat 5: Kristo 914 folded before Flop
Seat 6: equilibrium_tv (button) folded before Flop (didn't bet)



PokerStars Hand #254544523434:  Hold'em No Limit ($0.50/$1.00 USD) - 2025/01/25 13:01:00 WET [2025/01/25 8:01:00 ET]
Table 'Hugo IV' 6-max Seat #1 is the button
Seat 1: tintin641 ($195.50 in chips) 
Seat 2: whlzor ($100 in chips) 
Seat 3: Spac396 ($161.48 in chips) 
Seat 4: coeeeelho ($101.50 in chips) 
Seat 5: Kristo 914 ($119.89 in chips) 
Seat 6: equilibrium_tv ($100 in chips) 
whlzor: posts small blind $0.50
Spac396: posts big blind $1
*** HOLE CARDS ***
coeeeelho: raises $1.10 to $2.10
Kristo 914: folds 
equilibrium_tv: folds 
tintin641: folds 
whlzor: folds 
Spac396: calls $1.10
*** FLOP *** [7s 7c 9s]
Spac396: checks 
coeeeelho: bets $1.11
Spac396: folds 
Uncalled bet ($1.11) returned to coeeeelho
coeeeelho collected $4.46 from pot
*** SUMMARY ***
Total pot $4.70 | Rake $0.24 
Board [7s 7c 9s]
Seat 1: tintin641 (button) folded before Flop (didn't bet)
Seat 2: whlzor (small blind) folded before Flop
Seat 3: Spac396 (big blind) folded on the Flop
Seat 4: coeeeelho collected ($4.46)
Seat 5: Kristo 914 folded before Flop (didn't bet)
Seat 6: equilibrium_tv folded before Flop (didn't bet)



PokerStars Hand #254544527808:  Hold'em No Limit ($0.50/$1.00 USD) - 2025/01/25 13:01:28 WET [2025/01/25 8:01:28 ET]
Table 'Hugo IV' 6-max Seat #2 is the button
Seat 1: tintin641 ($195.50 in chips) 
Seat 2: whlzor ($100 in chips) 
Seat 3: Spac396 ($159.38 in chips) 
Seat 4: coeeeelho ($103.86 in chips) 
Seat 5: Kristo 914 ($119.89 in chips) 
Seat 6: equilibrium_tv ($100 in chips) 
Spac396: posts small blind $0.50
coeeeelho: posts big blind $1
*** HOLE CARDS ***
Kristo 914: folds 
equilibrium_tv: folds 
tintin641: raises $1.50 to $2.50
whlzor: raises $6 to $8.50
Spac396: folds 
coeeeelho: folds 
tintin641: calls $6
*** FLOP *** [8s Ks Kh]
tintin641: checks 
whlzor: bets $5.80
tintin641: folds 
Uncalled bet ($5.80) returned to whlzor
whlzor collected $17.58 from pot
whlzor: doesn't show hand 
*** SUMMARY ***
Total pot $18.50 | Rake $0.92 
Board [8s Ks Kh]
Seat 1: tintin641 folded on the Flop
Seat 2: whlzor (button) collected ($17.58)
Seat 3: Spac396 (small blind) folded before Flop
Seat 4: coeeeelho (big blind) folded before Flop
Seat 5: Kristo 914 folded before Flop (didn't bet)
Seat 6: equilibrium_tv folded before Flop (didn't bet)



PokerStars Hand #254544536253:  Hold'em No Limit ($0.50/$1.00 USD) - 2025/01/25 13:02:19 WET [2025/01/25 8:02:19 ET]
Table 'Hugo IV' 6-max Seat #3 is the button
Seat 5: Kristo 914 ($119.89 in chips) is sitting out
Seat 1: tintin641 ($187 in chips) 
Seat 2: whlzor ($109.08 in chips) 
Seat 3: Spac396 ($158.88 in chips) 
Seat 4: coeeeelho ($102.86 in chips) 
Seat 6: equilibrium_tv ($100 in chips) 
coeeeelho: posts small blind $0.50
Kristo 914: is sitting out 
Kristo 914 leaves the table
equilibrium_tv: posts big blind $1
*** HOLE CARDS ***
tintin641: folds 
whlzor: raises $2 to $3
Spac396: folds 
coeeeelho: folds 
equilibrium_tv: raises $9 to $12
whlzor: folds 
Uncalled bet ($9) returned to equilibrium_tv
equilibrium_tv collected $6.50 from pot
*** SUMMARY ***
Total pot $6.50 | Rake $0 
Seat 5: Kristo 914
Seat 1: tintin641 folded before Flop (didn't bet)
Seat 2: whlzor folded before Flop
Seat 3: Spac396 (button) folded before Flop (didn't bet)
Seat 4: coeeeelho (small blind) folded before Flop
Seat 6: equilibrium_tv (big blind) collected ($6.50)



PokerStars Hand #254544539248:  Hold'em No Limit ($0.50/$1.00 USD) - 2025/01/25 13:02:38 WET [2025/01/25 8:02:38 ET]
Table 'Hugo IV' 6-max Seat #4 is the button
Seat 1: tintin641 ($187 in chips) 
Seat 2: whlzor ($106.08 in chips) 
Seat 3: Spac396 ($158.88 in chips) 
Seat 4: coeeeelho ($102.36 in chips) 
Seat 6: equilibrium_tv ($103.50 in chips) 
equilibrium_tv: posts small blind $0.50
tintin641: posts big blind $1
*** HOLE CARDS ***
whlzor: folds 
Spac396: calls $1
coeeeelho: folds 
equilibrium_tv: folds 
Unipoker11 joins the table at seat #5 
tintin641: raises $4 to $5
Spac396: calls $4
*** FLOP *** [Ks 6c 7h]
tintin641: checks 
Spac396: checks 
*** TURN *** [Ks 6c 7h] [Jh]
tintin641: bets $7.49
Spac396: calls $7.49
*** RIVER *** [Ks 6c 7h Jh] [9h]
tintin641: checks 
Spac396: checks 
*** SHOW DOWN ***
tintin641: shows [5s As] (high card Ace)
Spac396: shows [Kc Qh] (a pair of Kings)
Spac396 collected $24.21 from pot
*** SUMMARY ***
Total pot $25.48 | Rake $1.27 
Board [Ks 6c 7h Jh 9h]
Seat 1: tintin641 (big blind) showed [5s As] and lost with high card Ace
Seat 2: whlzor folded before Flop (didn't bet)
Seat 3: Spac396 showed [Kc Qh] and won ($24.21) with a pair of Kings
Seat 4: coeeeelho (button) folded before Flop (didn't bet)
Seat 6: equilibrium_tv (small blind) folded before Flop



PokerStars Hand #254544548174:  Hold'em No Limit ($0.50/$1.00 USD) - 2025/01/25 13:03:32 WET [2025/01/25 8:03:32 ET]
Table 'Hugo IV' 6-max Seat #6 is the button
Seat 5: Unipoker11 ($100 in chips) is sitting out
Seat 1: tintin641 ($174.51 in chips) 
Seat 2: whlzor ($106.08 in chips) 
Seat 3: Spac396 ($170.60 in chips) 
Seat 4: coeeeelho ($102.36 in chips) 
Seat 6: equilibrium_tv ($103 in chips) 
tintin641: posts small blind $0.50
whlzor: posts big blind $1
Unipoker11: sits out 
*** HOLE CARDS ***
Spac396: folds 
Spac396 leaves the table
coeeeelho: raises $1.20 to $2.20
equilibrium_tv: folds 
tintin641: folds 
whlzor: folds 
Uncalled bet ($1.20) returned to coeeeelho
coeeeelho collected $2.50 from pot
*** SUMMARY ***
Total pot $2.50 | Rake $0 
Seat 5: Unipoker11
Seat 1: tintin641 (small blind) folded before Flop
Seat 2: whlzor (big blind) folded before Flop
Seat 3: Spac396 folded before Flop (didn't bet)
Seat 4: coeeeelho collected ($2.50)
Seat 6: equilibrium_tv (button) folded before Flop (didn't bet)



PokerStars Hand #254544550938:  Hold'em No Limit ($0.50/$1.00 USD) - 2025/01/25 13:03:48 WET [2025/01/25 8:03:48 ET]
Table 'Hugo IV' 6-max Seat #1 is the button
Seat 5: Unipoker11 ($100 in chips) is sitting out
Seat 1: tintin641 ($174.01 in chips) 
Seat 2: whlzor ($105.08 in chips) 
Seat 4: coeeeelho ($103.86 in chips) 
Seat 6: equilibrium_tv ($103 in chips) 
whlzor: posts small blind $0.50
coeeeelho: posts big blind $1
Unipoker11: sits out 
*** HOLE CARDS ***
equilibrium_tv: folds 
equilibrium_tv leaves the table
tintin641: folds 
whlzor: raises $2 to $3
coeeeelho: calls $2
*** FLOP *** [Tc Qs 6d]
whlzor: bets $1.88
Unipoker11 leaves the table
coeeeelho: raises $4.70 to $6.58
whlzor: calls $4.70
*** TURN *** [Tc Qs 6d] [3d]
whlzor: checks 
coeeeelho: checks 
*** RIVER *** [Tc Qs 6d 3d] [Jc]
whlzor: checks 
coeeeelho: bets $13.65
whlzor: folds 
Uncalled bet ($13.65) returned to coeeeelho
coeeeelho collected $18.20 from pot
*** SUMMARY ***
Total pot $19.16 | Rake $0.96 
Board [Tc Qs 6d 3d Jc]
Seat 5: Unipoker11
Seat 1: tintin641 (button) folded before Flop (didn't bet)
Seat 2: whlzor (small blind) folded on the River
Seat 4: coeeeelho (big blind) collected ($18.20)
Seat 6: equilibrium_tv folded before Flop (didn't bet)



