PokerStars Hand #254553267317:  Hold'em No Limit ($0.50/$1.00 USD) - 2025/01/25 22:22:29 WET [2025/01/25 17:22:29 ET]
Table 'Tvashtri IV' 6-max Seat #4 is the button
Seat 1: XneferX ($100 in chips) 
Seat 2: andutu34 ($100 in chips) 
Seat 3: Giroztab1977 ($60.99 in chips) 
Seat 4: blistein ($100 in chips) 
Seat 5: EasyGamerrr ($108.86 in chips) 
Seat 6: mariofcd ($100 in chips) 
EasyGamerrr: posts small blind $0.50
mariofcd: posts big blind $1
*** HOLE CARDS ***
XneferX: folds 
andutu34: raises $1 to $2
Giroztab1977: folds 
blistein: folds 
EasyGamerrr: folds 
mariofcd: calls $1
*** FLOP *** [Jc 6d 4d]
mariofcd: checks 
andutu34: bets $3.21
mariofcd: folds 
Uncalled bet ($3.21) returned to andutu34
andutu34 collected $4.28 from pot
andutu34: doesn't show hand 
*** SUMMARY ***
Total pot $4.50 | Rake $0.22 
Board [Jc 6d 4d]
Seat 1: XneferX folded before Flop (didn't bet)
Seat 2: andutu34 collected ($4.28)
Seat 3: Giroztab1977 folded before Flop (didn't bet)
Seat 4: blistein (button) folded before Flop (didn't bet)
Seat 5: EasyGamerrr (small blind) folded before Flop
Seat 6: mariofcd (big blind) folded on the Flop



PokerStars Hand #254553278928:  Hold'em No Limit ($0.50/$1.00 USD) - 2025/01/25 22:23:11 WET [2025/01/25 17:23:11 ET]
Table 'Tvashtri IV' 6-max Seat #5 is the button
Seat 1: XneferX ($100 in chips) 
Seat 2: andutu34 ($102.28 in chips) 
Seat 3: Giroztab1977 ($60.99 in chips) 
Seat 4: blistein ($100 in chips) 
Seat 5: EasyGamerrr ($108.36 in chips) 
Seat 6: mariofcd ($100 in chips) 
mariofcd: posts small blind $0.50
XneferX: posts big blind $1
*** HOLE CARDS ***
andutu34: folds 
Giroztab1977: folds 
blistein: folds 
EasyGamerrr: folds 
mariofcd: raises $2 to $3
XneferX: folds 
Uncalled bet ($2) returned to mariofcd
mariofcd collected $2 from pot
mariofcd: doesn't show hand 
*** SUMMARY ***
Total pot $2 | Rake $0 
Seat 1: XneferX (big blind) folded before Flop
Seat 2: andutu34 folded before Flop (didn't bet)
Seat 3: Giroztab1977 folded before Flop (didn't bet)
Seat 4: blistein folded before Flop (didn't bet)
Seat 5: EasyGamerrr (button) folded before Flop (didn't bet)
Seat 6: mariofcd (small blind) collected ($2)



PokerStars Hand #254553283010:  Hold'em No Limit ($0.50/$1.00 USD) - 2025/01/25 22:23:25 WET [2025/01/25 17:23:25 ET]
Table 'Tvashtri IV' 6-max Seat #6 is the button
Seat 1: XneferX ($100 in chips) 
Seat 2: andutu34 ($102.28 in chips) 
Seat 3: Giroztab1977 ($60.99 in chips) 
Seat 4: blistein ($100 in chips) 
Seat 5: EasyGamerrr ($108.36 in chips) 
Seat 6: mariofcd ($101 in chips) 
XneferX: posts small blind $0.50
andutu34: posts big blind $1
*** HOLE CARDS ***
Giroztab1977: calls $1
blistein: folds 
EasyGamerrr: folds 
mariofcd: folds 
XneferX: folds 
andutu34: checks 
*** FLOP *** [9c Qh Jc]
andutu34: checks 
Giroztab1977: checks 
*** TURN *** [9c Qh Jc] [9d]
andutu34: checks 
Giroztab1977: bets $2.38
andutu34: folds 
Uncalled bet ($2.38) returned to Giroztab1977
Giroztab1977 collected $2.38 from pot
*** SUMMARY ***
Total pot $2.50 | Rake $0.12 
Board [9c Qh Jc 9d]
Seat 1: XneferX (small blind) folded before Flop
Seat 2: andutu34 (big blind) folded on the Turn
Seat 3: Giroztab1977 collected ($2.38)
Seat 4: blistein folded before Flop (didn't bet)
Seat 5: EasyGamerrr folded before Flop (didn't bet)
Seat 6: mariofcd (button) folded before Flop (didn't bet)



PokerStars Hand #254553297421:  Hold'em No Limit ($0.50/$1.00 USD) - 2025/01/25 22:24:17 WET [2025/01/25 17:24:17 ET]
Table 'Tvashtri IV' 6-max Seat #1 is the button
Seat 1: XneferX ($100 in chips) 
Seat 2: andutu34 ($101.28 in chips) 
Seat 3: Giroztab1977 ($62.37 in chips) 
Seat 4: blistein ($100 in chips) 
Seat 5: EasyGamerrr ($108.36 in chips) 
Seat 6: mariofcd ($101 in chips) 
andutu34: posts small blind $0.50
Giroztab1977: posts big blind $1
*** HOLE CARDS ***
blistein: folds 
EasyGamerrr: raises $1.50 to $2.50
mariofcd: folds 
XneferX: folds 
andutu34: folds 
Giroztab1977: calls $1.50
*** FLOP *** [Qc 8s 6s]
Giroztab1977: checks 
EasyGamerrr: bets $1.88
Giroztab1977: calls $1.88
*** TURN *** [Qc 8s 6s] [3c]
Giroztab1977: bets $4.40
EasyGamerrr: folds 
Uncalled bet ($4.40) returned to Giroztab1977
Giroztab1977 collected $8.80 from pot
*** SUMMARY ***
Total pot $9.26 | Rake $0.46 
Board [Qc 8s 6s 3c]
Seat 1: XneferX (button) folded before Flop (didn't bet)
Seat 2: andutu34 (small blind) folded before Flop
Seat 3: Giroztab1977 (big blind) collected ($8.80)
Seat 4: blistein folded before Flop (didn't bet)
Seat 5: EasyGamerrr folded on the Turn
Seat 6: mariofcd folded before Flop (didn't bet)



PokerStars Hand #254553312446:  Hold'em No Limit ($0.50/$1.00 USD) - 2025/01/25 22:25:11 WET [2025/01/25 17:25:11 ET]
Table 'Tvashtri IV' 6-max Seat #2 is the button
Seat 1: XneferX ($100 in chips) 
Seat 2: andutu34 ($100.78 in chips) 
Seat 3: Giroztab1977 ($66.79 in chips) 
Seat 4: blistein ($100 in chips) 
Seat 5: EasyGamerrr ($103.98 in chips) 
Seat 6: mariofcd ($101 in chips) 
Giroztab1977: posts small blind $0.50
blistein: posts big blind $1
*** HOLE CARDS ***
EasyGamerrr: folds 
mariofcd: raises $1.20 to $2.20
XneferX: folds 
andutu34: folds 
Giroztab1977: calls $1.70
blistein: folds 
*** FLOP *** [Ah Ts 5d]
Giroztab1977: checks 
mariofcd: checks 
*** TURN *** [Ah Ts 5d] [6s]
Giroztab1977: checks 
mariofcd: bets $3.85
Giroztab1977: raises $3.85 to $7.70
mariofcd: calls $3.85
*** RIVER *** [Ah Ts 5d 6s] [8h]
Giroztab1977: bets $19.76
mariofcd: calls $19.76
*** SHOW DOWN ***
Giroztab1977: shows [6c As] (two pair, Aces and Sixes)
mariofcd: mucks hand 
Giroztab1977 collected $57.82 from pot
*** SUMMARY ***
Total pot $60.32 | Rake $2.50 
Board [Ah Ts 5d 6s 8h]
Seat 1: XneferX folded before Flop (didn't bet)
Seat 2: andutu34 (button) folded before Flop (didn't bet)
Seat 3: Giroztab1977 (small blind) showed [6c As] and won ($57.82) with two pair, Aces and Sixes
Seat 4: blistein (big blind) folded before Flop
Seat 5: EasyGamerrr folded before Flop (didn't bet)
Seat 6: mariofcd mucked



PokerStars Hand #254553326765:  Hold'em No Limit ($0.50/$1.00 USD) - 2025/01/25 22:26:02 WET [2025/01/25 17:26:02 ET]
Table 'Tvashtri IV' 6-max Seat #3 is the button
Seat 5: EasyGamerrr ($103.98 in chips) is sitting out
Seat 1: XneferX ($100 in chips) 
Seat 2: andutu34 ($100.78 in chips) 
Seat 3: Giroztab1977 ($94.95 in chips) 
Seat 4: blistein ($100 in chips) 
Seat 6: mariofcd ($100 in chips) 
blistein: posts small blind $0.50
EasyGamerrr: is sitting out 
mariofcd: posts big blind $1
*** HOLE CARDS ***
XneferX: folds 
EasyGamerrr leaves the table
andutu34: folds 
Giroztab1977: calls $1
blistein: raises $3 to $4
mariofcd: folds 
Giroztab1977: calls $3
*** FLOP *** [Ah 2h Qc]
m0nTTu joins the table at seat #5 
blistein: checks 
Giroztab1977: checks 
*** TURN *** [Ah 2h Qc] [5d]
blistein: bets $6.41
Giroztab1977: folds 
Uncalled bet ($6.41) returned to blistein
blistein collected $8.55 from pot
blistein: doesn't show hand 
*** SUMMARY ***
Total pot $9 | Rake $0.45 
Board [Ah 2h Qc 5d]
Seat 5: EasyGamerrr
Seat 1: XneferX folded before Flop (didn't bet)
Seat 2: andutu34 folded before Flop (didn't bet)
Seat 3: Giroztab1977 (button) folded on the Turn
Seat 4: blistein (small blind) collected ($8.55)
Seat 6: mariofcd (big blind) folded before Flop



PokerStars Hand #254553342378:  Hold'em No Limit ($0.50/$1.00 USD) - 2025/01/25 22:26:59 WET [2025/01/25 17:26:59 ET]
Table 'Tvashtri IV' 6-max Seat #4 is the button
Seat 5: m0nTTu ($10 in chips) is sitting out
Seat 6: mariofcd ($100 in chips) is sitting out
Seat 1: XneferX ($100 in chips) 
Seat 2: andutu34 ($100.78 in chips) 
Seat 3: Giroztab1977 ($90.95 in chips) 
Seat 4: blistein ($104.55 in chips) 
XneferX: posts small blind $0.50
andutu34: posts big blind $1
*** HOLE CARDS ***
Giroztab1977: folds 
blistein: raises $1.50 to $2.50
XneferX: folds 
andutu34: folds 
Uncalled bet ($1.50) returned to blistein
blistein collected $2.50 from pot
blistein: doesn't show hand 
*** SUMMARY ***
Total pot $2.50 | Rake $0 
Seat 5: m0nTTu
Seat 6: mariofcd
Seat 1: XneferX (small blind) folded before Flop
Seat 2: andutu34 (big blind) folded before Flop
Seat 3: Giroztab1977 folded before Flop (didn't bet)
Seat 4: blistein (button) collected ($2.50)



PokerStars Hand #254553346071:  Hold'em No Limit ($0.50/$1.00 USD) - 2025/01/25 22:27:13 WET [2025/01/25 17:27:13 ET]
Table 'Tvashtri IV' 6-max Seat #1 is the button
Seat 5: m0nTTu ($10 in chips) is sitting out
Seat 6: mariofcd ($100 in chips) is sitting out
Seat 1: XneferX ($100 in chips) 
Seat 2: andutu34 ($100 in chips) 
Seat 3: Giroztab1977 ($90.95 in chips) 
Seat 4: blistein ($106.05 in chips) 
andutu34: posts small blind $0.50
Giroztab1977: posts big blind $1
m0nTTu: sits out 
*** HOLE CARDS ***
blistein: folds 
XneferX: folds 
andutu34: folds 
Uncalled bet ($0.50) returned to Giroztab1977
Giroztab1977 collected $1 from pot
*** SUMMARY ***
Total pot $1 | Rake $0 
Seat 5: m0nTTu
Seat 6: mariofcd
Seat 1: XneferX (button) folded before Flop (didn't bet)
Seat 2: andutu34 (small blind) folded before Flop
Seat 3: Giroztab1977 (big blind) collected ($1)
Seat 4: blistein folded before Flop (didn't bet)



PokerStars Hand #254553349004:  Hold'em No Limit ($0.50/$1.00 USD) - 2025/01/25 22:27:23 WET [2025/01/25 17:27:23 ET]
Table 'Tvashtri IV' 6-max Seat #2 is the button
Seat 5: m0nTTu ($10 in chips) is sitting out
Seat 6: mariofcd ($100 in chips) is sitting out
Seat 1: XneferX ($100 in chips) 
Seat 2: andutu34 ($100 in chips) 
Seat 3: Giroztab1977 ($91.45 in chips) 
Seat 4: blistein ($106.05 in chips) 
Giroztab1977: posts small blind $0.50
blistein: posts big blind $1
m0nTTu: sits out 
*** HOLE CARDS ***
XneferX: folds 
andutu34: folds 
Giroztab1977: calls $0.50
blistein: raises $2.50 to $3.50
Giroztab1977: calls $2.50
*** FLOP *** [3c 8h 9d]
Giroztab1977: bets $6.65
blistein: folds 
Uncalled bet ($6.65) returned to Giroztab1977
Giroztab1977 collected $6.65 from pot
*** SUMMARY ***
Total pot $7 | Rake $0.35 
Board [3c 8h 9d]
Seat 5: m0nTTu
Seat 6: mariofcd
Seat 1: XneferX folded before Flop (didn't bet)
Seat 2: andutu34 (button) folded before Flop (didn't bet)
Seat 3: Giroztab1977 (small blind) collected ($6.65)
Seat 4: blistein (big blind) folded on the Flop



PokerStars Hand #254553355821:  Hold'em No Limit ($0.50/$1.00 USD) - 2025/01/25 22:27:47 WET [2025/01/25 17:27:47 ET]
Table 'Tvashtri IV' 6-max Seat #3 is the button
Seat 1: XneferX ($100 in chips) 
Seat 2: andutu34 ($100 in chips) 
Seat 3: Giroztab1977 ($94.60 in chips) 
Seat 4: blistein ($102.55 in chips) 
Seat 5: m0nTTu ($10 in chips) 
Seat 6: mariofcd ($100 in chips) 
blistein: posts small blind $0.50
m0nTTu: posts big blind $1
mariofcd: posts small blind $0.50
*** HOLE CARDS ***
mariofcd: folds 
XneferX: folds 
andutu34: folds 
Giroztab1977: folds 
blistein: raises $2 to $3
m0nTTu: folds 
Uncalled bet ($2) returned to blistein
blistein collected $2.50 from pot
blistein: doesn't show hand 
*** SUMMARY ***
Total pot $2.50 | Rake $0 
Seat 1: XneferX folded before Flop (didn't bet)
Seat 2: andutu34 folded before Flop (didn't bet)
Seat 3: Giroztab1977 (button) folded before Flop (didn't bet)
Seat 4: blistein (small blind) collected ($2.50)
Seat 5: m0nTTu (big blind) folded before Flop
Seat 6: mariofcd folded before Flop (didn't bet)



PokerStars Hand #254553360685:  Hold'em No Limit ($0.50/$1.00 USD) - 2025/01/25 22:28:05 WET [2025/01/25 17:28:05 ET]
Table 'Tvashtri IV' 6-max Seat #4 is the button
Seat 1: XneferX ($100 in chips) 
Seat 2: andutu34 ($100 in chips) 
Seat 3: Giroztab1977 ($94.60 in chips) 
Seat 4: blistein ($104.05 in chips) 
Seat 5: m0nTTu ($10 in chips) 
Seat 6: mariofcd ($100 in chips) 
m0nTTu: posts small blind $0.50
mariofcd: posts big blind $1
*** HOLE CARDS ***
XneferX: folds 
andutu34: raises $1 to $2
Giroztab1977: calls $2
blistein: folds 
m0nTTu: raises $8 to $10 and is all-in
mariofcd: raises $12 to $22
andutu34: folds 
Giroztab1977: folds 
Uncalled bet ($12) returned to mariofcd
*** FIRST FLOP *** [7d Qh Ts]
*** FIRST TURN *** [7d Qh Ts] [8d]
*** FIRST RIVER *** [7d Qh Ts 8d] [6s]
*** SECOND FLOP *** [Js 8c 7c]
*** SECOND TURN *** [Js 8c 7c] [9s]
*** SECOND RIVER *** [Js 8c 7c 9s] [Tc]
*** FIRST SHOW DOWN ***
m0nTTu: shows [Ks As] (high card Ace)
mariofcd: shows [Kd Ah] (high card Ace)
m0nTTu collected $5.70 from pot
mariofcd collected $5.70 from pot
*** SECOND SHOW DOWN ***
m0nTTu: shows [Ks As] (a straight, Seven to Jack)
mariofcd: shows [Kd Ah] (a straight, Seven to Jack)
m0nTTu collected $5.70 from pot
mariofcd collected $5.70 from pot
*** SUMMARY ***
Total pot $24 | Rake $1.20 
Hand was run twice
FIRST Board [7d Qh Ts 8d 6s]
SECOND Board [Js 8c 7c 9s Tc]
Seat 1: XneferX folded before Flop (didn't bet)
Seat 2: andutu34 folded before Flop
Seat 3: Giroztab1977 folded before Flop
Seat 4: blistein (button) folded before Flop (didn't bet)
Seat 5: m0nTTu (small blind) showed [Ks As] and won ($5.70) with high card Ace, and won ($5.70) with a straight, Seven to Jack
Seat 6: mariofcd (big blind) showed [Kd Ah] and won ($5.70) with high card Ace, and won ($5.70) with a straight, Seven to Jack



PokerStars Hand #254553371447:  Hold'em No Limit ($0.50/$1.00 USD) - 2025/01/25 22:28:44 WET [2025/01/25 17:28:44 ET]
Table 'Tvashtri IV' 6-max Seat #5 is the button
Seat 1: XneferX ($100 in chips) 
Seat 2: andutu34 ($100 in chips) 
Seat 3: Giroztab1977 ($92.60 in chips) 
Seat 4: blistein ($104.05 in chips) 
Seat 5: m0nTTu ($100 in chips) 
Seat 6: mariofcd ($101.40 in chips) 
mariofcd: posts small blind $0.50
XneferX: posts big blind $1
*** HOLE CARDS ***
andutu34: folds 
Giroztab1977: folds 
blistein: raises $1.30 to $2.30
m0nTTu: folds 
mariofcd: folds 
XneferX: folds 
Uncalled bet ($1.30) returned to blistein
blistein collected $2.50 from pot
blistein: doesn't show hand 
*** SUMMARY ***
Total pot $2.50 | Rake $0 
Seat 1: XneferX (big blind) folded before Flop
Seat 2: andutu34 folded before Flop (didn't bet)
Seat 3: Giroztab1977 folded before Flop (didn't bet)
Seat 4: blistein collected ($2.50)
Seat 5: m0nTTu (button) folded before Flop (didn't bet)
Seat 6: mariofcd (small blind) folded before Flop



PokerStars Hand #254553377740:  Hold'em No Limit ($0.50/$1.00 USD) - 2025/01/25 22:29:07 WET [2025/01/25 17:29:07 ET]
Table 'Tvashtri IV' 6-max Seat #6 is the button
Seat 1: XneferX ($100 in chips) 
Seat 2: andutu34 ($100 in chips) 
Seat 3: Giroztab1977 ($92.60 in chips) 
Seat 4: blistein ($105.55 in chips) 
Seat 5: m0nTTu ($100 in chips) 
Seat 6: mariofcd ($100.90 in chips) 
XneferX: posts small blind $0.50
andutu34: posts big blind $1
*** HOLE CARDS ***
Giroztab1977: folds 
blistein: raises $1.20 to $2.20
m0nTTu: folds 
mariofcd: folds 
XneferX: folds 
andutu34: folds 
Uncalled bet ($1.20) returned to blistein
blistein collected $2.50 from pot
blistein: doesn't show hand 
*** SUMMARY ***
Total pot $2.50 | Rake $0 
Seat 1: XneferX (small blind) folded before Flop
Seat 2: andutu34 (big blind) folded before Flop
Seat 3: Giroztab1977 folded before Flop (didn't bet)
Seat 4: blistein collected ($2.50)
Seat 5: m0nTTu folded before Flop (didn't bet)
Seat 6: mariofcd (button) folded before Flop (didn't bet)



PokerStars Hand #254553385607:  Hold'em No Limit ($0.50/$1.00 USD) - 2025/01/25 22:29:35 WET [2025/01/25 17:29:35 ET]
Table 'Tvashtri IV' 6-max Seat #1 is the button
Seat 1: XneferX ($100 in chips) 
Seat 2: andutu34 ($100 in chips) 
Seat 3: Giroztab1977 ($92.60 in chips) 
Seat 4: blistein ($107.05 in chips) 
Seat 5: m0nTTu ($100 in chips) 
Seat 6: mariofcd ($100.90 in chips) 
andutu34: posts small blind $0.50
Giroztab1977: posts big blind $1
*** HOLE CARDS ***
blistein: folds 
m0nTTu: folds 
mariofcd: folds 
XneferX: raises $1.77 to $2.77
andutu34: folds 
Giroztab1977: calls $1.77
*** FLOP *** [9d As 6s]
Giroztab1977: checks 
XneferX: bets $1.20
Giroztab1977: raises $4.07 to $5.27
XneferX: folds 
Uncalled bet ($4.07) returned to Giroztab1977
Giroztab1977 collected $8.02 from pot
*** SUMMARY ***
Total pot $8.44 | Rake $0.42 
Board [9d As 6s]
Seat 1: XneferX (button) folded on the Flop
Seat 2: andutu34 (small blind) folded before Flop
Seat 3: Giroztab1977 (big blind) collected ($8.02)
Seat 4: blistein folded before Flop (didn't bet)
Seat 5: m0nTTu folded before Flop (didn't bet)
Seat 6: mariofcd folded before Flop (didn't bet)



PokerStars Hand #254553396410:  Hold'em No Limit ($0.50/$1.00 USD) - 2025/01/25 22:30:14 WET [2025/01/25 17:30:14 ET]
Table 'Tvashtri IV' 6-max Seat #2 is the button
Seat 1: XneferX ($100 in chips) 
Seat 2: andutu34 ($100 in chips) 
Seat 3: Giroztab1977 ($96.65 in chips) 
Seat 4: blistein ($107.05 in chips) 
Seat 5: m0nTTu ($100 in chips) 
Seat 6: mariofcd ($100.90 in chips) 
Giroztab1977: posts small blind $0.50
blistein: posts big blind $1
*** HOLE CARDS ***
m0nTTu: folds 
mariofcd: folds 
XneferX: folds 
andutu34: raises $1.49 to $2.49
Giroztab1977: raises $1.49 to $3.98
blistein: folds 
andutu34: calls $1.49
*** FLOP *** [3c 7h 6s]
Giroztab1977: bets $9.51
andutu34: folds 
Uncalled bet ($9.51) returned to Giroztab1977
Giroztab1977 collected $8.51 from pot
*** SUMMARY ***
Total pot $8.96 | Rake $0.45 
Board [3c 7h 6s]
Seat 1: XneferX folded before Flop (didn't bet)
Seat 2: andutu34 (button) folded on the Flop
Seat 3: Giroztab1977 (small blind) collected ($8.51)
Seat 4: blistein (big blind) folded before Flop
Seat 5: m0nTTu folded before Flop (didn't bet)
Seat 6: mariofcd folded before Flop (didn't bet)



PokerStars Hand #254553404017:  Hold'em No Limit ($0.50/$1.00 USD) - 2025/01/25 22:30:42 WET [2025/01/25 17:30:42 ET]
Table 'Tvashtri IV' 6-max Seat #3 is the button
Seat 1: XneferX ($100 in chips) is sitting out
Seat 2: andutu34 ($100 in chips) 
Seat 3: Giroztab1977 ($101.18 in chips) 
Seat 4: blistein ($106.05 in chips) 
Seat 5: m0nTTu ($100 in chips) 
Seat 6: mariofcd ($100.90 in chips) 
blistein: posts small blind $0.50
m0nTTu: posts big blind $1
*** HOLE CARDS ***
mariofcd: folds 
andutu34: folds 
Giroztab1977: folds 
blistein: folds 
Uncalled bet ($0.50) returned to m0nTTu
m0nTTu collected $1 from pot
m0nTTu: doesn't show hand 
*** SUMMARY ***
Total pot $1 | Rake $0 
Seat 1: XneferX
Seat 2: andutu34 folded before Flop (didn't bet)
Seat 3: Giroztab1977 (button) folded before Flop (didn't bet)
Seat 4: blistein (small blind) folded before Flop
Seat 5: m0nTTu (big blind) collected ($1)
Seat 6: mariofcd folded before Flop (didn't bet)



PokerStars Hand #254553406883:  Hold'em No Limit ($0.50/$1.00 USD) - 2025/01/25 22:30:52 WET [2025/01/25 17:30:52 ET]
Table 'Tvashtri IV' 6-max Seat #4 is the button
Seat 1: XneferX ($100 in chips) is sitting out
Seat 2: andutu34 ($100 in chips) 
Seat 3: Giroztab1977 ($101.18 in chips) 
Seat 4: blistein ($105.55 in chips) 
Seat 5: m0nTTu ($100.50 in chips) 
Seat 6: mariofcd ($100.90 in chips) 
m0nTTu: posts small blind $0.50
mariofcd: posts big blind $1
*** HOLE CARDS ***
andutu34: folds 
Giroztab1977: folds 
blistein: folds 
m0nTTu: folds 
Uncalled bet ($0.50) returned to mariofcd
mariofcd collected $1 from pot
mariofcd: doesn't show hand 
*** SUMMARY ***
Total pot $1 | Rake $0 
Seat 1: XneferX
Seat 2: andutu34 folded before Flop (didn't bet)
Seat 3: Giroztab1977 folded before Flop (didn't bet)
Seat 4: blistein (button) folded before Flop (didn't bet)
Seat 5: m0nTTu (small blind) folded before Flop
Seat 6: mariofcd (big blind) collected ($1)



PokerStars Hand #254553410540:  Hold'em No Limit ($0.50/$1.00 USD) - 2025/01/25 22:31:05 WET [2025/01/25 17:31:05 ET]
Table 'Tvashtri IV' 6-max Seat #5 is the button
Seat 1: XneferX ($100 in chips) is sitting out
Seat 2: andutu34 ($100 in chips) 
Seat 3: Giroztab1977 ($101.18 in chips) 
Seat 4: blistein ($105.55 in chips) 
Seat 5: m0nTTu ($100 in chips) 
Seat 6: mariofcd ($101.40 in chips) 
mariofcd: posts small blind $0.50
andutu34: posts big blind $1
*** HOLE CARDS ***
Giroztab1977: folds 
blistein: folds 
m0nTTu: folds 
mariofcd: folds 
Uncalled bet ($0.50) returned to andutu34
andutu34 collected $1 from pot
andutu34: doesn't show hand 
*** SUMMARY ***
Total pot $1 | Rake $0 
Seat 1: XneferX
Seat 2: andutu34 (big blind) collected ($1)
Seat 3: Giroztab1977 folded before Flop (didn't bet)
Seat 4: blistein folded before Flop (didn't bet)
Seat 5: m0nTTu (button) folded before Flop (didn't bet)
Seat 6: mariofcd (small blind) folded before Flop



PokerStars Hand #254553414366:  Hold'em No Limit ($0.50/$1.00 USD) - 2025/01/25 22:31:19 WET [2025/01/25 17:31:19 ET]
Table 'Tvashtri IV' 6-max Seat #6 is the button
Seat 1: XneferX ($100 in chips) is sitting out
Seat 2: andutu34 ($100.50 in chips) 
Seat 3: Giroztab1977 ($101.18 in chips) 
Seat 4: blistein ($105.55 in chips) 
Seat 5: m0nTTu ($100 in chips) 
Seat 6: mariofcd ($100.90 in chips) 
andutu34: posts small blind $0.50
Giroztab1977: posts big blind $1
*** HOLE CARDS ***
blistein: folds 
m0nTTu: folds 
mariofcd: folds 
andutu34: folds 
Uncalled bet ($0.50) returned to Giroztab1977
Giroztab1977 collected $1 from pot
*** SUMMARY ***
Total pot $1 | Rake $0 
Seat 1: XneferX
Seat 2: andutu34 (small blind) folded before Flop
Seat 3: Giroztab1977 (big blind) collected ($1)
Seat 4: blistein folded before Flop (didn't bet)
Seat 5: m0nTTu folded before Flop (didn't bet)
Seat 6: mariofcd (button) folded before Flop (didn't bet)



PokerStars Hand #254553418803:  Hold'em No Limit ($0.50/$1.00 USD) - 2025/01/25 22:31:35 WET [2025/01/25 17:31:35 ET]
Table 'Tvashtri IV' 6-max Seat #2 is the button
Seat 1: XneferX ($100 in chips) is sitting out
Seat 2: andutu34 ($100 in chips) 
Seat 3: Giroztab1977 ($101.68 in chips) 
Seat 4: blistein ($105.55 in chips) 
Seat 5: m0nTTu ($100 in chips) 
Seat 6: mariofcd ($100.90 in chips) 
Giroztab1977: posts small blind $0.50
blistein: posts big blind $1
*** HOLE CARDS ***
m0nTTu: raises $1.50 to $2.50
mariofcd: folds 
andutu34: folds 
Giroztab1977: calls $2
blistein: folds 
*** FLOP *** [8s Jc 5s]
Giroztab1977: bets $5.70
m0nTTu: folds 
Uncalled bet ($5.70) returned to Giroztab1977
Giroztab1977 collected $5.70 from pot
*** SUMMARY ***
Total pot $6 | Rake $0.30 
Board [8s Jc 5s]
Seat 1: XneferX
Seat 2: andutu34 (button) folded before Flop (didn't bet)
Seat 3: Giroztab1977 (small blind) collected ($5.70)
Seat 4: blistein (big blind) folded before Flop
Seat 5: m0nTTu folded on the Flop
Seat 6: mariofcd folded before Flop (didn't bet)



PokerStars Hand #254553431332:  Hold'em No Limit ($0.50/$1.00 USD) - 2025/01/25 22:32:20 WET [2025/01/25 17:32:20 ET]
Table 'Tvashtri IV' 6-max Seat #3 is the button
Seat 1: XneferX ($100 in chips) is sitting out
Seat 2: andutu34 ($100 in chips) 
Seat 3: Giroztab1977 ($104.88 in chips) 
Seat 4: blistein ($104.55 in chips) 
Seat 5: m0nTTu ($97.50 in chips) 
Seat 6: mariofcd ($100.90 in chips) 
blistein: posts small blind $0.50
m0nTTu: posts big blind $1
*** HOLE CARDS ***
mariofcd: folds 
andutu34: folds 
Giroztab1977: raises $2.50 to $3.50
blistein: folds 
m0nTTu: folds 
Uncalled bet ($2.50) returned to Giroztab1977
Giroztab1977 collected $2.50 from pot
*** SUMMARY ***
Total pot $2.50 | Rake $0 
Seat 1: XneferX
Seat 2: andutu34 folded before Flop (didn't bet)
Seat 3: Giroztab1977 (button) collected ($2.50)
Seat 4: blistein (small blind) folded before Flop
Seat 5: m0nTTu (big blind) folded before Flop
Seat 6: mariofcd folded before Flop (didn't bet)



PokerStars Hand #254553436766:  Hold'em No Limit ($0.50/$1.00 USD) - 2025/01/25 22:32:40 WET [2025/01/25 17:32:40 ET]
Table 'Tvashtri IV' 6-max Seat #4 is the button
Seat 1: XneferX ($100 in chips) is sitting out
Seat 2: andutu34 ($100 in chips) 
Seat 3: Giroztab1977 ($106.38 in chips) 
Seat 4: blistein ($104.05 in chips) 
Seat 5: m0nTTu ($96.50 in chips) 
Seat 6: mariofcd ($100.90 in chips) 
m0nTTu: posts small blind $0.50
mariofcd: posts big blind $1
*** HOLE CARDS ***
andutu34: folds 
Giroztab1977: calls $1
blistein: folds 
m0nTTu: calls $0.50
mariofcd: checks 
*** FLOP *** [7c Ks 9d]
m0nTTu: checks 
mariofcd: checks 
Giroztab1977: bets $2.85
m0nTTu: folds 
mariofcd: folds 
Uncalled bet ($2.85) returned to Giroztab1977
Giroztab1977 collected $2.85 from pot
*** SUMMARY ***
Total pot $3 | Rake $0.15 
Board [7c Ks 9d]
Seat 1: XneferX
Seat 2: andutu34 folded before Flop (didn't bet)
Seat 3: Giroztab1977 collected ($2.85)
Seat 4: blistein (button) folded before Flop (didn't bet)
Seat 5: m0nTTu (small blind) folded on the Flop
Seat 6: mariofcd (big blind) folded on the Flop



PokerStars Hand #254553450847:  Hold'em No Limit ($0.50/$1.00 USD) - 2025/01/25 22:33:31 WET [2025/01/25 17:33:31 ET]
Table 'Tvashtri IV' 6-max Seat #5 is the button
Seat 1: XneferX ($100 in chips) is sitting out
Seat 2: andutu34 ($100 in chips) is sitting out
Seat 3: Giroztab1977 ($108.23 in chips) 
Seat 4: blistein ($104.05 in chips) 
Seat 5: m0nTTu ($95.50 in chips) 
Seat 6: mariofcd ($100 in chips) 
mariofcd: posts small blind $0.50
andutu34: is sitting out 
Giroztab1977: posts big blind $1
*** HOLE CARDS ***
blistein: folds 
m0nTTu: raises $1.50 to $2.50
andutu34 leaves the table
Pippa83 joins the table at seat #2 
mariofcd: raises $8.70 to $11.20
Giroztab1977: folds 
m0nTTu: calls $8.70
*** FLOP *** [Jd 2s 4s]
mariofcd: bets $6.72
m0nTTu: calls $6.72
*** TURN *** [Jd 2s 4s] [4c]
mariofcd: checks 
m0nTTu: bets $11.83
mariofcd: calls $11.83
*** RIVER *** [Jd 2s 4s 4c] [7s]
mariofcd: bets $18
m0nTTu: folds 
Uncalled bet ($18) returned to mariofcd
mariofcd collected $59.50 from pot
mariofcd: doesn't show hand 
*** SUMMARY ***
Total pot $60.50 | Rake $1 
Board [Jd 2s 4s 4c 7s]
Seat 1: XneferX
Seat 2: andutu34
Seat 3: Giroztab1977 (big blind) folded before Flop
Seat 4: blistein folded before Flop (didn't bet)
Seat 5: m0nTTu (button) folded on the River
Seat 6: mariofcd (small blind) collected ($59.50)



PokerStars Hand #254553478674:  Hold'em No Limit ($0.50/$1.00 USD) - 2025/01/25 22:35:11 WET [2025/01/25 17:35:11 ET]
Table 'Tvashtri IV' 6-max Seat #6 is the button
Seat 1: XneferX ($100 in chips) is sitting out
Seat 2: Pippa83 ($100 in chips) is sitting out
Seat 4: blistein ($104.05 in chips) is sitting out
Seat 3: Giroztab1977 ($107.23 in chips) 
Seat 5: m0nTTu ($65.75 in chips) 
Seat 6: mariofcd ($129.75 in chips) 
Giroztab1977: posts small blind $0.50
blistein: is sitting out 
m0nTTu: posts big blind $1
*** HOLE CARDS ***
mariofcd: folds 
Giroztab1977: calls $0.50
blistein leaves the table
wojts joins the table at seat #4 
m0nTTu: checks 
*** FLOP *** [8c 6d 3h]
Giroztab1977: checks 
m0nTTu: bets $1
Giroztab1977: calls $1
*** TURN *** [8c 6d 3h] [4s]
Giroztab1977: bets $3.80
m0nTTu: calls $3.80
*** RIVER *** [8c 6d 3h 4s] [2c]
Giroztab1977: checks 
m0nTTu: checks 
*** SHOW DOWN ***
Giroztab1977: shows [4h Kh] (a pair of Fours)
m0nTTu: shows [As 8s] (a pair of Eights)
m0nTTu collected $11.02 from pot
*** SUMMARY ***
Total pot $11.60 | Rake $0.58 
Board [8c 6d 3h 4s 2c]
Seat 1: XneferX
Seat 2: Pippa83
Seat 4: blistein
Seat 3: Giroztab1977 (small blind) showed [4h Kh] and lost with a pair of Fours
Seat 5: m0nTTu (big blind) showed [As 8s] and won ($11.02) with a pair of Eights
Seat 6: mariofcd (button) folded before Flop (didn't bet)



PokerStars Hand #254553492650:  Hold'em No Limit ($0.50/$1.00 USD) - 2025/01/25 22:36:03 WET [2025/01/25 17:36:03 ET]
Table 'Tvashtri IV' 6-max Seat #3 is the button
Seat 1: XneferX ($100 in chips) is sitting out
Seat 2: Pippa83 ($100 in chips) is sitting out
Seat 4: wojts ($100 in chips) is sitting out
Seat 3: Giroztab1977 ($101.43 in chips) 
Seat 5: m0nTTu ($70.97 in chips) 
Seat 6: mariofcd ($129.75 in chips) 
m0nTTu: posts small blind $0.50
mariofcd: posts big blind $1
XneferX: sits out 
Pippa83: sits out 
*** HOLE CARDS ***
Giroztab1977: calls $1
m0nTTu: folds 
mariofcd: checks 
*** FLOP *** [Ad 6h 4h]
mariofcd: checks 
Giroztab1977: checks 
*** TURN *** [Ad 6h 4h] [Jc]
mariofcd: checks 
Giroztab1977: checks 
*** RIVER *** [Ad 6h 4h Jc] [4s]
mariofcd: checks 
Giroztab1977: checks 
*** SHOW DOWN ***
mariofcd: shows [3h 7c] (a pair of Fours)
Giroztab1977: shows [8h Tc] (a pair of Fours - Ace+Jack+Ten kicker)
Giroztab1977 collected $2.38 from pot
*** SUMMARY ***
Total pot $2.50 | Rake $0.12 
Board [Ad 6h 4h Jc 4s]
Seat 1: XneferX
Seat 2: Pippa83
Seat 4: wojts
Seat 3: Giroztab1977 (button) showed [8h Tc] and won ($2.38) with a pair of Fours
Seat 5: m0nTTu (small blind) folded before Flop
Seat 6: mariofcd (big blind) showed [3h 7c] and lost with a pair of Fours



PokerStars Hand #254553501567:  Hold'em No Limit ($0.50/$1.00 USD) - 2025/01/25 22:36:36 WET [2025/01/25 17:36:36 ET]
Table 'Tvashtri IV' 6-max Seat #5 is the button
Seat 2: Pippa83 ($100 in chips) is sitting out
Seat 4: wojts ($100 in chips) is sitting out
Seat 1: XneferX ($100 in chips) 
Seat 3: Giroztab1977 ($102.81 in chips) 
Seat 5: m0nTTu ($100 in chips) 
Seat 6: mariofcd ($128.75 in chips) 
mariofcd: posts small blind $0.50
XneferX: posts big blind $1
Pippa83: sits out 
wojts: sits out 
*** HOLE CARDS ***
Giroztab1977: folds 
m0nTTu: folds 
mariofcd: folds 
Uncalled bet ($0.50) returned to XneferX
XneferX collected $1 from pot
XneferX: doesn't show hand 
*** SUMMARY ***
Total pot $1 | Rake $0 
Seat 2: Pippa83
Seat 4: wojts
Seat 1: XneferX (big blind) collected ($1)
Seat 3: Giroztab1977 folded before Flop (didn't bet)
Seat 5: m0nTTu (button) folded before Flop (didn't bet)
Seat 6: mariofcd (small blind) folded before Flop



PokerStars Hand #254553506045:  Hold'em No Limit ($0.50/$1.00 USD) - 2025/01/25 22:36:52 WET [2025/01/25 17:36:52 ET]
Table 'Tvashtri IV' 6-max Seat #6 is the button
Seat 4: wojts ($100 in chips) is sitting out
Seat 1: XneferX ($100.50 in chips) 
Seat 2: Pippa83 ($100 in chips) 
Seat 3: Giroztab1977 ($102.81 in chips) 
Seat 5: m0nTTu ($100 in chips) 
Seat 6: mariofcd ($128.25 in chips) 
XneferX: posts small blind $0.50
Pippa83: posts big blind $1
wojts: sits out 
*** HOLE CARDS ***
Giroztab1977: calls $1
m0nTTu: folds 
mariofcd: folds 
XneferX: folds 
Pippa83: checks 
*** FLOP *** [As 8s 7c]
Pippa83: checks 
Giroztab1977: checks 
*** TURN *** [As 8s 7c] [Kd]
Pippa83: checks 
Giroztab1977: checks 
*** RIVER *** [As 8s 7c Kd] [Kh]
Pippa83: bets $1
Giroztab1977: raises $2.19 to $3.19
Pippa83: folds 
Uncalled bet ($2.19) returned to Giroztab1977
Giroztab1977 collected $4.28 from pot
*** SUMMARY ***
Total pot $4.50 | Rake $0.22 
Board [As 8s 7c Kd Kh]
Seat 4: wojts
Seat 1: XneferX (small blind) folded before Flop
Seat 2: Pippa83 (big blind) folded on the River
Seat 3: Giroztab1977 collected ($4.28)
Seat 5: m0nTTu folded before Flop (didn't bet)
Seat 6: mariofcd (button) folded before Flop (didn't bet)



PokerStars Hand #254553517631:  Hold'em No Limit ($0.50/$1.00 USD) - 2025/01/25 22:37:35 WET [2025/01/25 17:37:35 ET]
Table 'Tvashtri IV' 6-max Seat #1 is the button
Seat 4: wojts ($100 in chips) is sitting out
Seat 1: XneferX ($100 in chips) 
Seat 2: Pippa83 ($100 in chips) 
Seat 3: Giroztab1977 ($105.09 in chips) 
Seat 5: m0nTTu ($100 in chips) 
Seat 6: mariofcd ($128.25 in chips) 
Pippa83: posts small blind $0.50
Giroztab1977: posts big blind $1
wojts: sits out 
*** HOLE CARDS ***
m0nTTu: folds 
mariofcd: folds 
XneferX: raises $1.77 to $2.77
Pippa83: folds 
Giroztab1977: calls $1.77
*** FLOP *** [5c Qc Jh]
Giroztab1977: checks 
XneferX: bets $1.20
Giroztab1977: calls $1.20
*** TURN *** [5c Qc Jh] [4s]
Giroztab1977: bets $4.01
XneferX: calls $4.01
*** RIVER *** [5c Qc Jh 4s] [2h]
Giroztab1977: checks 
XneferX: bets $18.30
Giroztab1977: folds 
Uncalled bet ($18.30) returned to XneferX
XneferX collected $15.64 from pot
XneferX: doesn't show hand 
*** SUMMARY ***
Total pot $16.46 | Rake $0.82 
Board [5c Qc Jh 4s 2h]
Seat 4: wojts
Seat 1: XneferX (button) collected ($15.64)
Seat 2: Pippa83 (small blind) folded before Flop
Seat 3: Giroztab1977 (big blind) folded on the River
Seat 5: m0nTTu folded before Flop (didn't bet)
Seat 6: mariofcd folded before Flop (didn't bet)



PokerStars Hand #254553540124:  Hold'em No Limit ($0.50/$1.00 USD) - 2025/01/25 22:38:58 WET [2025/01/25 17:38:58 ET]
Table 'Tvashtri IV' 6-max Seat #2 is the button
Seat 1: XneferX ($107.66 in chips) 
Seat 2: Pippa83 ($100 in chips) 
Seat 3: Giroztab1977 ($97.11 in chips) 
Seat 4: wojts ($100 in chips) 
Seat 5: m0nTTu ($100 in chips) 
Seat 6: mariofcd ($128.25 in chips) 
Giroztab1977: posts small blind $0.50
wojts: posts big blind $1
*** HOLE CARDS ***
m0nTTu: raises $1.50 to $2.50
mariofcd: folds 
XneferX: folds 
Pippa83: folds 
Giroztab1977: calls $2
wojts: calls $1.50
*** FLOP *** [Jc 4d 4c]
Giroztab1977: checks 
wojts: checks 
m0nTTu: checks 
*** TURN *** [Jc 4d 4c] [8h]
Giroztab1977: checks 
wojts: checks 
m0nTTu: checks 
*** RIVER *** [Jc 4d 4c 8h] [5d]
Giroztab1977: checks 
wojts: checks 
m0nTTu: checks 
*** SHOW DOWN ***
Giroztab1977: shows [9s 5s] (two pair, Fives and Fours)
wojts: shows [5h Ah] (two pair, Fives and Fours - Ace kicker)
m0nTTu: mucks hand 
wojts collected $7.12 from pot
*** SUMMARY ***
Total pot $7.50 | Rake $0.38 
Board [Jc 4d 4c 8h 5d]
Seat 1: XneferX folded before Flop (didn't bet)
Seat 2: Pippa83 (button) folded before Flop (didn't bet)
Seat 3: Giroztab1977 (small blind) showed [9s 5s] and lost with two pair, Fives and Fours
Seat 4: wojts (big blind) showed [5h Ah] and won ($7.12) with two pair, Fives and Fours
Seat 5: m0nTTu mucked
Seat 6: mariofcd folded before Flop (didn't bet)



PokerStars Hand #254553555858:  Hold'em No Limit ($0.50/$1.00 USD) - 2025/01/25 22:39:56 WET [2025/01/25 17:39:56 ET]
Table 'Tvashtri IV' 6-max Seat #3 is the button
Seat 1: XneferX ($107.66 in chips) 
Seat 2: Pippa83 ($100 in chips) 
Seat 3: Giroztab1977 ($94.61 in chips) 
Seat 4: wojts ($104.62 in chips) 
Seat 5: m0nTTu ($97.50 in chips) 
Seat 6: mariofcd ($128.25 in chips) 
wojts: posts small blind $0.50
m0nTTu: posts big blind $1
*** HOLE CARDS ***
mariofcd: raises $1.20 to $2.20
XneferX: folds 
Pippa83: folds 
Giroztab1977: calls $2.20
wojts: calls $1.70
m0nTTu: calls $1.20
*** FLOP *** [4d 4s 9d]
wojts: checks 
m0nTTu: checks 
mariofcd: checks 
Giroztab1977: bets $8.36
wojts: folds 
m0nTTu: calls $8.36
mariofcd: folds 
*** TURN *** [4d 4s 9d] [5h]
m0nTTu: checks 
Giroztab1977: checks 
*** RIVER *** [4d 4s 9d 5h] [2s]
m0nTTu: bets $9
Giroztab1977: raises $75.05 to $84.05 and is all-in
m0nTTu: folds 
Uncalled bet ($75.05) returned to Giroztab1977
Giroztab1977 collected $41.34 from pot
*** SUMMARY ***
Total pot $43.52 | Rake $2.18 
Board [4d 4s 9d 5h 2s]
Seat 1: XneferX folded before Flop (didn't bet)
Seat 2: Pippa83 folded before Flop (didn't bet)
Seat 3: Giroztab1977 (button) collected ($41.34)
Seat 4: wojts (small blind) folded on the Flop
Seat 5: m0nTTu (big blind) folded on the River
Seat 6: mariofcd folded on the Flop



PokerStars Hand #254553580127:  Hold'em No Limit ($0.50/$1.00 USD) - 2025/01/25 22:41:26 WET [2025/01/25 17:41:26 ET]
Table 'Tvashtri IV' 6-max Seat #4 is the button
Seat 1: XneferX ($107.66 in chips) 
Seat 2: Pippa83 ($100 in chips) 
Seat 3: Giroztab1977 ($116.39 in chips) 
Seat 4: wojts ($102.42 in chips) 
Seat 5: m0nTTu ($77.94 in chips) 
Seat 6: mariofcd ($126.05 in chips) 
m0nTTu: posts small blind $0.50
mariofcd: posts big blind $1
*** HOLE CARDS ***
XneferX: folds 
Pippa83: folds 
Giroztab1977: folds 
wojts: folds 
m0nTTu: raises $2 to $3
mariofcd: folds 
Uncalled bet ($2) returned to m0nTTu
m0nTTu collected $2 from pot
m0nTTu: doesn't show hand 
*** SUMMARY ***
Total pot $2 | Rake $0 
Seat 1: XneferX folded before Flop (didn't bet)
Seat 2: Pippa83 folded before Flop (didn't bet)
Seat 3: Giroztab1977 folded before Flop (didn't bet)
Seat 4: wojts (button) folded before Flop (didn't bet)
Seat 5: m0nTTu (small blind) collected ($2)
Seat 6: mariofcd (big blind) folded before Flop



PokerStars Hand #254553585593:  Hold'em No Limit ($0.50/$1.00 USD) - 2025/01/25 22:41:46 WET [2025/01/25 17:41:46 ET]
Table 'Tvashtri IV' 6-max Seat #5 is the button
Seat 1: XneferX ($107.66 in chips) 
Seat 2: Pippa83 ($100 in chips) 
Seat 3: Giroztab1977 ($116.39 in chips) 
Seat 4: wojts ($102.42 in chips) 
Seat 5: m0nTTu ($100 in chips) 
Seat 6: mariofcd ($125.05 in chips) 
mariofcd: posts small blind $0.50
XneferX: posts big blind $1
*** HOLE CARDS ***
Pippa83: folds 
Giroztab1977: calls $1
wojts: folds 
m0nTTu: folds 
mariofcd: raises $3 to $4
XneferX: folds 
Giroztab1977: calls $3
*** FLOP *** [5c Tc 6s]
mariofcd: checks 
Giroztab1977: checks 
*** TURN *** [5c Tc 6s] [Jc]
mariofcd: checks 
Giroztab1977: checks 
*** RIVER *** [5c Tc 6s Jc] [8s]
mariofcd: checks 
Giroztab1977: bets $8.55
mariofcd: folds 
Uncalled bet ($8.55) returned to Giroztab1977
Giroztab1977 collected $8.55 from pot
*** SUMMARY ***
Total pot $9 | Rake $0.45 
Board [5c Tc 6s Jc 8s]
Seat 1: XneferX (big blind) folded before Flop
Seat 2: Pippa83 folded before Flop (didn't bet)
Seat 3: Giroztab1977 collected ($8.55)
Seat 4: wojts folded before Flop (didn't bet)
Seat 5: m0nTTu (button) folded before Flop (didn't bet)
Seat 6: mariofcd (small blind) folded on the River



PokerStars Hand #254553600593:  Hold'em No Limit ($0.50/$1.00 USD) - 2025/01/25 22:42:41 WET [2025/01/25 17:42:41 ET]
Table 'Tvashtri IV' 6-max Seat #6 is the button
Seat 1: XneferX ($106.66 in chips) 
Seat 2: Pippa83 ($100 in chips) 
Seat 3: Giroztab1977 ($120.94 in chips) 
Seat 4: wojts ($102.42 in chips) 
Seat 5: m0nTTu ($100 in chips) 
Seat 6: mariofcd ($121.05 in chips) 
XneferX: posts small blind $0.50
Pippa83: posts big blind $1
*** HOLE CARDS ***
Giroztab1977: folds 
wojts: folds 
m0nTTu: folds 
mariofcd: folds 
XneferX: raises $2 to $3
Pippa83: folds 
Uncalled bet ($2) returned to XneferX
XneferX collected $2 from pot
XneferX: doesn't show hand 
*** SUMMARY ***
Total pot $2 | Rake $0 
Seat 1: XneferX (small blind) collected ($2)
Seat 2: Pippa83 (big blind) folded before Flop
Seat 3: Giroztab1977 folded before Flop (didn't bet)
Seat 4: wojts folded before Flop (didn't bet)
Seat 5: m0nTTu folded before Flop (didn't bet)
Seat 6: mariofcd (button) folded before Flop (didn't bet)



PokerStars Hand #254553607011:  Hold'em No Limit ($0.50/$1.00 USD) - 2025/01/25 22:43:05 WET [2025/01/25 17:43:05 ET]
Table 'Tvashtri IV' 6-max Seat #1 is the button
Seat 1: XneferX ($107.66 in chips) 
Seat 2: Pippa83 ($100 in chips) 
Seat 3: Giroztab1977 ($120.94 in chips) 
Seat 4: wojts ($102.42 in chips) 
Seat 5: m0nTTu ($100 in chips) 
Seat 6: mariofcd ($121.05 in chips) 
Pippa83: posts small blind $0.50
Giroztab1977: posts big blind $1
*** HOLE CARDS ***
wojts: folds 
m0nTTu: folds 
mariofcd: folds 
XneferX: folds 
Pippa83: folds 
Uncalled bet ($0.50) returned to Giroztab1977
Giroztab1977 collected $1 from pot
*** SUMMARY ***
Total pot $1 | Rake $0 
Seat 1: XneferX (button) folded before Flop (didn't bet)
Seat 2: Pippa83 (small blind) folded before Flop
Seat 3: Giroztab1977 (big blind) collected ($1)
Seat 4: wojts folded before Flop (didn't bet)
Seat 5: m0nTTu folded before Flop (didn't bet)
Seat 6: mariofcd folded before Flop (didn't bet)



PokerStars Hand #254553611815:  Hold'em No Limit ($0.50/$1.00 USD) - 2025/01/25 22:43:22 WET [2025/01/25 17:43:22 ET]
Table 'Tvashtri IV' 6-max Seat #2 is the button
Seat 1: XneferX ($107.66 in chips) 
Seat 2: Pippa83 ($100 in chips) 
Seat 3: Giroztab1977 ($121.44 in chips) 
Seat 4: wojts ($102.42 in chips) 
Seat 5: m0nTTu ($100 in chips) 
Seat 6: mariofcd ($121.05 in chips) 
Giroztab1977: posts small blind $0.50
wojts: posts big blind $1
*** HOLE CARDS ***
m0nTTu: folds 
mariofcd: raises $1.20 to $2.20
XneferX: folds 
Pippa83: folds 
Giroztab1977: calls $1.70
wojts: calls $1.20
*** FLOP *** [Jh 2h 4h]
Giroztab1977: checks 
wojts: checks 
mariofcd: checks 
*** TURN *** [Jh 2h 4h] [Qd]
Giroztab1977: bets $3.14
wojts: folds 
mariofcd: folds 
Uncalled bet ($3.14) returned to Giroztab1977
Giroztab1977 collected $6.27 from pot
*** SUMMARY ***
Total pot $6.60 | Rake $0.33 
Board [Jh 2h 4h Qd]
Seat 1: XneferX folded before Flop (didn't bet)
Seat 2: Pippa83 (button) folded before Flop (didn't bet)
Seat 3: Giroztab1977 (small blind) collected ($6.27)
Seat 4: wojts (big blind) folded on the Turn
Seat 5: m0nTTu folded before Flop (didn't bet)
Seat 6: mariofcd folded on the Turn



PokerStars Hand #254553624273:  Hold'em No Limit ($0.50/$1.00 USD) - 2025/01/25 22:44:07 WET [2025/01/25 17:44:07 ET]
Table 'Tvashtri IV' 6-max Seat #3 is the button
Seat 1: XneferX ($107.66 in chips) 
Seat 2: Pippa83 ($100 in chips) 
Seat 3: Giroztab1977 ($125.51 in chips) 
Seat 4: wojts ($100.22 in chips) 
Seat 5: m0nTTu ($100 in chips) 
Seat 6: mariofcd ($118.85 in chips) 
wojts: posts small blind $0.50
m0nTTu: posts big blind $1
*** HOLE CARDS ***
mariofcd: folds 
XneferX: folds 
Pippa83: folds 
Giroztab1977: raises $2.50 to $3.50
wojts: folds 
m0nTTu: folds 
Uncalled bet ($2.50) returned to Giroztab1977
Giroztab1977 collected $2.50 from pot
*** SUMMARY ***
Total pot $2.50 | Rake $0 
Seat 1: XneferX folded before Flop (didn't bet)
Seat 2: Pippa83 folded before Flop (didn't bet)
Seat 3: Giroztab1977 (button) collected ($2.50)
Seat 4: wojts (small blind) folded before Flop
Seat 5: m0nTTu (big blind) folded before Flop
Seat 6: mariofcd folded before Flop (didn't bet)



PokerStars Hand #254553630419:  Hold'em No Limit ($0.50/$1.00 USD) - 2025/01/25 22:44:30 WET [2025/01/25 17:44:30 ET]
Table 'Tvashtri IV' 6-max Seat #4 is the button
Seat 1: XneferX ($107.66 in chips) 
Seat 2: Pippa83 ($100 in chips) 
Seat 3: Giroztab1977 ($127.01 in chips) 
Seat 4: wojts ($99.72 in chips) 
Seat 5: m0nTTu ($99 in chips) 
Seat 6: mariofcd ($118.85 in chips) 
m0nTTu: posts small blind $0.50
mariofcd: posts big blind $1
*** HOLE CARDS ***
XneferX: folds 
Pippa83: folds 
Giroztab1977: folds 
wojts: folds 
m0nTTu: folds 
Uncalled bet ($0.50) returned to mariofcd
mariofcd collected $1 from pot
mariofcd: doesn't show hand 
*** SUMMARY ***
Total pot $1 | Rake $0 
Seat 1: XneferX folded before Flop (didn't bet)
Seat 2: Pippa83 folded before Flop (didn't bet)
Seat 3: Giroztab1977 folded before Flop (didn't bet)
Seat 4: wojts (button) folded before Flop (didn't bet)
Seat 5: m0nTTu (small blind) folded before Flop
Seat 6: mariofcd (big blind) collected ($1)



PokerStars Hand #254553777297:  Hold'em No Limit ($0.50/$1.00 USD) - 2025/01/25 22:53:33 WET [2025/01/25 17:53:33 ET]
Table 'Tvashtri IV' 6-max Seat #2 is the button
Seat 1: XneferX ($108.63 in chips) 
Seat 2: Pippa83 ($100 in chips) 
Seat 3: Giroztab1977 ($128.10 in chips) 
Seat 4: wojts ($121.53 in chips) 
Seat 5: m0nTTu ($101.90 in chips) 
Seat 6: mariofcd ($110.35 in chips) 
Giroztab1977: posts small blind $0.50
wojts: posts big blind $1
*** HOLE CARDS ***
m0nTTu: folds 
mariofcd: raises $1.20 to $2.20
XneferX: folds 
Pippa83: folds 
Giroztab1977: folds 
wojts: folds 
Uncalled bet ($1.20) returned to mariofcd
mariofcd collected $2.50 from pot
*** SUMMARY ***
Total pot $2.50 | Rake $0 
Seat 1: XneferX folded before Flop (didn't bet)
Seat 2: Pippa83 (button) folded before Flop (didn't bet)
Seat 3: Giroztab1977 (small blind) folded before Flop
Seat 4: wojts (big blind) folded before Flop
Seat 5: m0nTTu folded before Flop (didn't bet)
Seat 6: mariofcd collected ($2.50)



PokerStars Hand #254553783986:  Hold'em No Limit ($0.50/$1.00 USD) - 2025/01/25 22:53:58 WET [2025/01/25 17:53:58 ET]
Table 'Tvashtri IV' 6-max Seat #3 is the button
Seat 1: XneferX ($108.63 in chips) 
Seat 2: Pippa83 ($100 in chips) 
Seat 3: Giroztab1977 ($127.60 in chips) 
Seat 4: wojts ($120.53 in chips) 
Seat 5: m0nTTu ($101.90 in chips) 
Seat 6: mariofcd ($111.85 in chips) 
wojts: posts small blind $0.50
m0nTTu: posts big blind $1
*** HOLE CARDS ***
mariofcd: folds 
XneferX: folds 
Pippa83: folds 
Giroztab1977: calls $1
wojts: folds 
m0nTTu: checks 
*** FLOP *** [Qd Qc Td]
m0nTTu: checks 
Giroztab1977: checks 
*** TURN *** [Qd Qc Td] [8c]
m0nTTu: checks 
Giroztab1977: bets $1
m0nTTu: calls $1
*** RIVER *** [Qd Qc Td 8c] [9h]
m0nTTu: checks 
Giroztab1977: bets $8
m0nTTu: folds 
Uncalled bet ($8) returned to Giroztab1977
Giroztab1977 collected $4.28 from pot
*** SUMMARY ***
Total pot $4.50 | Rake $0.22 
Board [Qd Qc Td 8c 9h]
Seat 1: XneferX folded before Flop (didn't bet)
Seat 2: Pippa83 folded before Flop (didn't bet)
Seat 3: Giroztab1977 (button) collected ($4.28)
Seat 4: wojts (small blind) folded before Flop
Seat 5: m0nTTu (big blind) folded on the River
Seat 6: mariofcd folded before Flop (didn't bet)



PokerStars Hand #254553803043:  Hold'em No Limit ($0.50/$1.00 USD) - 2025/01/25 22:55:10 WET [2025/01/25 17:55:10 ET]
Table 'Tvashtri IV' 6-max Seat #4 is the button
Seat 1: XneferX ($108.63 in chips) 
Seat 2: Pippa83 ($100 in chips) 
Seat 3: Giroztab1977 ($129.88 in chips) 
Seat 4: wojts ($120.03 in chips) 
Seat 5: m0nTTu ($99.90 in chips) 
Seat 6: mariofcd ($111.85 in chips) 
m0nTTu: posts small blind $0.50
mariofcd: posts big blind $1
*** HOLE CARDS ***
XneferX: folds 
Pippa83: folds 
Giroztab1977: folds 
wojts: folds 
m0nTTu: folds 
Uncalled bet ($0.50) returned to mariofcd
mariofcd collected $1 from pot
mariofcd: doesn't show hand 
*** SUMMARY ***
Total pot $1 | Rake $0 
Seat 1: XneferX folded before Flop (didn't bet)
Seat 2: Pippa83 folded before Flop (didn't bet)
Seat 3: Giroztab1977 folded before Flop (didn't bet)
Seat 4: wojts (button) folded before Flop (didn't bet)
Seat 5: m0nTTu (small blind) folded before Flop
Seat 6: mariofcd (big blind) collected ($1)



PokerStars Hand #254553805789:  Hold'em No Limit ($0.50/$1.00 USD) - 2025/01/25 22:55:23 WET [2025/01/25 17:55:23 ET]
Table 'Tvashtri IV' 6-max Seat #5 is the button
Seat 1: XneferX ($108.63 in chips) 
Seat 2: Pippa83 ($100 in chips) 
Seat 3: Giroztab1977 ($129.88 in chips) 
Seat 4: wojts ($120.03 in chips) 
Seat 5: m0nTTu ($100 in chips) 
Seat 6: mariofcd ($112.35 in chips) 
mariofcd: posts small blind $0.50
XneferX: posts big blind $1
*** HOLE CARDS ***
Pippa83: folds 
Giroztab1977: folds 
wojts: folds 
m0nTTu: raises $1.50 to $2.50
mariofcd: folds 
XneferX: folds 
Uncalled bet ($1.50) returned to m0nTTu
m0nTTu collected $2.50 from pot
m0nTTu: doesn't show hand 
*** SUMMARY ***
Total pot $2.50 | Rake $0 
Seat 1: XneferX (big blind) folded before Flop
Seat 2: Pippa83 folded before Flop (didn't bet)
Seat 3: Giroztab1977 folded before Flop (didn't bet)
Seat 4: wojts folded before Flop (didn't bet)
Seat 5: m0nTTu (button) collected ($2.50)
Seat 6: mariofcd (small blind) folded before Flop



PokerStars Hand #254553811222:  Hold'em No Limit ($0.50/$1.00 USD) - 2025/01/25 22:55:50 WET [2025/01/25 17:55:50 ET]
Table 'Tvashtri IV' 6-max Seat #6 is the button
Seat 1: XneferX ($107.63 in chips) 
Seat 2: Pippa83 ($100 in chips) 
Seat 3: Giroztab1977 ($129.88 in chips) 
Seat 4: wojts ($120.03 in chips) 
Seat 5: m0nTTu ($101.50 in chips) 
Seat 6: mariofcd ($111.85 in chips) 
XneferX: posts small blind $0.50
Pippa83: posts big blind $1
*** HOLE CARDS ***
Giroztab1977: folds 
wojts: folds 
m0nTTu: raises $1.50 to $2.50
mariofcd: folds 
XneferX: folds 
Pippa83: raises $9.50 to $12
m0nTTu: folds 
Uncalled bet ($9.50) returned to Pippa83
Pippa83 collected $5.50 from pot
Pippa83: doesn't show hand 
*** SUMMARY ***
Total pot $5.50 | Rake $0 
Seat 1: XneferX (small blind) folded before Flop
Seat 2: Pippa83 (big blind) collected ($5.50)
Seat 3: Giroztab1977 folded before Flop (didn't bet)
Seat 4: wojts folded before Flop (didn't bet)
Seat 5: m0nTTu folded before Flop
Seat 6: mariofcd (button) folded before Flop (didn't bet)



PokerStars Hand #254553822096:  Hold'em No Limit ($0.50/$1.00 USD) - 2025/01/25 22:56:44 WET [2025/01/25 17:56:44 ET]
Table 'Tvashtri IV' 6-max Seat #1 is the button
Seat 1: XneferX ($107.13 in chips) 
Seat 2: Pippa83 ($103 in chips) 
Seat 3: Giroztab1977 ($129.88 in chips) 
Seat 4: wojts ($120.03 in chips) 
Seat 5: m0nTTu ($99 in chips) 
Seat 6: mariofcd ($111.85 in chips) 
Pippa83: posts small blind $0.50
Giroztab1977: posts big blind $1
*** HOLE CARDS ***
wojts: folds 
m0nTTu: folds 
mariofcd: raises $1.25 to $2.25
XneferX: folds 
Pippa83: folds 
Giroztab1977: calls $1.25
*** FLOP *** [Ks 4c 5c]
Giroztab1977: checks 
mariofcd: checks 
*** TURN *** [Ks 4c 5c] [4h]
Giroztab1977: checks 
mariofcd: checks 
*** RIVER *** [Ks 4c 5c 4h] [6h]
Giroztab1977: bets $4.75
mariofcd: folds 
Uncalled bet ($4.75) returned to Giroztab1977
Giroztab1977 collected $4.75 from pot
*** SUMMARY ***
Total pot $5 | Rake $0.25 
Board [Ks 4c 5c 4h 6h]
Seat 1: XneferX (button) folded before Flop (didn't bet)
Seat 2: Pippa83 (small blind) folded before Flop
Seat 3: Giroztab1977 (big blind) collected ($4.75)
Seat 4: wojts folded before Flop (didn't bet)
Seat 5: m0nTTu folded before Flop (didn't bet)
Seat 6: mariofcd folded on the River



PokerStars Hand #254553830821:  Hold'em No Limit ($0.50/$1.00 USD) - 2025/01/25 22:57:28 WET [2025/01/25 17:57:28 ET]
Table 'Tvashtri IV' 6-max Seat #2 is the button
Seat 4: wojts ($120.03 in chips) is sitting out
Seat 1: XneferX ($107.13 in chips) 
Seat 2: Pippa83 ($102.50 in chips) 
Seat 3: Giroztab1977 ($132.38 in chips) 
Seat 5: m0nTTu ($99 in chips) 
Seat 6: mariofcd ($109.60 in chips) 
Giroztab1977: posts small blind $0.50
wojts: is sitting out 
m0nTTu: posts big blind $1
*** HOLE CARDS ***
mariofcd: folds 
XneferX: folds 
Pippa83: raises $1.50 to $2.50
Giroztab1977: folds 
m0nTTu: raises $9.50 to $12
Pippa83: folds 
Uncalled bet ($9.50) returned to m0nTTu
m0nTTu collected $5.50 from pot
m0nTTu: doesn't show hand 
*** SUMMARY ***
Total pot $5.50 | Rake $0 
Seat 4: wojts
Seat 1: XneferX folded before Flop (didn't bet)
Seat 2: Pippa83 (button) folded before Flop
Seat 3: Giroztab1977 (small blind) folded before Flop
Seat 5: m0nTTu (big blind) collected ($5.50)
Seat 6: mariofcd folded before Flop (didn't bet)



PokerStars Hand #254553840875:  Hold'em No Limit ($0.50/$1.00 USD) - 2025/01/25 22:58:17 WET [2025/01/25 17:58:17 ET]
Table 'Tvashtri IV' 6-max Seat #3 is the button
Seat 4: wojts ($120.03 in chips) is sitting out
Seat 1: XneferX ($107.13 in chips) 
Seat 2: Pippa83 ($100 in chips) 
Seat 3: Giroztab1977 ($131.88 in chips) 
Seat 5: m0nTTu ($102 in chips) 
Seat 6: mariofcd ($109.60 in chips) 
m0nTTu: posts small blind $0.50
mariofcd: posts big blind $1
*** HOLE CARDS ***
XneferX: folds 
Pippa83: raises $1.50 to $2.50
Giroztab1977: calls $2.50
m0nTTu: folds 
mariofcd: folds 
*** FLOP *** [As 3c 4h]
Pippa83: checks 
Giroztab1977: checks 
*** TURN *** [As 3c 4h] [5d]
Pippa83: checks 
Giroztab1977: bets $3.09
Pippa83: calls $3.09
*** RIVER *** [As 3c 4h 5d] [Qs]
Pippa83: checks 
Giroztab1977: checks 
*** SHOW DOWN ***
Pippa83: shows [Ah 7s] (a pair of Aces)
Giroztab1977: mucks hand 
Pippa83 collected $12.05 from pot
*** SUMMARY ***
Total pot $12.68 | Rake $0.63 
Board [As 3c 4h 5d Qs]
Seat 4: wojts
Seat 1: XneferX folded before Flop (didn't bet)
Seat 2: Pippa83 showed [Ah 7s] and won ($12.05) with a pair of Aces
Seat 3: Giroztab1977 (button) mucked
Seat 5: m0nTTu (small blind) folded before Flop
Seat 6: mariofcd (big blind) folded before Flop



PokerStars Hand #254553853721:  Hold'em No Limit ($0.50/$1.00 USD) - 2025/01/25 22:59:21 WET [2025/01/25 17:59:21 ET]
Table 'Tvashtri IV' 6-max Seat #5 is the button
Seat 4: wojts ($120.03 in chips) is sitting out
Seat 1: XneferX ($107.13 in chips) 
Seat 2: Pippa83 ($106.46 in chips) 
Seat 3: Giroztab1977 ($126.29 in chips) 
Seat 5: m0nTTu ($101.50 in chips) 
Seat 6: mariofcd ($108.60 in chips) 
mariofcd: posts small blind $0.50
XneferX: posts big blind $1
wojts: sits out 
*** HOLE CARDS ***
Pippa83: folds 
Giroztab1977: calls $1
m0nTTu: folds 
mariofcd: folds 
XneferX: checks 
*** FLOP *** [6s 5s Ac]
XneferX: checks 
Giroztab1977: checks 
*** TURN *** [6s 5s Ac] [Ks]
XneferX: checks 
Giroztab1977: checks 
*** RIVER *** [6s 5s Ac Ks] [2h]
XneferX: bets $1.83
Giroztab1977: raises $6.04 to $7.87
XneferX: folds 
Uncalled bet ($6.04) returned to Giroztab1977
Giroztab1977 collected $5.85 from pot
*** SUMMARY ***
Total pot $6.16 | Rake $0.31 
Board [6s 5s Ac Ks 2h]
Seat 4: wojts
Seat 1: XneferX (big blind) folded on the River
Seat 2: Pippa83 folded before Flop (didn't bet)
Seat 3: Giroztab1977 collected ($5.85)
Seat 5: m0nTTu (button) folded before Flop (didn't bet)
Seat 6: mariofcd (small blind) folded before Flop



PokerStars Hand #254553867311:  Hold'em No Limit ($0.50/$1.00 USD) - 2025/01/25 23:00:28 WET [2025/01/25 18:00:28 ET]
Table 'Tvashtri IV' 6-max Seat #6 is the button
Seat 2: Pippa83 ($106.46 in chips) is sitting out
Seat 4: wojts ($120.03 in chips) is sitting out
Seat 1: XneferX ($104.30 in chips) 
Seat 3: Giroztab1977 ($129.31 in chips) 
Seat 5: m0nTTu ($101.50 in chips) 
Seat 6: mariofcd ($108.10 in chips) 
XneferX: posts small blind $0.50
Pippa83: is sitting out 
Giroztab1977: posts big blind $1
wojts: sits out 
*** HOLE CARDS ***
m0nTTu: folds 
mariofcd: folds 
XneferX: raises $2 to $3
Giroztab1977: folds 
Uncalled bet ($2) returned to XneferX
XneferX collected $2 from pot
XneferX: doesn't show hand 
*** SUMMARY ***
Total pot $2 | Rake $0 
Seat 2: Pippa83
Seat 4: wojts
Seat 1: XneferX (small blind) collected ($2)
Seat 3: Giroztab1977 (big blind) folded before Flop
Seat 5: m0nTTu folded before Flop (didn't bet)
Seat 6: mariofcd (button) folded before Flop (didn't bet)



PokerStars Hand #254553872211:  Hold'em No Limit ($0.50/$1.00 USD) - 2025/01/25 23:00:50 WET [2025/01/25 18:00:50 ET]
Table 'Tvashtri IV' 6-max Seat #1 is the button
Seat 2: Pippa83 ($106.46 in chips) is sitting out
Seat 1: XneferX ($105.30 in chips) 
Seat 3: Giroztab1977 ($128.31 in chips) 
Seat 4: wojts ($120.03 in chips) 
Seat 5: m0nTTu ($101.50 in chips) 
Seat 6: mariofcd ($108.10 in chips) 
Giroztab1977: posts small blind $0.50
wojts: posts big blind $1
*** HOLE CARDS ***
m0nTTu: folds 
mariofcd has timed out
mariofcd: folds 
Pippa83 leaves the table
XneferX: raises $1.77 to $2.77
Giroztab1977: folds 
wojts: folds 
Uncalled bet ($1.77) returned to XneferX
shootingGRID joins the table at seat #2 
XneferX collected $2.50 from pot
XneferX: doesn't show hand 
*** SUMMARY ***
Total pot $2.50 | Rake $0 
Seat 2: Pippa83
Seat 1: XneferX (button) collected ($2.50)
Seat 3: Giroztab1977 (small blind) folded before Flop
Seat 4: wojts (big blind) folded before Flop
Seat 5: m0nTTu folded before Flop (didn't bet)
Seat 6: mariofcd folded before Flop (didn't bet)



PokerStars Hand #254553879037:  Hold'em No Limit ($0.50/$1.00 USD) - 2025/01/25 23:01:19 WET [2025/01/25 18:01:19 ET]
Table 'Tvashtri IV' 6-max Seat #3 is the button
Seat 2: shootingGRID ($100 in chips) is sitting out
Seat 1: XneferX ($106.80 in chips) 
Seat 3: Giroztab1977 ($127.81 in chips) 
Seat 4: wojts ($119.03 in chips) 
Seat 5: m0nTTu ($101.50 in chips) 
Seat 6: mariofcd ($108.10 in chips) 
wojts: posts small blind $0.50
m0nTTu: posts big blind $1
shootingGRID: sits out 
*** HOLE CARDS ***
mariofcd: raises $1 to $2
XneferX: folds 
Giroztab1977: folds 
wojts: folds 
m0nTTu: calls $1
*** FLOP *** [Jh 4h 6c]
m0nTTu: checks 
mariofcd: checks 
*** TURN *** [Jh 4h 6c] [5s]
m0nTTu: bets $1.41
mariofcd: folds 
Uncalled bet ($1.41) returned to m0nTTu
m0nTTu collected $4.28 from pot
m0nTTu: doesn't show hand 
*** SUMMARY ***
Total pot $4.50 | Rake $0.22 
Board [Jh 4h 6c 5s]
Seat 2: shootingGRID
Seat 1: XneferX folded before Flop (didn't bet)
Seat 3: Giroztab1977 (button) folded before Flop (didn't bet)
Seat 4: wojts (small blind) folded before Flop
Seat 5: m0nTTu (big blind) collected ($4.28)
Seat 6: mariofcd folded on the Turn



PokerStars Hand #254553888285:  Hold'em No Limit ($0.50/$1.00 USD) - 2025/01/25 23:01:54 WET [2025/01/25 18:01:54 ET]
Table 'Tvashtri IV' 6-max Seat #4 is the button
Seat 2: shootingGRID ($100 in chips) is sitting out
Seat 1: XneferX ($106.80 in chips) 
Seat 3: Giroztab1977 ($127.81 in chips) 
Seat 4: wojts ($118.53 in chips) 
Seat 5: m0nTTu ($103.78 in chips) 
Seat 6: mariofcd ($106.10 in chips) 
m0nTTu: posts small blind $0.50
mariofcd: posts big blind $1
shootingGRID: sits out 
*** HOLE CARDS ***
XneferX: raises $1.10 to $2.10
Giroztab1977: folds 
wojts: folds 
m0nTTu: folds 
mariofcd: folds 
Uncalled bet ($1.10) returned to XneferX
XneferX collected $2.50 from pot
XneferX: doesn't show hand 
*** SUMMARY ***
Total pot $2.50 | Rake $0 
Seat 2: shootingGRID
Seat 1: XneferX collected ($2.50)
Seat 3: Giroztab1977 folded before Flop (didn't bet)
Seat 4: wojts (button) folded before Flop (didn't bet)
Seat 5: m0nTTu (small blind) folded before Flop
Seat 6: mariofcd (big blind) folded before Flop



PokerStars Hand #254553892988:  Hold'em No Limit ($0.50/$1.00 USD) - 2025/01/25 23:02:13 WET [2025/01/25 18:02:13 ET]
Table 'Tvashtri IV' 6-max Seat #5 is the button
Seat 2: shootingGRID ($100 in chips) is sitting out
Seat 1: XneferX ($108.30 in chips) 
Seat 3: Giroztab1977 ($127.81 in chips) 
Seat 4: wojts ($118.53 in chips) 
Seat 5: m0nTTu ($103.28 in chips) 
Seat 6: mariofcd ($105.10 in chips) 
mariofcd: posts small blind $0.50
XneferX: posts big blind $1
shootingGRID: sits out 
*** HOLE CARDS ***
Giroztab1977: folds 
wojts: raises $2 to $3
m0nTTu: folds 
mariofcd: calls $2.50
XneferX: folds 
*** FLOP *** [Jd Td 3d]
mariofcd: checks 
wojts: checks 
*** TURN *** [Jd Td 3d] [7h]
mariofcd: checks 
wojts: checks 
*** RIVER *** [Jd Td 3d 7h] [4s]
mariofcd: checks 
wojts: checks 
*** SHOW DOWN ***
mariofcd: shows [5s 5h] (a pair of Fives)
wojts: mucks hand 
mariofcd collected $6.65 from pot
*** SUMMARY ***
Total pot $7 | Rake $0.35 
Board [Jd Td 3d 7h 4s]
Seat 2: shootingGRID
Seat 1: XneferX (big blind) folded before Flop
Seat 3: Giroztab1977 folded before Flop (didn't bet)
Seat 4: wojts mucked
Seat 5: m0nTTu (button) folded before Flop (didn't bet)
Seat 6: mariofcd (small blind) showed [5s 5h] and won ($6.65) with a pair of Fives



PokerStars Hand #254553904502:  Hold'em No Limit ($0.50/$1.00 USD) - 2025/01/25 23:02:57 WET [2025/01/25 18:02:57 ET]
Table 'Tvashtri IV' 6-max Seat #6 is the button
Seat 1: XneferX ($107.30 in chips) 
Seat 2: shootingGRID ($100 in chips) 
Seat 3: Giroztab1977 ($127.81 in chips) 
Seat 4: wojts ($115.53 in chips) 
Seat 5: m0nTTu ($103.28 in chips) 
Seat 6: mariofcd ($108.75 in chips) 
XneferX: posts small blind $0.50
shootingGRID: posts big blind $1
*** HOLE CARDS ***
Giroztab1977: folds 
wojts: folds 
m0nTTu: folds 
mariofcd: raises $1.45 to $2.45
XneferX: folds 
shootingGRID: folds 
Uncalled bet ($1.45) returned to mariofcd
mariofcd collected $2.50 from pot
mariofcd: doesn't show hand 
*** SUMMARY ***
Total pot $2.50 | Rake $0 
Seat 1: XneferX (small blind) folded before Flop
Seat 2: shootingGRID (big blind) folded before Flop
Seat 3: Giroztab1977 folded before Flop (didn't bet)
Seat 4: wojts folded before Flop (didn't bet)
Seat 5: m0nTTu folded before Flop (didn't bet)
Seat 6: mariofcd (button) collected ($2.50)



PokerStars Hand #254553913112:  Hold'em No Limit ($0.50/$1.00 USD) - 2025/01/25 23:03:30 WET [2025/01/25 18:03:30 ET]
Table 'Tvashtri IV' 6-max Seat #1 is the button
Seat 1: XneferX ($106.80 in chips) 
Seat 2: shootingGRID ($100 in chips) 
Seat 3: Giroztab1977 ($127.81 in chips) 
Seat 4: wojts ($115.53 in chips) 
Seat 5: m0nTTu ($103.28 in chips) 
Seat 6: mariofcd ($110.25 in chips) 
shootingGRID: posts small blind $0.50
Giroztab1977: posts big blind $1
*** HOLE CARDS ***
wojts: raises $2 to $3
m0nTTu: folds 
mariofcd: folds 
XneferX: folds 
shootingGRID: calls $2.50
Giroztab1977: calls $2
*** FLOP *** [9c 5d 7d]
shootingGRID: checks 
Giroztab1977: bets $8.55
wojts: folds 
shootingGRID: raises $18.93 to $27.48
Giroztab1977: folds 
Uncalled bet ($18.93) returned to shootingGRID
shootingGRID collected $24.80 from pot
*** SUMMARY ***
Total pot $26.10 | Rake $1.30 
Board [9c 5d 7d]
Seat 1: XneferX (button) folded before Flop (didn't bet)
Seat 2: shootingGRID (small blind) collected ($24.80)
Seat 3: Giroztab1977 (big blind) folded on the Flop
Seat 4: wojts folded on the Flop
Seat 5: m0nTTu folded before Flop (didn't bet)
Seat 6: mariofcd folded before Flop (didn't bet)



PokerStars Hand #254553933833:  Hold'em No Limit ($0.50/$1.00 USD) - 2025/01/25 23:04:48 WET [2025/01/25 18:04:48 ET]
Table 'Tvashtri IV' 6-max Seat #2 is the button
Seat 4: wojts ($112.53 in chips) is sitting out
Seat 1: XneferX ($106.80 in chips) 
Seat 2: shootingGRID ($113.25 in chips) 
Seat 3: Giroztab1977 ($116.26 in chips) 
Seat 5: m0nTTu ($103.28 in chips) 
Seat 6: mariofcd ($110.25 in chips) 
Giroztab1977: posts small blind $0.50
m0nTTu: posts big blind $1
*** HOLE CARDS ***
mariofcd: folds 
XneferX: raises $1.30 to $2.30
shootingGRID: folds 
Giroztab1977: calls $1.80
m0nTTu: calls $1.30
*** FLOP *** [7s 4s 7c]
Giroztab1977: checks 
m0nTTu: bets $2.16
XneferX: raises $6.47 to $8.63
Giroztab1977: folds 
m0nTTu: folds 
Uncalled bet ($6.47) returned to XneferX
XneferX collected $10.66 from pot
XneferX: doesn't show hand 
*** SUMMARY ***
Total pot $11.22 | Rake $0.56 
Board [7s 4s 7c]
Seat 4: wojts
Seat 1: XneferX collected ($10.66)
Seat 2: shootingGRID (button) folded before Flop (didn't bet)
Seat 3: Giroztab1977 (small blind) folded on the Flop
Seat 5: m0nTTu (big blind) folded on the Flop
Seat 6: mariofcd folded before Flop (didn't bet)



PokerStars Hand #254553955628:  Hold'em No Limit ($0.50/$1.00 USD) - 2025/01/25 23:06:10 WET [2025/01/25 18:06:10 ET]
Table 'Tvashtri IV' 6-max Seat #3 is the button
Seat 4: wojts ($112.53 in chips) is sitting out
Seat 1: XneferX ($113 in chips) 
Seat 2: shootingGRID ($113.25 in chips) 
Seat 3: Giroztab1977 ($113.96 in chips) 
Seat 5: m0nTTu ($98.82 in chips) 
Seat 6: mariofcd ($110.25 in chips) 
m0nTTu: posts small blind $0.50
mariofcd: posts big blind $1
*** HOLE CARDS ***
XneferX: folds 
shootingGRID: folds 
Giroztab1977: calls $1
m0nTTu: folds 
mariofcd: checks 
*** FLOP *** [3h Jd 5d]
mariofcd: checks 
Giroztab1977: checks 
*** TURN *** [3h Jd 5d] [2s]
mariofcd: checks 
Giroztab1977: bets $1
mariofcd: calls $1
*** RIVER *** [3h Jd 5d 2s] [Jh]
mariofcd: checks 
Giroztab1977: checks 
*** SHOW DOWN ***
mariofcd: shows [6h Kc] (a pair of Jacks)
Giroztab1977: shows [3d Kd] (two pair, Jacks and Threes)
Giroztab1977 collected $4.28 from pot
*** SUMMARY ***
Total pot $4.50 | Rake $0.22 
Board [3h Jd 5d 2s Jh]
Seat 4: wojts
Seat 1: XneferX folded before Flop (didn't bet)
Seat 2: shootingGRID folded before Flop (didn't bet)
Seat 3: Giroztab1977 (button) showed [3d Kd] and won ($4.28) with two pair, Jacks and Threes
Seat 5: m0nTTu (small blind) folded before Flop
Seat 6: mariofcd (big blind) showed [6h Kc] and lost with a pair of Jacks



PokerStars Hand #254553963490:  Hold'em No Limit ($0.50/$1.00 USD) - 2025/01/25 23:06:40 WET [2025/01/25 18:06:40 ET]
Table 'Tvashtri IV' 6-max Seat #5 is the button
Seat 4: wojts ($112.53 in chips) is sitting out
Seat 1: XneferX ($113 in chips) 
Seat 2: shootingGRID ($113.25 in chips) 
Seat 3: Giroztab1977 ($116.24 in chips) 
Seat 5: m0nTTu ($100 in chips) 
Seat 6: mariofcd ($108.25 in chips) 
mariofcd: posts small blind $0.50
XneferX: posts big blind $1
*** HOLE CARDS ***
shootingGRID: folds 
Giroztab1977: folds 
m0nTTu: raises $1.50 to $2.50
mariofcd: folds 
XneferX: folds 
Uncalled bet ($1.50) returned to m0nTTu
m0nTTu collected $2.50 from pot
m0nTTu: doesn't show hand 
*** SUMMARY ***
Total pot $2.50 | Rake $0 
Seat 4: wojts
Seat 1: XneferX (big blind) folded before Flop
Seat 2: shootingGRID folded before Flop (didn't bet)
Seat 3: Giroztab1977 folded before Flop (didn't bet)
Seat 5: m0nTTu (button) collected ($2.50)
Seat 6: mariofcd (small blind) folded before Flop



PokerStars Hand #254553969966:  Hold'em No Limit ($0.50/$1.00 USD) - 2025/01/25 23:07:05 WET [2025/01/25 18:07:05 ET]
Table 'Tvashtri IV' 6-max Seat #6 is the button
Seat 4: wojts ($112.53 in chips) is sitting out
Seat 1: XneferX ($112 in chips) 
Seat 2: shootingGRID ($113.25 in chips) 
Seat 3: Giroztab1977 ($116.24 in chips) 
Seat 5: m0nTTu ($101.50 in chips) 
Seat 6: mariofcd ($107.75 in chips) 
XneferX: posts small blind $0.50
shootingGRID: posts big blind $1
*** HOLE CARDS ***
Giroztab1977: calls $1
m0nTTu: folds 
mariofcd: folds 
XneferX: folds 
shootingGRID: raises $4 to $5
Giroztab1977: calls $4
*** FLOP *** [4c Js 5c]
shootingGRID: bets $4.99
Giroztab1977: folds 
Uncalled bet ($4.99) returned to shootingGRID
shootingGRID collected $9.98 from pot
*** SUMMARY ***
Total pot $10.50 | Rake $0.52 
Board [4c Js 5c]
Seat 4: wojts
Seat 1: XneferX (small blind) folded before Flop
Seat 2: shootingGRID (big blind) collected ($9.98)
Seat 3: Giroztab1977 folded on the Flop
Seat 5: m0nTTu folded before Flop (didn't bet)
Seat 6: mariofcd (button) folded before Flop (didn't bet)



PokerStars Hand #254553982695:  Hold'em No Limit ($0.50/$1.00 USD) - 2025/01/25 23:07:53 WET [2025/01/25 18:07:53 ET]
Table 'Tvashtri IV' 6-max Seat #1 is the button
Seat 4: wojts ($112.53 in chips) is sitting out
Seat 1: XneferX ($111.50 in chips) 
Seat 2: shootingGRID ($118.23 in chips) 
Seat 3: Giroztab1977 ($111.24 in chips) 
Seat 5: m0nTTu ($101.50 in chips) 
Seat 6: mariofcd ($107.75 in chips) 
shootingGRID: posts small blind $0.50
Giroztab1977: posts big blind $1
*** HOLE CARDS ***
m0nTTu: folds 
mariofcd: raises $1.25 to $2.25
XneferX: folds 
shootingGRID: folds 
Giroztab1977: folds 
Uncalled bet ($1.25) returned to mariofcd
mariofcd collected $2.50 from pot
mariofcd: doesn't show hand 
*** SUMMARY ***
Total pot $2.50 | Rake $0 
Seat 4: wojts
Seat 1: XneferX (button) folded before Flop (didn't bet)
Seat 2: shootingGRID (small blind) folded before Flop
Seat 3: Giroztab1977 (big blind) folded before Flop
Seat 5: m0nTTu folded before Flop (didn't bet)
Seat 6: mariofcd collected ($2.50)



PokerStars Hand #254553987721:  Hold'em No Limit ($0.50/$1.00 USD) - 2025/01/25 23:08:12 WET [2025/01/25 18:08:12 ET]
Table 'Tvashtri IV' 6-max Seat #2 is the button
Seat 4: wojts ($112.53 in chips) is sitting out
Seat 1: XneferX ($111.50 in chips) 
Seat 2: shootingGRID ($117.73 in chips) 
Seat 3: Giroztab1977 ($110.24 in chips) 
Seat 5: m0nTTu ($101.50 in chips) 
Seat 6: mariofcd ($109.25 in chips) 
Giroztab1977: posts small blind $0.50
m0nTTu: posts big blind $1
*** HOLE CARDS ***
mariofcd: folds 
XneferX: folds 
shootingGRID: raises $1.50 to $2.50
Giroztab1977: calls $2
m0nTTu: folds 
*** FLOP *** [Tc Ts Qh]
Giroztab1977: checks 
shootingGRID: bets $1.88
Giroztab1977: calls $1.88
*** TURN *** [Tc Ts Qh] [2d]
Giroztab1977: bets $4.64
shootingGRID: calls $4.64
*** RIVER *** [Tc Ts Qh 2d] [Js]
Giroztab1977: checks 
shootingGRID: checks 
*** SHOW DOWN ***
Giroztab1977: shows [2c 7c] (two pair, Tens and Deuces)
shootingGRID: shows [Qs 7s] (two pair, Queens and Tens)
shootingGRID collected $18.09 from pot
*** SUMMARY ***
Total pot $19.04 | Rake $0.95 
Board [Tc Ts Qh 2d Js]
Seat 4: wojts
Seat 1: XneferX folded before Flop (didn't bet)
Seat 2: shootingGRID (button) showed [Qs 7s] and won ($18.09) with two pair, Queens and Tens
Seat 3: Giroztab1977 (small blind) showed [2c 7c] and lost with two pair, Tens and Deuces
Seat 5: m0nTTu (big blind) folded before Flop
Seat 6: mariofcd folded before Flop (didn't bet)



PokerStars Hand #254554007283:  Hold'em No Limit ($0.50/$1.00 USD) - 2025/01/25 23:09:27 WET [2025/01/25 18:09:27 ET]
Table 'Tvashtri IV' 6-max Seat #3 is the button
Seat 4: wojts ($112.53 in chips) is sitting out
Seat 1: XneferX ($111.50 in chips) 
Seat 2: shootingGRID ($126.80 in chips) 
Seat 3: Giroztab1977 ($101.22 in chips) 
Seat 5: m0nTTu ($100.50 in chips) 
Seat 6: mariofcd ($109.25 in chips) 
m0nTTu: posts small blind $0.50
mariofcd: posts big blind $1
*** HOLE CARDS ***
XneferX: raises $1.10 to $2.10
shootingGRID: folds 
Giroztab1977: folds 
m0nTTu: folds 
mariofcd: folds 
Uncalled bet ($1.10) returned to XneferX
XneferX collected $2.50 from pot
XneferX: doesn't show hand 
*** SUMMARY ***
Total pot $2.50 | Rake $0 
Seat 4: wojts
Seat 1: XneferX collected ($2.50)
Seat 2: shootingGRID folded before Flop (didn't bet)
Seat 3: Giroztab1977 (button) folded before Flop (didn't bet)
Seat 5: m0nTTu (small blind) folded before Flop
Seat 6: mariofcd (big blind) folded before Flop



PokerStars Hand #254554012141:  Hold'em No Limit ($0.50/$1.00 USD) - 2025/01/25 23:09:45 WET [2025/01/25 18:09:45 ET]
Table 'Tvashtri IV' 6-max Seat #5 is the button
Seat 4: wojts ($112.53 in chips) is sitting out
Seat 1: XneferX ($113 in chips) 
Seat 2: shootingGRID ($126.80 in chips) 
Seat 3: Giroztab1977 ($101.22 in chips) 
Seat 5: m0nTTu ($100 in chips) 
Seat 6: mariofcd ($108.25 in chips) 
mariofcd: posts small blind $0.50
XneferX: posts big blind $1
*** HOLE CARDS ***
shootingGRID: folds 
Giroztab1977: folds 
m0nTTu: raises $1.50 to $2.50
mariofcd: folds 
XneferX: folds 
Uncalled bet ($1.50) returned to m0nTTu
m0nTTu collected $2.50 from pot
m0nTTu: doesn't show hand 
*** SUMMARY ***
Total pot $2.50 | Rake $0 
Seat 4: wojts
Seat 1: XneferX (big blind) folded before Flop
Seat 2: shootingGRID folded before Flop (didn't bet)
Seat 3: Giroztab1977 folded before Flop (didn't bet)
Seat 5: m0nTTu (button) collected ($2.50)
Seat 6: mariofcd (small blind) folded before Flop



PokerStars Hand #254554016423:  Hold'em No Limit ($0.50/$1.00 USD) - 2025/01/25 23:10:02 WET [2025/01/25 18:10:02 ET]
Table 'Tvashtri IV' 6-max Seat #6 is the button
Seat 4: wojts ($112.53 in chips) is sitting out
Seat 1: XneferX ($112 in chips) 
Seat 2: shootingGRID ($126.80 in chips) 
Seat 3: Giroztab1977 ($101.22 in chips) 
Seat 5: m0nTTu ($101.50 in chips) 
Seat 6: mariofcd ($107.75 in chips) 
XneferX: posts small blind $0.50
shootingGRID: posts big blind $1
*** HOLE CARDS ***
Giroztab1977: raises $2.50 to $3.50
m0nTTu: folds 
mariofcd: folds 
XneferX: folds 
shootingGRID: folds 
Uncalled bet ($2.50) returned to Giroztab1977
Giroztab1977 collected $2.50 from pot
*** SUMMARY ***
Total pot $2.50 | Rake $0 
Seat 4: wojts
Seat 1: XneferX (small blind) folded before Flop
Seat 2: shootingGRID (big blind) folded before Flop
Seat 3: Giroztab1977 collected ($2.50)
Seat 5: m0nTTu folded before Flop (didn't bet)
Seat 6: mariofcd (button) folded before Flop (didn't bet)



PokerStars Hand #254554022631:  Hold'em No Limit ($0.50/$1.00 USD) - 2025/01/25 23:10:26 WET [2025/01/25 18:10:26 ET]
Table 'Tvashtri IV' 6-max Seat #1 is the button
Seat 4: wojts ($112.53 in chips) is sitting out
Seat 1: XneferX ($111.50 in chips) 
Seat 2: shootingGRID ($125.80 in chips) 
Seat 3: Giroztab1977 ($102.72 in chips) 
Seat 5: m0nTTu ($101.50 in chips) 
Seat 6: mariofcd ($107.75 in chips) 
shootingGRID: posts small blind $0.50
Giroztab1977: posts big blind $1
*** HOLE CARDS ***
m0nTTu: folds 
mariofcd: raises $1.25 to $2.25
XneferX: folds 
shootingGRID: folds 
Giroztab1977: calls $1.25
*** FLOP *** [Jh Qd 5d]
Giroztab1977: checks 
mariofcd: bets $1.43
Giroztab1977: calls $1.43
*** TURN *** [Jh Qd 5d] [Kc]
Giroztab1977: checks 
mariofcd: checks 
*** RIVER *** [Jh Qd 5d Kc] [7d]
Giroztab1977: checks 
mariofcd: checks 
*** SHOW DOWN ***
Giroztab1977: shows [9s 8s] (high card King)
mariofcd: shows [Qh Ts] (a pair of Queens)
mariofcd collected $7.47 from pot
*** SUMMARY ***
Total pot $7.86 | Rake $0.39 
Board [Jh Qd 5d Kc 7d]
Seat 4: wojts
Seat 1: XneferX (button) folded before Flop (didn't bet)
Seat 2: shootingGRID (small blind) folded before Flop
Seat 3: Giroztab1977 (big blind) showed [9s 8s] and lost with high card King
Seat 5: m0nTTu folded before Flop (didn't bet)
Seat 6: mariofcd showed [Qh Ts] and won ($7.47) with a pair of Queens



PokerStars Hand #254554033933:  Hold'em No Limit ($0.50/$1.00 USD) - 2025/01/25 23:11:09 WET [2025/01/25 18:11:09 ET]
Table 'Tvashtri IV' 6-max Seat #2 is the button
Seat 4: wojts ($112.53 in chips) is sitting out
Seat 1: XneferX ($111.50 in chips) 
Seat 2: shootingGRID ($125.30 in chips) 
Seat 3: Giroztab1977 ($99.04 in chips) 
Seat 5: m0nTTu ($101.50 in chips) 
Seat 6: mariofcd ($111.54 in chips) 
Giroztab1977: posts small blind $0.50
m0nTTu: posts big blind $1
*** HOLE CARDS ***
mariofcd: folds 
XneferX: folds 
shootingGRID: raises $1.50 to $2.50
Giroztab1977: calls $2
m0nTTu: folds 
*** FLOP *** [2h 9h 8d]
Giroztab1977: checks 
shootingGRID: bets $3.76
Giroztab1977: calls $3.76
*** TURN *** [2h 9h 8d] [Kd]
Giroztab1977: checks 
shootingGRID: checks 
*** RIVER *** [2h 9h 8d Kd] [Ah]
Giroztab1977: bets $6.42
shootingGRID: folds 
Uncalled bet ($6.42) returned to Giroztab1977
Giroztab1977 collected $12.84 from pot
*** SUMMARY ***
Total pot $13.52 | Rake $0.68 
Board [2h 9h 8d Kd Ah]
Seat 4: wojts
Seat 1: XneferX folded before Flop (didn't bet)
Seat 2: shootingGRID (button) folded on the River
Seat 3: Giroztab1977 (small blind) collected ($12.84)
Seat 5: m0nTTu (big blind) folded before Flop
Seat 6: mariofcd folded before Flop (didn't bet)



PokerStars Hand #254554055213:  Hold'em No Limit ($0.50/$1.00 USD) - 2025/01/25 23:12:30 WET [2025/01/25 18:12:30 ET]
Table 'Tvashtri IV' 6-max Seat #3 is the button
Seat 4: wojts ($112.53 in chips) is sitting out
Seat 1: XneferX ($111.50 in chips) 
Seat 2: shootingGRID ($119.04 in chips) 
Seat 3: Giroztab1977 ($105.62 in chips) 
Seat 5: m0nTTu ($100.50 in chips) 
Seat 6: mariofcd ($111.54 in chips) 
m0nTTu: posts small blind $0.50
mariofcd: posts big blind $1
*** HOLE CARDS ***
XneferX: raises $1.10 to $2.10
shootingGRID: folds 
Giroztab1977: folds 
m0nTTu: folds 
mariofcd: folds 
Uncalled bet ($1.10) returned to XneferX
XneferX collected $2.50 from pot
XneferX: doesn't show hand 
*** SUMMARY ***
Total pot $2.50 | Rake $0 
Seat 4: wojts
Seat 1: XneferX collected ($2.50)
Seat 2: shootingGRID folded before Flop (didn't bet)
Seat 3: Giroztab1977 (button) folded before Flop (didn't bet)
Seat 5: m0nTTu (small blind) folded before Flop
Seat 6: mariofcd (big blind) folded before Flop



PokerStars Hand #254554060486:  Hold'em No Limit ($0.50/$1.00 USD) - 2025/01/25 23:12:50 WET [2025/01/25 18:12:50 ET]
Table 'Tvashtri IV' 6-max Seat #5 is the button
Seat 4: wojts ($112.53 in chips) is sitting out
Seat 1: XneferX ($113 in chips) 
Seat 2: shootingGRID ($119.04 in chips) 
Seat 3: Giroztab1977 ($105.62 in chips) 
Seat 5: m0nTTu ($100 in chips) 
Seat 6: mariofcd ($110.54 in chips) 
mariofcd: posts small blind $0.50
XneferX: posts big blind $1
wojts: sits out 
*** HOLE CARDS ***
shootingGRID: folds 
Giroztab1977: folds 
m0nTTu: folds 
mariofcd: folds 
Uncalled bet ($0.50) returned to XneferX
XneferX collected $1 from pot
XneferX: doesn't show hand 
*** SUMMARY ***
Total pot $1 | Rake $0 
Seat 4: wojts
Seat 1: XneferX (big blind) collected ($1)
Seat 2: shootingGRID folded before Flop (didn't bet)
Seat 3: Giroztab1977 folded before Flop (didn't bet)
Seat 5: m0nTTu (button) folded before Flop (didn't bet)
Seat 6: mariofcd (small blind) folded before Flop



PokerStars Hand #254554065794:  Hold'em No Limit ($0.50/$1.00 USD) - 2025/01/25 23:13:10 WET [2025/01/25 18:13:10 ET]
Table 'Tvashtri IV' 6-max Seat #6 is the button
Seat 4: wojts ($112.53 in chips) is sitting out
Seat 1: XneferX ($113.50 in chips) 
Seat 2: shootingGRID ($119.04 in chips) 
Seat 3: Giroztab1977 ($105.62 in chips) 
Seat 5: m0nTTu ($100 in chips) 
Seat 6: mariofcd ($110.04 in chips) 
XneferX: posts small blind $0.50
shootingGRID: posts big blind $1
wojts: sits out 
*** HOLE CARDS ***
Giroztab1977: folds 
m0nTTu: folds 
mariofcd: raises $1.45 to $2.45
XneferX: folds 
shootingGRID: raises $10.55 to $13
mariofcd: folds 
Uncalled bet ($10.55) returned to shootingGRID
shootingGRID collected $5.40 from pot
*** SUMMARY ***
Total pot $5.40 | Rake $0 
Seat 4: wojts
Seat 1: XneferX (small blind) folded before Flop
Seat 2: shootingGRID (big blind) collected ($5.40)
Seat 3: Giroztab1977 folded before Flop (didn't bet)
Seat 5: m0nTTu folded before Flop (didn't bet)
Seat 6: mariofcd (button) folded before Flop



PokerStars Hand #254554072559:  Hold'em No Limit ($0.50/$1.00 USD) - 2025/01/25 23:13:37 WET [2025/01/25 18:13:37 ET]
Table 'Tvashtri IV' 6-max Seat #1 is the button
Seat 4: wojts ($112.53 in chips) is sitting out
Seat 1: XneferX ($113 in chips) 
Seat 2: shootingGRID ($121.99 in chips) 
Seat 3: Giroztab1977 ($105.62 in chips) 
Seat 5: m0nTTu ($100 in chips) 
Seat 6: mariofcd ($107.59 in chips) 
shootingGRID: posts small blind $0.50
Giroztab1977: posts big blind $1
wojts: sits out 
*** HOLE CARDS ***
m0nTTu: folds 
mariofcd: folds 
XneferX: folds 
shootingGRID: folds 
Uncalled bet ($0.50) returned to Giroztab1977
Giroztab1977 collected $1 from pot
*** SUMMARY ***
Total pot $1 | Rake $0 
Seat 4: wojts
Seat 1: XneferX (button) folded before Flop (didn't bet)
Seat 2: shootingGRID (small blind) folded before Flop
Seat 3: Giroztab1977 (big blind) collected ($1)
Seat 5: m0nTTu folded before Flop (didn't bet)
Seat 6: mariofcd folded before Flop (didn't bet)



PokerStars Hand #254554075818:  Hold'em No Limit ($0.50/$1.00 USD) - 2025/01/25 23:13:49 WET [2025/01/25 18:13:49 ET]
Table 'Tvashtri IV' 6-max Seat #2 is the button
Seat 1: XneferX ($113 in chips) 
Seat 2: shootingGRID ($121.49 in chips) 
Seat 3: Giroztab1977 ($106.12 in chips) 
Seat 4: wojts ($112.53 in chips) 
Seat 5: m0nTTu ($100 in chips) 
Seat 6: mariofcd ($107.59 in chips) 
Giroztab1977: posts small blind $0.50
wojts: posts big blind $1
*** HOLE CARDS ***
m0nTTu: folds 
mariofcd: folds 
XneferX: raises $1.30 to $2.30
shootingGRID: raises $5.20 to $7.50
Giroztab1977: folds 
wojts: folds 
XneferX: raises $13.50 to $21
shootingGRID: calls $13.50
*** FLOP *** [Ac As 8s]
XneferX: checks 
shootingGRID: checks 
*** TURN *** [Ac As 8s] [4s]
XneferX: checks 
shootingGRID: bets $13.64
XneferX: calls $13.64
*** RIVER *** [Ac As 8s 4s] [4d]
XneferX: checks 
shootingGRID: checks 
*** SHOW DOWN ***
XneferX: shows [Qc Qs] (two pair, Aces and Queens)
shootingGRID: shows [Qh Qd] (two pair, Aces and Queens)
XneferX collected $34.14 from pot
shootingGRID collected $34.14 from pot
*** SUMMARY ***
Total pot $70.78 | Rake $2.50 
Board [Ac As 8s 4s 4d]
Seat 1: XneferX showed [Qc Qs] and won ($34.14) with two pair, Aces and Queens
Seat 2: shootingGRID (button) showed [Qh Qd] and won ($34.14) with two pair, Aces and Queens
Seat 3: Giroztab1977 (small blind) folded before Flop
Seat 4: wojts (big blind) folded before Flop
Seat 5: m0nTTu folded before Flop (didn't bet)
Seat 6: mariofcd folded before Flop (didn't bet)



PokerStars Hand #254554114559:  Hold'em No Limit ($0.50/$1.00 USD) - 2025/01/25 23:16:17 WET [2025/01/25 18:16:17 ET]
Table 'Tvashtri IV' 6-max Seat #3 is the button
Seat 1: XneferX ($112.50 in chips) 
Seat 2: shootingGRID ($120.99 in chips) 
Seat 3: Giroztab1977 ($105.62 in chips) 
Seat 4: wojts ($111.53 in chips) 
Seat 5: m0nTTu ($100 in chips) 
Seat 6: mariofcd ($107.59 in chips) 
wojts: posts small blind $0.50
m0nTTu: posts big blind $1
*** HOLE CARDS ***
mariofcd: folds 
XneferX: folds 
shootingGRID: folds 
Giroztab1977: calls $1
wojts: folds 
m0nTTu: checks 
*** FLOP *** [Th 3c 2h]
m0nTTu: checks 
Giroztab1977: bets $2.38
m0nTTu: folds 
Uncalled bet ($2.38) returned to Giroztab1977
Giroztab1977 collected $2.38 from pot
*** SUMMARY ***
Total pot $2.50 | Rake $0.12 
Board [Th 3c 2h]
Seat 1: XneferX folded before Flop (didn't bet)
Seat 2: shootingGRID folded before Flop (didn't bet)
Seat 3: Giroztab1977 (button) collected ($2.38)
Seat 4: wojts (small blind) folded before Flop
Seat 5: m0nTTu (big blind) folded on the Flop
Seat 6: mariofcd folded before Flop (didn't bet)



PokerStars Hand #254554121843:  Hold'em No Limit ($0.50/$1.00 USD) - 2025/01/25 23:16:45 WET [2025/01/25 18:16:45 ET]
Table 'Tvashtri IV' 6-max Seat #4 is the button
Seat 1: XneferX ($112.50 in chips) 
Seat 2: shootingGRID ($120.99 in chips) 
Seat 3: Giroztab1977 ($107 in chips) 
Seat 4: wojts ($111.03 in chips) 
Seat 5: m0nTTu ($99 in chips) 
Seat 6: mariofcd ($107.59 in chips) 
m0nTTu: posts small blind $0.50
mariofcd: posts big blind $1
*** HOLE CARDS ***
XneferX: folds 
shootingGRID: folds 
Giroztab1977: calls $1
wojts: folds 
m0nTTu: calls $0.50
mariofcd: checks 
*** FLOP *** [Jh Ad Ac]
m0nTTu: checks 
mariofcd: checks 
Giroztab1977: checks 
*** TURN *** [Jh Ad Ac] [6h]
m0nTTu: checks 
mariofcd: checks 
Giroztab1977: bets $2
m0nTTu: calls $2
mariofcd: calls $2
*** RIVER *** [Jh Ad Ac 6h] [Kh]
m0nTTu: checks 
mariofcd: checks 
Giroztab1977: bets $4
m0nTTu: calls $4
mariofcd: calls $4
*** SHOW DOWN ***
Giroztab1977: shows [4h As] (three of a kind, Aces)
m0nTTu: shows [Ah Ts] (three of a kind, Aces)
mariofcd: mucks hand 
m0nTTu collected $9.98 from pot
Giroztab1977 collected $9.97 from pot
*** SUMMARY ***
Total pot $21 | Rake $1.05 
Board [Jh Ad Ac 6h Kh]
Seat 1: XneferX folded before Flop (didn't bet)
Seat 2: shootingGRID folded before Flop (didn't bet)
Seat 3: Giroztab1977 showed [4h As] and won ($9.97) with three of a kind, Aces
Seat 4: wojts (button) folded before Flop (didn't bet)
Seat 5: m0nTTu (small blind) showed [Ah Ts] and won ($9.98) with three of a kind, Aces
Seat 6: mariofcd (big blind) mucked



PokerStars Hand #254554138705:  Hold'em No Limit ($0.50/$1.00 USD) - 2025/01/25 23:17:50 WET [2025/01/25 18:17:50 ET]
Table 'Tvashtri IV' 6-max Seat #5 is the button
Seat 1: XneferX ($112.50 in chips) 
Seat 2: shootingGRID ($120.99 in chips) 
Seat 3: Giroztab1977 ($109.97 in chips) 
Seat 4: wojts ($111.03 in chips) 
Seat 5: m0nTTu ($101.98 in chips) 
Seat 6: mariofcd ($100.59 in chips) 
mariofcd: posts small blind $0.50
XneferX: posts big blind $1
*** HOLE CARDS ***
shootingGRID: folds 
Giroztab1977: folds 
wojts: folds 
m0nTTu: raises $1.50 to $2.50
mariofcd: folds 
XneferX: folds 
Uncalled bet ($1.50) returned to m0nTTu
m0nTTu collected $2.50 from pot
m0nTTu: doesn't show hand 
*** SUMMARY ***
Total pot $2.50 | Rake $0 
Seat 1: XneferX (big blind) folded before Flop
Seat 2: shootingGRID folded before Flop (didn't bet)
Seat 3: Giroztab1977 folded before Flop (didn't bet)
Seat 4: wojts folded before Flop (didn't bet)
Seat 5: m0nTTu (button) collected ($2.50)
Seat 6: mariofcd (small blind) folded before Flop



PokerStars Hand #254554143093:  Hold'em No Limit ($0.50/$1.00 USD) - 2025/01/25 23:18:06 WET [2025/01/25 18:18:06 ET]
Table 'Tvashtri IV' 6-max Seat #6 is the button
Seat 1: XneferX ($111.50 in chips) 
Seat 2: shootingGRID ($120.99 in chips) 
Seat 3: Giroztab1977 ($109.97 in chips) 
Seat 4: wojts ($111.03 in chips) 
Seat 5: m0nTTu ($103.48 in chips) 
Seat 6: mariofcd ($100.09 in chips) 
XneferX: posts small blind $0.50
shootingGRID: posts big blind $1
*** HOLE CARDS ***
Giroztab1977: calls $1
wojts: folds 
m0nTTu: folds 
mariofcd: raises $4 to $5
XneferX: folds 
shootingGRID: raises $12.50 to $17.50
Giroztab1977: folds 
mariofcd: folds 
Uncalled bet ($12.50) returned to shootingGRID
shootingGRID collected $11.50 from pot
*** SUMMARY ***
Total pot $11.50 | Rake $0 
Seat 1: XneferX (small blind) folded before Flop
Seat 2: shootingGRID (big blind) collected ($11.50)
Seat 3: Giroztab1977 folded before Flop
Seat 4: wojts folded before Flop (didn't bet)
Seat 5: m0nTTu folded before Flop (didn't bet)
Seat 6: mariofcd (button) folded before Flop



PokerStars Hand #254554151226:  Hold'em No Limit ($0.50/$1.00 USD) - 2025/01/25 23:18:38 WET [2025/01/25 18:18:38 ET]
Table 'Tvashtri IV' 6-max Seat #1 is the button
Seat 1: XneferX ($111 in chips) 
Seat 2: shootingGRID ($127.49 in chips) 
Seat 3: Giroztab1977 ($108.97 in chips) 
Seat 4: wojts ($111.03 in chips) 
Seat 5: m0nTTu ($103.48 in chips) 
Seat 6: mariofcd ($100 in chips) 
shootingGRID: posts small blind $0.50
Giroztab1977: posts big blind $1
*** HOLE CARDS ***
wojts: folds 
m0nTTu: raises $1.50 to $2.50
mariofcd: folds 
XneferX: folds 
shootingGRID: folds 
Giroztab1977: calls $1.50
*** FLOP *** [7d 6c Ts]
Giroztab1977: checks 
m0nTTu: checks 
*** TURN *** [7d 6c Ts] [3d]
Giroztab1977: bets $4.61
m0nTTu: calls $4.61
*** RIVER *** [7d 6c Ts 3d] [Kc]
Giroztab1977: checks 
m0nTTu: bets $6.99
Giroztab1977: calls $6.99
*** SHOW DOWN ***
m0nTTu: shows [Jd Js] (a pair of Jacks)
Giroztab1977: shows [Kd 8d] (a pair of Kings)
Giroztab1977 collected $27.26 from pot
*** SUMMARY ***
Total pot $28.70 | Rake $1.44 
Board [7d 6c Ts 3d Kc]
Seat 1: XneferX (button) folded before Flop (didn't bet)
Seat 2: shootingGRID (small blind) folded before Flop
Seat 3: Giroztab1977 (big blind) showed [Kd 8d] and won ($27.26) with a pair of Kings
Seat 4: wojts folded before Flop (didn't bet)
Seat 5: m0nTTu showed [Jd Js] and lost with a pair of Jacks
Seat 6: mariofcd folded before Flop (didn't bet)



PokerStars Hand #254554168840:  Hold'em No Limit ($0.50/$1.00 USD) - 2025/01/25 23:19:46 WET [2025/01/25 18:19:46 ET]
Table 'Tvashtri IV' 6-max Seat #2 is the button
Seat 1: XneferX ($111 in chips) 
Seat 2: shootingGRID ($126.99 in chips) 
Seat 3: Giroztab1977 ($122.13 in chips) 
Seat 4: wojts ($111.03 in chips) 
Seat 5: m0nTTu ($89.38 in chips) 
Seat 6: mariofcd ($100 in chips) 
Giroztab1977: posts small blind $0.50
wojts: posts big blind $1
*** HOLE CARDS ***
m0nTTu: folds 
mariofcd: folds 
XneferX: folds 
shootingGRID: raises $1.50 to $2.50
Giroztab1977: calls $2
wojts: folds 
*** FLOP *** [9h Kc Kd]
Giroztab1977: checks 
shootingGRID: bets $1.88
Giroztab1977: folds 
Uncalled bet ($1.88) returned to shootingGRID
shootingGRID collected $5.70 from pot
*** SUMMARY ***
Total pot $6 | Rake $0.30 
Board [9h Kc Kd]
Seat 1: XneferX folded before Flop (didn't bet)
Seat 2: shootingGRID (button) collected ($5.70)
Seat 3: Giroztab1977 (small blind) folded on the Flop
Seat 4: wojts (big blind) folded before Flop
Seat 5: m0nTTu folded before Flop (didn't bet)
Seat 6: mariofcd folded before Flop (didn't bet)



PokerStars Hand #254554179194:  Hold'em No Limit ($0.50/$1.00 USD) - 2025/01/25 23:20:26 WET [2025/01/25 18:20:26 ET]
Table 'Tvashtri IV' 6-max Seat #3 is the button
Seat 1: XneferX ($111 in chips) 
Seat 2: shootingGRID ($130.19 in chips) 
Seat 3: Giroztab1977 ($119.63 in chips) 
Seat 4: wojts ($110.03 in chips) 
Seat 5: m0nTTu ($89.38 in chips) 
Seat 6: mariofcd ($100 in chips) 
wojts: posts small blind $0.50
m0nTTu: posts big blind $1
*** HOLE CARDS ***
mariofcd: folds 
XneferX: folds 
shootingGRID: folds 
Giroztab1977: folds 
wojts: raises $2 to $3
m0nTTu: calls $2
*** FLOP *** [Kh Ac 5c]
wojts: bets $2.85
m0nTTu: calls $2.85
*** TURN *** [Kh Ac 5c] [Ad]
wojts: checks 
m0nTTu: checks 
*** RIVER *** [Kh Ac 5c Ad] [5h]
wojts: checks 
m0nTTu: bets $16.65
wojts: folds 
Uncalled bet ($16.65) returned to m0nTTu
m0nTTu collected $11.12 from pot
m0nTTu: doesn't show hand 
*** SUMMARY ***
Total pot $11.70 | Rake $0.58 
Board [Kh Ac 5c Ad 5h]
Seat 1: XneferX folded before Flop (didn't bet)
Seat 2: shootingGRID folded before Flop (didn't bet)
Seat 3: Giroztab1977 (button) folded before Flop (didn't bet)
Seat 4: wojts (small blind) folded on the River
Seat 5: m0nTTu (big blind) collected ($11.12)
Seat 6: mariofcd folded before Flop (didn't bet)



PokerStars Hand #254554208863:  Hold'em No Limit ($0.50/$1.00 USD) - 2025/01/25 23:22:21 WET [2025/01/25 18:22:21 ET]
Table 'Tvashtri IV' 6-max Seat #4 is the button
Seat 1: XneferX ($111 in chips) 
Seat 2: shootingGRID ($130.19 in chips) 
Seat 3: Giroztab1977 ($119.63 in chips) 
Seat 4: wojts ($104.18 in chips) 
Seat 5: m0nTTu ($94.65 in chips) 
Seat 6: mariofcd ($100 in chips) 
m0nTTu: posts small blind $0.50
mariofcd: posts big blind $1
*** HOLE CARDS ***
XneferX: folds 
shootingGRID: folds 
Giroztab1977: raises $2.50 to $3.50
wojts: calls $3.50
m0nTTu: folds 
mariofcd: folds 
*** FLOP *** [Ad Ac 3h]
Giroztab1977: checks 
wojts: bets $3
Giroztab1977: calls $3
*** TURN *** [Ad Ac 3h] [6c]
Giroztab1977: checks 
wojts: checks 
*** RIVER *** [Ad Ac 3h 6c] [8s]
Giroztab1977: checks 
wojts: checks 
*** SHOW DOWN ***
Giroztab1977: shows [Th Tc] (two pair, Aces and Tens)
wojts: mucks hand 
Giroztab1977 collected $13.78 from pot
*** SUMMARY ***
Total pot $14.50 | Rake $0.72 
Board [Ad Ac 3h 6c 8s]
Seat 1: XneferX folded before Flop (didn't bet)
Seat 2: shootingGRID folded before Flop (didn't bet)
Seat 3: Giroztab1977 showed [Th Tc] and won ($13.78) with two pair, Aces and Tens
Seat 4: wojts (button) mucked
Seat 5: m0nTTu (small blind) folded before Flop
Seat 6: mariofcd (big blind) folded before Flop



PokerStars Hand #254554224817:  Hold'em No Limit ($0.50/$1.00 USD) - 2025/01/25 23:23:23 WET [2025/01/25 18:23:23 ET]
Table 'Tvashtri IV' 6-max Seat #5 is the button
Seat 1: XneferX ($111 in chips) 
Seat 2: shootingGRID ($130.19 in chips) 
Seat 3: Giroztab1977 ($126.91 in chips) 
Seat 4: wojts ($97.68 in chips) 
Seat 5: m0nTTu ($94.15 in chips) 
Seat 6: mariofcd ($100 in chips) 
mariofcd: posts small blind $0.50
XneferX: posts big blind $1
*** HOLE CARDS ***
shootingGRID: folds 
Giroztab1977: calls $1
wojts: raises $3 to $4
m0nTTu: folds 
mariofcd: folds 
XneferX: folds 
Giroztab1977: folds 
Uncalled bet ($3) returned to wojts
wojts collected $3.50 from pot
wojts: doesn't show hand 
*** SUMMARY ***
Total pot $3.50 | Rake $0 
Seat 1: XneferX (big blind) folded before Flop
Seat 2: shootingGRID folded before Flop (didn't bet)
Seat 3: Giroztab1977 folded before Flop
Seat 4: wojts collected ($3.50)
Seat 5: m0nTTu (button) folded before Flop (didn't bet)
Seat 6: mariofcd (small blind) folded before Flop



PokerStars Hand #254554232271:  Hold'em No Limit ($0.50/$1.00 USD) - 2025/01/25 23:23:52 WET [2025/01/25 18:23:52 ET]
Table 'Tvashtri IV' 6-max Seat #6 is the button
Seat 1: XneferX ($110 in chips) 
Seat 2: shootingGRID ($130.19 in chips) 
Seat 3: Giroztab1977 ($125.91 in chips) 
Seat 4: wojts ($100.18 in chips) 
Seat 5: m0nTTu ($94.15 in chips) 
Seat 6: mariofcd ($100 in chips) 
XneferX: posts small blind $0.50
shootingGRID: posts big blind $1
*** HOLE CARDS ***
Giroztab1977: folds 
wojts: folds 
m0nTTu: raises $1.50 to $2.50
mariofcd: raises $5.53 to $8.03
XneferX: folds 
shootingGRID: folds 
m0nTTu: raises $13.97 to $22
mariofcd: calls $13.97
*** FLOP *** [6s 2c 9s]
m0nTTu: bets $10.80
mariofcd: calls $10.80
*** TURN *** [6s 2c 9s] [2h]
m0nTTu: checks 
mariofcd: checks 
*** RIVER *** [6s 2c 9s 2h] [8s]
m0nTTu: bets $61.35 and is all-in
mariofcd: folds 
Uncalled bet ($61.35) returned to m0nTTu
m0nTTu collected $64.60 from pot
m0nTTu: doesn't show hand 
*** SUMMARY ***
Total pot $67.10 | Rake $2.50 
Board [6s 2c 9s 2h 8s]
Seat 1: XneferX (small blind) folded before Flop
Seat 2: shootingGRID (big blind) folded before Flop
Seat 3: Giroztab1977 folded before Flop (didn't bet)
Seat 4: wojts folded before Flop (didn't bet)
Seat 5: m0nTTu collected ($64.60)
Seat 6: mariofcd (button) folded on the River



PokerStars Hand #254554259459:  Hold'em No Limit ($0.50/$1.00 USD) - 2025/01/25 23:25:37 WET [2025/01/25 18:25:37 ET]
Table 'Tvashtri IV' 6-max Seat #1 is the button
Seat 1: XneferX ($109.50 in chips) 
Seat 2: shootingGRID ($129.19 in chips) 
Seat 3: Giroztab1977 ($125.91 in chips) 
Seat 4: wojts ($100.18 in chips) 
Seat 5: m0nTTu ($125.95 in chips) 
Seat 6: mariofcd ($100 in chips) 
shootingGRID: posts small blind $0.50
Giroztab1977: posts big blind $1
*** HOLE CARDS ***
wojts: folds 
m0nTTu: folds 
mariofcd: folds 
XneferX: folds 
shootingGRID: raises $2 to $3
Giroztab1977: calls $2
*** FLOP *** [Ac 4d 7s]
shootingGRID: bets $1.42
Giroztab1977: calls $1.42
*** TURN *** [Ac 4d 7s] [As]
shootingGRID: checks 
Giroztab1977: checks 
*** RIVER *** [Ac 4d 7s As] [Ad]
shootingGRID: checks 
Giroztab1977: checks 
*** SHOW DOWN ***
shootingGRID: shows [9c Js] (three of a kind, Aces)
Giroztab1977: shows [7d Qd] (a full house, Aces full of Sevens)
Giroztab1977 collected $8.40 from pot
*** SUMMARY ***
Total pot $8.84 | Rake $0.44 
Board [Ac 4d 7s As Ad]
Seat 1: XneferX (button) folded before Flop (didn't bet)
Seat 2: shootingGRID (small blind) showed [9c Js] and lost with three of a kind, Aces
Seat 3: Giroztab1977 (big blind) showed [7d Qd] and won ($8.40) with a full house, Aces full of Sevens
Seat 4: wojts folded before Flop (didn't bet)
Seat 5: m0nTTu folded before Flop (didn't bet)
Seat 6: mariofcd folded before Flop (didn't bet)



PokerStars Hand #254554269807:  Hold'em No Limit ($0.50/$1.00 USD) - 2025/01/25 23:26:17 WET [2025/01/25 18:26:17 ET]
Table 'Tvashtri IV' 6-max Seat #2 is the button
Seat 1: XneferX ($109.50 in chips) 
Seat 2: shootingGRID ($124.77 in chips) 
Seat 3: Giroztab1977 ($129.89 in chips) 
Seat 4: wojts ($100.18 in chips) 
Seat 5: m0nTTu ($125.95 in chips) 
Seat 6: mariofcd ($100 in chips) 
Giroztab1977: posts small blind $0.50
wojts: posts big blind $1
*** HOLE CARDS ***
m0nTTu: raises $1.50 to $2.50
mariofcd: folds 
XneferX: folds 
shootingGRID: raises $5 to $7.50
Giroztab1977: folds 
wojts: folds 
m0nTTu: folds 
Uncalled bet ($5) returned to shootingGRID
shootingGRID collected $6.50 from pot
*** SUMMARY ***
Total pot $6.50 | Rake $0 
Seat 1: XneferX folded before Flop (didn't bet)
Seat 2: shootingGRID (button) collected ($6.50)
Seat 3: Giroztab1977 (small blind) folded before Flop
Seat 4: wojts (big blind) folded before Flop
Seat 5: m0nTTu folded before Flop
Seat 6: mariofcd folded before Flop (didn't bet)



PokerStars Hand #254554278241:  Hold'em No Limit ($0.50/$1.00 USD) - 2025/01/25 23:26:49 WET [2025/01/25 18:26:49 ET]
Table 'Tvashtri IV' 6-max Seat #3 is the button
Seat 1: XneferX ($109.50 in chips) 
Seat 2: shootingGRID ($128.77 in chips) 
Seat 3: Giroztab1977 ($129.39 in chips) 
Seat 4: wojts ($99.18 in chips) 
Seat 5: m0nTTu ($123.45 in chips) 
Seat 6: mariofcd ($100 in chips) 
wojts: posts small blind $0.50
m0nTTu: posts big blind $1
*** HOLE CARDS ***
mariofcd: folds 
XneferX: folds 
shootingGRID: folds 
Giroztab1977: folds 
wojts: calls $0.50
m0nTTu: checks 
*** FLOP *** [8d 9c Jd]
wojts: checks 
m0nTTu: checks 
*** TURN *** [8d 9c Jd] [Kc]
wojts: bets $1
m0nTTu: folds 
Uncalled bet ($1) returned to wojts
wojts collected $1.90 from pot
wojts: doesn't show hand 
*** SUMMARY ***
Total pot $2 | Rake $0.10 
Board [8d 9c Jd Kc]
Seat 1: XneferX folded before Flop (didn't bet)
Seat 2: shootingGRID folded before Flop (didn't bet)
Seat 3: Giroztab1977 (button) folded before Flop (didn't bet)
Seat 4: wojts (small blind) collected ($1.90)
Seat 5: m0nTTu (big blind) folded on the Turn
Seat 6: mariofcd folded before Flop (didn't bet)



PokerStars Hand #254554291176:  Hold'em No Limit ($0.50/$1.00 USD) - 2025/01/25 23:27:38 WET [2025/01/25 18:27:38 ET]
Table 'Tvashtri IV' 6-max Seat #4 is the button
Seat 1: XneferX ($109.50 in chips) 
Seat 2: shootingGRID ($128.77 in chips) 
Seat 3: Giroztab1977 ($129.39 in chips) 
Seat 4: wojts ($100.08 in chips) 
Seat 5: m0nTTu ($122.45 in chips) 
Seat 6: mariofcd ($100 in chips) 
m0nTTu: posts small blind $0.50
mariofcd: posts big blind $1
*** HOLE CARDS ***
XneferX: raises $1.10 to $2.10
shootingGRID: raises $4.90 to $7
Giroztab1977: folds 
wojts: folds 
m0nTTu: folds 
mariofcd: folds 
XneferX: folds 
Uncalled bet ($4.90) returned to shootingGRID
shootingGRID collected $5.70 from pot
*** SUMMARY ***
Total pot $5.70 | Rake $0 
Seat 1: XneferX folded before Flop
Seat 2: shootingGRID collected ($5.70)
Seat 3: Giroztab1977 folded before Flop (didn't bet)
Seat 4: wojts (button) folded before Flop (didn't bet)
Seat 5: m0nTTu (small blind) folded before Flop
Seat 6: mariofcd (big blind) folded before Flop



PokerStars Hand #254554302095:  Hold'em No Limit ($0.50/$1.00 USD) - 2025/01/25 23:28:20 WET [2025/01/25 18:28:20 ET]
Table 'Tvashtri IV' 6-max Seat #5 is the button
Seat 1: XneferX ($107.40 in chips) 
Seat 2: shootingGRID ($132.37 in chips) 
Seat 3: Giroztab1977 ($129.39 in chips) 
Seat 4: wojts ($100.08 in chips) 
Seat 5: m0nTTu ($121.95 in chips) 
Seat 6: mariofcd ($100 in chips) 
mariofcd: posts small blind $0.50
XneferX: posts big blind $1
*** HOLE CARDS ***
shootingGRID: folds 
Giroztab1977: calls $1
wojts: folds 
m0nTTu: folds 
mariofcd: folds 
XneferX: checks 
*** FLOP *** [Ts 9h 7d]
XneferX: checks 
Giroztab1977: bets $2.38
XneferX: folds 
Uncalled bet ($2.38) returned to Giroztab1977
Giroztab1977 collected $2.38 from pot
*** SUMMARY ***
Total pot $2.50 | Rake $0.12 
Board [Ts 9h 7d]
Seat 1: XneferX (big blind) folded on the Flop
Seat 2: shootingGRID folded before Flop (didn't bet)
Seat 3: Giroztab1977 collected ($2.38)
Seat 4: wojts folded before Flop (didn't bet)
Seat 5: m0nTTu (button) folded before Flop (didn't bet)
Seat 6: mariofcd (small blind) folded before Flop



PokerStars Hand #254554308873:  Hold'em No Limit ($0.50/$1.00 USD) - 2025/01/25 23:28:47 WET [2025/01/25 18:28:47 ET]
Table 'Tvashtri IV' 6-max Seat #6 is the button
Seat 1: XneferX ($106.40 in chips) 
Seat 2: shootingGRID ($132.37 in chips) 
Seat 3: Giroztab1977 ($130.77 in chips) 
Seat 4: wojts ($100.08 in chips) 
Seat 5: m0nTTu ($121.95 in chips) 
Seat 6: mariofcd ($100 in chips) 
XneferX: posts small blind $0.50
shootingGRID: posts big blind $1
*** HOLE CARDS ***
Giroztab1977: folds 
wojts: folds 
m0nTTu: folds 
mariofcd: raises $1.45 to $2.45
XneferX: folds 
shootingGRID: folds 
Uncalled bet ($1.45) returned to mariofcd
mariofcd collected $2.50 from pot
mariofcd: doesn't show hand 
*** SUMMARY ***
Total pot $2.50 | Rake $0 
Seat 1: XneferX (small blind) folded before Flop
Seat 2: shootingGRID (big blind) folded before Flop
Seat 3: Giroztab1977 folded before Flop (didn't bet)
Seat 4: wojts folded before Flop (didn't bet)
Seat 5: m0nTTu folded before Flop (didn't bet)
Seat 6: mariofcd (button) collected ($2.50)



PokerStars Hand #254554312614:  Hold'em No Limit ($0.50/$1.00 USD) - 2025/01/25 23:29:02 WET [2025/01/25 18:29:02 ET]
Table 'Tvashtri IV' 6-max Seat #1 is the button
Seat 1: XneferX ($105.90 in chips) 
Seat 2: shootingGRID ($131.37 in chips) 
Seat 3: Giroztab1977 ($130.77 in chips) 
Seat 4: wojts ($100.08 in chips) 
Seat 5: m0nTTu ($121.95 in chips) 
Seat 6: mariofcd ($101.50 in chips) 
shootingGRID: posts small blind $0.50
Giroztab1977: posts big blind $1
*** HOLE CARDS ***
wojts: folds 
m0nTTu: folds 
mariofcd: folds 
XneferX: folds 
shootingGRID: raises $2 to $3
Giroztab1977: folds 
Uncalled bet ($2) returned to shootingGRID
shootingGRID collected $2 from pot
*** SUMMARY ***
Total pot $2 | Rake $0 
Seat 1: XneferX (button) folded before Flop (didn't bet)
Seat 2: shootingGRID (small blind) collected ($2)
Seat 3: Giroztab1977 (big blind) folded before Flop
Seat 4: wojts folded before Flop (didn't bet)
Seat 5: m0nTTu folded before Flop (didn't bet)
Seat 6: mariofcd folded before Flop (didn't bet)



PokerStars Hand #254554317933:  Hold'em No Limit ($0.50/$1.00 USD) - 2025/01/25 23:29:23 WET [2025/01/25 18:29:23 ET]
Table 'Tvashtri IV' 6-max Seat #2 is the button
Seat 1: XneferX ($105.90 in chips) 
Seat 2: shootingGRID ($132.37 in chips) 
Seat 3: Giroztab1977 ($129.77 in chips) 
Seat 4: wojts ($100.08 in chips) 
Seat 5: m0nTTu ($121.95 in chips) 
Seat 6: mariofcd ($101.50 in chips) 
Giroztab1977: posts small blind $0.50
wojts: posts big blind $1
*** HOLE CARDS ***
m0nTTu: folds 
mariofcd: folds 
XneferX: raises $1.30 to $2.30
shootingGRID: folds 
Giroztab1977: calls $1.80
wojts: folds 
*** FLOP *** [9s 7d Kc]
Giroztab1977: checks 
XneferX: bets $3.56
Giroztab1977: folds 
Uncalled bet ($3.56) returned to XneferX
XneferX collected $5.32 from pot
XneferX: doesn't show hand 
*** SUMMARY ***
Total pot $5.60 | Rake $0.28 
Board [9s 7d Kc]
Seat 1: XneferX collected ($5.32)
Seat 2: shootingGRID (button) folded before Flop (didn't bet)
Seat 3: Giroztab1977 (small blind) folded on the Flop
Seat 4: wojts (big blind) folded before Flop
Seat 5: m0nTTu folded before Flop (didn't bet)
Seat 6: mariofcd folded before Flop (didn't bet)



PokerStars Hand #254554329810:  Hold'em No Limit ($0.50/$1.00 USD) - 2025/01/25 23:30:10 WET [2025/01/25 18:30:10 ET]
Table 'Tvashtri IV' 6-max Seat #3 is the button
Seat 1: XneferX ($108.92 in chips) 
Seat 2: shootingGRID ($132.37 in chips) 
Seat 3: Giroztab1977 ($127.47 in chips) 
Seat 4: wojts ($99.08 in chips) 
Seat 5: m0nTTu ($121.95 in chips) 
Seat 6: mariofcd ($101.50 in chips) 
wojts: posts small blind $0.50
m0nTTu: posts big blind $1
*** HOLE CARDS ***
mariofcd: folds 
XneferX: folds 
shootingGRID: folds 
Giroztab1977: calls $1
wojts: calls $0.50
m0nTTu: checks 
*** FLOP *** [3c 8h 9d]
wojts: checks 
m0nTTu: checks 
Giroztab1977: bets $4
wojts: folds 
m0nTTu: folds 
Uncalled bet ($4) returned to Giroztab1977
Giroztab1977 collected $2.85 from pot
*** SUMMARY ***
Total pot $3 | Rake $0.15 
Board [3c 8h 9d]
Seat 1: XneferX folded before Flop (didn't bet)
Seat 2: shootingGRID folded before Flop (didn't bet)
Seat 3: Giroztab1977 (button) collected ($2.85)
Seat 4: wojts (small blind) folded on the Flop
Seat 5: m0nTTu (big blind) folded on the Flop
Seat 6: mariofcd folded before Flop (didn't bet)



PokerStars Hand #254554341504:  Hold'em No Limit ($0.50/$1.00 USD) - 2025/01/25 23:30:56 WET [2025/01/25 18:30:56 ET]
Table 'Tvashtri IV' 6-max Seat #4 is the button
Seat 1: XneferX ($108.92 in chips) 
Seat 2: shootingGRID ($132.37 in chips) 
Seat 3: Giroztab1977 ($129.32 in chips) 
Seat 4: wojts ($98.08 in chips) 
Seat 5: m0nTTu ($120.95 in chips) 
Seat 6: mariofcd ($101.50 in chips) 
m0nTTu: posts small blind $0.50
mariofcd: posts big blind $1
*** HOLE CARDS ***
XneferX: folds 
shootingGRID: folds 
Giroztab1977: calls $1
wojts: folds 
m0nTTu: folds 
mariofcd: checks 
*** FLOP *** [Th 2d Qh]
mariofcd: checks 
Giroztab1977: bets $2.38
mariofcd: folds 
Uncalled bet ($2.38) returned to Giroztab1977
Giroztab1977 collected $2.38 from pot
*** SUMMARY ***
Total pot $2.50 | Rake $0.12 
Board [Th 2d Qh]
Seat 1: XneferX folded before Flop (didn't bet)
Seat 2: shootingGRID folded before Flop (didn't bet)
Seat 3: Giroztab1977 collected ($2.38)
Seat 4: wojts (button) folded before Flop (didn't bet)
Seat 5: m0nTTu (small blind) folded before Flop
Seat 6: mariofcd (big blind) folded on the Flop



PokerStars Hand #254554348140:  Hold'em No Limit ($0.50/$1.00 USD) - 2025/01/25 23:31:22 WET [2025/01/25 18:31:22 ET]
Table 'Tvashtri IV' 6-max Seat #5 is the button
Seat 1: XneferX ($108.92 in chips) 
Seat 2: shootingGRID ($132.37 in chips) 
Seat 3: Giroztab1977 ($130.70 in chips) 
Seat 4: wojts ($98.08 in chips) 
Seat 5: m0nTTu ($120.45 in chips) 
Seat 6: mariofcd ($100.50 in chips) 
mariofcd: posts small blind $0.50
XneferX: posts big blind $1
*** HOLE CARDS ***
shootingGRID: folds 
Giroztab1977: folds 
wojts: folds 
m0nTTu: raises $1.50 to $2.50
mariofcd: folds 
XneferX: raises $10.50 to $13
m0nTTu: folds 
Uncalled bet ($10.50) returned to XneferX
XneferX collected $5.50 from pot
XneferX: doesn't show hand 
*** SUMMARY ***
Total pot $5.50 | Rake $0 
Seat 1: XneferX (big blind) collected ($5.50)
Seat 2: shootingGRID folded before Flop (didn't bet)
Seat 3: Giroztab1977 folded before Flop (didn't bet)
Seat 4: wojts folded before Flop (didn't bet)
Seat 5: m0nTTu (button) folded before Flop
Seat 6: mariofcd (small blind) folded before Flop



PokerStars Hand #254554356145:  Hold'em No Limit ($0.50/$1.00 USD) - 2025/01/25 23:31:54 WET [2025/01/25 18:31:54 ET]
Table 'Tvashtri IV' 6-max Seat #6 is the button
Seat 1: XneferX ($111.92 in chips) 
Seat 2: shootingGRID ($132.37 in chips) 
Seat 3: Giroztab1977 ($130.70 in chips) 
Seat 4: wojts ($98.08 in chips) 
Seat 5: m0nTTu ($117.95 in chips) 
Seat 6: mariofcd ($100 in chips) 
XneferX: posts small blind $0.50
shootingGRID: posts big blind $1
*** HOLE CARDS ***
Giroztab1977: folds 
wojts: folds 
m0nTTu: folds 
mariofcd: folds 
XneferX: folds 
Uncalled bet ($0.50) returned to shootingGRID
shootingGRID collected $1 from pot
*** SUMMARY ***
Total pot $1 | Rake $0 
Seat 1: XneferX (small blind) folded before Flop
Seat 2: shootingGRID (big blind) collected ($1)
Seat 3: Giroztab1977 folded before Flop (didn't bet)
Seat 4: wojts folded before Flop (didn't bet)
Seat 5: m0nTTu folded before Flop (didn't bet)
Seat 6: mariofcd (button) folded before Flop (didn't bet)



PokerStars Hand #254554362011:  Hold'em No Limit ($0.50/$1.00 USD) - 2025/01/25 23:32:17 WET [2025/01/25 18:32:17 ET]
Table 'Tvashtri IV' 6-max Seat #1 is the button
Seat 1: XneferX ($111.42 in chips) 
Seat 2: shootingGRID ($132.87 in chips) 
Seat 3: Giroztab1977 ($130.70 in chips) 
Seat 4: wojts ($98.08 in chips) 
Seat 5: m0nTTu ($117.95 in chips) 
Seat 6: mariofcd ($100 in chips) 
shootingGRID: posts small blind $0.50
Giroztab1977: posts big blind $1
*** HOLE CARDS ***
wojts: folds 
m0nTTu: folds 
mariofcd: raises $1.25 to $2.25
XneferX: raises $4.75 to $7
shootingGRID: folds 
Giroztab1977: folds 
mariofcd: folds 
Uncalled bet ($4.75) returned to XneferX
XneferX collected $6 from pot
XneferX: doesn't show hand 
*** SUMMARY ***
Total pot $6 | Rake $0 
Seat 1: XneferX (button) collected ($6)
Seat 2: shootingGRID (small blind) folded before Flop
Seat 3: Giroztab1977 (big blind) folded before Flop
Seat 4: wojts folded before Flop (didn't bet)
Seat 5: m0nTTu folded before Flop (didn't bet)
Seat 6: mariofcd folded before Flop



PokerStars Hand #254554373431:  Hold'em No Limit ($0.50/$1.00 USD) - 2025/01/25 23:33:02 WET [2025/01/25 18:33:02 ET]
Table 'Tvashtri IV' 6-max Seat #2 is the button
Seat 1: XneferX ($115.17 in chips) 
Seat 2: shootingGRID ($132.37 in chips) 
Seat 3: Giroztab1977 ($129.70 in chips) 
Seat 4: wojts ($98.08 in chips) 
Seat 5: m0nTTu ($117.95 in chips) 
Seat 6: mariofcd ($100 in chips) 
Giroztab1977: posts small blind $0.50
wojts: posts big blind $1
*** HOLE CARDS ***
m0nTTu: raises $1.50 to $2.50
mariofcd: folds 
XneferX: folds 
shootingGRID: folds 
Giroztab1977: calls $2
wojts: folds 
*** FLOP *** [Jd 3c 2c]
Giroztab1977: bets $5.70
m0nTTu: calls $5.70
*** TURN *** [Jd 3c 2c] [6c]
Giroztab1977: checks 
m0nTTu: bets $12.40
Giroztab1977: folds 
Uncalled bet ($12.40) returned to m0nTTu
m0nTTu collected $16.53 from pot
m0nTTu: doesn't show hand 
*** SUMMARY ***
Total pot $17.40 | Rake $0.87 
Board [Jd 3c 2c 6c]
Seat 1: XneferX folded before Flop (didn't bet)
Seat 2: shootingGRID (button) folded before Flop (didn't bet)
Seat 3: Giroztab1977 (small blind) folded on the Turn
Seat 4: wojts (big blind) folded before Flop
Seat 5: m0nTTu collected ($16.53)
Seat 6: mariofcd folded before Flop (didn't bet)



PokerStars Hand #254554393731:  Hold'em No Limit ($0.50/$1.00 USD) - 2025/01/25 23:34:21 WET [2025/01/25 18:34:21 ET]
Table 'Tvashtri IV' 6-max Seat #3 is the button
Seat 1: XneferX ($115.17 in chips) 
Seat 2: shootingGRID ($132.37 in chips) 
Seat 3: Giroztab1977 ($121.50 in chips) 
Seat 4: wojts ($97.08 in chips) 
Seat 5: m0nTTu ($126.28 in chips) 
Seat 6: mariofcd ($100 in chips) 
wojts: posts small blind $0.50
m0nTTu: posts big blind $1
*** HOLE CARDS ***
mariofcd: folds 
XneferX: folds 
shootingGRID: raises $1.25 to $2.25
Giroztab1977: calls $2.25
wojts: folds 
m0nTTu: folds 
*** FLOP *** [Kd 9h Td]
shootingGRID: checks 
Giroztab1977: checks 
*** TURN *** [Kd 9h Td] [5s]
shootingGRID: checks 
Giroztab1977: checks 
*** RIVER *** [Kd 9h Td 5s] [Qh]
shootingGRID: checks 
Giroztab1977: checks 
*** SHOW DOWN ***
shootingGRID: shows [7h 7d] (a pair of Sevens)
Giroztab1977: mucks hand 
shootingGRID collected $5.70 from pot
*** SUMMARY ***
Total pot $6 | Rake $0.30 
Board [Kd 9h Td 5s Qh]
Seat 1: XneferX folded before Flop (didn't bet)
Seat 2: shootingGRID showed [7h 7d] and won ($5.70) with a pair of Sevens
Seat 3: Giroztab1977 (button) mucked
Seat 4: wojts (small blind) folded before Flop
Seat 5: m0nTTu (big blind) folded before Flop
Seat 6: mariofcd folded before Flop (didn't bet)



PokerStars Hand #254554402787:  Hold'em No Limit ($0.50/$1.00 USD) - 2025/01/25 23:34:57 WET [2025/01/25 18:34:57 ET]
Table 'Tvashtri IV' 6-max Seat #4 is the button
Seat 1: XneferX ($115.17 in chips) 
Seat 2: shootingGRID ($135.82 in chips) 
Seat 3: Giroztab1977 ($119.25 in chips) 
Seat 4: wojts ($96.58 in chips) 
Seat 5: m0nTTu ($125.28 in chips) 
Seat 6: mariofcd ($100 in chips) 
m0nTTu: posts small blind $0.50
mariofcd: posts big blind $1
*** HOLE CARDS ***
XneferX: folds 
shootingGRID: folds 
Giroztab1977: calls $1
wojts: folds 
m0nTTu: folds 
mariofcd: checks 
*** FLOP *** [4d As Kh]
mariofcd: checks 
Giroztab1977: checks 
*** TURN *** [4d As Kh] [3h]
mariofcd: checks 
Giroztab1977: bets $1
mariofcd: calls $1
*** RIVER *** [4d As Kh 3h] [Jd]
mariofcd: checks 
Giroztab1977: bets $4.28
mariofcd: folds 
Uncalled bet ($4.28) returned to Giroztab1977
Giroztab1977 collected $4.28 from pot
*** SUMMARY ***
Total pot $4.50 | Rake $0.22 
Board [4d As Kh 3h Jd]
Seat 1: XneferX folded before Flop (didn't bet)
Seat 2: shootingGRID folded before Flop (didn't bet)
Seat 3: Giroztab1977 collected ($4.28)
Seat 4: wojts (button) folded before Flop (didn't bet)
Seat 5: m0nTTu (small blind) folded before Flop
Seat 6: mariofcd (big blind) folded on the River



PokerStars Hand #254554415312:  Hold'em No Limit ($0.50/$1.00 USD) - 2025/01/25 23:35:46 WET [2025/01/25 18:35:46 ET]
Table 'Tvashtri IV' 6-max Seat #5 is the button
Seat 1: XneferX ($115.17 in chips) 
Seat 2: shootingGRID ($135.82 in chips) 
Seat 3: Giroztab1977 ($121.53 in chips) 
Seat 4: wojts ($96.58 in chips) 
Seat 5: m0nTTu ($124.78 in chips) 
Seat 6: mariofcd ($100 in chips) 
mariofcd: posts small blind $0.50
XneferX: posts big blind $1
*** HOLE CARDS ***
shootingGRID: folds 
Giroztab1977: calls $1
wojts: folds 
m0nTTu: raises $2.50 to $3.50
mariofcd: folds 
XneferX: folds 
Giroztab1977: calls $2.50
*** FLOP *** [8c Js 5s]
Giroztab1977: checks 
m0nTTu: bets $6.06
Giroztab1977: folds 
Uncalled bet ($6.06) returned to m0nTTu
m0nTTu collected $8.08 from pot
m0nTTu: doesn't show hand 
*** SUMMARY ***
Total pot $8.50 | Rake $0.42 
Board [8c Js 5s]
Seat 1: XneferX (big blind) folded before Flop
Seat 2: shootingGRID folded before Flop (didn't bet)
Seat 3: Giroztab1977 folded on the Flop
Seat 4: wojts folded before Flop (didn't bet)
Seat 5: m0nTTu (button) collected ($8.08)
Seat 6: mariofcd (small blind) folded before Flop



PokerStars Hand #254554428772:  Hold'em No Limit ($0.50/$1.00 USD) - 2025/01/25 23:36:39 WET [2025/01/25 18:36:39 ET]
Table 'Tvashtri IV' 6-max Seat #6 is the button
Seat 1: XneferX ($114.17 in chips) 
Seat 2: shootingGRID ($135.82 in chips) 
Seat 3: Giroztab1977 ($118.03 in chips) 
Seat 4: wojts ($96.58 in chips) 
Seat 5: m0nTTu ($129.36 in chips) 
Seat 6: mariofcd ($100 in chips) 
XneferX: posts small blind $0.50
shootingGRID: posts big blind $1
*** HOLE CARDS ***
Giroztab1977: folds 
wojts: folds 
m0nTTu: raises $1.50 to $2.50
mariofcd: folds 
XneferX: folds 
shootingGRID: raises $10.50 to $13
m0nTTu: folds 
Uncalled bet ($10.50) returned to shootingGRID
shootingGRID collected $5.50 from pot
*** SUMMARY ***
Total pot $5.50 | Rake $0 
Seat 1: XneferX (small blind) folded before Flop
Seat 2: shootingGRID (big blind) collected ($5.50)
Seat 3: Giroztab1977 folded before Flop (didn't bet)
Seat 4: wojts folded before Flop (didn't bet)
Seat 5: m0nTTu folded before Flop
Seat 6: mariofcd (button) folded before Flop (didn't bet)



PokerStars Hand #254554439469:  Hold'em No Limit ($0.50/$1.00 USD) - 2025/01/25 23:37:21 WET [2025/01/25 18:37:21 ET]
Table 'Tvashtri IV' 6-max Seat #1 is the button
Seat 1: XneferX ($113.67 in chips) 
Seat 2: shootingGRID ($138.82 in chips) 
Seat 3: Giroztab1977 ($118.03 in chips) 
Seat 4: wojts ($96.58 in chips) 
Seat 5: m0nTTu ($126.86 in chips) 
Seat 6: mariofcd ($100 in chips) 
shootingGRID: posts small blind $0.50
Giroztab1977: posts big blind $1
*** HOLE CARDS ***
wojts: folds 
m0nTTu: folds 
mariofcd: folds 
XneferX: folds 
shootingGRID: raises $2 to $3
Giroztab1977: calls $2
*** FLOP *** [6h Td Kc]
shootingGRID: checks 
Giroztab1977: checks 
*** TURN *** [6h Td Kc] [6d]
shootingGRID: checks 
Giroztab1977: checks 
*** RIVER *** [6h Td Kc 6d] [4c]
shootingGRID: checks 
Giroztab1977: checks 
*** SHOW DOWN ***
shootingGRID: shows [Ad 8h] (a pair of Sixes)
Giroztab1977: shows [Ac 5s] (a pair of Sixes)
shootingGRID collected $2.85 from pot
Giroztab1977 collected $2.85 from pot
*** SUMMARY ***
Total pot $6 | Rake $0.30 
Board [6h Td Kc 6d 4c]
Seat 1: XneferX (button) folded before Flop (didn't bet)
Seat 2: shootingGRID (small blind) showed [Ad 8h] and won ($2.85) with a pair of Sixes
Seat 3: Giroztab1977 (big blind) showed [Ac 5s] and won ($2.85) with a pair of Sixes
Seat 4: wojts folded before Flop (didn't bet)
Seat 5: m0nTTu folded before Flop (didn't bet)
Seat 6: mariofcd folded before Flop (didn't bet)



PokerStars Hand #254554450250:  Hold'em No Limit ($0.50/$1.00 USD) - 2025/01/25 23:38:03 WET [2025/01/25 18:38:03 ET]
Table 'Tvashtri IV' 6-max Seat #2 is the button
Seat 4: wojts ($96.58 in chips) is sitting out
Seat 1: XneferX ($113.67 in chips) 
Seat 2: shootingGRID ($138.67 in chips) 
Seat 3: Giroztab1977 ($117.88 in chips) 
Seat 5: m0nTTu ($126.86 in chips) 
Seat 6: mariofcd ($100 in chips) 
Giroztab1977: posts small blind $0.50
wojts: is sitting out 
m0nTTu: posts big blind $1
*** HOLE CARDS ***
wojts leaves the table
mariofcd: folds 
XneferX: raises $1.30 to $2.30
shootingGRID: folds 
Giroztab1977: calls $1.80
tintin641 joins the table at seat #4 
m0nTTu: calls $1.30
*** FLOP *** [5h 6c 4c]
Giroztab1977: checks 
m0nTTu: checks 
XneferX: checks 
*** TURN *** [5h 6c 4c] [Kc]
Giroztab1977: bets $3.28
m0nTTu: calls $3.28
XneferX: folds 
*** RIVER *** [5h 6c 4c Kc] [3h]
Giroztab1977: bets $12.79
m0nTTu: calls $12.79
*** SHOW DOWN ***
Giroztab1977: shows [7c 3c] (a flush, King high)
m0nTTu: mucks hand 
Giroztab1977 collected $37.09 from pot
*** SUMMARY ***
Total pot $39.04 | Rake $1.95 
Board [5h 6c 4c Kc 3h]
Seat 4: wojts
Seat 1: XneferX folded on the Turn
Seat 2: shootingGRID (button) folded before Flop (didn't bet)
Seat 3: Giroztab1977 (small blind) showed [7c 3c] and won ($37.09) with a flush, King high
Seat 5: m0nTTu (big blind) mucked
Seat 6: mariofcd folded before Flop (didn't bet)



PokerStars Hand #254554476958:  Hold'em No Limit ($0.50/$1.00 USD) - 2025/01/25 23:39:48 WET [2025/01/25 18:39:48 ET]
Table 'Tvashtri IV' 6-max Seat #3 is the button
Seat 4: tintin641 ($100 in chips) is sitting out
Seat 1: XneferX ($111.37 in chips) 
Seat 2: shootingGRID ($138.67 in chips) 
Seat 3: Giroztab1977 ($136.60 in chips) 
Seat 5: m0nTTu ($108.49 in chips) 
Seat 6: mariofcd ($100 in chips) 
m0nTTu: posts small blind $0.50
mariofcd: posts big blind $1
*** HOLE CARDS ***
XneferX: folds 
shootingGRID: folds 
Giroztab1977: folds 
m0nTTu: raises $2 to $3
mariofcd: folds 
Uncalled bet ($2) returned to m0nTTu
m0nTTu collected $2 from pot
m0nTTu: doesn't show hand 
*** SUMMARY ***
Total pot $2 | Rake $0 
Seat 4: tintin641
Seat 1: XneferX folded before Flop (didn't bet)
Seat 2: shootingGRID folded before Flop (didn't bet)
Seat 3: Giroztab1977 (button) folded before Flop (didn't bet)
Seat 5: m0nTTu (small blind) collected ($2)
Seat 6: mariofcd (big blind) folded before Flop



PokerStars Hand #254554481111:  Hold'em No Limit ($0.50/$1.00 USD) - 2025/01/25 23:40:05 WET [2025/01/25 18:40:05 ET]
Table 'Tvashtri IV' 6-max Seat #5 is the button
Seat 4: tintin641 ($100 in chips) is sitting out
Seat 1: XneferX ($111.37 in chips) 
Seat 2: shootingGRID ($138.67 in chips) 
Seat 3: Giroztab1977 ($136.60 in chips) 
Seat 5: m0nTTu ($109.49 in chips) 
Seat 6: mariofcd ($100 in chips) 
mariofcd: posts small blind $0.50
XneferX: posts big blind $1
tintin641: sits out 
*** HOLE CARDS ***
shootingGRID: raises $1.25 to $2.25
Giroztab1977: folds 
m0nTTu: folds 
mariofcd: folds 
XneferX: calls $1.25
*** FLOP *** [9c Jh 3d]
XneferX: checks 
shootingGRID: bets $3.56
XneferX: folds 
Uncalled bet ($3.56) returned to shootingGRID
shootingGRID collected $4.75 from pot
*** SUMMARY ***
Total pot $5 | Rake $0.25 
Board [9c Jh 3d]
Seat 4: tintin641
Seat 1: XneferX (big blind) folded on the Flop
Seat 2: shootingGRID collected ($4.75)
Seat 3: Giroztab1977 folded before Flop (didn't bet)
Seat 5: m0nTTu (button) folded before Flop (didn't bet)
Seat 6: mariofcd (small blind) folded before Flop



PokerStars Hand #254554496264:  Hold'em No Limit ($0.50/$1.00 USD) - 2025/01/25 23:41:05 WET [2025/01/25 18:41:05 ET]
Table 'Tvashtri IV' 6-max Seat #6 is the button
Seat 4: tintin641 ($100 in chips) is sitting out
Seat 1: XneferX ($109.12 in chips) 
Seat 2: shootingGRID ($141.17 in chips) 
Seat 3: Giroztab1977 ($136.60 in chips) 
Seat 5: m0nTTu ($109.49 in chips) 
Seat 6: mariofcd ($100 in chips) 
XneferX: posts small blind $0.50
shootingGRID: posts big blind $1
tintin641: sits out 
*** HOLE CARDS ***
Giroztab1977: calls $1
m0nTTu: folds 
mariofcd: folds 
XneferX: folds 
shootingGRID: checks 
*** FLOP *** [4h 3c 4s]
shootingGRID: bets $1
Giroztab1977: folds 
Uncalled bet ($1) returned to shootingGRID
shootingGRID collected $2.38 from pot
*** SUMMARY ***
Total pot $2.50 | Rake $0.12 
Board [4h 3c 4s]
Seat 4: tintin641
Seat 1: XneferX (small blind) folded before Flop
Seat 2: shootingGRID (big blind) collected ($2.38)
Seat 3: Giroztab1977 folded on the Flop
Seat 5: m0nTTu folded before Flop (didn't bet)
Seat 6: mariofcd (button) folded before Flop (didn't bet)



PokerStars Hand #254554507627:  Hold'em No Limit ($0.50/$1.00 USD) - 2025/01/25 23:41:50 WET [2025/01/25 18:41:50 ET]
Table 'Tvashtri IV' 6-max Seat #1 is the button
Seat 4: tintin641 ($100 in chips) is sitting out
Seat 1: XneferX ($108.62 in chips) 
Seat 2: shootingGRID ($142.55 in chips) 
Seat 3: Giroztab1977 ($135.60 in chips) 
Seat 5: m0nTTu ($109.49 in chips) 
Seat 6: mariofcd ($100 in chips) 
shootingGRID: posts small blind $0.50
Giroztab1977: posts big blind $1
tintin641: sits out 
*** HOLE CARDS ***
m0nTTu: folds 
mariofcd: folds 
XneferX: folds 
shootingGRID: folds 
Uncalled bet ($0.50) returned to Giroztab1977
Giroztab1977 collected $1 from pot
*** SUMMARY ***
Total pot $1 | Rake $0 
Seat 4: tintin641
Seat 1: XneferX (button) folded before Flop (didn't bet)
Seat 2: shootingGRID (small blind) folded before Flop
Seat 3: Giroztab1977 (big blind) collected ($1)
Seat 5: m0nTTu folded before Flop (didn't bet)
Seat 6: mariofcd folded before Flop (didn't bet)



PokerStars Hand #254554511789:  Hold'em No Limit ($0.50/$1.00 USD) - 2025/01/25 23:42:07 WET [2025/01/25 18:42:07 ET]
Table 'Tvashtri IV' 6-max Seat #2 is the button
Seat 1: XneferX ($108.62 in chips) 
Seat 2: shootingGRID ($142.05 in chips) 
Seat 3: Giroztab1977 ($136.10 in chips) 
Seat 4: tintin641 ($100 in chips) 
Seat 5: m0nTTu ($109.49 in chips) 
Seat 6: mariofcd ($100 in chips) 
Giroztab1977: posts small blind $0.50
tintin641: posts big blind $1
*** HOLE CARDS ***
m0nTTu: folds 
mariofcd: folds 
XneferX: folds 
shootingGRID: folds 
Giroztab1977: calls $0.50
tintin641: checks 
*** FLOP *** [6c Qs 5h]
Giroztab1977: checks 
tintin641: checks 
*** TURN *** [6c Qs 5h] [7h]
Giroztab1977: checks 
tintin641: bets $1
Giroztab1977: calls $1
*** RIVER *** [6c Qs 5h 7h] [Ts]
Giroztab1977: checks 
tintin641: checks 
*** SHOW DOWN ***
Giroztab1977: shows [Td 4s] (a pair of Tens)
tintin641: mucks hand 
Giroztab1977 collected $3.80 from pot
*** SUMMARY ***
Total pot $4 | Rake $0.20 
Board [6c Qs 5h 7h Ts]
Seat 1: XneferX folded before Flop (didn't bet)
Seat 2: shootingGRID (button) folded before Flop (didn't bet)
Seat 3: Giroztab1977 (small blind) showed [Td 4s] and won ($3.80) with a pair of Tens
Seat 4: tintin641 (big blind) mucked
Seat 5: m0nTTu folded before Flop (didn't bet)
Seat 6: mariofcd folded before Flop (didn't bet)



PokerStars Hand #254554523252:  Hold'em No Limit ($0.50/$1.00 USD) - 2025/01/25 23:42:53 WET [2025/01/25 18:42:53 ET]
Table 'Tvashtri IV' 6-max Seat #3 is the button
Seat 1: XneferX ($108.62 in chips) 
Seat 2: shootingGRID ($142.05 in chips) 
Seat 3: Giroztab1977 ($137.90 in chips) 
Seat 4: tintin641 ($100 in chips) 
Seat 5: m0nTTu ($109.49 in chips) 
Seat 6: mariofcd ($100 in chips) 
tintin641: posts small blind $0.50
m0nTTu: posts big blind $1
*** HOLE CARDS ***
mariofcd: folds 
XneferX: raises $1.10 to $2.10
shootingGRID: folds 
Giroztab1977: calls $2.10
tintin641: folds 
m0nTTu: folds 
*** FLOP *** [7s Th Qd]
XneferX: checks 
Giroztab1977: bets $5.42
XneferX: folds 
Uncalled bet ($5.42) returned to Giroztab1977
Giroztab1977 collected $5.42 from pot
*** SUMMARY ***
Total pot $5.70 | Rake $0.28 
Board [7s Th Qd]
Seat 1: XneferX folded on the Flop
Seat 2: shootingGRID folded before Flop (didn't bet)
Seat 3: Giroztab1977 (button) collected ($5.42)
Seat 4: tintin641 (small blind) folded before Flop
Seat 5: m0nTTu (big blind) folded before Flop
Seat 6: mariofcd folded before Flop (didn't bet)



PokerStars Hand #254554539355:  Hold'em No Limit ($0.50/$1.00 USD) - 2025/01/25 23:43:57 WET [2025/01/25 18:43:57 ET]
Table 'Tvashtri IV' 6-max Seat #4 is the button
Seat 1: XneferX ($106.52 in chips) 
Seat 2: shootingGRID ($142.05 in chips) 
Seat 3: Giroztab1977 ($141.22 in chips) 
Seat 4: tintin641 ($100 in chips) 
Seat 5: m0nTTu ($108.49 in chips) 
Seat 6: mariofcd ($100 in chips) 
m0nTTu: posts small blind $0.50
mariofcd: posts big blind $1
*** HOLE CARDS ***
XneferX: folds 
shootingGRID: folds 
Giroztab1977: calls $1
tintin641: folds 
m0nTTu: folds 
mariofcd: checks 
*** FLOP *** [Ad Ah 7h]
mariofcd: checks 
Giroztab1977: bets $2.38
mariofcd: folds 
Uncalled bet ($2.38) returned to Giroztab1977
Giroztab1977 collected $2.38 from pot
*** SUMMARY ***
Total pot $2.50 | Rake $0.12 
Board [Ad Ah 7h]
Seat 1: XneferX folded before Flop (didn't bet)
Seat 2: shootingGRID folded before Flop (didn't bet)
Seat 3: Giroztab1977 collected ($2.38)
Seat 4: tintin641 (button) folded before Flop (didn't bet)
Seat 5: m0nTTu (small blind) folded before Flop
Seat 6: mariofcd (big blind) folded on the Flop



PokerStars Hand #254554588333:  Hold'em No Limit ($0.50/$1.00 USD) - 2025/01/25 23:47:15 WET [2025/01/25 18:47:15 ET]
Table 'Tvashtri IV' 6-max Seat #1 is the button
Seat 1: XneferX ($114.63 in chips) 
Seat 2: shootingGRID ($147.03 in chips) 
Seat 3: Giroztab1977 ($128.56 in chips) 
Seat 4: tintin641 ($100 in chips) 
Seat 5: m0nTTu ($107.99 in chips) 
Seat 6: mariofcd ($100 in chips) 
shootingGRID: posts small blind $0.50
Giroztab1977: posts big blind $1
*** HOLE CARDS ***
tintin641: folds 
m0nTTu: raises $1.50 to $2.50
mariofcd: raises $5.53 to $8.03
XneferX: folds 
shootingGRID: folds 
Giroztab1977: folds 
m0nTTu: folds 
Uncalled bet ($5.53) returned to mariofcd
mariofcd collected $6.50 from pot
mariofcd: doesn't show hand 
*** SUMMARY ***
Total pot $6.50 | Rake $0 
Seat 1: XneferX (button) folded before Flop (didn't bet)
Seat 2: shootingGRID (small blind) folded before Flop
Seat 3: Giroztab1977 (big blind) folded before Flop
Seat 4: tintin641 folded before Flop (didn't bet)
Seat 5: m0nTTu folded before Flop
Seat 6: mariofcd collected ($6.50)



PokerStars Hand #254554596539:  Hold'em No Limit ($0.50/$1.00 USD) - 2025/01/25 23:47:49 WET [2025/01/25 18:47:49 ET]
Table 'Tvashtri IV' 6-max Seat #2 is the button
Seat 1: XneferX ($114.63 in chips) 
Seat 2: shootingGRID ($146.53 in chips) 
Seat 3: Giroztab1977 ($127.56 in chips) 
Seat 4: tintin641 ($100 in chips) 
Seat 5: m0nTTu ($105.49 in chips) 
Seat 6: mariofcd ($104 in chips) 
Giroztab1977: posts small blind $0.50
tintin641: posts big blind $1
*** HOLE CARDS ***
m0nTTu: folds 
mariofcd: folds 
XneferX: folds 
shootingGRID: folds 
Giroztab1977: calls $0.50
tintin641: raises $3 to $4
Giroztab1977: folds 
Uncalled bet ($3) returned to tintin641
tintin641 collected $2 from pot
tintin641: doesn't show hand 
*** SUMMARY ***
Total pot $2 | Rake $0 
Seat 1: XneferX folded before Flop (didn't bet)
Seat 2: shootingGRID (button) folded before Flop (didn't bet)
Seat 3: Giroztab1977 (small blind) folded before Flop
Seat 4: tintin641 (big blind) collected ($2)
Seat 5: m0nTTu folded before Flop (didn't bet)
Seat 6: mariofcd folded before Flop (didn't bet)



PokerStars Hand #254554602507:  Hold'em No Limit ($0.50/$1.00 USD) - 2025/01/25 23:48:13 WET [2025/01/25 18:48:13 ET]
Table 'Tvashtri IV' 6-max Seat #3 is the button
Seat 1: XneferX ($114.63 in chips) 
Seat 2: shootingGRID ($146.53 in chips) 
Seat 3: Giroztab1977 ($126.56 in chips) 
Seat 4: tintin641 ($101 in chips) 
Seat 5: m0nTTu ($105.49 in chips) 
Seat 6: mariofcd ($104 in chips) 
tintin641: posts small blind $0.50
m0nTTu: posts big blind $1
*** HOLE CARDS ***
mariofcd: folds 
XneferX: folds 
shootingGRID: folds 
Giroztab1977: calls $1
tintin641: folds 
m0nTTu: checks 
*** FLOP *** [Ah 2h Td]
m0nTTu: checks 
Giroztab1977: checks 
*** TURN *** [Ah 2h Td] [Ks]
m0nTTu: checks 
Giroztab1977: checks 
*** RIVER *** [Ah 2h Td Ks] [3s]
m0nTTu: checks 
Giroztab1977: checks 
*** SHOW DOWN ***
m0nTTu: shows [3h 4s] (a pair of Threes)
Giroztab1977: mucks hand 
m0nTTu collected $2.38 from pot
*** SUMMARY ***
Total pot $2.50 | Rake $0.12 
Board [Ah 2h Td Ks 3s]
Seat 1: XneferX folded before Flop (didn't bet)
Seat 2: shootingGRID folded before Flop (didn't bet)
Seat 3: Giroztab1977 (button) mucked
Seat 4: tintin641 (small blind) folded before Flop
Seat 5: m0nTTu (big blind) showed [3h 4s] and won ($2.38) with a pair of Threes
Seat 6: mariofcd folded before Flop (didn't bet)



PokerStars Hand #254554612259:  Hold'em No Limit ($0.50/$1.00 USD) - 2025/01/25 23:48:54 WET [2025/01/25 18:48:54 ET]
Table 'Tvashtri IV' 6-max Seat #4 is the button
Seat 1: XneferX ($114.63 in chips) 
Seat 2: shootingGRID ($146.53 in chips) 
Seat 3: Giroztab1977 ($125.56 in chips) 
Seat 4: tintin641 ($100.50 in chips) 
Seat 5: m0nTTu ($106.87 in chips) 
Seat 6: mariofcd ($104 in chips) 
m0nTTu: posts small blind $0.50
mariofcd: posts big blind $1
*** HOLE CARDS ***
XneferX: folds 
shootingGRID: folds 
Giroztab1977: folds 
tintin641: folds 
m0nTTu: raises $2 to $3
mariofcd: folds 
Uncalled bet ($2) returned to m0nTTu
m0nTTu collected $2 from pot
m0nTTu: doesn't show hand 
*** SUMMARY ***
Total pot $2 | Rake $0 
Seat 1: XneferX folded before Flop (didn't bet)
Seat 2: shootingGRID folded before Flop (didn't bet)
Seat 3: Giroztab1977 folded before Flop (didn't bet)
Seat 4: tintin641 (button) folded before Flop (didn't bet)
Seat 5: m0nTTu (small blind) collected ($2)
Seat 6: mariofcd (big blind) folded before Flop



PokerStars Hand #254554621860:  Hold'em No Limit ($0.50/$1.00 USD) - 2025/01/25 23:49:34 WET [2025/01/25 18:49:34 ET]
Table 'Tvashtri IV' 6-max Seat #5 is the button
Seat 1: XneferX ($114.63 in chips) 
Seat 2: shootingGRID ($146.53 in chips) 
Seat 3: Giroztab1977 ($125.56 in chips) 
Seat 4: tintin641 ($100.50 in chips) 
Seat 5: m0nTTu ($107.87 in chips) 
Seat 6: mariofcd ($103 in chips) 
mariofcd: posts small blind $0.50
XneferX: posts big blind $1
*** HOLE CARDS ***
shootingGRID: folds 
Giroztab1977: raises $3.50 to $4.50
tintin641: folds 
m0nTTu: folds 
mariofcd: folds 
XneferX: folds 
Uncalled bet ($3.50) returned to Giroztab1977
Giroztab1977 collected $2.50 from pot
*** SUMMARY ***
Total pot $2.50 | Rake $0 
Seat 1: XneferX (big blind) folded before Flop
Seat 2: shootingGRID folded before Flop (didn't bet)
Seat 3: Giroztab1977 collected ($2.50)
Seat 4: tintin641 folded before Flop (didn't bet)
Seat 5: m0nTTu (button) folded before Flop (didn't bet)
Seat 6: mariofcd (small blind) folded before Flop



PokerStars Hand #254554627231:  Hold'em No Limit ($0.50/$1.00 USD) - 2025/01/25 23:49:56 WET [2025/01/25 18:49:56 ET]
Table 'Tvashtri IV' 6-max Seat #6 is the button
Seat 1: XneferX ($113.63 in chips) 
Seat 2: shootingGRID ($146.53 in chips) 
Seat 3: Giroztab1977 ($127.06 in chips) 
Seat 4: tintin641 ($100.50 in chips) 
Seat 5: m0nTTu ($107.87 in chips) 
Seat 6: mariofcd ($102.50 in chips) 
XneferX: posts small blind $0.50
shootingGRID: posts big blind $1
*** HOLE CARDS ***
Giroztab1977: calls $1
tintin641: folds 
m0nTTu: folds 
mariofcd: folds 
XneferX: folds 
shootingGRID: checks 
*** FLOP *** [2d 6c 6s]
shootingGRID: checks 
Giroztab1977: checks 
*** TURN *** [2d 6c 6s] [8c]
shootingGRID: checks 
Giroztab1977: bets $2.38
shootingGRID: folds 
Uncalled bet ($2.38) returned to Giroztab1977
Giroztab1977 collected $2.38 from pot
*** SUMMARY ***
Total pot $2.50 | Rake $0.12 
Board [2d 6c 6s 8c]
Seat 1: XneferX (small blind) folded before Flop
Seat 2: shootingGRID (big blind) folded on the Turn
Seat 3: Giroztab1977 collected ($2.38)
Seat 4: tintin641 folded before Flop (didn't bet)
Seat 5: m0nTTu folded before Flop (didn't bet)
Seat 6: mariofcd (button) folded before Flop (didn't bet)



PokerStars Hand #254554639912:  Hold'em No Limit ($0.50/$1.00 USD) - 2025/01/25 23:50:49 WET [2025/01/25 18:50:49 ET]
Table 'Tvashtri IV' 6-max Seat #1 is the button
Seat 1: XneferX ($113.13 in chips) 
Seat 2: shootingGRID ($145.53 in chips) 
Seat 3: Giroztab1977 ($128.44 in chips) 
Seat 4: tintin641 ($100.50 in chips) 
Seat 5: m0nTTu ($107.87 in chips) 
Seat 6: mariofcd ($102.50 in chips) 
shootingGRID: posts small blind $0.50
Giroztab1977: posts big blind $1
*** HOLE CARDS ***
tintin641: folds 
m0nTTu: folds 
mariofcd: folds 
XneferX: folds 
shootingGRID: raises $2 to $3
Giroztab1977: calls $2
*** FLOP *** [Jc 9d 8c]
shootingGRID: checks 
Giroztab1977: checks 
*** TURN *** [Jc 9d 8c] [Qh]
shootingGRID: checks 
Giroztab1977: checks 
*** RIVER *** [Jc 9d 8c Qh] [Kc]
shootingGRID: checks 
Giroztab1977: checks 
*** SHOW DOWN ***
shootingGRID: shows [9s Kh] (two pair, Kings and Nines)
Giroztab1977: mucks hand 
shootingGRID collected $5.70 from pot
*** SUMMARY ***
Total pot $6 | Rake $0.30 
Board [Jc 9d 8c Qh Kc]
Seat 1: XneferX (button) folded before Flop (didn't bet)
Seat 2: shootingGRID (small blind) showed [9s Kh] and won ($5.70) with two pair, Kings and Nines
Seat 3: Giroztab1977 (big blind) mucked
Seat 4: tintin641 folded before Flop (didn't bet)
Seat 5: m0nTTu folded before Flop (didn't bet)
Seat 6: mariofcd folded before Flop (didn't bet)



PokerStars Hand #254554655333:  Hold'em No Limit ($0.50/$1.00 USD) - 2025/01/25 23:51:53 WET [2025/01/25 18:51:53 ET]
Table 'Tvashtri IV' 6-max Seat #2 is the button
Seat 1: XneferX ($113.13 in chips) 
Seat 2: shootingGRID ($148.23 in chips) 
Seat 3: Giroztab1977 ($125.44 in chips) 
Seat 4: tintin641 ($100.50 in chips) 
Seat 5: m0nTTu ($107.87 in chips) 
Seat 6: mariofcd ($102.50 in chips) 
Giroztab1977: posts small blind $0.50
tintin641: posts big blind $1
*** HOLE CARDS ***
m0nTTu: folds 
mariofcd: folds 
XneferX: raises $1.30 to $2.30
shootingGRID: folds 
Giroztab1977: folds 
tintin641: folds 
Uncalled bet ($1.30) returned to XneferX
XneferX collected $2.50 from pot
XneferX: doesn't show hand 
*** SUMMARY ***
Total pot $2.50 | Rake $0 
Seat 1: XneferX collected ($2.50)
Seat 2: shootingGRID (button) folded before Flop (didn't bet)
Seat 3: Giroztab1977 (small blind) folded before Flop
Seat 4: tintin641 (big blind) folded before Flop
Seat 5: m0nTTu folded before Flop (didn't bet)
Seat 6: mariofcd folded before Flop (didn't bet)



PokerStars Hand #254554664023:  Hold'em No Limit ($0.50/$1.00 USD) - 2025/01/25 23:52:30 WET [2025/01/25 18:52:30 ET]
Table 'Tvashtri IV' 6-max Seat #3 is the button
Seat 1: XneferX ($114.63 in chips) 
Seat 2: shootingGRID ($148.23 in chips) 
Seat 3: Giroztab1977 ($124.94 in chips) 
Seat 4: tintin641 ($100 in chips) 
Seat 5: m0nTTu ($107.87 in chips) 
Seat 6: mariofcd ($102.50 in chips) 
tintin641: posts small blind $0.50
m0nTTu: posts big blind $1
*** HOLE CARDS ***
mariofcd: folds 
XneferX: raises $1.10 to $2.10
shootingGRID: folds 
Giroztab1977: folds 
tintin641: folds 
m0nTTu: folds 
Uncalled bet ($1.10) returned to XneferX
XneferX collected $2.50 from pot
XneferX: doesn't show hand 
*** SUMMARY ***
Total pot $2.50 | Rake $0 
Seat 1: XneferX collected ($2.50)
Seat 2: shootingGRID folded before Flop (didn't bet)
Seat 3: Giroztab1977 (button) folded before Flop (didn't bet)
Seat 4: tintin641 (small blind) folded before Flop
Seat 5: m0nTTu (big blind) folded before Flop
Seat 6: mariofcd folded before Flop (didn't bet)



PokerStars Hand #254554671320:  Hold'em No Limit ($0.50/$1.00 USD) - 2025/01/25 23:53:01 WET [2025/01/25 18:53:01 ET]
Table 'Tvashtri IV' 6-max Seat #4 is the button
Seat 1: XneferX ($116.13 in chips) 
Seat 2: shootingGRID ($148.23 in chips) 
Seat 3: Giroztab1977 ($124.94 in chips) 
Seat 4: tintin641 ($100 in chips) 
Seat 5: m0nTTu ($106.87 in chips) 
Seat 6: mariofcd ($102.50 in chips) 
m0nTTu: posts small blind $0.50
mariofcd: posts big blind $1
*** HOLE CARDS ***
XneferX: folds 
shootingGRID: folds 
Giroztab1977: folds 
tintin641: folds 
m0nTTu: folds 
Uncalled bet ($0.50) returned to mariofcd
mariofcd collected $1 from pot
mariofcd: doesn't show hand 
*** SUMMARY ***
Total pot $1 | Rake $0 
Seat 1: XneferX folded before Flop (didn't bet)
Seat 2: shootingGRID folded before Flop (didn't bet)
Seat 3: Giroztab1977 folded before Flop (didn't bet)
Seat 4: tintin641 (button) folded before Flop (didn't bet)
Seat 5: m0nTTu (small blind) folded before Flop
Seat 6: mariofcd (big blind) collected ($1)



PokerStars Hand #254554675192:  Hold'em No Limit ($0.50/$1.00 USD) - 2025/01/25 23:53:17 WET [2025/01/25 18:53:17 ET]
Table 'Tvashtri IV' 6-max Seat #5 is the button
Seat 1: XneferX ($116.13 in chips) 
Seat 2: shootingGRID ($148.23 in chips) 
Seat 3: Giroztab1977 ($124.94 in chips) 
Seat 4: tintin641 ($100 in chips) 
Seat 5: m0nTTu ($106.37 in chips) 
Seat 6: mariofcd ($103 in chips) 
mariofcd: posts small blind $0.50
XneferX: posts big blind $1
*** HOLE CARDS ***
shootingGRID: folds 
Giroztab1977: folds 
tintin641: folds 
m0nTTu: folds 
mariofcd: raises $2 to $3
XneferX: calls $2
*** FLOP *** [Qc Qh 5s]
mariofcd: checks 
XneferX: bets $1.94
shootingGRID leaves the table
mariofcd: folds 
Uncalled bet ($1.94) returned to XneferX
XneferX collected $5.70 from pot
XneferX: doesn't show hand 
*** SUMMARY ***
Total pot $6 | Rake $0.30 
Board [Qc Qh 5s]
Seat 1: XneferX (big blind) collected ($5.70)
Seat 2: shootingGRID folded before Flop (didn't bet)
Seat 3: Giroztab1977 folded before Flop (didn't bet)
Seat 4: tintin641 folded before Flop (didn't bet)
Seat 5: m0nTTu (button) folded before Flop (didn't bet)
Seat 6: mariofcd (small blind) folded on the Flop



PokerStars Hand #254554690431:  Hold'em No Limit ($0.50/$1.00 USD) - 2025/01/25 23:54:20 WET [2025/01/25 18:54:20 ET]
Table 'Tvashtri IV' 6-max Seat #6 is the button
Seat 1: XneferX ($118.83 in chips) 
Seat 3: Giroztab1977 ($124.94 in chips) 
Seat 4: tintin641 ($100 in chips) 
Seat 5: m0nTTu ($106.37 in chips) 
Seat 6: mariofcd ($100 in chips) 
XneferX: posts small blind $0.50
Giroztab1977: posts big blind $1
*** HOLE CARDS ***
tintin641: folds 
nikalas22 joins the table at seat #2 
m0nTTu: folds 
mariofcd: folds 
XneferX: folds 
Uncalled bet ($0.50) returned to Giroztab1977
Giroztab1977 collected $1 from pot
*** SUMMARY ***
Total pot $1 | Rake $0 
Seat 1: XneferX (small blind) folded before Flop
Seat 3: Giroztab1977 (big blind) collected ($1)
Seat 4: tintin641 folded before Flop (didn't bet)
Seat 5: m0nTTu folded before Flop (didn't bet)
Seat 6: mariofcd (button) folded before Flop (didn't bet)



PokerStars Hand #254554694983:  Hold'em No Limit ($0.50/$1.00 USD) - 2025/01/25 23:54:39 WET [2025/01/25 18:54:39 ET]
Table 'Tvashtri IV' 6-max Seat #1 is the button
Seat 2: nikalas22 ($100 in chips) is sitting out
Seat 1: XneferX ($118.33 in chips) 
Seat 3: Giroztab1977 ($125.44 in chips) 
Seat 4: tintin641 ($100 in chips) 
Seat 5: m0nTTu ($106.37 in chips) 
Seat 6: mariofcd ($100 in chips) 
Giroztab1977: posts small blind $0.50
tintin641: posts big blind $1
*** HOLE CARDS ***
m0nTTu: folds 
mariofcd: folds 
XneferX: raises $1.77 to $2.77
Giroztab1977: folds 
tintin641: folds 
Uncalled bet ($1.77) returned to XneferX
XneferX collected $2.50 from pot
XneferX: doesn't show hand 
*** SUMMARY ***
Total pot $2.50 | Rake $0 
Seat 2: nikalas22
Seat 1: XneferX (button) collected ($2.50)
Seat 3: Giroztab1977 (small blind) folded before Flop
Seat 4: tintin641 (big blind) folded before Flop
Seat 5: m0nTTu folded before Flop (didn't bet)
Seat 6: mariofcd folded before Flop (didn't bet)



PokerStars Hand #254554699527:  Hold'em No Limit ($0.50/$1.00 USD) - 2025/01/25 23:54:58 WET [2025/01/25 18:54:58 ET]
Table 'Tvashtri IV' 6-max Seat #3 is the button
Seat 2: nikalas22 ($100 in chips) is sitting out
Seat 1: XneferX ($119.83 in chips) 
Seat 3: Giroztab1977 ($124.94 in chips) 
Seat 4: tintin641 ($100 in chips) 
Seat 5: m0nTTu ($106.37 in chips) 
Seat 6: mariofcd ($100 in chips) 
tintin641: posts small blind $0.50
m0nTTu: posts big blind $1
nikalas22: sits out 
*** HOLE CARDS ***
mariofcd: folds 
XneferX: folds 
Giroztab1977: raises $2.50 to $3.50
tintin641: folds 
m0nTTu: folds 
Uncalled bet ($2.50) returned to Giroztab1977
Giroztab1977 collected $2.50 from pot
*** SUMMARY ***
Total pot $2.50 | Rake $0 
Seat 2: nikalas22
Seat 1: XneferX folded before Flop (didn't bet)
Seat 3: Giroztab1977 (button) collected ($2.50)
Seat 4: tintin641 (small blind) folded before Flop
Seat 5: m0nTTu (big blind) folded before Flop
Seat 6: mariofcd folded before Flop (didn't bet)



PokerStars Hand #254554704779:  Hold'em No Limit ($0.50/$1.00 USD) - 2025/01/25 23:55:23 WET [2025/01/25 18:55:23 ET]
Table 'Tvashtri IV' 6-max Seat #4 is the button
Seat 2: nikalas22 ($100 in chips) is sitting out
Seat 1: XneferX ($119.83 in chips) 
Seat 3: Giroztab1977 ($126.44 in chips) 
Seat 4: tintin641 ($100 in chips) 
Seat 5: m0nTTu ($105.37 in chips) 
Seat 6: mariofcd ($100 in chips) 
m0nTTu: posts small blind $0.50
mariofcd: posts big blind $1
nikalas22: sits out 
*** HOLE CARDS ***
XneferX: folds 
Giroztab1977: raises $2.50 to $3.50
tintin641: folds 
m0nTTu: folds 
mariofcd: folds 
Uncalled bet ($2.50) returned to Giroztab1977
Giroztab1977 collected $2.50 from pot
*** SUMMARY ***
Total pot $2.50 | Rake $0 
Seat 2: nikalas22
Seat 1: XneferX folded before Flop (didn't bet)
Seat 3: Giroztab1977 collected ($2.50)
Seat 4: tintin641 (button) folded before Flop (didn't bet)
Seat 5: m0nTTu (small blind) folded before Flop
Seat 6: mariofcd (big blind) folded before Flop



PokerStars Hand #254554708694:  Hold'em No Limit ($0.50/$1.00 USD) - 2025/01/25 23:55:45 WET [2025/01/25 18:55:45 ET]
Table 'Tvashtri IV' 6-max Seat #5 is the button
Seat 2: nikalas22 ($100 in chips) is sitting out
Seat 1: XneferX ($119.83 in chips) 
Seat 3: Giroztab1977 ($127.94 in chips) 
Seat 4: tintin641 ($100 in chips) 
Seat 5: m0nTTu ($104.87 in chips) 
Seat 6: mariofcd ($100 in chips) 
mariofcd: posts small blind $0.50
XneferX: posts big blind $1
nikalas22: sits out 
*** HOLE CARDS ***
Giroztab1977: folds 
tintin641: raises $1.50 to $2.50
m0nTTu: folds 
mariofcd: folds 
XneferX: folds 
Uncalled bet ($1.50) returned to tintin641
tintin641 collected $2.50 from pot
tintin641: doesn't show hand 
*** SUMMARY ***
Total pot $2.50 | Rake $0 
Seat 2: nikalas22
Seat 1: XneferX (big blind) folded before Flop
Seat 3: Giroztab1977 folded before Flop (didn't bet)
Seat 4: tintin641 collected ($2.50)
Seat 5: m0nTTu (button) folded before Flop (didn't bet)
Seat 6: mariofcd (small blind) folded before Flop



PokerStars Hand #254554713126:  Hold'em No Limit ($0.50/$1.00 USD) - 2025/01/25 23:56:09 WET [2025/01/25 18:56:09 ET]
Table 'Tvashtri IV' 6-max Seat #6 is the button
Seat 1: XneferX ($118.83 in chips) 
Seat 2: nikalas22 ($100 in chips) 
Seat 3: Giroztab1977 ($127.94 in chips) 
Seat 4: tintin641 ($101.50 in chips) 
Seat 5: m0nTTu ($104.87 in chips) 
Seat 6: mariofcd ($100 in chips) 
XneferX: posts small blind $0.50
nikalas22: posts big blind $1
*** HOLE CARDS ***
Giroztab1977: calls $1
tintin641: folds 
m0nTTu: folds 
mariofcd: folds 
XneferX: folds 
nikalas22: checks 
*** FLOP *** [3h Qs Qd]
nikalas22: checks 
Giroztab1977: bets $2.38
nikalas22: folds 
Uncalled bet ($2.38) returned to Giroztab1977
Giroztab1977 collected $2.38 from pot
*** SUMMARY ***
Total pot $2.50 | Rake $0.12 
Board [3h Qs Qd]
Seat 1: XneferX (small blind) folded before Flop
Seat 2: nikalas22 (big blind) folded on the Flop
Seat 3: Giroztab1977 collected ($2.38)
Seat 4: tintin641 folded before Flop (didn't bet)
Seat 5: m0nTTu folded before Flop (didn't bet)
Seat 6: mariofcd (button) folded before Flop (didn't bet)



PokerStars Hand #254554717470:  Hold'em No Limit ($0.50/$1.00 USD) - 2025/01/25 23:56:33 WET [2025/01/25 18:56:33 ET]
Table 'Tvashtri IV' 6-max Seat #1 is the button
Seat 1: XneferX ($118.33 in chips) 
Seat 2: nikalas22 ($100 in chips) 
Seat 3: Giroztab1977 ($129.32 in chips) 
Seat 4: tintin641 ($101.50 in chips) 
Seat 5: m0nTTu ($104.87 in chips) 
Seat 6: mariofcd ($100 in chips) 
nikalas22: posts small blind $0.50
Giroztab1977: posts big blind $1
*** HOLE CARDS ***
tintin641: folds 
m0nTTu: folds 
mariofcd: raises $1.25 to $2.25
XneferX: folds 
nikalas22: folds 
Giroztab1977: calls $1.25
*** FLOP *** [8c Kd 3h]
Giroztab1977: checks 
mariofcd: bets $1.43
Giroztab1977: folds 
Uncalled bet ($1.43) returned to mariofcd
mariofcd collected $4.75 from pot
mariofcd: doesn't show hand 
*** SUMMARY ***
Total pot $5 | Rake $0.25 
Board [8c Kd 3h]
Seat 1: XneferX (button) folded before Flop (didn't bet)
Seat 2: nikalas22 (small blind) folded before Flop
Seat 3: Giroztab1977 (big blind) folded on the Flop
Seat 4: tintin641 folded before Flop (didn't bet)
Seat 5: m0nTTu folded before Flop (didn't bet)
Seat 6: mariofcd collected ($4.75)



PokerStars Hand #254554726521:  Hold'em No Limit ($0.50/$1.00 USD) - 2025/01/25 23:57:23 WET [2025/01/25 18:57:23 ET]
Table 'Tvashtri IV' 6-max Seat #2 is the button
Seat 1: XneferX ($118.33 in chips) 
Seat 2: nikalas22 ($100 in chips) 
Seat 3: Giroztab1977 ($127.07 in chips) 
Seat 4: tintin641 ($101.50 in chips) 
Seat 5: m0nTTu ($104.87 in chips) 
Seat 6: mariofcd ($102.50 in chips) 
Giroztab1977: posts small blind $0.50
tintin641: posts big blind $1
*** HOLE CARDS ***
m0nTTu: folds 
mariofcd: raises $1.20 to $2.20
XneferX: folds 
nikalas22: calls $2.20
Giroztab1977: folds 
tintin641: folds 
*** FLOP *** [4h 5s Th]
mariofcd: checks 
nikalas22: checks 
*** TURN *** [4h 5s Th] [Kh]
mariofcd: checks 
nikalas22: bets $4.20
mariofcd: folds 
Uncalled bet ($4.20) returned to nikalas22
nikalas22 collected $5.60 from pot
nikalas22: doesn't show hand 
*** SUMMARY ***
Total pot $5.90 | Rake $0.30 
Board [4h 5s Th Kh]
Seat 1: XneferX folded before Flop (didn't bet)
Seat 2: nikalas22 (button) collected ($5.60)
Seat 3: Giroztab1977 (small blind) folded before Flop
Seat 4: tintin641 (big blind) folded before Flop
Seat 5: m0nTTu folded before Flop (didn't bet)
Seat 6: mariofcd folded on the Turn



PokerStars Hand #254554733225:  Hold'em No Limit ($0.50/$1.00 USD) - 2025/01/25 23:57:58 WET [2025/01/25 18:57:58 ET]
Table 'Tvashtri IV' 6-max Seat #3 is the button
Seat 1: XneferX ($118.33 in chips) 
Seat 2: nikalas22 ($103.40 in chips) 
Seat 3: Giroztab1977 ($126.57 in chips) 
Seat 4: tintin641 ($100.50 in chips) 
Seat 5: m0nTTu ($104.87 in chips) 
Seat 6: mariofcd ($100.30 in chips) 
tintin641: posts small blind $0.50
m0nTTu: posts big blind $1
*** HOLE CARDS ***
mariofcd: folds 
XneferX: folds 
nikalas22: folds 
Giroztab1977: folds 
tintin641: folds 
Uncalled bet ($0.50) returned to m0nTTu
m0nTTu collected $1 from pot
m0nTTu: doesn't show hand 
*** SUMMARY ***
Total pot $1 | Rake $0 
Seat 1: XneferX folded before Flop (didn't bet)
Seat 2: nikalas22 folded before Flop (didn't bet)
Seat 3: Giroztab1977 (button) folded before Flop (didn't bet)
Seat 4: tintin641 (small blind) folded before Flop
Seat 5: m0nTTu (big blind) collected ($1)
Seat 6: mariofcd folded before Flop (didn't bet)



PokerStars Hand #254554735585:  Hold'em No Limit ($0.50/$1.00 USD) - 2025/01/25 23:58:11 WET [2025/01/25 18:58:11 ET]
Table 'Tvashtri IV' 6-max Seat #4 is the button
Seat 1: XneferX ($118.33 in chips) 
Seat 2: nikalas22 ($103.40 in chips) 
Seat 3: Giroztab1977 ($126.57 in chips) 
Seat 4: tintin641 ($100 in chips) 
Seat 5: m0nTTu ($105.37 in chips) 
Seat 6: mariofcd ($100.30 in chips) 
m0nTTu: posts small blind $0.50
mariofcd: posts big blind $1
*** HOLE CARDS ***
XneferX: folds 
nikalas22: raises $1.50 to $2.50
Giroztab1977: calls $2.50
tintin641: folds 
m0nTTu: folds 
mariofcd: folds 
*** FLOP *** [8h Kh 3s]
nikalas22: checks 
Giroztab1977: bets $3.09
nikalas22: folds 
Uncalled bet ($3.09) returned to Giroztab1977
Giroztab1977 collected $6.18 from pot
*** SUMMARY ***
Total pot $6.50 | Rake $0.32 
Board [8h Kh 3s]
Seat 1: XneferX folded before Flop (didn't bet)
Seat 2: nikalas22 folded on the Flop
Seat 3: Giroztab1977 collected ($6.18)
Seat 4: tintin641 (button) folded before Flop (didn't bet)
Seat 5: m0nTTu (small blind) folded before Flop
Seat 6: mariofcd (big blind) folded before Flop



PokerStars Hand #254554743315:  Hold'em No Limit ($0.50/$1.00 USD) - 2025/01/25 23:58:53 WET [2025/01/25 18:58:53 ET]
Table 'Tvashtri IV' 6-max Seat #5 is the button
Seat 1: XneferX ($118.33 in chips) 
Seat 2: nikalas22 ($100.90 in chips) 
Seat 3: Giroztab1977 ($130.25 in chips) 
Seat 4: tintin641 ($100 in chips) 
Seat 5: m0nTTu ($104.87 in chips) 
Seat 6: mariofcd ($100 in chips) 
mariofcd: posts small blind $0.50
XneferX: posts big blind $1
*** HOLE CARDS ***
nikalas22: folds 
Giroztab1977: folds 
tintin641: folds 
m0nTTu: folds 
mariofcd: folds 
Uncalled bet ($0.50) returned to XneferX
XneferX collected $1 from pot
XneferX: doesn't show hand 
*** SUMMARY ***
Total pot $1 | Rake $0 
Seat 1: XneferX (big blind) collected ($1)
Seat 2: nikalas22 folded before Flop (didn't bet)
Seat 3: Giroztab1977 folded before Flop (didn't bet)
Seat 4: tintin641 folded before Flop (didn't bet)
Seat 5: m0nTTu (button) folded before Flop (didn't bet)
Seat 6: mariofcd (small blind) folded before Flop



PokerStars Hand #254554746182:  Hold'em No Limit ($0.50/$1.00 USD) - 2025/01/25 23:59:08 WET [2025/01/25 18:59:08 ET]
Table 'Tvashtri IV' 6-max Seat #6 is the button
Seat 1: XneferX ($118.83 in chips) 
Seat 2: nikalas22 ($100.90 in chips) 
Seat 3: Giroztab1977 ($130.25 in chips) 
Seat 4: tintin641 ($100 in chips) 
Seat 5: m0nTTu ($104.87 in chips) 
Seat 6: mariofcd ($100 in chips) 
XneferX: posts small blind $0.50
nikalas22: posts big blind $1
*** HOLE CARDS ***
Giroztab1977: calls $1
tintin641: folds 
m0nTTu: folds 
mariofcd: raises $4 to $5
XneferX: folds 
nikalas22: folds 
Giroztab1977: folds 
Uncalled bet ($4) returned to mariofcd
mariofcd collected $3.50 from pot
mariofcd: doesn't show hand 
*** SUMMARY ***
Total pot $3.50 | Rake $0 
Seat 1: XneferX (small blind) folded before Flop
Seat 2: nikalas22 (big blind) folded before Flop
Seat 3: Giroztab1977 folded before Flop
Seat 4: tintin641 folded before Flop (didn't bet)
Seat 5: m0nTTu folded before Flop (didn't bet)
Seat 6: mariofcd (button) collected ($3.50)



PokerStars Hand #254554749677:  Hold'em No Limit ($0.50/$1.00 USD) - 2025/01/25 23:59:27 WET [2025/01/25 18:59:27 ET]
Table 'Tvashtri IV' 6-max Seat #1 is the button
Seat 1: XneferX ($118.33 in chips) 
Seat 2: nikalas22 ($100 in chips) 
Seat 3: Giroztab1977 ($129.25 in chips) 
Seat 4: tintin641 ($100 in chips) 
Seat 5: m0nTTu ($104.87 in chips) 
Seat 6: mariofcd ($102.50 in chips) 
nikalas22: posts small blind $0.50
Giroztab1977: posts big blind $1
*** HOLE CARDS ***
tintin641: folds 
m0nTTu: folds 
mariofcd: folds 
XneferX: raises $1.77 to $2.77
nikalas22: folds 
Giroztab1977: folds 
Uncalled bet ($1.77) returned to XneferX
XneferX collected $2.50 from pot
XneferX: doesn't show hand 
*** SUMMARY ***
Total pot $2.50 | Rake $0 
Seat 1: XneferX (button) collected ($2.50)
Seat 2: nikalas22 (small blind) folded before Flop
Seat 3: Giroztab1977 (big blind) folded before Flop
Seat 4: tintin641 folded before Flop (didn't bet)
Seat 5: m0nTTu folded before Flop (didn't bet)
Seat 6: mariofcd folded before Flop (didn't bet)



PokerStars Hand #254554753439:  Hold'em No Limit ($0.50/$1.00 USD) - 2025/01/25 23:59:47 WET [2025/01/25 18:59:47 ET]
Table 'Tvashtri IV' 6-max Seat #2 is the button
Seat 1: XneferX ($119.83 in chips) 
Seat 2: nikalas22 ($100 in chips) 
Seat 3: Giroztab1977 ($128.25 in chips) 
Seat 4: tintin641 ($100 in chips) 
Seat 5: m0nTTu ($104.87 in chips) 
Seat 6: mariofcd ($102.50 in chips) 
Giroztab1977: posts small blind $0.50
tintin641: posts big blind $1
*** HOLE CARDS ***
m0nTTu: folds 
mariofcd: folds 
XneferX: folds 
nikalas22: raises $1.50 to $2.50
Giroztab1977: raises $1.50 to $4
tintin641: folds 
nikalas22: calls $1.50
*** FLOP *** [5h Qh Jd]
Giroztab1977: checks 
nikalas22: checks 
*** TURN *** [5h Qh Jd] [2h]
Giroztab1977: bets $4.28
nikalas22: calls $4.28
*** RIVER *** [5h Qh Jd 2h] [9h]
Giroztab1977: checks 
nikalas22: checks 
*** SHOW DOWN ***
Giroztab1977: shows [Ad Ac] (a pair of Aces)
nikalas22: mucks hand 
Giroztab1977 collected $16.68 from pot
*** SUMMARY ***
Total pot $17.56 | Rake $0.88 
Board [5h Qh Jd 2h 9h]
Seat 1: XneferX folded before Flop (didn't bet)
Seat 2: nikalas22 (button) mucked
Seat 3: Giroztab1977 (small blind) showed [Ad Ac] and won ($16.68) with a pair of Aces
Seat 4: tintin641 (big blind) folded before Flop
Seat 5: m0nTTu folded before Flop (didn't bet)
Seat 6: mariofcd folded before Flop (didn't bet)



PokerStars Hand #254554763180:  Hold'em No Limit ($0.50/$1.00 USD) - 2025/01/25 0:00:38 WET [2025/01/25 19:00:38 ET]
Table 'Tvashtri IV' 6-max Seat #3 is the button
Seat 1: XneferX ($119.83 in chips) 
Seat 2: nikalas22 ($100 in chips) 
Seat 3: Giroztab1977 ($136.65 in chips) 
Seat 4: tintin641 ($100 in chips) 
Seat 5: m0nTTu ($104.87 in chips) 
Seat 6: mariofcd ($102.50 in chips) 
tintin641: posts small blind $0.50
m0nTTu: posts big blind $1
*** HOLE CARDS ***
mariofcd: folds 
XneferX: folds 
nikalas22: folds 
Giroztab1977: calls $1
tintin641: folds 
m0nTTu: checks 
*** FLOP *** [7h 9c Qc]
m0nTTu: checks 
Giroztab1977: bets $2.38
m0nTTu: calls $2.38
*** TURN *** [7h 9c Qc] [5d]
m0nTTu: checks 
Giroztab1977: checks 
*** RIVER *** [7h 9c Qc 5d] [9d]
m0nTTu: bets $1.73
Giroztab1977: folds 
Uncalled bet ($1.73) returned to m0nTTu
m0nTTu collected $6.90 from pot
m0nTTu: doesn't show hand 
*** SUMMARY ***
Total pot $7.26 | Rake $0.36 
Board [7h 9c Qc 5d 9d]
Seat 1: XneferX folded before Flop (didn't bet)
Seat 2: nikalas22 folded before Flop (didn't bet)
Seat 3: Giroztab1977 (button) folded on the River
Seat 4: tintin641 (small blind) folded before Flop
Seat 5: m0nTTu (big blind) collected ($6.90)
Seat 6: mariofcd folded before Flop (didn't bet)



PokerStars Hand #254554779908:  Hold'em No Limit ($0.50/$1.00 USD) - 2025/01/25 0:01:53 WET [2025/01/25 19:01:53 ET]
Table 'Tvashtri IV' 6-max Seat #4 is the button
Seat 1: XneferX ($119.83 in chips) 
Seat 2: nikalas22 ($100 in chips) 
Seat 3: Giroztab1977 ($133.27 in chips) 
Seat 4: tintin641 ($100 in chips) 
Seat 5: m0nTTu ($108.39 in chips) 
Seat 6: mariofcd ($102.50 in chips) 
m0nTTu: posts small blind $0.50
mariofcd: posts big blind $1
*** HOLE CARDS ***
XneferX: folds 
nikalas22: folds 
Giroztab1977: calls $1
tintin641: folds 
m0nTTu: folds 
mariofcd: raises $4 to $5
Giroztab1977: calls $4
*** FLOP *** [Th 9c 2d]
mariofcd: bets $2.99
Giroztab1977: calls $2.99
*** TURN *** [Th 9c 2d] [6c]
mariofcd: checks 
Giroztab1977: bets $7.83
mariofcd: folds 
Uncalled bet ($7.83) returned to Giroztab1977
Giroztab1977 collected $15.66 from pot
*** SUMMARY ***
Total pot $16.48 | Rake $0.82 
Board [Th 9c 2d 6c]
Seat 1: XneferX folded before Flop (didn't bet)
Seat 2: nikalas22 folded before Flop (didn't bet)
Seat 3: Giroztab1977 collected ($15.66)
Seat 4: tintin641 (button) folded before Flop (didn't bet)
Seat 5: m0nTTu (small blind) folded before Flop
Seat 6: mariofcd (big blind) folded on the Turn



PokerStars Hand #254554789698:  Hold'em No Limit ($0.50/$1.00 USD) - 2025/01/25 0:02:36 WET [2025/01/25 19:02:36 ET]
Table 'Tvashtri IV' 6-max Seat #5 is the button
Seat 1: XneferX ($119.83 in chips) 
Seat 2: nikalas22 ($100 in chips) 
Seat 3: Giroztab1977 ($140.94 in chips) 
Seat 4: tintin641 ($100 in chips) 
Seat 5: m0nTTu ($107.89 in chips) 
Seat 6: mariofcd ($100 in chips) 
mariofcd: posts small blind $0.50
XneferX: posts big blind $1
*** HOLE CARDS ***
nikalas22: folds 
Giroztab1977: calls $1
tintin641: folds 
m0nTTu: raises $2.50 to $3.50
mariofcd: folds 
XneferX: folds 
Giroztab1977: folds 
Uncalled bet ($2.50) returned to m0nTTu
m0nTTu collected $3.50 from pot
m0nTTu: doesn't show hand 
*** SUMMARY ***
Total pot $3.50 | Rake $0 
Seat 1: XneferX (big blind) folded before Flop
Seat 2: nikalas22 folded before Flop (didn't bet)
Seat 3: Giroztab1977 folded before Flop
Seat 4: tintin641 folded before Flop (didn't bet)
Seat 5: m0nTTu (button) collected ($3.50)
Seat 6: mariofcd (small blind) folded before Flop



PokerStars Hand #254554796000:  Hold'em No Limit ($0.50/$1.00 USD) - 2025/01/25 0:03:02 WET [2025/01/25 19:03:02 ET]
Table 'Tvashtri IV' 6-max Seat #6 is the button
Seat 1: XneferX ($118.83 in chips) 
Seat 2: nikalas22 ($100 in chips) 
Seat 3: Giroztab1977 ($139.94 in chips) 
Seat 4: tintin641 ($100 in chips) 
Seat 5: m0nTTu ($110.39 in chips) 
Seat 6: mariofcd ($100 in chips) 
XneferX: posts small blind $0.50
nikalas22: posts big blind $1
*** HOLE CARDS ***
Giroztab1977: calls $1
tintin641: folds 
m0nTTu: folds 
mariofcd: folds 
XneferX: calls $0.50
nikalas22: checks 
*** FLOP *** [Ad Qc 5c]
XneferX: checks 
nikalas22: checks 
Giroztab1977: checks 
*** TURN *** [Ad Qc 5c] [7d]
XneferX: checks 
nikalas22: checks 
Giroztab1977: checks 
*** RIVER *** [Ad Qc 5c 7d] [9s]
XneferX: checks 
nikalas22: bets $2.14
Giroztab1977: calls $2.14
XneferX: folds 
*** SHOW DOWN ***
nikalas22: shows [6s 2c] (high card Ace)
Giroztab1977: shows [Qh Kc] (a pair of Queens)
Giroztab1977 collected $6.92 from pot
*** SUMMARY ***
Total pot $7.28 | Rake $0.36 
Board [Ad Qc 5c 7d 9s]
Seat 1: XneferX (small blind) folded on the River
Seat 2: nikalas22 (big blind) showed [6s 2c] and lost with high card Ace
Seat 3: Giroztab1977 showed [Qh Kc] and won ($6.92) with a pair of Queens
Seat 4: tintin641 folded before Flop (didn't bet)
Seat 5: m0nTTu folded before Flop (didn't bet)
Seat 6: mariofcd (button) folded before Flop (didn't bet)



PokerStars Hand #254554805786:  Hold'em No Limit ($0.50/$1.00 USD) - 2025/01/25 0:03:44 WET [2025/01/25 19:03:44 ET]
Table 'Tvashtri IV' 6-max Seat #1 is the button
Seat 1: XneferX ($117.83 in chips) 
Seat 2: nikalas22 ($100 in chips) 
Seat 3: Giroztab1977 ($143.72 in chips) 
Seat 4: tintin641 ($100 in chips) 
Seat 5: m0nTTu ($110.39 in chips) 
Seat 6: mariofcd ($100 in chips) 
nikalas22: posts small blind $0.50
Giroztab1977: posts big blind $1
*** HOLE CARDS ***
tintin641: folds 
m0nTTu: folds 
mariofcd: raises $1.25 to $2.25
XneferX: folds 
nikalas22: raises $8.75 to $11
Giroztab1977: folds 
mariofcd: calls $8.75
*** FLOP *** [3d Qc Qh]
nikalas22: bets $6.56
mariofcd: folds 
Uncalled bet ($6.56) returned to nikalas22
nikalas22 collected $21.85 from pot
nikalas22: doesn't show hand 
*** SUMMARY ***
Total pot $23 | Rake $1.15 
Board [3d Qc Qh]
Seat 1: XneferX (button) folded before Flop (didn't bet)
Seat 2: nikalas22 (small blind) collected ($21.85)
Seat 3: Giroztab1977 (big blind) folded before Flop
Seat 4: tintin641 folded before Flop (didn't bet)
Seat 5: m0nTTu folded before Flop (didn't bet)
Seat 6: mariofcd folded on the Flop



PokerStars Hand #254554813716:  Hold'em No Limit ($0.50/$1.00 USD) - 2025/01/25 0:04:19 WET [2025/01/25 19:04:19 ET]
Table 'Tvashtri IV' 6-max Seat #2 is the button
Seat 1: XneferX ($117.83 in chips) 
Seat 2: nikalas22 ($110.85 in chips) 
Seat 3: Giroztab1977 ($142.72 in chips) 
Seat 4: tintin641 ($100 in chips) 
Seat 5: m0nTTu ($110.39 in chips) 
Seat 6: mariofcd ($100 in chips) 
Giroztab1977: posts small blind $0.50
tintin641: posts big blind $1
*** HOLE CARDS ***
m0nTTu: folds 
mariofcd: raises $1.20 to $2.20
XneferX: folds 
nikalas22: folds 
Giroztab1977: folds 
tintin641: folds 
Uncalled bet ($1.20) returned to mariofcd
mariofcd collected $2.50 from pot
mariofcd: doesn't show hand 
*** SUMMARY ***
Total pot $2.50 | Rake $0 
Seat 1: XneferX folded before Flop (didn't bet)
Seat 2: nikalas22 (button) folded before Flop (didn't bet)
Seat 3: Giroztab1977 (small blind) folded before Flop
Seat 4: tintin641 (big blind) folded before Flop
Seat 5: m0nTTu folded before Flop (didn't bet)
Seat 6: mariofcd collected ($2.50)



PokerStars Hand #254554818216:  Hold'em No Limit ($0.50/$1.00 USD) - 2025/01/25 0:04:38 WET [2025/01/25 19:04:38 ET]
Table 'Tvashtri IV' 6-max Seat #3 is the button
Seat 1: XneferX ($117.83 in chips) 
Seat 2: nikalas22 ($110.85 in chips) 
Seat 3: Giroztab1977 ($142.22 in chips) 
Seat 4: tintin641 ($100 in chips) 
Seat 5: m0nTTu ($110.39 in chips) 
Seat 6: mariofcd ($101.50 in chips) 
tintin641: posts small blind $0.50
m0nTTu: posts big blind $1
*** HOLE CARDS ***
mariofcd: raises $1.20 to $2.20
XneferX: folds 
nikalas22: folds 
Giroztab1977: folds 
tintin641: folds 
m0nTTu: folds 
Uncalled bet ($1.20) returned to mariofcd
mariofcd collected $2.50 from pot
mariofcd: doesn't show hand 
*** SUMMARY ***
Total pot $2.50 | Rake $0 
Seat 1: XneferX folded before Flop (didn't bet)
Seat 2: nikalas22 folded before Flop (didn't bet)
Seat 3: Giroztab1977 (button) folded before Flop (didn't bet)
Seat 4: tintin641 (small blind) folded before Flop
Seat 5: m0nTTu (big blind) folded before Flop
Seat 6: mariofcd collected ($2.50)



PokerStars Hand #254554825586:  Hold'em No Limit ($0.50/$1.00 USD) - 2025/01/25 0:05:10 WET [2025/01/25 19:05:10 ET]
Table 'Tvashtri IV' 6-max Seat #4 is the button
Seat 1: XneferX ($117.83 in chips) 
Seat 2: nikalas22 ($110.85 in chips) 
Seat 3: Giroztab1977 ($142.22 in chips) 
Seat 4: tintin641 ($100 in chips) 
Seat 5: m0nTTu ($109.39 in chips) 
Seat 6: mariofcd ($103 in chips) 
m0nTTu: posts small blind $0.50
mariofcd: posts big blind $1
*** HOLE CARDS ***
XneferX: folds 
nikalas22: folds 
Giroztab1977: folds 
tintin641: raises $1.50 to $2.50
m0nTTu: calls $2
mariofcd: calls $1.50
*** FLOP *** [4c 9h Qh]
m0nTTu: checks 
mariofcd: checks 
tintin641: bets $2.35
m0nTTu: folds 
mariofcd: raises $8.87 to $11.22
tintin641: calls $8.87
*** TURN *** [4c 9h Qh] [6d]
mariofcd: bets $21.33
tintin641: calls $21.33
*** RIVER *** [4c 9h Qh 6d] [Ks]
mariofcd: bets $67.95 and is all-in
tintin641: folds 
Uncalled bet ($67.95) returned to mariofcd
mariofcd collected $70.10 from pot
mariofcd: doesn't show hand 
*** SUMMARY ***
Total pot $72.60 | Rake $2.50 
Board [4c 9h Qh 6d Ks]
Seat 1: XneferX folded before Flop (didn't bet)
Seat 2: nikalas22 folded before Flop (didn't bet)
Seat 3: Giroztab1977 folded before Flop (didn't bet)
Seat 4: tintin641 (button) folded on the River
Seat 5: m0nTTu (small blind) folded on the Flop
Seat 6: mariofcd (big blind) collected ($70.10)



PokerStars Hand #254554849364:  Hold'em No Limit ($0.50/$1.00 USD) - 2025/01/25 0:06:52 WET [2025/01/25 19:06:52 ET]
Table 'Tvashtri IV' 6-max Seat #5 is the button
Seat 1: XneferX ($117.83 in chips) 
Seat 2: nikalas22 ($110.85 in chips) 
Seat 3: Giroztab1977 ($142.22 in chips) 
Seat 4: tintin641 ($100 in chips) 
Seat 5: m0nTTu ($106.89 in chips) 
Seat 6: mariofcd ($138.05 in chips) 
mariofcd: posts small blind $0.50
XneferX: posts big blind $1
*** HOLE CARDS ***
nikalas22: raises $1.50 to $2.50
Giroztab1977: folds 
tintin641: folds 
m0nTTu: folds 
mariofcd: folds 
XneferX: calls $1.50
*** FLOP *** [9c 7h 6s]
XneferX: checks 
nikalas22: checks 
*** TURN *** [9c 7h 6s] [6h]
XneferX: bets $1.77
nikalas22: calls $1.77
*** RIVER *** [9c 7h 6s 6h] [Tc]
XneferX: checks 
nikalas22: checks 
*** SHOW DOWN ***
XneferX: shows [Qh Jd] (a pair of Sixes)
nikalas22: shows [Td Ad] (two pair, Tens and Sixes)
nikalas22 collected $8.59 from pot
*** SUMMARY ***
Total pot $9.04 | Rake $0.45 
Board [9c 7h 6s 6h Tc]
Seat 1: XneferX (big blind) showed [Qh Jd] and lost with a pair of Sixes
Seat 2: nikalas22 showed [Td Ad] and won ($8.59) with two pair, Tens and Sixes
Seat 3: Giroztab1977 folded before Flop (didn't bet)
Seat 4: tintin641 folded before Flop (didn't bet)
Seat 5: m0nTTu (button) folded before Flop (didn't bet)
Seat 6: mariofcd (small blind) folded before Flop



PokerStars Hand #254554863886:  Hold'em No Limit ($0.50/$1.00 USD) - 2025/01/25 0:07:54 WET [2025/01/25 19:07:54 ET]
Table 'Tvashtri IV' 6-max Seat #6 is the button
Seat 1: XneferX ($113.56 in chips) 
Seat 2: nikalas22 ($115.17 in chips) 
Seat 3: Giroztab1977 ($142.22 in chips) 
Seat 4: tintin641 ($100 in chips) 
Seat 5: m0nTTu ($106.89 in chips) 
Seat 6: mariofcd ($137.55 in chips) 
XneferX: posts small blind $0.50
nikalas22: posts big blind $1
*** HOLE CARDS ***
Giroztab1977: calls $1
tintin641: folds 
m0nTTu: folds 
mariofcd: calls $1
XneferX: folds 
nikalas22: raises $5 to $6
Giroztab1977: folds 
mariofcd: folds 
Uncalled bet ($5) returned to nikalas22
nikalas22 collected $3.50 from pot
nikalas22: doesn't show hand 
*** SUMMARY ***
Total pot $3.50 | Rake $0 
Seat 1: XneferX (small blind) folded before Flop
Seat 2: nikalas22 (big blind) collected ($3.50)
Seat 3: Giroztab1977 folded before Flop
Seat 4: tintin641 folded before Flop (didn't bet)
Seat 5: m0nTTu folded before Flop (didn't bet)
Seat 6: mariofcd (button) folded before Flop



PokerStars Hand #254554873021:  Hold'em No Limit ($0.50/$1.00 USD) - 2025/01/25 0:08:33 WET [2025/01/25 19:08:33 ET]
Table 'Tvashtri IV' 6-max Seat #1 is the button
Seat 1: XneferX ($113.06 in chips) 
Seat 2: nikalas22 ($117.67 in chips) 
Seat 3: Giroztab1977 ($141.22 in chips) 
Seat 4: tintin641 ($100 in chips) 
Seat 5: m0nTTu ($106.89 in chips) 
Seat 6: mariofcd ($136.55 in chips) 
nikalas22: posts small blind $0.50
Giroztab1977: posts big blind $1
*** HOLE CARDS ***
tintin641: folds 
m0nTTu: folds 
mariofcd: raises $1.25 to $2.25
XneferX: folds 
nikalas22: folds 
Giroztab1977: folds 
Uncalled bet ($1.25) returned to mariofcd
mariofcd collected $2.50 from pot
*** SUMMARY ***
Total pot $2.50 | Rake $0 
Seat 1: XneferX (button) folded before Flop (didn't bet)
Seat 2: nikalas22 (small blind) folded before Flop
Seat 3: Giroztab1977 (big blind) folded before Flop
Seat 4: tintin641 folded before Flop (didn't bet)
Seat 5: m0nTTu folded before Flop (didn't bet)
Seat 6: mariofcd collected ($2.50)



PokerStars Hand #254554877415:  Hold'em No Limit ($0.50/$1.00 USD) - 2025/01/25 0:08:52 WET [2025/01/25 19:08:52 ET]
Table 'Tvashtri IV' 6-max Seat #2 is the button
Seat 1: XneferX ($113.06 in chips) 
Seat 2: nikalas22 ($117.17 in chips) 
Seat 3: Giroztab1977 ($140.22 in chips) 
Seat 4: tintin641 ($100 in chips) 
Seat 5: m0nTTu ($106.89 in chips) 
Seat 6: mariofcd ($138.05 in chips) 
Giroztab1977: posts small blind $0.50
tintin641: posts big blind $1
*** HOLE CARDS ***
m0nTTu: folds 
mariofcd: raises $1.20 to $2.20
XneferX: raises $4.80 to $7
nikalas22: folds 
Giroztab1977: folds 
tintin641: folds 
mariofcd: folds 
Uncalled bet ($4.80) returned to XneferX
XneferX collected $5.90 from pot
XneferX: doesn't show hand 
*** SUMMARY ***
Total pot $5.90 | Rake $0 
Seat 1: XneferX collected ($5.90)
Seat 2: nikalas22 (button) folded before Flop (didn't bet)
Seat 3: Giroztab1977 (small blind) folded before Flop
Seat 4: tintin641 (big blind) folded before Flop
Seat 5: m0nTTu folded before Flop (didn't bet)
Seat 6: mariofcd folded before Flop



PokerStars Hand #254554885169:  Hold'em No Limit ($0.50/$1.00 USD) - 2025/01/25 0:09:26 WET [2025/01/25 19:09:26 ET]
Table 'Tvashtri IV' 6-max Seat #3 is the button
Seat 1: XneferX ($116.76 in chips) 
Seat 2: nikalas22 ($117.17 in chips) 
Seat 3: Giroztab1977 ($139.72 in chips) 
Seat 4: tintin641 ($100 in chips) 
Seat 5: m0nTTu ($106.89 in chips) 
Seat 6: mariofcd ($135.85 in chips) 
tintin641: posts small blind $0.50
m0nTTu: posts big blind $1
*** HOLE CARDS ***
mariofcd: folds 
XneferX: folds 
nikalas22: raises $1.50 to $2.50
Giroztab1977: calls $2.50
tintin641: folds 
m0nTTu: folds 
*** FLOP *** [5h Jc 4s]
nikalas22: bets $1.85
Giroztab1977: raises $4.94 to $6.79
nikalas22: calls $4.94
*** TURN *** [5h Jc 4s] [Ac]
nikalas22: checks 
Giroztab1977: checks 
*** RIVER *** [5h Jc 4s Ac] [5c]
nikalas22: checks 
Giroztab1977: checks 
*** SHOW DOWN ***
nikalas22: shows [6h 6c] (two pair, Sixes and Fives)
Giroztab1977: shows [Kc Js] (two pair, Jacks and Fives)
Giroztab1977 collected $19.08 from pot
*** SUMMARY ***
Total pot $20.08 | Rake $1 
Board [5h Jc 4s Ac 5c]
Seat 1: XneferX folded before Flop (didn't bet)
Seat 2: nikalas22 showed [6h 6c] and lost with two pair, Sixes and Fives
Seat 3: Giroztab1977 (button) showed [Kc Js] and won ($19.08) with two pair, Jacks and Fives
Seat 4: tintin641 (small blind) folded before Flop
Seat 5: m0nTTu (big blind) folded before Flop
Seat 6: mariofcd folded before Flop (didn't bet)



PokerStars Hand #254554897005:  Hold'em No Limit ($0.50/$1.00 USD) - 2025/01/25 0:10:18 WET [2025/01/25 19:10:18 ET]
Table 'Tvashtri IV' 6-max Seat #4 is the button
Seat 1: XneferX ($116.76 in chips) 
Seat 2: nikalas22 ($107.88 in chips) 
Seat 3: Giroztab1977 ($149.51 in chips) 
Seat 4: tintin641 ($100 in chips) 
Seat 5: m0nTTu ($105.89 in chips) 
Seat 6: mariofcd ($135.85 in chips) 
m0nTTu: posts small blind $0.50
mariofcd: posts big blind $1
*** HOLE CARDS ***
XneferX: folds 
nikalas22: folds 
Giroztab1977: calls $1
tintin641: raises $3 to $4
m0nTTu: calls $3.50
mariofcd: folds 
Giroztab1977: calls $3
*** FLOP *** [8d 5s Qs]
m0nTTu: checks 
Giroztab1977: checks 
tintin641: checks 
*** TURN *** [8d 5s Qs] [7h]
m0nTTu: checks 
Giroztab1977: bets $5.18
tintin641: raises $11.36 to $16.54
m0nTTu: calls $16.54
Giroztab1977: folds 
*** RIVER *** [8d 5s Qs 7h] [Jh]
m0nTTu: checks 
tintin641: checks 
*** SHOW DOWN ***
m0nTTu: shows [Ac Qd] (a pair of Queens)
tintin641: mucks hand 
m0nTTu collected $48.76 from pot
*** SUMMARY ***
Total pot $51.26 | Rake $2.50 
Board [8d 5s Qs 7h Jh]
Seat 1: XneferX folded before Flop (didn't bet)
Seat 2: nikalas22 folded before Flop (didn't bet)
Seat 3: Giroztab1977 folded on the Turn
Seat 4: tintin641 (button) mucked
Seat 5: m0nTTu (small blind) showed [Ac Qd] and won ($48.76) with a pair of Queens
Seat 6: mariofcd (big blind) folded before Flop



PokerStars Hand #254554921555:  Hold'em No Limit ($0.50/$1.00 USD) - 2025/01/25 0:12:07 WET [2025/01/25 19:12:07 ET]
Table 'Tvashtri IV' 6-max Seat #5 is the button
Seat 1: XneferX ($116.76 in chips) 
Seat 2: nikalas22 ($107.88 in chips) 
Seat 3: Giroztab1977 ($140.33 in chips) 
Seat 4: tintin641 ($100 in chips) 
Seat 5: m0nTTu ($134.11 in chips) 
Seat 6: mariofcd ($134.85 in chips) 
mariofcd: posts small blind $0.50
XneferX: posts big blind $1
*** HOLE CARDS ***
nikalas22: folds 
Giroztab1977: folds 
tintin641: folds 
m0nTTu: raises $1.50 to $2.50
mariofcd: folds 
XneferX: folds 
Uncalled bet ($1.50) returned to m0nTTu
m0nTTu collected $2.50 from pot
m0nTTu: doesn't show hand 
*** SUMMARY ***
Total pot $2.50 | Rake $0 
Seat 1: XneferX (big blind) folded before Flop
Seat 2: nikalas22 folded before Flop (didn't bet)
Seat 3: Giroztab1977 folded before Flop (didn't bet)
Seat 4: tintin641 folded before Flop (didn't bet)
Seat 5: m0nTTu (button) collected ($2.50)
Seat 6: mariofcd (small blind) folded before Flop



PokerStars Hand #254554927013:  Hold'em No Limit ($0.50/$1.00 USD) - 2025/01/25 0:12:31 WET [2025/01/25 19:12:31 ET]
Table 'Tvashtri IV' 6-max Seat #6 is the button
Seat 1: XneferX ($115.76 in chips) 
Seat 2: nikalas22 ($107.88 in chips) 
Seat 3: Giroztab1977 ($140.33 in chips) 
Seat 4: tintin641 ($100 in chips) 
Seat 5: m0nTTu ($135.61 in chips) 
Seat 6: mariofcd ($134.35 in chips) 
XneferX: posts small blind $0.50
nikalas22: posts big blind $1
*** HOLE CARDS ***
Giroztab1977: calls $1
tintin641: folds 
m0nTTu: raises $2.50 to $3.50
mariofcd: folds 
XneferX: folds 
nikalas22: folds 
Giroztab1977: calls $2.50
*** FLOP *** [5c 6s Jd]
Giroztab1977: checks 
m0nTTu: bets $2.67
Giroztab1977: calls $2.67
*** TURN *** [5c 6s Jd] [2s]
Giroztab1977: bets $6.58
m0nTTu: raises $13.16 to $19.74
Giroztab1977: folds 
Uncalled bet ($13.16) returned to m0nTTu
m0nTTu collected $25.65 from pot
m0nTTu: doesn't show hand 
*** SUMMARY ***
Total pot $27 | Rake $1.35 
Board [5c 6s Jd 2s]
Seat 1: XneferX (small blind) folded before Flop
Seat 2: nikalas22 (big blind) folded before Flop
Seat 3: Giroztab1977 folded on the Turn
Seat 4: tintin641 folded before Flop (didn't bet)
Seat 5: m0nTTu collected ($25.65)
Seat 6: mariofcd (button) folded before Flop (didn't bet)



PokerStars Hand #254554945370:  Hold'em No Limit ($0.50/$1.00 USD) - 2025/01/25 0:13:52 WET [2025/01/25 19:13:52 ET]
Table 'Tvashtri IV' 6-max Seat #1 is the button
Seat 1: XneferX ($115.26 in chips) 
Seat 2: nikalas22 ($106.88 in chips) 
Seat 3: Giroztab1977 ($127.58 in chips) 
Seat 4: tintin641 ($100 in chips) 
Seat 5: m0nTTu ($148.51 in chips) 
Seat 6: mariofcd ($134.35 in chips) 
nikalas22: posts small blind $0.50
Giroztab1977: posts big blind $1
*** HOLE CARDS ***
tintin641: folds 
m0nTTu: folds 
mariofcd: folds 
XneferX: folds 
nikalas22: folds 
Uncalled bet ($0.50) returned to Giroztab1977
Giroztab1977 collected $1 from pot
*** SUMMARY ***
Total pot $1 | Rake $0 
Seat 1: XneferX (button) folded before Flop (didn't bet)
Seat 2: nikalas22 (small blind) folded before Flop
Seat 3: Giroztab1977 (big blind) collected ($1)
Seat 4: tintin641 folded before Flop (didn't bet)
Seat 5: m0nTTu folded before Flop (didn't bet)
Seat 6: mariofcd folded before Flop (didn't bet)



PokerStars Hand #254554949714:  Hold'em No Limit ($0.50/$1.00 USD) - 2025/01/25 0:14:11 WET [2025/01/25 19:14:11 ET]
Table 'Tvashtri IV' 6-max Seat #2 is the button
Seat 1: XneferX ($115.26 in chips) 
Seat 2: nikalas22 ($106.38 in chips) 
Seat 3: Giroztab1977 ($128.08 in chips) 
Seat 4: tintin641 ($100 in chips) 
Seat 5: m0nTTu ($148.51 in chips) 
Seat 6: mariofcd ($134.35 in chips) 
Giroztab1977: posts small blind $0.50
tintin641: posts big blind $1
*** HOLE CARDS ***
m0nTTu: folds 
mariofcd: folds 
XneferX: folds 
nikalas22: raises $1.50 to $2.50
Giroztab1977: folds 
tintin641: calls $1.50
*** FLOP *** [Kc Jd Qd]
tintin641: checks 
nikalas22: bets $1.57
tintin641: raises $6.27 to $7.84
nikalas22: folds 
Uncalled bet ($6.27) returned to tintin641
tintin641 collected $8.21 from pot
tintin641: doesn't show hand 
*** SUMMARY ***
Total pot $8.64 | Rake $0.43 
Board [Kc Jd Qd]
Seat 1: XneferX folded before Flop (didn't bet)
Seat 2: nikalas22 (button) folded on the Flop
Seat 3: Giroztab1977 (small blind) folded before Flop
Seat 4: tintin641 (big blind) collected ($8.21)
Seat 5: m0nTTu folded before Flop (didn't bet)
Seat 6: mariofcd folded before Flop (didn't bet)



PokerStars Hand #254554960693:  Hold'em No Limit ($0.50/$1.00 USD) - 2025/01/25 0:15:00 WET [2025/01/25 19:15:00 ET]
Table 'Tvashtri IV' 6-max Seat #3 is the button
Seat 1: XneferX ($115.26 in chips) 
Seat 2: nikalas22 ($102.31 in chips) 
Seat 3: Giroztab1977 ($127.58 in chips) 
Seat 4: tintin641 ($104.14 in chips) 
Seat 5: m0nTTu ($148.51 in chips) 
Seat 6: mariofcd ($134.35 in chips) 
tintin641: posts small blind $0.50
m0nTTu: posts big blind $1
*** HOLE CARDS ***
mariofcd: raises $1.20 to $2.20
XneferX: folds 
nikalas22: calls $2.20
Giroztab1977: folds 
tintin641: folds 
m0nTTu: folds 
*** FLOP *** [Qc 3c 5c]
mariofcd: checks 
nikalas22: bets $1.68
mariofcd: folds 
Uncalled bet ($1.68) returned to nikalas22
nikalas22 collected $5.60 from pot
nikalas22: doesn't show hand 
*** SUMMARY ***
Total pot $5.90 | Rake $0.30 
Board [Qc 3c 5c]
Seat 1: XneferX folded before Flop (didn't bet)
Seat 2: nikalas22 collected ($5.60)
Seat 3: Giroztab1977 (button) folded before Flop (didn't bet)
Seat 4: tintin641 (small blind) folded before Flop
Seat 5: m0nTTu (big blind) folded before Flop
Seat 6: mariofcd folded on the Flop



PokerStars Hand #254554968428:  Hold'em No Limit ($0.50/$1.00 USD) - 2025/01/25 0:15:35 WET [2025/01/25 19:15:35 ET]
Table 'Tvashtri IV' 6-max Seat #4 is the button
Seat 1: XneferX ($115.26 in chips) 
Seat 2: nikalas22 ($105.71 in chips) 
Seat 3: Giroztab1977 ($127.58 in chips) 
Seat 4: tintin641 ($103.64 in chips) 
Seat 5: m0nTTu ($147.51 in chips) 
Seat 6: mariofcd ($132.15 in chips) 
m0nTTu: posts small blind $0.50
mariofcd: posts big blind $1
*** HOLE CARDS ***
XneferX: folds 
nikalas22: raises $1.50 to $2.50
Giroztab1977: folds 
tintin641: folds 
m0nTTu: folds 
mariofcd: calls $1.50
*** FLOP *** [6s 3h Kd]
mariofcd: checks 
nikalas22: checks 
*** TURN *** [6s 3h Kd] [4c]
mariofcd: checks 
nikalas22: bets $1.57
mariofcd: folds 
Uncalled bet ($1.57) returned to nikalas22
nikalas22 collected $5.22 from pot
nikalas22: doesn't show hand 
*** SUMMARY ***
Total pot $5.50 | Rake $0.28 
Board [6s 3h Kd 4c]
Seat 1: XneferX folded before Flop (didn't bet)
Seat 2: nikalas22 collected ($5.22)
Seat 3: Giroztab1977 folded before Flop (didn't bet)
Seat 4: tintin641 (button) folded before Flop (didn't bet)
Seat 5: m0nTTu (small blind) folded before Flop
Seat 6: mariofcd (big blind) folded on the Turn



PokerStars Hand #254554978141:  Hold'em No Limit ($0.50/$1.00 USD) - 2025/01/25 0:16:19 WET [2025/01/25 19:16:19 ET]
Table 'Tvashtri IV' 6-max Seat #5 is the button
Seat 1: XneferX ($115.26 in chips) 
Seat 2: nikalas22 ($108.43 in chips) 
Seat 3: Giroztab1977 ($127.58 in chips) 
Seat 4: tintin641 ($103.64 in chips) 
Seat 5: m0nTTu ($147.01 in chips) 
Seat 6: mariofcd ($129.65 in chips) 
mariofcd: posts small blind $0.50
XneferX: posts big blind $1
*** HOLE CARDS ***
nikalas22: folds 
Giroztab1977: folds 
tintin641: folds 
m0nTTu: folds 
mariofcd: folds 
Uncalled bet ($0.50) returned to XneferX
XneferX collected $1 from pot
XneferX: doesn't show hand 
*** SUMMARY ***
Total pot $1 | Rake $0 
Seat 1: XneferX (big blind) collected ($1)
Seat 2: nikalas22 folded before Flop (didn't bet)
Seat 3: Giroztab1977 folded before Flop (didn't bet)
Seat 4: tintin641 folded before Flop (didn't bet)
Seat 5: m0nTTu (button) folded before Flop (didn't bet)
Seat 6: mariofcd (small blind) folded before Flop



PokerStars Hand #254554981501:  Hold'em No Limit ($0.50/$1.00 USD) - 2025/01/25 0:16:34 WET [2025/01/25 19:16:34 ET]
Table 'Tvashtri IV' 6-max Seat #6 is the button
Seat 1: XneferX ($115.76 in chips) 
Seat 2: nikalas22 ($108.43 in chips) 
Seat 3: Giroztab1977 ($127.58 in chips) 
Seat 4: tintin641 ($103.64 in chips) 
Seat 5: m0nTTu ($147.01 in chips) 
Seat 6: mariofcd ($129.15 in chips) 
XneferX: posts small blind $0.50
nikalas22: posts big blind $1
*** HOLE CARDS ***
Giroztab1977: calls $1
tintin641: folds 
m0nTTu: folds 
mariofcd: folds 
XneferX: folds 
nikalas22: checks 
*** FLOP *** [7c Jc 3d]
nikalas22: checks 
Giroztab1977: checks 
*** TURN *** [7c Jc 3d] [4h]
nikalas22: checks 
Giroztab1977: checks 
*** RIVER *** [7c Jc 3d 4h] [As]
nikalas22: bets $1.79
Giroztab1977: folds 
Uncalled bet ($1.79) returned to nikalas22
nikalas22 collected $2.38 from pot
nikalas22: doesn't show hand 
*** SUMMARY ***
Total pot $2.50 | Rake $0.12 
Board [7c Jc 3d 4h As]
Seat 1: XneferX (small blind) folded before Flop
Seat 2: nikalas22 (big blind) collected ($2.38)
Seat 3: Giroztab1977 folded on the River
Seat 4: tintin641 folded before Flop (didn't bet)
Seat 5: m0nTTu folded before Flop (didn't bet)
Seat 6: mariofcd (button) folded before Flop (didn't bet)



PokerStars Hand #254554990159:  Hold'em No Limit ($0.50/$1.00 USD) - 2025/01/25 0:17:13 WET [2025/01/25 19:17:13 ET]
Table 'Tvashtri IV' 6-max Seat #1 is the button
Seat 1: XneferX ($115.26 in chips) 
Seat 2: nikalas22 ($109.81 in chips) 
Seat 3: Giroztab1977 ($126.58 in chips) 
Seat 4: tintin641 ($103.64 in chips) 
Seat 5: m0nTTu ($147.01 in chips) 
Seat 6: mariofcd ($129.15 in chips) 
nikalas22: posts small blind $0.50
Giroztab1977: posts big blind $1
*** HOLE CARDS ***
tintin641: folds 
m0nTTu: folds 
mariofcd: folds 
XneferX: folds 
nikalas22: folds 
Uncalled bet ($0.50) returned to Giroztab1977
Giroztab1977 collected $1 from pot
*** SUMMARY ***
Total pot $1 | Rake $0 
Seat 1: XneferX (button) folded before Flop (didn't bet)
Seat 2: nikalas22 (small blind) folded before Flop
Seat 3: Giroztab1977 (big blind) collected ($1)
Seat 4: tintin641 folded before Flop (didn't bet)
Seat 5: m0nTTu folded before Flop (didn't bet)
Seat 6: mariofcd folded before Flop (didn't bet)



PokerStars Hand #254554994618:  Hold'em No Limit ($0.50/$1.00 USD) - 2025/01/25 0:17:33 WET [2025/01/25 19:17:33 ET]
Table 'Tvashtri IV' 6-max Seat #2 is the button
Seat 1: XneferX ($115.26 in chips) 
Seat 2: nikalas22 ($109.31 in chips) 
Seat 3: Giroztab1977 ($127.08 in chips) 
Seat 4: tintin641 ($103.64 in chips) 
Seat 5: m0nTTu ($147.01 in chips) 
Seat 6: mariofcd ($129.15 in chips) 
Giroztab1977: posts small blind $0.50
tintin641: posts big blind $1
*** HOLE CARDS ***
m0nTTu: folds 
mariofcd has timed out
mariofcd: folds 
XneferX: folds 
nikalas22: folds 
Giroztab1977: raises $2 to $3
tintin641: calls $2
*** FLOP *** [9c 7c Js]
Giroztab1977: checks 
tintin641: bets $2.85
Giroztab1977: calls $2.85
*** TURN *** [9c 7c Js] [8c]
Giroztab1977: checks 
tintin641: checks 
*** RIVER *** [9c 7c Js 8c] [9d]
Giroztab1977: bets $11.12
tintin641: folds 
Uncalled bet ($11.12) returned to Giroztab1977
Giroztab1977 collected $11.12 from pot
*** SUMMARY ***
Total pot $11.70 | Rake $0.58 
Board [9c 7c Js 8c 9d]
Seat 1: XneferX folded before Flop (didn't bet)
Seat 2: nikalas22 (button) folded before Flop (didn't bet)
Seat 3: Giroztab1977 (small blind) collected ($11.12)
Seat 4: tintin641 (big blind) folded on the River
Seat 5: m0nTTu folded before Flop (didn't bet)
Seat 6: mariofcd folded before Flop (didn't bet)



PokerStars Hand #254555011797:  Hold'em No Limit ($0.50/$1.00 USD) - 2025/01/25 0:18:51 WET [2025/01/25 19:18:51 ET]
Table 'Tvashtri IV' 6-max Seat #3 is the button
Seat 1: XneferX ($115.26 in chips) 
Seat 2: nikalas22 ($109.31 in chips) 
Seat 3: Giroztab1977 ($132.35 in chips) 
Seat 4: tintin641 ($100 in chips) 
Seat 5: m0nTTu ($147.01 in chips) 
Seat 6: mariofcd ($129.15 in chips) 
tintin641: posts small blind $0.50
m0nTTu: posts big blind $1
*** HOLE CARDS ***
mariofcd: raises $1.20 to $2.20
XneferX: folds 
nikalas22: folds 
Giroztab1977: calls $2.20
tintin641: calls $1.70
m0nTTu: folds 
*** FLOP *** [2s 6c Td]
tintin641: checks 
mariofcd: checks 
Giroztab1977: checks 
*** TURN *** [2s 6c Td] [3h]
tintin641: checks 
mariofcd: bets $5.42
Giroztab1977: calls $5.42
tintin641: folds 
*** RIVER *** [2s 6c Td 3h] [Qs]
mariofcd: bets $30.84
Giroztab1977: calls $30.84
*** SHOW DOWN ***
mariofcd: shows [Qh Th] (two pair, Queens and Tens)
Giroztab1977: mucks hand 
mariofcd collected $77.62 from pot
*** SUMMARY ***
Total pot $80.12 | Rake $2.50 
Board [2s 6c Td 3h Qs]
Seat 1: XneferX folded before Flop (didn't bet)
Seat 2: nikalas22 folded before Flop (didn't bet)
Seat 3: Giroztab1977 (button) mucked
Seat 4: tintin641 (small blind) folded on the Turn
Seat 5: m0nTTu (big blind) folded before Flop
Seat 6: mariofcd showed [Qh Th] and won ($77.62) with two pair, Queens and Tens



PokerStars Hand #254555033584:  Hold'em No Limit ($0.50/$1.00 USD) - 2025/01/25 0:20:29 WET [2025/01/25 19:20:29 ET]
Table 'Tvashtri IV' 6-max Seat #4 is the button
Seat 1: XneferX ($115.26 in chips) 
Seat 2: nikalas22 ($109.31 in chips) 
Seat 3: Giroztab1977 ($93.89 in chips) 
Seat 4: tintin641 ($100 in chips) 
Seat 5: m0nTTu ($146.01 in chips) 
Seat 6: mariofcd ($168.31 in chips) 
m0nTTu: posts small blind $0.50
mariofcd: posts big blind $1
*** HOLE CARDS ***
XneferX: folds 
nikalas22: folds 
Giroztab1977: calls $1
tintin641: raises $3 to $4
m0nTTu: folds 
mariofcd: folds 
Giroztab1977: calls $3
*** FLOP *** [Qd 3s 9h]
Giroztab1977: checks 
tintin641: bets $2.98
Giroztab1977: calls $2.98
*** TURN *** [Qd 3s 9h] [Ah]
Giroztab1977: checks 
tintin641: checks 
*** RIVER *** [Qd 3s 9h Ah] [5h]
Giroztab1977: checks 
tintin641: checks 
*** SHOW DOWN ***
Giroztab1977: shows [3c 4s] (a pair of Threes)
tintin641: shows [Jh Jd] (a pair of Jacks)
tintin641 collected $14.69 from pot
*** SUMMARY ***
Total pot $15.46 | Rake $0.77 
Board [Qd 3s 9h Ah 5h]
Seat 1: XneferX folded before Flop (didn't bet)
Seat 2: nikalas22 folded before Flop (didn't bet)
Seat 3: Giroztab1977 showed [3c 4s] and lost with a pair of Threes
Seat 4: tintin641 (button) showed [Jh Jd] and won ($14.69) with a pair of Jacks
Seat 5: m0nTTu (small blind) folded before Flop
Seat 6: mariofcd (big blind) folded before Flop



PokerStars Hand #254555044591:  Hold'em No Limit ($0.50/$1.00 USD) - 2025/01/25 0:21:19 WET [2025/01/25 19:21:19 ET]
Table 'Tvashtri IV' 6-max Seat #5 is the button
Seat 1: XneferX ($115.26 in chips) 
Seat 2: nikalas22 ($109.31 in chips) 
Seat 3: Giroztab1977 ($86.91 in chips) 
Seat 4: tintin641 ($107.71 in chips) 
Seat 5: m0nTTu ($145.51 in chips) 
Seat 6: mariofcd ($167.31 in chips) 
mariofcd: posts small blind $0.50
XneferX: posts big blind $1
*** HOLE CARDS ***
nikalas22: folds 
Giroztab1977: calls $1
tintin641: folds 
m0nTTu: folds 
mariofcd: raises $3 to $4
XneferX: folds 
Giroztab1977: calls $3
*** FLOP *** [9d 3d Ah]
mariofcd: checks 
Giroztab1977: checks 
*** TURN *** [9d 3d Ah] [Kd]
mariofcd: checks 
Giroztab1977: checks 
*** RIVER *** [9d 3d Ah Kd] [Jh]
mariofcd: checks 
Giroztab1977: checks 
*** SHOW DOWN ***
mariofcd: shows [8c Jc] (a pair of Jacks)
Giroztab1977: mucks hand 
mariofcd collected $8.55 from pot
*** SUMMARY ***
Total pot $9 | Rake $0.45 
Board [9d 3d Ah Kd Jh]
Seat 1: XneferX (big blind) folded before Flop
Seat 2: nikalas22 folded before Flop (didn't bet)
Seat 3: Giroztab1977 mucked
Seat 4: tintin641 folded before Flop (didn't bet)
Seat 5: m0nTTu (button) folded before Flop (didn't bet)
Seat 6: mariofcd (small blind) showed [8c Jc] and won ($8.55) with a pair of Jacks



PokerStars Hand #254555060331:  Hold'em No Limit ($0.50/$1.00 USD) - 2025/01/25 0:22:31 WET [2025/01/25 19:22:31 ET]
Table 'Tvashtri IV' 6-max Seat #6 is the button
Seat 1: XneferX ($114.26 in chips) 
Seat 2: nikalas22 ($109.31 in chips) 
Seat 3: Giroztab1977 ($82.91 in chips) 
Seat 4: tintin641 ($107.71 in chips) 
Seat 5: m0nTTu ($145.51 in chips) 
Seat 6: mariofcd ($171.86 in chips) 
XneferX: posts small blind $0.50
nikalas22: posts big blind $1
*** HOLE CARDS ***
Giroztab1977: calls $1
tintin641: raises $3 to $4
m0nTTu: folds 
mariofcd: folds 
XneferX: folds 
nikalas22: folds 
Giroztab1977: calls $3
*** FLOP *** [6c Qc 3h]
Giroztab1977: checks 
tintin641: bets $2.98
Giroztab1977: folds 
Uncalled bet ($2.98) returned to tintin641
tintin641 collected $9.02 from pot
tintin641: doesn't show hand 
*** SUMMARY ***
Total pot $9.50 | Rake $0.48 
Board [6c Qc 3h]
Seat 1: XneferX (small blind) folded before Flop
Seat 2: nikalas22 (big blind) folded before Flop
Seat 3: Giroztab1977 folded on the Flop
Seat 4: tintin641 collected ($9.02)
Seat 5: m0nTTu folded before Flop (didn't bet)
Seat 6: mariofcd (button) folded before Flop (didn't bet)



PokerStars Hand #254555070521:  Hold'em No Limit ($0.50/$1.00 USD) - 2025/01/25 0:23:19 WET [2025/01/25 19:23:19 ET]
Table 'Tvashtri IV' 6-max Seat #1 is the button
Seat 1: XneferX ($113.76 in chips) 
Seat 2: nikalas22 ($108.31 in chips) 
Seat 3: Giroztab1977 ($78.91 in chips) 
Seat 4: tintin641 ($112.73 in chips) 
Seat 5: m0nTTu ($145.51 in chips) 
Seat 6: mariofcd ($171.86 in chips) 
nikalas22: posts small blind $0.50
Giroztab1977: posts big blind $1
*** HOLE CARDS ***
tintin641: folds 
m0nTTu: folds 
mariofcd: folds 
XneferX: raises $1.77 to $2.77
nikalas22: folds 
Giroztab1977: folds 
Uncalled bet ($1.77) returned to XneferX
XneferX collected $2.50 from pot
XneferX: doesn't show hand 
*** SUMMARY ***
Total pot $2.50 | Rake $0 
Seat 1: XneferX (button) collected ($2.50)
Seat 2: nikalas22 (small blind) folded before Flop
Seat 3: Giroztab1977 (big blind) folded before Flop
Seat 4: tintin641 folded before Flop (didn't bet)
Seat 5: m0nTTu folded before Flop (didn't bet)
Seat 6: mariofcd folded before Flop (didn't bet)



PokerStars Hand #254555074180:  Hold'em No Limit ($0.50/$1.00 USD) - 2025/01/25 0:23:35 WET [2025/01/25 19:23:35 ET]
Table 'Tvashtri IV' 6-max Seat #2 is the button
Seat 1: XneferX ($115.26 in chips) 
Seat 2: nikalas22 ($107.81 in chips) 
Seat 3: Giroztab1977 ($77.91 in chips) 
Seat 4: tintin641 ($112.73 in chips) 
Seat 5: m0nTTu ($145.51 in chips) 
Seat 6: mariofcd ($171.86 in chips) 
Giroztab1977: posts small blind $0.50
tintin641: posts big blind $1
*** HOLE CARDS ***
m0nTTu: folds 
mariofcd: raises $1.20 to $2.20
XneferX: folds 
nikalas22: folds 
Giroztab1977: folds 
tintin641: folds 
Uncalled bet ($1.20) returned to mariofcd
mariofcd collected $2.50 from pot
mariofcd: doesn't show hand 
*** SUMMARY ***
Total pot $2.50 | Rake $0 
Seat 1: XneferX folded before Flop (didn't bet)
Seat 2: nikalas22 (button) folded before Flop (didn't bet)
Seat 3: Giroztab1977 (small blind) folded before Flop
Seat 4: tintin641 (big blind) folded before Flop
Seat 5: m0nTTu folded before Flop (didn't bet)
Seat 6: mariofcd collected ($2.50)



PokerStars Hand #254555077044:  Hold'em No Limit ($0.50/$1.00 USD) - 2025/01/25 0:23:49 WET [2025/01/25 19:23:49 ET]
Table 'Tvashtri IV' 6-max Seat #3 is the button
Seat 1: XneferX ($115.26 in chips) 
Seat 2: nikalas22 ($107.81 in chips) 
Seat 3: Giroztab1977 ($77.41 in chips) 
Seat 4: tintin641 ($111.73 in chips) 
Seat 5: m0nTTu ($145.51 in chips) 
Seat 6: mariofcd ($173.36 in chips) 
tintin641: posts small blind $0.50
m0nTTu: posts big blind $1
*** HOLE CARDS ***
mariofcd: folds 
XneferX: folds 
nikalas22: folds 
Giroztab1977: raises $2.50 to $3.50
tintin641: folds 
m0nTTu: folds 
Uncalled bet ($2.50) returned to Giroztab1977
Giroztab1977 collected $2.50 from pot
*** SUMMARY ***
Total pot $2.50 | Rake $0 
Seat 1: XneferX folded before Flop (didn't bet)
Seat 2: nikalas22 folded before Flop (didn't bet)
Seat 3: Giroztab1977 (button) collected ($2.50)
Seat 4: tintin641 (small blind) folded before Flop
Seat 5: m0nTTu (big blind) folded before Flop
Seat 6: mariofcd folded before Flop (didn't bet)



PokerStars Hand #254555082633:  Hold'em No Limit ($0.50/$1.00 USD) - 2025/01/25 0:24:14 WET [2025/01/25 19:24:14 ET]
Table 'Tvashtri IV' 6-max Seat #4 is the button
Seat 1: XneferX ($115.26 in chips) 
Seat 2: nikalas22 ($107.81 in chips) 
Seat 3: Giroztab1977 ($78.91 in chips) 
Seat 4: tintin641 ($111.23 in chips) 
Seat 5: m0nTTu ($144.51 in chips) 
Seat 6: mariofcd ($173.36 in chips) 
m0nTTu: posts small blind $0.50
mariofcd: posts big blind $1
*** HOLE CARDS ***
XneferX: folds 
nikalas22: folds 
Giroztab1977: calls $1
tintin641: folds 
m0nTTu: calls $0.50
mariofcd: checks 
*** FLOP *** [Ks 6d Jc]
m0nTTu: checks 
mariofcd: checks 
Giroztab1977: bets $2.85
m0nTTu: folds 
mariofcd: folds 
Uncalled bet ($2.85) returned to Giroztab1977
Giroztab1977 collected $2.85 from pot
*** SUMMARY ***
Total pot $3 | Rake $0.15 
Board [Ks 6d Jc]
Seat 1: XneferX folded before Flop (didn't bet)
Seat 2: nikalas22 folded before Flop (didn't bet)
Seat 3: Giroztab1977 collected ($2.85)
Seat 4: tintin641 (button) folded before Flop (didn't bet)
Seat 5: m0nTTu (small blind) folded on the Flop
Seat 6: mariofcd (big blind) folded on the Flop



PokerStars Hand #254555091027:  Hold'em No Limit ($0.50/$1.00 USD) - 2025/01/25 0:24:53 WET [2025/01/25 19:24:53 ET]
Table 'Tvashtri IV' 6-max Seat #5 is the button
Seat 1: XneferX ($115.26 in chips) 
Seat 2: nikalas22 ($107.81 in chips) 
Seat 3: Giroztab1977 ($80.76 in chips) 
Seat 4: tintin641 ($111.23 in chips) 
Seat 5: m0nTTu ($143.51 in chips) 
Seat 6: mariofcd ($172.36 in chips) 
mariofcd: posts small blind $0.50
XneferX: posts big blind $1
*** HOLE CARDS ***
nikalas22: folds 
Giroztab1977: raises $2.50 to $3.50
tintin641: folds 
m0nTTu: folds 
mariofcd: raises $8.60 to $12.10
XneferX: folds 
Giroztab1977: calls $8.60
*** FLOP *** [3h 9s 5c]
mariofcd: bets $4.79
Giroztab1977: raises $63.87 to $68.66 and is all-in
mariofcd: folds 
Uncalled bet ($63.87) returned to Giroztab1977
Giroztab1977 collected $33.04 from pot
*** SUMMARY ***
Total pot $34.78 | Rake $1.74 
Board [3h 9s 5c]
Seat 1: XneferX (big blind) folded before Flop
Seat 2: nikalas22 folded before Flop (didn't bet)
Seat 3: Giroztab1977 collected ($33.04)
Seat 4: tintin641 folded before Flop (didn't bet)
Seat 5: m0nTTu (button) folded before Flop (didn't bet)
Seat 6: mariofcd (small blind) folded on the Flop



PokerStars Hand #254555100403:  Hold'em No Limit ($0.50/$1.00 USD) - 2025/01/25 0:25:36 WET [2025/01/25 19:25:36 ET]
Table 'Tvashtri IV' 6-max Seat #6 is the button
Seat 1: XneferX ($114.26 in chips) 
Seat 2: nikalas22 ($107.81 in chips) 
Seat 3: Giroztab1977 ($96.91 in chips) 
Seat 4: tintin641 ($111.23 in chips) 
Seat 5: m0nTTu ($143.51 in chips) 
Seat 6: mariofcd ($155.47 in chips) 
XneferX: posts small blind $0.50
nikalas22: posts big blind $1
*** HOLE CARDS ***
Giroztab1977: folds 
tintin641: folds 
m0nTTu: raises $1.50 to $2.50
mariofcd: folds 
XneferX: folds 
nikalas22: folds 
Uncalled bet ($1.50) returned to m0nTTu
m0nTTu collected $2.50 from pot
m0nTTu: doesn't show hand 
*** SUMMARY ***
Total pot $2.50 | Rake $0 
Seat 1: XneferX (small blind) folded before Flop
Seat 2: nikalas22 (big blind) folded before Flop
Seat 3: Giroztab1977 folded before Flop (didn't bet)
Seat 4: tintin641 folded before Flop (didn't bet)
Seat 5: m0nTTu collected ($2.50)
Seat 6: mariofcd (button) folded before Flop (didn't bet)



PokerStars Hand #254555104841:  Hold'em No Limit ($0.50/$1.00 USD) - 2025/01/25 0:25:57 WET [2025/01/25 19:25:57 ET]
Table 'Tvashtri IV' 6-max Seat #1 is the button
Seat 1: XneferX ($113.76 in chips) 
Seat 2: nikalas22 ($106.81 in chips) 
Seat 3: Giroztab1977 ($96.91 in chips) 
Seat 4: tintin641 ($111.23 in chips) 
Seat 5: m0nTTu ($145.01 in chips) 
Seat 6: mariofcd ($155.47 in chips) 
nikalas22: posts small blind $0.50
Giroztab1977: posts big blind $1
*** HOLE CARDS ***
tintin641: folds 
m0nTTu: raises $1.50 to $2.50
mariofcd: folds 
XneferX: folds 
nikalas22: raises $9.50 to $12
Giroztab1977: folds 
m0nTTu: folds 
Uncalled bet ($9.50) returned to nikalas22
nikalas22 collected $6 from pot
nikalas22: doesn't show hand 
*** SUMMARY ***
Total pot $6 | Rake $0 
Seat 1: XneferX (button) folded before Flop (didn't bet)
Seat 2: nikalas22 (small blind) collected ($6)
Seat 3: Giroztab1977 (big blind) folded before Flop
Seat 4: tintin641 folded before Flop (didn't bet)
Seat 5: m0nTTu folded before Flop
Seat 6: mariofcd folded before Flop (didn't bet)



PokerStars Hand #254555112588:  Hold'em No Limit ($0.50/$1.00 USD) - 2025/01/25 0:26:33 WET [2025/01/25 19:26:33 ET]
Table 'Tvashtri IV' 6-max Seat #2 is the button
Seat 1: XneferX ($113.76 in chips) 
Seat 2: nikalas22 ($110.31 in chips) 
Seat 3: Giroztab1977 ($95.91 in chips) 
Seat 4: tintin641 ($111.23 in chips) 
Seat 5: m0nTTu ($142.51 in chips) 
Seat 6: mariofcd ($155.47 in chips) 
Giroztab1977: posts small blind $0.50
tintin641: posts big blind $1
*** HOLE CARDS ***
m0nTTu: folds 
mariofcd: raises $1.20 to $2.20
XneferX: folds 
nikalas22: folds 
Giroztab1977: calls $1.70
tintin641: folds 
*** FLOP *** [Jh 8h 2h]
Giroztab1977: checks 
mariofcd: checks 
*** TURN *** [Jh 8h 2h] [4d]
Giroztab1977: bets $5.13
mariofcd: folds 
Uncalled bet ($5.13) returned to Giroztab1977
Giroztab1977 collected $5.13 from pot
*** SUMMARY ***
Total pot $5.40 | Rake $0.27 
Board [Jh 8h 2h 4d]
Seat 1: XneferX folded before Flop (didn't bet)
Seat 2: nikalas22 (button) folded before Flop (didn't bet)
Seat 3: Giroztab1977 (small blind) collected ($5.13)
Seat 4: tintin641 (big blind) folded before Flop
Seat 5: m0nTTu folded before Flop (didn't bet)
Seat 6: mariofcd folded on the Turn



PokerStars Hand #254555119251:  Hold'em No Limit ($0.50/$1.00 USD) - 2025/01/25 0:27:04 WET [2025/01/25 19:27:04 ET]
Table 'Tvashtri IV' 6-max Seat #3 is the button
Seat 1: XneferX ($113.76 in chips) 
Seat 2: nikalas22 ($110.31 in chips) 
Seat 3: Giroztab1977 ($98.84 in chips) 
Seat 4: tintin641 ($110.23 in chips) 
Seat 5: m0nTTu ($142.51 in chips) 
Seat 6: mariofcd ($153.27 in chips) 
tintin641: posts small blind $0.50
m0nTTu: posts big blind $1
*** HOLE CARDS ***
mariofcd: raises $1.20 to $2.20
XneferX: folds 
nikalas22: folds 
Giroztab1977: raises $5.90 to $8.10
tintin641: folds 
m0nTTu: folds 
mariofcd: raises $12.90 to $21
Giroztab1977: calls $12.90
*** FLOP *** [8h Tc 2c]
mariofcd: bets $12.40
Giroztab1977: raises $65.44 to $77.84 and is all-in
mariofcd: calls $65.44
*** TURN *** [8h Tc 2c] [3s]
*** RIVER *** [8h Tc 2c 3s] [9s]
*** SHOW DOWN ***
mariofcd: shows [As Ah] (a pair of Aces)
Giroztab1977: shows [6c 6s] (a pair of Sixes)
mariofcd cashed out the hand for $165.10 | Cash Out Fee $3.37
*** SUMMARY ***
Total pot $199.18 | Rake $2.50 
Board [8h Tc 2c 3s 9s]
Seat 1: XneferX folded before Flop (didn't bet)
Seat 2: nikalas22 folded before Flop (didn't bet)
Seat 3: Giroztab1977 (button) showed [6c 6s] and lost with a pair of Sixes
Seat 4: tintin641 (small blind) folded before Flop
Seat 5: m0nTTu (big blind) folded before Flop
Seat 6: mariofcd showed [As Ah] and won ($196.68) with a pair of Aces (pot not awarded as player cashed out)



PokerStars Hand #254555130332:  Hold'em No Limit ($0.50/$1.00 USD) - 2025/01/25 0:27:57 WET [2025/01/25 19:27:57 ET]
Table 'Tvashtri IV' 6-max Seat #4 is the button
Seat 3: Giroztab1977 ($0 in chips) is sitting out
Seat 1: XneferX ($113.76 in chips) 
Seat 2: nikalas22 ($110.31 in chips) 
Seat 4: tintin641 ($109.73 in chips) 
Seat 5: m0nTTu ($141.51 in chips) 
Seat 6: mariofcd ($219.53 in chips) 
m0nTTu: posts small blind $0.50
mariofcd: posts big blind $1
*** HOLE CARDS ***
XneferX: folds 
nikalas22: folds 
tintin641: folds 
Giroztab1977 leaves the table
m0nTTu: folds 
Uncalled bet ($0.50) returned to mariofcd
mariofcd collected $1 from pot
mariofcd: doesn't show hand 
*** SUMMARY ***
Total pot $1 | Rake $0 
Seat 3: Giroztab1977
Seat 1: XneferX folded before Flop (didn't bet)
Seat 2: nikalas22 folded before Flop (didn't bet)
Seat 4: tintin641 (button) folded before Flop (didn't bet)
Seat 5: m0nTTu (small blind) folded before Flop
Seat 6: mariofcd (big blind) collected ($1)



PokerStars Hand #254555134468:  Hold'em No Limit ($0.50/$1.00 USD) - 2025/01/25 0:28:16 WET [2025/01/25 19:28:16 ET]
Table 'Tvashtri IV' 6-max Seat #5 is the button
Seat 1: XneferX ($113.76 in chips) 
Seat 2: nikalas22 ($110.31 in chips) 
Seat 4: tintin641 ($109.73 in chips) 
Seat 5: m0nTTu ($141.01 in chips) 
Seat 6: mariofcd ($220.03 in chips) 
mariofcd: posts small blind $0.50
XneferX: posts big blind $1
*** HOLE CARDS ***
nikalas22: folds 
tintin641: folds 
m0nTTu: folds 
nikalas22 leaves the table
mariofcd: raises $2 to $3
XneferX: folds 
Uncalled bet ($2) returned to mariofcd
mariofcd collected $2 from pot
mariofcd: doesn't show hand 
*** SUMMARY ***
Total pot $2 | Rake $0 
Seat 1: XneferX (big blind) folded before Flop
Seat 2: nikalas22 folded before Flop (didn't bet)
Seat 4: tintin641 folded before Flop (didn't bet)
Seat 5: m0nTTu (button) folded before Flop (didn't bet)
Seat 6: mariofcd (small blind) collected ($2)



