PokerStars Hand #254548440425:  Hold'em No Limit ($0.50/$1.00 USD) - 2025/01/25 18:06:44 WET [2025/01/25 13:06:44 ET]
Table 'Scania IV' 6-max Seat #1 is the button
Seat 1: Gfoer ($100 in chips) 
Seat 3: MrP1usovoy ($100 in chips) 
Seat 6: iTrustU21 ($100 in chips) 
MrP1usovoy: posts small blind $0.50
iTrustU21: posts big blind $1
*** HOLE CARDS ***
blackclan7 joins the table at seat #2 
Gfoer: raises $1 to $2
MrP1usovoy: folds 
iTrustU21: calls $1
*** FLOP *** [5c Ks Jd]
iTrustU21: checks 
Gfoer: bets $3.21
iTrustU21: calls $3.21
*** TURN *** [5c Ks Jd] [6d]
iTrustU21: checks 
AndreaBsAs joins the table at seat #5 
Gfoer: bets $15.52
iTrustU21: calls $15.52
*** RIVER *** [5c Ks Jd 6d] [3h]
iTrustU21: checks 
Gfoer: checks 
*** SHOW DOWN ***
iTrustU21: shows [6c Kh] (two pair, Kings and Sixes)
Gfoer: mucks hand 
iTrustU21 collected $40.96 from pot
*** SUMMARY ***
Total pot $41.96 | Rake $1 
Board [5c Ks Jd 6d 3h]
Seat 1: Gfoer (button) mucked
Seat 3: MrP1usovoy (small blind) folded before Flop
Seat 6: iTrustU21 (big blind) showed [6c Kh] and won ($40.96) with two pair, Kings and Sixes



PokerStars Hand #254548453647:  Hold'em No Limit ($0.50/$1.00 USD) - 2025/01/25 18:07:35 WET [2025/01/25 13:07:35 ET]
Table 'Scania IV' 6-max Seat #3 is the button
Seat 2: blackclan7 ($100 in chips) is sitting out
Seat 5: AndreaBsAs ($100 in chips) is sitting out
Seat 1: Gfoer ($100 in chips) 
Seat 3: MrP1usovoy ($100 in chips) 
Seat 6: iTrustU21 ($120.23 in chips) 
iTrustU21: posts small blind $0.50
Gfoer: posts big blind $1
blackclan7: sits out 
*** HOLE CARDS ***
MrP1usovoy: folds 
iTrustU21: raises $2 to $3
Gfoer: folds 
Uncalled bet ($2) returned to iTrustU21
iTrustU21 collected $2 from pot
iTrustU21: doesn't show hand 
*** SUMMARY ***
Total pot $2 | Rake $0 
Seat 2: blackclan7
Seat 5: AndreaBsAs
Seat 1: Gfoer (big blind) folded before Flop
Seat 3: MrP1usovoy (button) folded before Flop (didn't bet)
Seat 6: iTrustU21 (small blind) collected ($2)



PokerStars Hand #254548456746:  Hold'em No Limit ($0.50/$1.00 USD) - 2025/01/25 18:07:47 WET [2025/01/25 13:07:47 ET]
Table 'Scania IV' 6-max Seat #6 is the button
Seat 5: AndreaBsAs ($100 in chips) is sitting out
Seat 1: Gfoer ($100 in chips) 
Seat 2: blackclan7 ($100 in chips) 
Seat 3: MrP1usovoy ($100 in chips) 
Seat 6: iTrustU21 ($121.23 in chips) 
Gfoer: posts small blind $0.50
blackclan7: posts big blind $1
AndreaBsAs: sits out 
*** HOLE CARDS ***
MrP1usovoy: raises $1.50 to $2.50
iTrustU21: folds 
Gfoer: folds 
blackclan7: calls $1.50
*** FLOP *** [Td Qc Ah]
blackclan7: checks 
MrP1usovoy: bets $1.72
blackclan7: folds 
Uncalled bet ($1.72) returned to MrP1usovoy
MrP1usovoy collected $5.22 from pot
MrP1usovoy: doesn't show hand 
*** SUMMARY ***
Total pot $5.50 | Rake $0.28 
Board [Td Qc Ah]
Seat 5: AndreaBsAs
Seat 1: Gfoer (small blind) folded before Flop
Seat 2: blackclan7 (big blind) folded on the Flop
Seat 3: MrP1usovoy collected ($5.22)
Seat 6: iTrustU21 (button) folded before Flop (didn't bet)



PokerStars Hand #254548464745:  Hold'em No Limit ($0.50/$1.00 USD) - 2025/01/25 18:08:17 WET [2025/01/25 13:08:17 ET]
Table 'Scania IV' 6-max Seat #1 is the button
Seat 3: MrP1usovoy ($102.72 in chips) is sitting out
Seat 1: Gfoer ($100 in chips) 
Seat 2: blackclan7 ($100 in chips) 
Seat 5: AndreaBsAs ($100 in chips) 
Seat 6: iTrustU21 ($121.23 in chips) 
blackclan7: posts small blind $0.50
MrP1usovoy: is sitting out 
AndreaBsAs: posts big blind $1
*** HOLE CARDS ***
iTrustU21: folds 
MrP1usovoy leaves the table
Gfoer: raises $1 to $2
blackclan7: folds 
AndreaBsAs: folds 
Uncalled bet ($1) returned to Gfoer
Gfoer collected $2.50 from pot
Gfoer: doesn't show hand 
*** SUMMARY ***
Total pot $2.50 | Rake $0 
Seat 3: MrP1usovoy
Seat 1: Gfoer (button) collected ($2.50)
Seat 2: blackclan7 (small blind) folded before Flop
Seat 5: AndreaBsAs (big blind) folded before Flop
Seat 6: iTrustU21 folded before Flop (didn't bet)



PokerStars Hand #254548470555:  Hold'em No Limit ($0.50/$1.00 USD) - 2025/01/25 18:08:39 WET [2025/01/25 13:08:39 ET]
Table 'Scania IV' 6-max Seat #2 is the button
Seat 1: Gfoer ($101.50 in chips) 
Seat 2: blackclan7 ($100 in chips) 
Seat 5: AndreaBsAs ($100 in chips) 
Seat 6: iTrustU21 ($121.23 in chips) 
AndreaBsAs: posts small blind $0.50
iTrustU21: posts big blind $1
*** HOLE CARDS ***
Gfoer: folds 
blackclan7: raises $1.50 to $2.50
Gfoer leaves the table
AndreaBsAs: folds 
iTrustU21: calls $1.50
*** FLOP *** [Ah 6h Js]
iTrustU21: checks 
blackclan7: checks 
*** TURN *** [Ah 6h Js] [Qc]
iTrustU21: checks 
blackclan7: bets $1.72
iTrustU21: calls $1.72
*** RIVER *** [Ah 6h Js Qc] [Tc]
iTrustU21: bets $2.29
tintin641 joins the table at seat #3 
blackclan7: folds 
Uncalled bet ($2.29) returned to iTrustU21
iTrustU21 collected $8.49 from pot
iTrustU21: doesn't show hand 
*** SUMMARY ***
Total pot $8.94 | Rake $0.45 
Board [Ah 6h Js Qc Tc]
Seat 1: Gfoer folded before Flop (didn't bet)
Seat 2: blackclan7 (button) folded on the River
Seat 5: AndreaBsAs (small blind) folded before Flop
Seat 6: iTrustU21 (big blind) collected ($8.49)



PokerStars Hand #254548489497:  Hold'em No Limit ($0.50/$1.00 USD) - 2025/01/25 18:09:51 WET [2025/01/25 13:09:51 ET]
Table 'Scania IV' 6-max Seat #5 is the button
Seat 2: blackclan7 ($100 in chips) is sitting out
Seat 3: tintin641 ($100 in chips) 
Seat 5: AndreaBsAs ($100 in chips) 
Seat 6: iTrustU21 ($125.50 in chips) 
iTrustU21: posts small blind $0.50
blackclan7: is sitting out 
tintin641: posts big blind $1
*** HOLE CARDS ***
blackclan7 leaves the table
AndreaBsAs: raises $1.50 to $2.50
iTrustU21: folds 
tintin641: folds 
Uncalled bet ($1.50) returned to AndreaBsAs
AndreaBsAs collected $2.50 from pot
*** SUMMARY ***
Total pot $2.50 | Rake $0 
Seat 2: blackclan7
Seat 3: tintin641 (big blind) folded before Flop
Seat 5: AndreaBsAs (button) collected ($2.50)
Seat 6: iTrustU21 (small blind) folded before Flop



