PokerStars Hand #254541592664:  Hold'em No Limit ($0.50/$1.00 USD) - 2025/01/25 5:16:58 WET [2025/01/25 0:16:58 ET]
Table 'Ortutay III' 6-max Seat #6 is the button
Seat 1: AlexEliseev7 ($142.30 in chips) 
Seat 2: ponchua ($122.48 in chips) 
Seat 3: Manifestorr ($100 in chips) 
Seat 4: big"mf"serg ($117.71 in chips) 
Seat 5: CEPTT ($103 in chips) 
Seat 6: reeqar ($101.82 in chips) 
AlexEliseev7: posts small blind $0.50
ponchua: posts big blind $1
*** HOLE CARDS ***
Manifestorr: folds 
big"mf"serg: folds 
CEPTT: folds 
reeqar: raises $1.50 to $2.50
AlexEliseev7: folds 
ponchua: folds 
Uncalled bet ($1.50) returned to reeqar
reeqar collected $2.50 from pot
reeqar: doesn't show hand 
*** SUMMARY ***
Total pot $2.50 | Rake $0 
Seat 1: AlexEliseev7 (small blind) folded before Flop
Seat 2: ponchua (big blind) folded before Flop
Seat 3: Manifestorr folded before Flop (didn't bet)
Seat 4: big"mf"serg folded before Flop (didn't bet)
Seat 5: CEPTT folded before Flop (didn't bet)
Seat 6: reeqar (button) collected ($2.50)



PokerStars Hand #254541595356:  Hold'em No Limit ($0.50/$1.00 USD) - 2025/01/25 5:17:25 WET [2025/01/25 0:17:25 ET]
Table 'Ortutay III' 6-max Seat #1 is the button
Seat 1: AlexEliseev7 ($141.80 in chips) 
Seat 2: ponchua ($121.48 in chips) 
Seat 3: Manifestorr ($100 in chips) 
Seat 4: big"mf"serg ($117.71 in chips) 
Seat 5: CEPTT ($103 in chips) 
Seat 6: reeqar ($103.32 in chips) 
ponchua: posts small blind $0.50
Manifestorr: posts big blind $1
*** HOLE CARDS ***
big"mf"serg: calls $1
CEPTT: folds 
reeqar: raises $6 to $7
AlexEliseev7: folds 
ponchua: folds 
Manifestorr: folds 
big"mf"serg: calls $6
*** FLOP *** [2d 2c 7h]
big"mf"serg: bets $7.36
reeqar: calls $7.36
*** TURN *** [2d 2c 7h] [Ah]
big"mf"serg: checks 
reeqar: checks 
*** RIVER *** [2d 2c 7h Ah] [4d]
big"mf"serg: bets $14.36
reeqar: folds 
Uncalled bet ($14.36) returned to big"mf"serg
big"mf"serg collected $28.71 from pot
*** SUMMARY ***
Total pot $30.22 | Rake $1.51 
Board [2d 2c 7h Ah 4d]
Seat 1: AlexEliseev7 (button) folded before Flop (didn't bet)
Seat 2: ponchua (small blind) folded before Flop
Seat 3: Manifestorr (big blind) folded before Flop
Seat 4: big"mf"serg collected ($28.71)
Seat 5: CEPTT folded before Flop (didn't bet)
Seat 6: reeqar folded on the River



PokerStars Hand #254541603517:  Hold'em No Limit ($0.50/$1.00 USD) - 2025/01/25 5:18:47 WET [2025/01/25 0:18:47 ET]
Table 'Ortutay III' 6-max Seat #2 is the button
Seat 1: AlexEliseev7 ($141.80 in chips) 
Seat 2: ponchua ($120.98 in chips) 
Seat 3: Manifestorr ($100 in chips) 
Seat 4: big"mf"serg ($132.06 in chips) 
Seat 5: CEPTT ($103 in chips) 
Seat 6: reeqar ($100 in chips) 
Manifestorr: posts small blind $0.50
big"mf"serg: posts big blind $1
*** HOLE CARDS ***
CEPTT: folds 
reeqar: folds 
AlexEliseev7: raises $1.50 to $2.50
ponchua: folds 
Manifestorr: folds 
big"mf"serg: calls $1.50
*** FLOP *** [8c 6h 9c]
big"mf"serg: bets $5.22
AlexEliseev7: calls $5.22
*** TURN *** [8c 6h 9c] [Ts]
big"mf"serg: bets $7.57
AlexEliseev7: calls $7.57
*** RIVER *** [8c 6h 9c Ts] [3s]
big"mf"serg: bets $14.77
AlexEliseev7: calls $14.77
*** SHOW DOWN ***
big"mf"serg: shows [8s 9h] (two pair, Nines and Eights)
AlexEliseev7: mucks hand 
big"mf"serg collected $58.12 from pot
*** SUMMARY ***
Total pot $60.62 | Rake $2.50 
Board [8c 6h 9c Ts 3s]
Seat 1: AlexEliseev7 mucked
Seat 2: ponchua (button) folded before Flop (didn't bet)
Seat 3: Manifestorr (small blind) folded before Flop
Seat 4: big"mf"serg (big blind) showed [8s 9h] and won ($58.12) with two pair, Nines and Eights
Seat 5: CEPTT folded before Flop (didn't bet)
Seat 6: reeqar folded before Flop (didn't bet)



PokerStars Hand #254541609529:  Hold'em No Limit ($0.50/$1.00 USD) - 2025/01/25 5:19:47 WET [2025/01/25 0:19:47 ET]
Table 'Ortutay III' 6-max Seat #3 is the button
Seat 1: AlexEliseev7 ($111.74 in chips) 
Seat 2: ponchua ($120.98 in chips) 
Seat 3: Manifestorr ($100 in chips) 
Seat 4: big"mf"serg ($160.12 in chips) 
Seat 5: CEPTT ($103 in chips) 
Seat 6: reeqar ($100 in chips) 
big"mf"serg: posts small blind $0.50
CEPTT: posts big blind $1
*** HOLE CARDS ***
reeqar: folds 
AlexEliseev7: folds 
ponchua: folds 
Manifestorr: raises $1.20 to $2.20
big"mf"serg: calls $1.70
CEPTT: folds 
*** FLOP *** [5s Kc 7s]
big"mf"serg: bets $5.13
Manifestorr: folds 
Uncalled bet ($5.13) returned to big"mf"serg
big"mf"serg collected $5.13 from pot
*** SUMMARY ***
Total pot $5.40 | Rake $0.27 
Board [5s Kc 7s]
Seat 1: AlexEliseev7 folded before Flop (didn't bet)
Seat 2: ponchua folded before Flop (didn't bet)
Seat 3: Manifestorr (button) folded on the Flop
Seat 4: big"mf"serg (small blind) collected ($5.13)
Seat 5: CEPTT (big blind) folded before Flop
Seat 6: reeqar folded before Flop (didn't bet)



PokerStars Hand #254541613040:  Hold'em No Limit ($0.50/$1.00 USD) - 2025/01/25 5:20:23 WET [2025/01/25 0:20:23 ET]
Table 'Ortutay III' 6-max Seat #4 is the button
Seat 1: AlexEliseev7 ($111.74 in chips) 
Seat 2: ponchua ($120.98 in chips) 
Seat 3: Manifestorr ($100 in chips) 
Seat 4: big"mf"serg ($163.05 in chips) 
Seat 5: CEPTT ($102 in chips) 
Seat 6: reeqar ($100 in chips) 
CEPTT: posts small blind $0.50
reeqar: posts big blind $1
*** HOLE CARDS ***
AlexEliseev7: folds 
ponchua: raises $1.50 to $2.50
Manifestorr: folds 
big"mf"serg: calls $2.50
CEPTT: raises $11.50 to $14
reeqar: folds 
ponchua: folds 
big"mf"serg: folds 
Uncalled bet ($11.50) returned to CEPTT
CEPTT collected $8.50 from pot
CEPTT: doesn't show hand 
*** SUMMARY ***
Total pot $8.50 | Rake $0 
Seat 1: AlexEliseev7 folded before Flop (didn't bet)
Seat 2: ponchua folded before Flop
Seat 3: Manifestorr folded before Flop (didn't bet)
Seat 4: big"mf"serg (button) folded before Flop
Seat 5: CEPTT (small blind) collected ($8.50)
Seat 6: reeqar (big blind) folded before Flop



PokerStars Hand #254541616434:  Hold'em No Limit ($0.50/$1.00 USD) - 2025/01/25 5:20:56 WET [2025/01/25 0:20:56 ET]
Table 'Ortutay III' 6-max Seat #5 is the button
Seat 1: AlexEliseev7 ($111.74 in chips) 
Seat 2: ponchua ($118.48 in chips) 
Seat 3: Manifestorr ($100 in chips) 
Seat 4: big"mf"serg ($160.55 in chips) 
Seat 5: CEPTT ($108 in chips) 
Seat 6: reeqar ($100 in chips) 
reeqar: posts small blind $0.50
AlexEliseev7: posts big blind $1
*** HOLE CARDS ***
ponchua: folds 
Manifestorr: folds 
big"mf"serg: calls $1
CEPTT: folds 
reeqar: folds 
AlexEliseev7: raises $4 to $5
big"mf"serg: calls $4
*** FLOP *** [Tc 6h Ts]
AlexEliseev7: checks 
big"mf"serg: bets $4.99
AlexEliseev7: calls $4.99
*** TURN *** [Tc 6h Ts] [4h]
AlexEliseev7: checks 
big"mf"serg: checks 
*** RIVER *** [Tc 6h Ts 4h] [9h]
AlexEliseev7: checks 
big"mf"serg: checks 
*** SHOW DOWN ***
AlexEliseev7: shows [As Kh] (a pair of Tens)
big"mf"serg: shows [9d 6d] (two pair, Tens and Nines)
big"mf"serg collected $19.46 from pot
*** SUMMARY ***
Total pot $20.48 | Rake $1.02 
Board [Tc 6h Ts 4h 9h]
Seat 1: AlexEliseev7 (big blind) showed [As Kh] and lost with a pair of Tens
Seat 2: ponchua folded before Flop (didn't bet)
Seat 3: Manifestorr folded before Flop (didn't bet)
Seat 4: big"mf"serg showed [9d 6d] and won ($19.46) with two pair, Tens and Nines
Seat 5: CEPTT (button) folded before Flop (didn't bet)
Seat 6: reeqar (small blind) folded before Flop



PokerStars Hand #254541621190:  Hold'em No Limit ($0.50/$1.00 USD) - 2025/01/25 5:21:43 WET [2025/01/25 0:21:43 ET]
Table 'Ortutay III' 6-max Seat #6 is the button
Seat 1: AlexEliseev7 ($101.75 in chips) 
Seat 2: ponchua ($118.48 in chips) 
Seat 3: Manifestorr ($100 in chips) 
Seat 4: big"mf"serg ($170.02 in chips) 
Seat 5: CEPTT ($108 in chips) 
Seat 6: reeqar ($100 in chips) 
AlexEliseev7: posts small blind $0.50
ponchua: posts big blind $1
*** HOLE CARDS ***
Manifestorr: folds 
big"mf"serg: calls $1
Manifestorr leaves the table
shootingGRID joins the table at seat #3 
CEPTT: folds 
reeqar: folds 
AlexEliseev7: raises $4 to $5
ponchua: folds 
big"mf"serg: calls $4
*** FLOP *** [Ah Jd 2c]
AlexEliseev7: bets $3.45
big"mf"serg: folds 
Uncalled bet ($3.45) returned to AlexEliseev7
AlexEliseev7 collected $10.45 from pot
AlexEliseev7: doesn't show hand 
*** SUMMARY ***
Total pot $11 | Rake $0.55 
Board [Ah Jd 2c]
Seat 1: AlexEliseev7 (small blind) collected ($10.45)
Seat 2: ponchua (big blind) folded before Flop
Seat 3: Manifestorr folded before Flop (didn't bet)
Seat 4: big"mf"serg folded on the Flop
Seat 5: CEPTT folded before Flop (didn't bet)
Seat 6: reeqar (button) folded before Flop (didn't bet)



PokerStars Hand #254541624795:  Hold'em No Limit ($0.50/$1.00 USD) - 2025/01/25 5:22:18 WET [2025/01/25 0:22:18 ET]
Table 'Ortutay III' 6-max Seat #1 is the button
Seat 1: AlexEliseev7 ($107.20 in chips) 
Seat 2: ponchua ($117.48 in chips) 
Seat 3: shootingGRID ($100 in chips) 
Seat 4: big"mf"serg ($165.02 in chips) 
Seat 5: CEPTT ($108 in chips) 
Seat 6: reeqar ($100 in chips) 
ponchua: posts small blind $0.50
shootingGRID: posts big blind $1
*** HOLE CARDS ***
big"mf"serg: calls $1
CEPTT: folds 
reeqar: folds 
AlexEliseev7: folds 
ponchua: raises $3 to $4
shootingGRID: raises $8 to $12
big"mf"serg: folds 
ponchua: folds 
Uncalled bet ($8) returned to shootingGRID
shootingGRID collected $9 from pot
*** SUMMARY ***
Total pot $9 | Rake $0 
Seat 1: AlexEliseev7 (button) folded before Flop (didn't bet)
Seat 2: ponchua (small blind) folded before Flop
Seat 3: shootingGRID (big blind) collected ($9)
Seat 4: big"mf"serg folded before Flop
Seat 5: CEPTT folded before Flop (didn't bet)
Seat 6: reeqar folded before Flop (didn't bet)



PokerStars Hand #254541627928:  Hold'em No Limit ($0.50/$1.00 USD) - 2025/01/25 5:22:49 WET [2025/01/25 0:22:49 ET]
Table 'Ortutay III' 6-max Seat #2 is the button
Seat 1: AlexEliseev7 ($107.20 in chips) 
Seat 2: ponchua ($113.48 in chips) 
Seat 3: shootingGRID ($105 in chips) 
Seat 4: big"mf"serg ($164.02 in chips) 
Seat 5: CEPTT ($108 in chips) 
Seat 6: reeqar ($100 in chips) 
shootingGRID: posts small blind $0.50
big"mf"serg: posts big blind $1
*** HOLE CARDS ***
CEPTT: folds 
reeqar: raises $1.50 to $2.50
AlexEliseev7: folds 
ponchua: folds 
shootingGRID: folds 
big"mf"serg: calls $1.50
*** FLOP *** [Ac 3s 2h]
big"mf"serg: bets $2.61
reeqar: folds 
Uncalled bet ($2.61) returned to big"mf"serg
big"mf"serg collected $5.22 from pot
*** SUMMARY ***
Total pot $5.50 | Rake $0.28 
Board [Ac 3s 2h]
Seat 1: AlexEliseev7 folded before Flop (didn't bet)
Seat 2: ponchua (button) folded before Flop (didn't bet)
Seat 3: shootingGRID (small blind) folded before Flop
Seat 4: big"mf"serg (big blind) collected ($5.22)
Seat 5: CEPTT folded before Flop (didn't bet)
Seat 6: reeqar folded on the Flop



PokerStars Hand #254541632240:  Hold'em No Limit ($0.50/$1.00 USD) - 2025/01/25 5:23:32 WET [2025/01/25 0:23:32 ET]
Table 'Ortutay III' 6-max Seat #3 is the button
Seat 1: AlexEliseev7 ($107.20 in chips) 
Seat 2: ponchua ($113.48 in chips) 
Seat 3: shootingGRID ($104.50 in chips) 
Seat 4: big"mf"serg ($166.74 in chips) 
Seat 5: CEPTT ($108 in chips) 
Seat 6: reeqar ($100 in chips) 
big"mf"serg: posts small blind $0.50
CEPTT: posts big blind $1
*** HOLE CARDS ***
reeqar: folds 
AlexEliseev7: raises $1.50 to $2.50
ponchua: folds 
shootingGRID: folds 
big"mf"serg: calls $2
CEPTT: calls $1.50
*** FLOP *** [Jd Qc Ad]
big"mf"serg: checks 
CEPTT: checks 
AlexEliseev7: bets $2.35
big"mf"serg: folds 
CEPTT: calls $2.35
*** TURN *** [Jd Qc Ad] [As]
CEPTT: checks 
AlexEliseev7: bets $3.82
CEPTT: folds 
Uncalled bet ($3.82) returned to AlexEliseev7
AlexEliseev7 collected $11.59 from pot
AlexEliseev7: doesn't show hand 
*** SUMMARY ***
Total pot $12.20 | Rake $0.61 
Board [Jd Qc Ad As]
Seat 1: AlexEliseev7 collected ($11.59)
Seat 2: ponchua folded before Flop (didn't bet)
Seat 3: shootingGRID (button) folded before Flop (didn't bet)
Seat 4: big"mf"serg (small blind) folded on the Flop
Seat 5: CEPTT (big blind) folded on the Turn
Seat 6: reeqar folded before Flop (didn't bet)



PokerStars Hand #254541640141:  Hold'em No Limit ($0.50/$1.00 USD) - 2025/01/25 5:24:52 WET [2025/01/25 0:24:52 ET]
Table 'Ortutay III' 6-max Seat #4 is the button
Seat 1: AlexEliseev7 ($113.94 in chips) 
Seat 2: ponchua ($113.48 in chips) 
Seat 3: shootingGRID ($104.50 in chips) 
Seat 4: big"mf"serg ($164.24 in chips) 
Seat 5: CEPTT ($103.15 in chips) 
Seat 6: reeqar ($100 in chips) 
CEPTT: posts small blind $0.50
reeqar: posts big blind $1
*** HOLE CARDS ***
AlexEliseev7: folds 
AlexEliseev7 leaves the table
ponchua: raises $1.50 to $2.50
shootingGRID: folds 
big"mf"serg: calls $2.50
uuzka joins the table at seat #1 
CEPTT: folds 
reeqar: folds 
*** FLOP *** [Jc Ts 7c]
ponchua: checks 
big"mf"serg: bets $3.09
ponchua: calls $3.09
*** TURN *** [Jc Ts 7c] [Ad]
ponchua: checks 
big"mf"serg: checks 
*** RIVER *** [Jc Ts 7c Ad] [As]
ponchua: bets $11
big"mf"serg: folds 
Uncalled bet ($11) returned to ponchua
ponchua collected $12.05 from pot
ponchua: doesn't show hand 
*** SUMMARY ***
Total pot $12.68 | Rake $0.63 
Board [Jc Ts 7c Ad As]
Seat 1: AlexEliseev7 folded before Flop (didn't bet)
Seat 2: ponchua collected ($12.05)
Seat 3: shootingGRID folded before Flop (didn't bet)
Seat 4: big"mf"serg (button) folded on the River
Seat 5: CEPTT (small blind) folded before Flop
Seat 6: reeqar (big blind) folded before Flop



PokerStars Hand #254541644643:  Hold'em No Limit ($0.50/$1.00 USD) - 2025/01/25 5:25:37 WET [2025/01/25 0:25:37 ET]
Table 'Ortutay III' 6-max Seat #5 is the button
Seat 1: uuzka ($100 in chips) 
Seat 2: ponchua ($119.94 in chips) 
Seat 3: shootingGRID ($104.50 in chips) 
Seat 4: big"mf"serg ($158.65 in chips) 
Seat 5: CEPTT ($102.65 in chips) 
Seat 6: reeqar ($100 in chips) 
reeqar: posts small blind $0.50
uuzka: posts big blind $1
*** HOLE CARDS ***
ponchua: folds 
shootingGRID: folds 
big"mf"serg: calls $1
CEPTT: folds 
reeqar: folds 
uuzka: checks 
*** FLOP *** [Ah 5c 3h]
uuzka: checks 
big"mf"serg: bets $2.38
uuzka: folds 
Uncalled bet ($2.38) returned to big"mf"serg
big"mf"serg collected $2.38 from pot
big"mf"serg: doesn't show hand 
*** SUMMARY ***
Total pot $2.50 | Rake $0.12 
Board [Ah 5c 3h]
Seat 1: uuzka (big blind) folded on the Flop
Seat 2: ponchua folded before Flop (didn't bet)
Seat 3: shootingGRID folded before Flop (didn't bet)
Seat 4: big"mf"serg collected ($2.38)
Seat 5: CEPTT (button) folded before Flop (didn't bet)
Seat 6: reeqar (small blind) folded before Flop



PokerStars Hand #254541648681:  Hold'em No Limit ($0.50/$1.00 USD) - 2025/01/25 5:26:18 WET [2025/01/25 0:26:18 ET]
Table 'Ortutay III' 6-max Seat #6 is the button
Seat 1: uuzka ($100 in chips) 
Seat 2: ponchua ($119.94 in chips) 
Seat 3: shootingGRID ($104.50 in chips) 
Seat 4: big"mf"serg ($160.03 in chips) 
Seat 5: CEPTT ($102.65 in chips) 
Seat 6: reeqar ($100 in chips) 
uuzka: posts small blind $0.50
ponchua: posts big blind $1
*** HOLE CARDS ***
shootingGRID: folds 
big"mf"serg: calls $1
CEPTT: folds 
reeqar: raises $4 to $5
uuzka: folds 
ponchua: folds 
big"mf"serg: calls $4
*** FLOP *** [6c 6d 2d]
big"mf"serg: checks 
reeqar: bets $5.46
big"mf"serg: folds 
Uncalled bet ($5.46) returned to reeqar
reeqar collected $10.92 from pot
reeqar: doesn't show hand 
*** SUMMARY ***
Total pot $11.50 | Rake $0.58 
Board [6c 6d 2d]
Seat 1: uuzka (small blind) folded before Flop
Seat 2: ponchua (big blind) folded before Flop
Seat 3: shootingGRID folded before Flop (didn't bet)
Seat 4: big"mf"serg folded on the Flop
Seat 5: CEPTT folded before Flop (didn't bet)
Seat 6: reeqar (button) collected ($10.92)



PokerStars Hand #254541652208:  Hold'em No Limit ($0.50/$1.00 USD) - 2025/01/25 5:26:53 WET [2025/01/25 0:26:53 ET]
Table 'Ortutay III' 6-max Seat #1 is the button
Seat 1: uuzka ($100 in chips) 
Seat 2: ponchua ($118.94 in chips) 
Seat 3: shootingGRID ($104.50 in chips) 
Seat 4: big"mf"serg ($155.03 in chips) 
Seat 5: CEPTT ($102.65 in chips) 
Seat 6: reeqar ($105.92 in chips) 
ponchua: posts small blind $0.50
shootingGRID: posts big blind $1
*** HOLE CARDS ***
big"mf"serg: calls $1
CEPTT: folds 
reeqar: folds 
uuzka: folds 
ponchua: folds 
shootingGRID: checks 
*** FLOP *** [9s Qc Th]
shootingGRID: bets $1.57
big"mf"serg: folds 
Uncalled bet ($1.57) returned to shootingGRID
shootingGRID collected $2.38 from pot
*** SUMMARY ***
Total pot $2.50 | Rake $0.12 
Board [9s Qc Th]
Seat 1: uuzka (button) folded before Flop (didn't bet)
Seat 2: ponchua (small blind) folded before Flop
Seat 3: shootingGRID (big blind) collected ($2.38)
Seat 4: big"mf"serg folded on the Flop
Seat 5: CEPTT folded before Flop (didn't bet)
Seat 6: reeqar folded before Flop (didn't bet)



PokerStars Hand #254541655012:  Hold'em No Limit ($0.50/$1.00 USD) - 2025/01/25 5:27:22 WET [2025/01/25 0:27:22 ET]
Table 'Ortutay III' 6-max Seat #2 is the button
Seat 1: uuzka ($100 in chips) 
Seat 2: ponchua ($118.44 in chips) 
Seat 3: shootingGRID ($105.88 in chips) 
Seat 4: big"mf"serg ($154.03 in chips) 
Seat 5: CEPTT ($102.65 in chips) 
Seat 6: reeqar ($105.92 in chips) 
shootingGRID: posts small blind $0.50
big"mf"serg: posts big blind $1
*** HOLE CARDS ***
CEPTT: folds 
reeqar: raises $1.50 to $2.50
uuzka: folds 
ponchua: folds 
shootingGRID: folds 
big"mf"serg: calls $1.50
*** FLOP *** [9h Th 5s]
big"mf"serg: bets $5.22
reeqar: calls $5.22
*** TURN *** [9h Th 5s] [Qd]
big"mf"serg: bets $7.57
reeqar: calls $7.57
*** RIVER *** [9h Th 5s Qd] [Td]
big"mf"serg: checks 
reeqar: bets $22.15
big"mf"serg: folds 
Uncalled bet ($22.15) returned to reeqar
reeqar collected $29.53 from pot
reeqar: doesn't show hand 
*** SUMMARY ***
Total pot $31.08 | Rake $1.55 
Board [9h Th 5s Qd Td]
Seat 1: uuzka folded before Flop (didn't bet)
Seat 2: ponchua (button) folded before Flop (didn't bet)
Seat 3: shootingGRID (small blind) folded before Flop
Seat 4: big"mf"serg (big blind) folded on the River
Seat 5: CEPTT folded before Flop (didn't bet)
Seat 6: reeqar collected ($29.53)



PokerStars Hand #254541663863:  Hold'em No Limit ($0.50/$1.00 USD) - 2025/01/25 5:28:53 WET [2025/01/25 0:28:53 ET]
Table 'Ortutay III' 6-max Seat #3 is the button
Seat 1: uuzka ($100 in chips) 
Seat 2: ponchua ($118.44 in chips) 
Seat 3: shootingGRID ($105.38 in chips) 
Seat 4: big"mf"serg ($138.74 in chips) 
Seat 5: CEPTT ($102.65 in chips) 
Seat 6: reeqar ($120.16 in chips) 
big"mf"serg: posts small blind $0.50
CEPTT: posts big blind $1
*** HOLE CARDS ***
reeqar: folds 
uuzka: folds 
ponchua: folds 
shootingGRID: raises $1.50 to $2.50
big"mf"serg: folds 
CEPTT: folds 
Uncalled bet ($1.50) returned to shootingGRID
shootingGRID collected $2.50 from pot
*** SUMMARY ***
Total pot $2.50 | Rake $0 
Seat 1: uuzka folded before Flop (didn't bet)
Seat 2: ponchua folded before Flop (didn't bet)
Seat 3: shootingGRID (button) collected ($2.50)
Seat 4: big"mf"serg (small blind) folded before Flop
Seat 5: CEPTT (big blind) folded before Flop
Seat 6: reeqar folded before Flop (didn't bet)



PokerStars Hand #254541667171:  Hold'em No Limit ($0.50/$1.00 USD) - 2025/01/25 5:29:27 WET [2025/01/25 0:29:27 ET]
Table 'Ortutay III' 6-max Seat #4 is the button
Seat 1: uuzka ($100 in chips) 
Seat 2: ponchua ($118.44 in chips) 
Seat 3: shootingGRID ($106.88 in chips) 
Seat 4: big"mf"serg ($138.24 in chips) 
Seat 5: CEPTT ($101.65 in chips) 
Seat 6: reeqar ($120.16 in chips) 
CEPTT: posts small blind $0.50
reeqar: posts big blind $1
*** HOLE CARDS ***
uuzka: folds 
ponchua: raises $1.50 to $2.50
shootingGRID: folds 
big"mf"serg: calls $2.50
CEPTT: folds 
reeqar: folds 
*** FLOP *** [8h Ac Kh]
ponchua: bets $4.14
big"mf"serg: folds 
Uncalled bet ($4.14) returned to ponchua
ponchua collected $6.18 from pot
ponchua: doesn't show hand 
*** SUMMARY ***
Total pot $6.50 | Rake $0.32 
Board [8h Ac Kh]
Seat 1: uuzka folded before Flop (didn't bet)
Seat 2: ponchua collected ($6.18)
Seat 3: shootingGRID folded before Flop (didn't bet)
Seat 4: big"mf"serg (button) folded on the Flop
Seat 5: CEPTT (small blind) folded before Flop
Seat 6: reeqar (big blind) folded before Flop



PokerStars Hand #254541670791:  Hold'em No Limit ($0.50/$1.00 USD) - 2025/01/25 5:30:04 WET [2025/01/25 0:30:04 ET]
Table 'Ortutay III' 6-max Seat #5 is the button
Seat 1: uuzka ($100 in chips) 
Seat 2: ponchua ($122.12 in chips) 
Seat 3: shootingGRID ($106.88 in chips) 
Seat 4: big"mf"serg ($135.74 in chips) 
Seat 5: CEPTT ($101.15 in chips) 
Seat 6: reeqar ($119.16 in chips) 
reeqar: posts small blind $0.50
uuzka: posts big blind $1
*** HOLE CARDS ***
ponchua: folds 
shootingGRID: folds 
big"mf"serg: calls $1
CEPTT: folds 
reeqar: folds 
uuzka: checks 
*** FLOP *** [6s 4h 2c]
uuzka: checks 
big"mf"serg: bets $2.38
uuzka: calls $2.38
*** TURN *** [6s 4h 2c] [Kd]
uuzka: checks 
big"mf"serg: checks 
*** RIVER *** [6s 4h 2c Kd] [4c]
uuzka: bets $1.66
big"mf"serg: folds 
Uncalled bet ($1.66) returned to uuzka
uuzka collected $6.90 from pot
uuzka: doesn't show hand 
*** SUMMARY ***
Total pot $7.26 | Rake $0.36 
Board [6s 4h 2c Kd 4c]
Seat 1: uuzka (big blind) collected ($6.90)
Seat 2: ponchua folded before Flop (didn't bet)
Seat 3: shootingGRID folded before Flop (didn't bet)
Seat 4: big"mf"serg folded on the River
Seat 5: CEPTT (button) folded before Flop (didn't bet)
Seat 6: reeqar (small blind) folded before Flop



PokerStars Hand #254541675730:  Hold'em No Limit ($0.50/$1.00 USD) - 2025/01/25 5:30:55 WET [2025/01/25 0:30:55 ET]
Table 'Ortutay III' 6-max Seat #6 is the button
Seat 1: uuzka ($103.52 in chips) 
Seat 2: ponchua ($122.12 in chips) 
Seat 3: shootingGRID ($106.88 in chips) 
Seat 4: big"mf"serg ($132.36 in chips) 
Seat 5: CEPTT ($101.15 in chips) 
Seat 6: reeqar ($118.66 in chips) 
uuzka: posts small blind $0.50
ponchua: posts big blind $1
*** HOLE CARDS ***
shootingGRID: folds 
big"mf"serg: folds 
CEPTT: raises $1.25 to $2.25
reeqar: folds 
uuzka: raises $9.65 to $11.90
ponchua: folds 
CEPTT: folds 
Uncalled bet ($9.65) returned to uuzka
uuzka collected $5.50 from pot
uuzka: doesn't show hand 
*** SUMMARY ***
Total pot $5.50 | Rake $0 
Seat 1: uuzka (small blind) collected ($5.50)
Seat 2: ponchua (big blind) folded before Flop
Seat 3: shootingGRID folded before Flop (didn't bet)
Seat 4: big"mf"serg folded before Flop (didn't bet)
Seat 5: CEPTT folded before Flop
Seat 6: reeqar (button) folded before Flop (didn't bet)



PokerStars Hand #254541678345:  Hold'em No Limit ($0.50/$1.00 USD) - 2025/01/25 5:31:22 WET [2025/01/25 0:31:22 ET]
Table 'Ortutay III' 6-max Seat #1 is the button
Seat 1: uuzka ($106.77 in chips) 
Seat 2: ponchua ($121.12 in chips) 
Seat 3: shootingGRID ($106.88 in chips) 
Seat 4: big"mf"serg ($132.36 in chips) 
Seat 5: CEPTT ($100 in chips) 
Seat 6: reeqar ($118.66 in chips) 
ponchua: posts small blind $0.50
shootingGRID: posts big blind $1
*** HOLE CARDS ***
big"mf"serg: calls $1
CEPTT: raises $3 to $4
reeqar: folds 
uuzka: folds 
ponchua: calls $3.50
shootingGRID: raises $11 to $15
big"mf"serg: folds 
CEPTT: folds 
ponchua: folds 
Uncalled bet ($11) returned to shootingGRID
shootingGRID collected $13 from pot
*** SUMMARY ***
Total pot $13 | Rake $0 
Seat 1: uuzka (button) folded before Flop (didn't bet)
Seat 2: ponchua (small blind) folded before Flop
Seat 3: shootingGRID (big blind) collected ($13)
Seat 4: big"mf"serg folded before Flop
Seat 5: CEPTT folded before Flop
Seat 6: reeqar folded before Flop (didn't bet)



PokerStars Hand #254541685246:  Hold'em No Limit ($0.50/$1.00 USD) - 2025/01/25 5:32:32 WET [2025/01/25 0:32:32 ET]
Table 'Ortutay III' 6-max Seat #2 is the button
Seat 1: uuzka ($106.77 in chips) 
Seat 2: ponchua ($117.12 in chips) 
Seat 3: shootingGRID ($115.88 in chips) 
Seat 4: big"mf"serg ($131.36 in chips) 
Seat 5: CEPTT ($100 in chips) 
Seat 6: reeqar ($118.66 in chips) 
shootingGRID: posts small blind $0.50
big"mf"serg: posts big blind $1
*** HOLE CARDS ***
CEPTT: raises $1.25 to $2.25
reeqar: folds 
uuzka: folds 
ponchua: folds 
shootingGRID: folds 
big"mf"serg: calls $1.25
*** FLOP *** [9d Ks 9s]
big"mf"serg: checks 
CEPTT: checks 
*** TURN *** [9d Ks 9s] [7c]
big"mf"serg: bets $2.38
CEPTT: folds 
Uncalled bet ($2.38) returned to big"mf"serg
big"mf"serg collected $4.75 from pot
big"mf"serg: doesn't show hand 
*** SUMMARY ***
Total pot $5 | Rake $0.25 
Board [9d Ks 9s 7c]
Seat 1: uuzka folded before Flop (didn't bet)
Seat 2: ponchua (button) folded before Flop (didn't bet)
Seat 3: shootingGRID (small blind) folded before Flop
Seat 4: big"mf"serg (big blind) collected ($4.75)
Seat 5: CEPTT folded on the Turn
Seat 6: reeqar folded before Flop (didn't bet)



PokerStars Hand #254541688850:  Hold'em No Limit ($0.50/$1.00 USD) - 2025/01/25 5:33:11 WET [2025/01/25 0:33:11 ET]
Table 'Ortutay III' 6-max Seat #3 is the button
Seat 1: uuzka ($106.77 in chips) 
Seat 2: ponchua ($117.12 in chips) 
Seat 3: shootingGRID ($115.38 in chips) 
Seat 4: big"mf"serg ($133.86 in chips) 
Seat 5: CEPTT ($100 in chips) 
Seat 6: reeqar ($118.66 in chips) 
big"mf"serg: posts small blind $0.50
CEPTT: posts big blind $1
*** HOLE CARDS ***
reeqar: folds 
uuzka: raises $1.20 to $2.20
ponchua: folds 
shootingGRID: folds 
big"mf"serg: calls $1.70
CEPTT: calls $1.20
*** FLOP *** [6s Jh Qd]
big"mf"serg: bets $3.14
CEPTT: folds 
uuzka: calls $3.14
*** TURN *** [6s Jh Qd] [5s]
big"mf"serg: bets $6.12
uuzka: calls $6.12
*** RIVER *** [6s Jh Qd 5s] [6h]
big"mf"serg: bets $16.93
uuzka: calls $16.93
*** SHOW DOWN ***
big"mf"serg: shows [6c 2c] (three of a kind, Sixes)
uuzka: mucks hand 
big"mf"serg collected $56.48 from pot
*** SUMMARY ***
Total pot $58.98 | Rake $2.50 
Board [6s Jh Qd 5s 6h]
Seat 1: uuzka mucked
Seat 2: ponchua folded before Flop (didn't bet)
Seat 3: shootingGRID (button) folded before Flop (didn't bet)
Seat 4: big"mf"serg (small blind) showed [6c 2c] and won ($56.48) with three of a kind, Sixes
Seat 5: CEPTT (big blind) folded on the Flop
Seat 6: reeqar folded before Flop (didn't bet)



PokerStars Hand #254541696805:  Hold'em No Limit ($0.50/$1.00 USD) - 2025/01/25 5:34:32 WET [2025/01/25 0:34:32 ET]
Table 'Ortutay III' 6-max Seat #4 is the button
Seat 1: uuzka ($100 in chips) 
Seat 2: ponchua ($117.12 in chips) 
Seat 3: shootingGRID ($115.38 in chips) 
Seat 4: big"mf"serg ($161.95 in chips) 
Seat 5: CEPTT ($100 in chips) 
Seat 6: reeqar ($118.66 in chips) 
CEPTT: posts small blind $0.50
reeqar: posts big blind $1
*** HOLE CARDS ***
uuzka: folds 
ponchua: folds 
shootingGRID: folds 
big"mf"serg: folds 
CEPTT: folds 
Uncalled bet ($0.50) returned to reeqar
reeqar collected $1 from pot
reeqar: doesn't show hand 
*** SUMMARY ***
Total pot $1 | Rake $0 
Seat 1: uuzka folded before Flop (didn't bet)
Seat 2: ponchua folded before Flop (didn't bet)
Seat 3: shootingGRID folded before Flop (didn't bet)
Seat 4: big"mf"serg (button) folded before Flop (didn't bet)
Seat 5: CEPTT (small blind) folded before Flop
Seat 6: reeqar (big blind) collected ($1)



PokerStars Hand #254541698458:  Hold'em No Limit ($0.50/$1.00 USD) - 2025/01/25 5:34:50 WET [2025/01/25 0:34:50 ET]
Table 'Ortutay III' 6-max Seat #5 is the button
Seat 1: uuzka ($100 in chips) 
Seat 2: ponchua ($117.12 in chips) 
Seat 3: shootingGRID ($115.38 in chips) 
Seat 4: big"mf"serg ($161.95 in chips) 
Seat 5: CEPTT ($100 in chips) 
Seat 6: reeqar ($119.16 in chips) 
reeqar: posts small blind $0.50
uuzka: posts big blind $1
*** HOLE CARDS ***
ponchua: raises $1.50 to $2.50
shootingGRID: folds 
big"mf"serg: folds 
CEPTT: folds 
reeqar: folds 
uuzka: calls $1.50
*** FLOP *** [9c Kh Jc]
uuzka: checks 
ponchua: bets $1.62
uuzka: folds 
Uncalled bet ($1.62) returned to ponchua
ponchua collected $5.22 from pot
ponchua: doesn't show hand 
*** SUMMARY ***
Total pot $5.50 | Rake $0.28 
Board [9c Kh Jc]
Seat 1: uuzka (big blind) folded on the Flop
Seat 2: ponchua collected ($5.22)
Seat 3: shootingGRID folded before Flop (didn't bet)
Seat 4: big"mf"serg folded before Flop (didn't bet)
Seat 5: CEPTT (button) folded before Flop (didn't bet)
Seat 6: reeqar (small blind) folded before Flop



PokerStars Hand #254541456942:  Hold'em No Limit ($0.50/$1.00 USD) - 2025/01/25 4:53:52 WET [2025/01/24 23:53:52 ET]
Table 'Ortutay III' 6-max Seat #3 is the button
Seat 6: reeqar ($100 in chips) is sitting out
Seat 1: AlexEliseev7 ($105.72 in chips) 
Seat 2: ponchua ($105.07 in chips) 
Seat 3: Manifestorr ($100 in chips) 
Seat 4: big"mf"serg ($94.89 in chips) 
Seat 5: CEPTT ($100 in chips) 
big"mf"serg: posts small blind $0.50
CEPTT: posts big blind $1
reeqar: sits out 
*** HOLE CARDS ***
AlexEliseev7: folds 
ponchua: raises $1.50 to $2.50
Manifestorr: folds 
big"mf"serg: calls $2
CEPTT: calls $1.50
*** FLOP *** [9c 4d Jh]
big"mf"serg: checks 
CEPTT: checks 
ponchua: checks 
*** TURN *** [9c 4d Jh] [9h]
big"mf"serg: bets $3.56
CEPTT: calls $3.56
ponchua: folds 
*** RIVER *** [9c 4d Jh 9h] [5c]
big"mf"serg: checks 
CEPTT: checks 
*** SHOW DOWN ***
big"mf"serg: shows [Qd 7s] (a pair of Nines)
CEPTT: shows [6c 6d] (two pair, Nines and Sixes)
CEPTT collected $13.89 from pot
*** SUMMARY ***
Total pot $14.62 | Rake $0.73 
Board [9c 4d Jh 9h 5c]
Seat 6: reeqar
Seat 1: AlexEliseev7 folded before Flop (didn't bet)
Seat 2: ponchua folded on the Turn
Seat 3: Manifestorr (button) folded before Flop (didn't bet)
Seat 4: big"mf"serg (small blind) showed [Qd 7s] and lost with a pair of Nines
Seat 5: CEPTT (big blind) showed [6c 6d] and won ($13.89) with two pair, Nines and Sixes



PokerStars Hand #254541464137:  Hold'em No Limit ($0.50/$1.00 USD) - 2025/01/25 4:54:59 WET [2025/01/24 23:54:59 ET]
Table 'Ortutay III' 6-max Seat #4 is the button
Seat 1: AlexEliseev7 ($105.72 in chips) 
Seat 2: ponchua ($102.57 in chips) 
Seat 3: Manifestorr ($100 in chips) 
Seat 4: big"mf"serg ($93.94 in chips) 
Seat 5: CEPTT ($107.83 in chips) 
Seat 6: reeqar ($100 in chips) 
CEPTT: posts small blind $0.50
reeqar: posts big blind $1
*** HOLE CARDS ***
AlexEliseev7: folds 
ponchua: raises $1.50 to $2.50
Manifestorr: folds 
big"mf"serg: calls $2.50
CEPTT: calls $2
reeqar: folds 
*** FLOP *** [Js Td Qs]
CEPTT: checks 
ponchua: checks 
big"mf"serg: checks 
*** TURN *** [Js Td Qs] [9c]
CEPTT: bets $5.39
ponchua: folds 
big"mf"serg: folds 
Uncalled bet ($5.39) returned to CEPTT
CEPTT collected $8.08 from pot
CEPTT: doesn't show hand 
*** SUMMARY ***
Total pot $8.50 | Rake $0.42 
Board [Js Td Qs 9c]
Seat 1: AlexEliseev7 folded before Flop (didn't bet)
Seat 2: ponchua folded on the Turn
Seat 3: Manifestorr folded before Flop (didn't bet)
Seat 4: big"mf"serg (button) folded on the Turn
Seat 5: CEPTT (small blind) collected ($8.08)
Seat 6: reeqar (big blind) folded before Flop



PokerStars Hand #254541469222:  Hold'em No Limit ($0.50/$1.00 USD) - 2025/01/25 4:55:55 WET [2025/01/24 23:55:55 ET]
Table 'Ortutay III' 6-max Seat #5 is the button
Seat 1: AlexEliseev7 ($105.72 in chips) 
Seat 2: ponchua ($100.07 in chips) 
Seat 3: Manifestorr ($100 in chips) 
Seat 4: big"mf"serg ($97.50 in chips) 
Seat 5: CEPTT ($113.41 in chips) 
Seat 6: reeqar ($100 in chips) 
reeqar: posts small blind $0.50
AlexEliseev7: posts big blind $1
*** HOLE CARDS ***
ponchua: folds 
Manifestorr: folds 
big"mf"serg: calls $1
CEPTT: raises $4 to $5
reeqar: folds 
AlexEliseev7: folds 
big"mf"serg: calls $4
*** FLOP *** [Js 7c 7s]
big"mf"serg: checks 
CEPTT: bets $5.46
big"mf"serg: folds 
Uncalled bet ($5.46) returned to CEPTT
CEPTT collected $10.92 from pot
CEPTT: doesn't show hand 
*** SUMMARY ***
Total pot $11.50 | Rake $0.58 
Board [Js 7c 7s]
Seat 1: AlexEliseev7 (big blind) folded before Flop
Seat 2: ponchua folded before Flop (didn't bet)
Seat 3: Manifestorr folded before Flop (didn't bet)
Seat 4: big"mf"serg folded on the Flop
Seat 5: CEPTT (button) collected ($10.92)
Seat 6: reeqar (small blind) folded before Flop



PokerStars Hand #254541473656:  Hold'em No Limit ($0.50/$1.00 USD) - 2025/01/25 4:56:46 WET [2025/01/24 23:56:46 ET]
Table 'Ortutay III' 6-max Seat #6 is the button
Seat 1: AlexEliseev7 ($104.72 in chips) 
Seat 2: ponchua ($100.07 in chips) 
Seat 3: Manifestorr ($100 in chips) 
Seat 4: big"mf"serg ($95 in chips) 
Seat 5: CEPTT ($119.33 in chips) 
Seat 6: reeqar ($100 in chips) 
AlexEliseev7: posts small blind $0.50
ponchua: posts big blind $1
*** HOLE CARDS ***
Manifestorr: raises $1.20 to $2.20
big"mf"serg: folds 
CEPTT: folds 
reeqar: folds 
AlexEliseev7: folds 
ponchua: folds 
Uncalled bet ($1.20) returned to Manifestorr
Manifestorr collected $2.50 from pot
*** SUMMARY ***
Total pot $2.50 | Rake $0 
Seat 1: AlexEliseev7 (small blind) folded before Flop
Seat 2: ponchua (big blind) folded before Flop
Seat 3: Manifestorr collected ($2.50)
Seat 4: big"mf"serg folded before Flop (didn't bet)
Seat 5: CEPTT folded before Flop (didn't bet)
Seat 6: reeqar (button) folded before Flop (didn't bet)



PokerStars Hand #254541475749:  Hold'em No Limit ($0.50/$1.00 USD) - 2025/01/25 4:57:10 WET [2025/01/24 23:57:10 ET]
Table 'Ortutay III' 6-max Seat #1 is the button
Seat 1: AlexEliseev7 ($104.22 in chips) 
Seat 2: ponchua ($100 in chips) 
Seat 3: Manifestorr ($101.50 in chips) 
Seat 4: big"mf"serg ($99.69 in chips) 
Seat 5: CEPTT ($119.33 in chips) 
Seat 6: reeqar ($100 in chips) 
ponchua: posts small blind $0.50
Manifestorr: posts big blind $1
*** HOLE CARDS ***
big"mf"serg: calls $1
CEPTT: calls $1
reeqar: folds 
AlexEliseev7: folds 
ponchua: raises $5 to $6
Manifestorr: folds 
big"mf"serg: folds 
CEPTT: folds 
Uncalled bet ($5) returned to ponchua
ponchua collected $4 from pot
ponchua: doesn't show hand 
*** SUMMARY ***
Total pot $4 | Rake $0 
Seat 1: AlexEliseev7 (button) folded before Flop (didn't bet)
Seat 2: ponchua (small blind) collected ($4)
Seat 3: Manifestorr (big blind) folded before Flop
Seat 4: big"mf"serg folded before Flop
Seat 5: CEPTT folded before Flop
Seat 6: reeqar folded before Flop (didn't bet)



PokerStars Hand #254541479594:  Hold'em No Limit ($0.50/$1.00 USD) - 2025/01/25 4:57:55 WET [2025/01/24 23:57:55 ET]
Table 'Ortutay III' 6-max Seat #2 is the button
Seat 1: AlexEliseev7 ($104.22 in chips) 
Seat 2: ponchua ($103 in chips) 
Seat 3: Manifestorr ($100.50 in chips) 
Seat 4: big"mf"serg ($98.69 in chips) 
Seat 5: CEPTT ($118.33 in chips) 
Seat 6: reeqar ($100 in chips) 
Manifestorr: posts small blind $0.50
big"mf"serg: posts big blind $1
*** HOLE CARDS ***
CEPTT: raises $1.25 to $2.25
reeqar: folds 
AlexEliseev7: folds 
ponchua: folds 
Manifestorr: folds 
big"mf"serg: calls $1.25
*** FLOP *** [Qs Jh 2d]
big"mf"serg: checks 
CEPTT: bets $3.56
big"mf"serg: folds 
Uncalled bet ($3.56) returned to CEPTT
CEPTT collected $4.75 from pot
CEPTT: doesn't show hand 
*** SUMMARY ***
Total pot $5 | Rake $0.25 
Board [Qs Jh 2d]
Seat 1: AlexEliseev7 folded before Flop (didn't bet)
Seat 2: ponchua (button) folded before Flop (didn't bet)
Seat 3: Manifestorr (small blind) folded before Flop
Seat 4: big"mf"serg (big blind) folded on the Flop
Seat 5: CEPTT collected ($4.75)
Seat 6: reeqar folded before Flop (didn't bet)



PokerStars Hand #254541483957:  Hold'em No Limit ($0.50/$1.00 USD) - 2025/01/25 4:58:45 WET [2025/01/24 23:58:45 ET]
Table 'Ortutay III' 6-max Seat #3 is the button
Seat 1: AlexEliseev7 ($104.22 in chips) 
Seat 2: ponchua ($103 in chips) 
Seat 3: Manifestorr ($100 in chips) 
Seat 4: big"mf"serg ($96.44 in chips) 
Seat 5: CEPTT ($120.83 in chips) 
Seat 6: reeqar ($100 in chips) 
big"mf"serg: posts small blind $0.50
CEPTT: posts big blind $1
*** HOLE CARDS ***
reeqar: folds 
AlexEliseev7: folds 
ponchua: raises $1.50 to $2.50
Manifestorr: folds 
big"mf"serg: calls $2
CEPTT: folds 
*** FLOP *** [Td 9c Qh]
big"mf"serg: bets $2.85
ponchua: calls $2.85
*** TURN *** [Td 9c Qh] [Tc]
big"mf"serg: checks 
ponchua: bets $8.12
big"mf"serg: folds 
Uncalled bet ($8.12) returned to ponchua
ponchua collected $11.12 from pot
ponchua: doesn't show hand 
*** SUMMARY ***
Total pot $11.70 | Rake $0.58 
Board [Td 9c Qh Tc]
Seat 1: AlexEliseev7 folded before Flop (didn't bet)
Seat 2: ponchua collected ($11.12)
Seat 3: Manifestorr (button) folded before Flop (didn't bet)
Seat 4: big"mf"serg (small blind) folded on the Turn
Seat 5: CEPTT (big blind) folded before Flop
Seat 6: reeqar folded before Flop (didn't bet)



PokerStars Hand #254541489970:  Hold'em No Limit ($0.50/$1.00 USD) - 2025/01/25 4:59:55 WET [2025/01/24 23:59:55 ET]
Table 'Ortutay III' 6-max Seat #4 is the button
Seat 1: AlexEliseev7 ($104.22 in chips) 
Seat 2: ponchua ($108.77 in chips) 
Seat 3: Manifestorr ($100 in chips) 
Seat 4: big"mf"serg ($91.09 in chips) 
Seat 5: CEPTT ($119.83 in chips) 
Seat 6: reeqar ($100 in chips) 
CEPTT: posts small blind $0.50
reeqar: posts big blind $1
*** HOLE CARDS ***
AlexEliseev7: raises $1.50 to $2.50
ponchua: folds 
Manifestorr: folds 
big"mf"serg: calls $2.50
CEPTT: raises $11.50 to $14
reeqar: folds 
AlexEliseev7: folds 
big"mf"serg: folds 
Uncalled bet ($11.50) returned to CEPTT
CEPTT collected $8.50 from pot
CEPTT: doesn't show hand 
*** SUMMARY ***
Total pot $8.50 | Rake $0 
Seat 1: AlexEliseev7 folded before Flop
Seat 2: ponchua folded before Flop (didn't bet)
Seat 3: Manifestorr folded before Flop (didn't bet)
Seat 4: big"mf"serg (button) folded before Flop
Seat 5: CEPTT (small blind) collected ($8.50)
Seat 6: reeqar (big blind) folded before Flop



PokerStars Hand #254541491884:  Hold'em No Limit ($0.50/$1.00 USD) - 2025/01/25 5:00:17 WET [2025/01/25 0:00:17 ET]
Table 'Ortutay III' 6-max Seat #5 is the button
Seat 1: AlexEliseev7 ($101.72 in chips) 
Seat 2: ponchua ($108.77 in chips) 
Seat 3: Manifestorr ($100 in chips) 
Seat 4: big"mf"serg ($88.59 in chips) 
Seat 5: CEPTT ($125.83 in chips) 
Seat 6: reeqar ($100 in chips) 
reeqar: posts small blind $0.50
AlexEliseev7: posts big blind $1
*** HOLE CARDS ***
ponchua: folds 
Manifestorr: folds 
big"mf"serg: calls $1
CEPTT: folds 
reeqar: folds 
AlexEliseev7: raises $4 to $5
big"mf"serg: calls $4
*** FLOP *** [3s 4d 5s]
AlexEliseev7: checks 
big"mf"serg: bets $9.98
AlexEliseev7: raises $86.74 to $96.72 and is all-in
big"mf"serg: folds 
Uncalled bet ($86.74) returned to AlexEliseev7
AlexEliseev7 collected $28.94 from pot
AlexEliseev7: doesn't show hand 
*** SUMMARY ***
Total pot $30.46 | Rake $1.52 
Board [3s 4d 5s]
Seat 1: AlexEliseev7 (big blind) collected ($28.94)
Seat 2: ponchua folded before Flop (didn't bet)
Seat 3: Manifestorr folded before Flop (didn't bet)
Seat 4: big"mf"serg folded on the Flop
Seat 5: CEPTT (button) folded before Flop (didn't bet)
Seat 6: reeqar (small blind) folded before Flop



PokerStars Hand #254541498254:  Hold'em No Limit ($0.50/$1.00 USD) - 2025/01/25 5:01:22 WET [2025/01/25 0:01:22 ET]
Table 'Ortutay III' 6-max Seat #6 is the button
Seat 1: AlexEliseev7 ($115.68 in chips) 
Seat 2: ponchua ($108.77 in chips) 
Seat 3: Manifestorr ($100 in chips) 
Seat 4: big"mf"serg ($73.61 in chips) 
Seat 5: CEPTT ($125.83 in chips) 
Seat 6: reeqar ($100 in chips) 
AlexEliseev7: posts small blind $0.50
ponchua: posts big blind $1
*** HOLE CARDS ***
Manifestorr: folds 
big"mf"serg: folds 
CEPTT: raises $1.25 to $2.25
reeqar: raises $5.75 to $8
AlexEliseev7: folds 
ponchua: folds 
CEPTT: folds 
Uncalled bet ($5.75) returned to reeqar
reeqar collected $6 from pot
reeqar: doesn't show hand 
*** SUMMARY ***
Total pot $6 | Rake $0 
Seat 1: AlexEliseev7 (small blind) folded before Flop
Seat 2: ponchua (big blind) folded before Flop
Seat 3: Manifestorr folded before Flop (didn't bet)
Seat 4: big"mf"serg folded before Flop (didn't bet)
Seat 5: CEPTT folded before Flop
Seat 6: reeqar (button) collected ($6)



PokerStars Hand #254541500883:  Hold'em No Limit ($0.50/$1.00 USD) - 2025/01/25 5:01:48 WET [2025/01/25 0:01:48 ET]
Table 'Ortutay III' 6-max Seat #1 is the button
Seat 1: AlexEliseev7 ($115.18 in chips) 
Seat 2: ponchua ($107.77 in chips) 
Seat 3: Manifestorr ($100 in chips) 
Seat 4: big"mf"serg ($73.61 in chips) 
Seat 5: CEPTT ($123.58 in chips) 
Seat 6: reeqar ($103.75 in chips) 
ponchua: posts small blind $0.50
Manifestorr: posts big blind $1
*** HOLE CARDS ***
big"mf"serg: calls $1
CEPTT: folds 
reeqar: folds 
AlexEliseev7: folds 
ponchua: raises $5 to $6
Manifestorr: folds 
big"mf"serg: calls $5
*** FLOP *** [6s 2c Jh]
ponchua: bets $3.83
big"mf"serg: calls $3.83
*** TURN *** [6s 2c Jh] [8s]
ponchua: bets $13.15
big"mf"serg: calls $13.15
*** RIVER *** [6s 2c Jh 8s] [3s]
ponchua: checks 
big"mf"serg: bets $27.31
ponchua: folds 
Uncalled bet ($27.31) returned to big"mf"serg
big"mf"serg collected $44.61 from pot
*** SUMMARY ***
Total pot $46.96 | Rake $2.35 
Board [6s 2c Jh 8s 3s]
Seat 1: AlexEliseev7 (button) folded before Flop (didn't bet)
Seat 2: ponchua (small blind) folded on the River
Seat 3: Manifestorr (big blind) folded before Flop
Seat 4: big"mf"serg collected ($44.61)
Seat 5: CEPTT folded before Flop (didn't bet)
Seat 6: reeqar folded before Flop (didn't bet)



PokerStars Hand #254541509470:  Hold'em No Limit ($0.50/$1.00 USD) - 2025/01/25 5:03:13 WET [2025/01/25 0:03:13 ET]
Table 'Ortutay III' 6-max Seat #2 is the button
Seat 1: AlexEliseev7 ($115.18 in chips) 
Seat 2: ponchua ($100 in chips) 
Seat 3: Manifestorr ($100 in chips) 
Seat 4: big"mf"serg ($95.24 in chips) 
Seat 5: CEPTT ($123.58 in chips) 
Seat 6: reeqar ($103.75 in chips) 
Manifestorr: posts small blind $0.50
big"mf"serg: posts big blind $1
*** HOLE CARDS ***
CEPTT: raises $1.25 to $2.25
reeqar: folds 
AlexEliseev7: folds 
ponchua: folds 
Manifestorr: folds 
big"mf"serg: calls $1.25
*** FLOP *** [2d Js 7s]
big"mf"serg: bets $2.38
CEPTT: raises $7.13 to $9.51
big"mf"serg: calls $7.13
*** TURN *** [2d Js 7s] [Ks]
big"mf"serg: bets $11.41
CEPTT: folds 
Uncalled bet ($11.41) returned to big"mf"serg
big"mf"serg collected $22.82 from pot
*** SUMMARY ***
Total pot $24.02 | Rake $1.20 
Board [2d Js 7s Ks]
Seat 1: AlexEliseev7 folded before Flop (didn't bet)
Seat 2: ponchua (button) folded before Flop (didn't bet)
Seat 3: Manifestorr (small blind) folded before Flop
Seat 4: big"mf"serg (big blind) collected ($22.82)
Seat 5: CEPTT folded on the Turn
Seat 6: reeqar folded before Flop (didn't bet)



PokerStars Hand #254541513508:  Hold'em No Limit ($0.50/$1.00 USD) - 2025/01/25 5:03:53 WET [2025/01/25 0:03:53 ET]
Table 'Ortutay III' 6-max Seat #3 is the button
Seat 1: AlexEliseev7 ($115.18 in chips) 
Seat 2: ponchua ($100 in chips) 
Seat 3: Manifestorr ($100 in chips) 
Seat 4: big"mf"serg ($106.30 in chips) 
Seat 5: CEPTT ($111.82 in chips) 
Seat 6: reeqar ($103.75 in chips) 
big"mf"serg: posts small blind $0.50
CEPTT: posts big blind $1
*** HOLE CARDS ***
reeqar: folds 
AlexEliseev7: folds 
ponchua: folds 
Manifestorr: raises $1.20 to $2.20
big"mf"serg: calls $1.70
CEPTT: calls $1.20
*** FLOP *** [Ks Qh Qc]
big"mf"serg: checks 
CEPTT: checks 
Manifestorr: checks 
*** TURN *** [Ks Qh Qc] [Ah]
big"mf"serg: bets $3.14
CEPTT: calls $3.14
Manifestorr: folds 
*** RIVER *** [Ks Qh Qc Ah] [8c]
big"mf"serg: checks 
CEPTT: bets $3.67
big"mf"serg: folds 
Uncalled bet ($3.67) returned to CEPTT
CEPTT collected $12.24 from pot
CEPTT: doesn't show hand 
*** SUMMARY ***
Total pot $12.88 | Rake $0.64 
Board [Ks Qh Qc Ah 8c]
Seat 1: AlexEliseev7 folded before Flop (didn't bet)
Seat 2: ponchua folded before Flop (didn't bet)
Seat 3: Manifestorr (button) folded on the Turn
Seat 4: big"mf"serg (small blind) folded on the River
Seat 5: CEPTT (big blind) collected ($12.24)
Seat 6: reeqar folded before Flop (didn't bet)



PokerStars Hand #254541521408:  Hold'em No Limit ($0.50/$1.00 USD) - 2025/01/25 5:05:09 WET [2025/01/25 0:05:09 ET]
Table 'Ortutay III' 6-max Seat #4 is the button
Seat 1: AlexEliseev7 ($115.18 in chips) 
Seat 2: ponchua ($100 in chips) 
Seat 3: Manifestorr ($100 in chips) 
Seat 4: big"mf"serg ($100.96 in chips) 
Seat 5: CEPTT ($118.72 in chips) 
Seat 6: reeqar ($103.75 in chips) 
CEPTT: posts small blind $0.50
reeqar: posts big blind $1
*** HOLE CARDS ***
AlexEliseev7: folds 
ponchua: folds 
Manifestorr: raises $1.20 to $2.20
big"mf"serg: calls $2.20
CEPTT: folds 
reeqar: folds 
*** FLOP *** [3s Qh 8s]
Manifestorr: checks 
big"mf"serg: bets $5.60
Manifestorr: folds 
Uncalled bet ($5.60) returned to big"mf"serg
big"mf"serg collected $5.60 from pot
*** SUMMARY ***
Total pot $5.90 | Rake $0.30 
Board [3s Qh 8s]
Seat 1: AlexEliseev7 folded before Flop (didn't bet)
Seat 2: ponchua folded before Flop (didn't bet)
Seat 3: Manifestorr folded on the Flop
Seat 4: big"mf"serg (button) collected ($5.60)
Seat 5: CEPTT (small blind) folded before Flop
Seat 6: reeqar (big blind) folded before Flop



PokerStars Hand #254541526117:  Hold'em No Limit ($0.50/$1.00 USD) - 2025/01/25 5:05:56 WET [2025/01/25 0:05:56 ET]
Table 'Ortutay III' 6-max Seat #5 is the button
Seat 1: AlexEliseev7 ($115.18 in chips) 
Seat 2: ponchua ($100 in chips) 
Seat 3: Manifestorr ($100 in chips) 
Seat 4: big"mf"serg ($104.36 in chips) 
Seat 5: CEPTT ($118.22 in chips) 
Seat 6: reeqar ($102.75 in chips) 
reeqar: posts small blind $0.50
AlexEliseev7: posts big blind $1
*** HOLE CARDS ***
ponchua: folds 
Manifestorr: raises $1.20 to $2.20
big"mf"serg: calls $2.20
CEPTT: raises $9.80 to $12
reeqar: folds 
AlexEliseev7: folds 
Manifestorr: folds 
big"mf"serg: calls $9.80
*** FLOP *** [Jc 5h 5s]
big"mf"serg: bets $13.16
CEPTT: raises $15.79 to $28.95
big"mf"serg: calls $15.79
*** TURN *** [Jc 5h 5s] [Jd]
big"mf"serg: bets $63.41 and is all-in
CEPTT: folds 
Uncalled bet ($63.41) returned to big"mf"serg
big"mf"serg collected $83.10 from pot
*** SUMMARY ***
Total pot $85.60 | Rake $2.50 
Board [Jc 5h 5s Jd]
Seat 1: AlexEliseev7 (big blind) folded before Flop
Seat 2: ponchua folded before Flop (didn't bet)
Seat 3: Manifestorr folded before Flop
Seat 4: big"mf"serg collected ($83.10)
Seat 5: CEPTT (button) folded on the Turn
Seat 6: reeqar (small blind) folded before Flop



PokerStars Hand #254541532698:  Hold'em No Limit ($0.50/$1.00 USD) - 2025/01/25 5:07:01 WET [2025/01/25 0:07:01 ET]
Table 'Ortutay III' 6-max Seat #6 is the button
Seat 1: AlexEliseev7 ($114.18 in chips) 
Seat 2: ponchua ($100 in chips) 
Seat 3: Manifestorr ($100 in chips) 
Seat 4: big"mf"serg ($146.51 in chips) 
Seat 5: CEPTT ($100 in chips) 
Seat 6: reeqar ($102.25 in chips) 
AlexEliseev7: posts small blind $0.50
ponchua: posts big blind $1
*** HOLE CARDS ***
Manifestorr: folds 
big"mf"serg: folds 
CEPTT: folds 
reeqar: raises $1.50 to $2.50
AlexEliseev7: folds 
ponchua: calls $1.50
*** FLOP *** [Qh 9s 9c]
ponchua: checks 
reeqar: bets $1.30
ponchua: raises $2.70 to $4
reeqar: calls $2.70
*** TURN *** [Qh 9s 9c] [8c]
ponchua: bets $9.36
reeqar: calls $9.36
*** RIVER *** [Qh 9s 9c 8c] [7h]
ponchua: bets $22.96
reeqar: folds 
Uncalled bet ($22.96) returned to ponchua
ponchua collected $30.61 from pot
ponchua: doesn't show hand 
*** SUMMARY ***
Total pot $32.22 | Rake $1.61 
Board [Qh 9s 9c 8c 7h]
Seat 1: AlexEliseev7 (small blind) folded before Flop
Seat 2: ponchua (big blind) collected ($30.61)
Seat 3: Manifestorr folded before Flop (didn't bet)
Seat 4: big"mf"serg folded before Flop (didn't bet)
Seat 5: CEPTT folded before Flop (didn't bet)
Seat 6: reeqar (button) folded on the River



PokerStars Hand #254541543405:  Hold'em No Limit ($0.50/$1.00 USD) - 2025/01/25 5:08:49 WET [2025/01/25 0:08:49 ET]
Table 'Ortutay III' 6-max Seat #1 is the button
Seat 1: AlexEliseev7 ($113.68 in chips) 
Seat 2: ponchua ($114.75 in chips) 
Seat 3: Manifestorr ($100 in chips) 
Seat 4: big"mf"serg ($146.51 in chips) 
Seat 5: CEPTT ($100 in chips) 
Seat 6: reeqar ($100 in chips) 
ponchua: posts small blind $0.50
Manifestorr: posts big blind $1
*** HOLE CARDS ***
big"mf"serg: calls $1
CEPTT: folds 
reeqar: folds 
AlexEliseev7: folds 
ponchua: folds 
Manifestorr: checks 
*** FLOP *** [5s 6h 7c]
Manifestorr: checks 
big"mf"serg: bets $2.38
Manifestorr: folds 
Uncalled bet ($2.38) returned to big"mf"serg
big"mf"serg collected $2.38 from pot
*** SUMMARY ***
Total pot $2.50 | Rake $0.12 
Board [5s 6h 7c]
Seat 1: AlexEliseev7 (button) folded before Flop (didn't bet)
Seat 2: ponchua (small blind) folded before Flop
Seat 3: Manifestorr (big blind) folded on the Flop
Seat 4: big"mf"serg collected ($2.38)
Seat 5: CEPTT folded before Flop (didn't bet)
Seat 6: reeqar folded before Flop (didn't bet)



PokerStars Hand #254541548256:  Hold'em No Limit ($0.50/$1.00 USD) - 2025/01/25 5:09:37 WET [2025/01/25 0:09:37 ET]
Table 'Ortutay III' 6-max Seat #2 is the button
Seat 1: AlexEliseev7 ($113.68 in chips) 
Seat 2: ponchua ($114.25 in chips) 
Seat 3: Manifestorr ($100 in chips) 
Seat 4: big"mf"serg ($147.89 in chips) 
Seat 5: CEPTT ($100 in chips) 
Seat 6: reeqar ($100 in chips) 
Manifestorr: posts small blind $0.50
big"mf"serg: posts big blind $1
*** HOLE CARDS ***
CEPTT: folds 
reeqar: folds 
AlexEliseev7: folds 
ponchua: folds 
Manifestorr: raises $2 to $3
big"mf"serg: calls $2
*** FLOP *** [2d 3c Kc]
Manifestorr: checks 
big"mf"serg: bets $3.85
Manifestorr: calls $3.85
*** TURN *** [2d 3c Kc] [7c]
Manifestorr: checks 
big"mf"serg: bets $6.51
Manifestorr: folds 
Uncalled bet ($6.51) returned to big"mf"serg
big"mf"serg collected $13.02 from pot
big"mf"serg: doesn't show hand 
*** SUMMARY ***
Total pot $13.70 | Rake $0.68 
Board [2d 3c Kc 7c]
Seat 1: AlexEliseev7 folded before Flop (didn't bet)
Seat 2: ponchua (button) folded before Flop (didn't bet)
Seat 3: Manifestorr (small blind) folded on the Turn
Seat 4: big"mf"serg (big blind) collected ($13.02)
Seat 5: CEPTT folded before Flop (didn't bet)
Seat 6: reeqar folded before Flop (didn't bet)



PokerStars Hand #254541554103:  Hold'em No Limit ($0.50/$1.00 USD) - 2025/01/25 5:10:35 WET [2025/01/25 0:10:35 ET]
Table 'Ortutay III' 6-max Seat #3 is the button
Seat 1: AlexEliseev7 ($113.68 in chips) 
Seat 2: ponchua ($114.25 in chips) 
Seat 3: Manifestorr ($100 in chips) 
Seat 4: big"mf"serg ($154.06 in chips) 
Seat 5: CEPTT ($100 in chips) 
Seat 6: reeqar ($100 in chips) 
big"mf"serg: posts small blind $0.50
CEPTT: posts big blind $1
*** HOLE CARDS ***
reeqar: folds 
AlexEliseev7: folds 
ponchua: folds 
Manifestorr: folds 
big"mf"serg: calls $0.50
CEPTT: raises $2.50 to $3.50
big"mf"serg: calls $2.50
*** FLOP *** [2c 7h 9d]
big"mf"serg: checks 
CEPTT: checks 
*** TURN *** [2c 7h 9d] [3h]
big"mf"serg: bets $3.33
CEPTT: folds 
Uncalled bet ($3.33) returned to big"mf"serg
big"mf"serg collected $6.65 from pot
*** SUMMARY ***
Total pot $7 | Rake $0.35 
Board [2c 7h 9d 3h]
Seat 1: AlexEliseev7 folded before Flop (didn't bet)
Seat 2: ponchua folded before Flop (didn't bet)
Seat 3: Manifestorr (button) folded before Flop (didn't bet)
Seat 4: big"mf"serg (small blind) collected ($6.65)
Seat 5: CEPTT (big blind) folded on the Turn
Seat 6: reeqar folded before Flop (didn't bet)



PokerStars Hand #254541558658:  Hold'em No Limit ($0.50/$1.00 USD) - 2025/01/25 5:11:20 WET [2025/01/25 0:11:20 ET]
Table 'Ortutay III' 6-max Seat #4 is the button
Seat 1: AlexEliseev7 ($113.68 in chips) 
Seat 2: ponchua ($114.25 in chips) 
Seat 3: Manifestorr ($100 in chips) 
Seat 4: big"mf"serg ($157.21 in chips) 
Seat 5: CEPTT ($100 in chips) 
Seat 6: reeqar ($100 in chips) 
CEPTT: posts small blind $0.50
reeqar: posts big blind $1
*** HOLE CARDS ***
AlexEliseev7: folds 
ponchua: folds 
Manifestorr: folds 
big"mf"serg: calls $1
CEPTT: folds 
reeqar: checks 
*** FLOP *** [8s 4h Tc]
reeqar: bets $1.19
big"mf"serg: calls $1.19
*** TURN *** [8s 4h Tc] [Ac]
reeqar: bets $1.53
big"mf"serg: calls $1.53
*** RIVER *** [8s 4h Tc Ac] [7c]
reeqar: bets $5.66
big"mf"serg: folds 
Uncalled bet ($5.66) returned to reeqar
reeqar collected $7.54 from pot
reeqar: doesn't show hand 
*** SUMMARY ***
Total pot $7.94 | Rake $0.40 
Board [8s 4h Tc Ac 7c]
Seat 1: AlexEliseev7 folded before Flop (didn't bet)
Seat 2: ponchua folded before Flop (didn't bet)
Seat 3: Manifestorr folded before Flop (didn't bet)
Seat 4: big"mf"serg (button) folded on the River
Seat 5: CEPTT (small blind) folded before Flop
Seat 6: reeqar (big blind) collected ($7.54)



PokerStars Hand #254541564327:  Hold'em No Limit ($0.50/$1.00 USD) - 2025/01/25 5:12:16 WET [2025/01/25 0:12:16 ET]
Table 'Ortutay III' 6-max Seat #5 is the button
Seat 1: AlexEliseev7 ($113.68 in chips) 
Seat 2: ponchua ($114.25 in chips) 
Seat 3: Manifestorr ($100 in chips) 
Seat 4: big"mf"serg ($153.49 in chips) 
Seat 5: CEPTT ($100 in chips) 
Seat 6: reeqar ($103.82 in chips) 
reeqar: posts small blind $0.50
AlexEliseev7: posts big blind $1
*** HOLE CARDS ***
ponchua: folds 
Manifestorr: raises $1.20 to $2.20
big"mf"serg: calls $2.20
CEPTT: folds 
reeqar: folds 
AlexEliseev7: calls $1.20
*** FLOP *** [Jh 7h 4s]
AlexEliseev7: checks 
Manifestorr: checks 
big"mf"serg: checks 
*** TURN *** [Jh 7h 4s] [6s]
AlexEliseev7: bets $10.18
Manifestorr: folds 
big"mf"serg: folds 
Uncalled bet ($10.18) returned to AlexEliseev7
AlexEliseev7 collected $6.74 from pot
AlexEliseev7: doesn't show hand 
*** SUMMARY ***
Total pot $7.10 | Rake $0.36 
Board [Jh 7h 4s 6s]
Seat 1: AlexEliseev7 (big blind) collected ($6.74)
Seat 2: ponchua folded before Flop (didn't bet)
Seat 3: Manifestorr folded on the Turn
Seat 4: big"mf"serg folded on the Turn
Seat 5: CEPTT (button) folded before Flop (didn't bet)
Seat 6: reeqar (small blind) folded before Flop



PokerStars Hand #254541569009:  Hold'em No Limit ($0.50/$1.00 USD) - 2025/01/25 5:13:02 WET [2025/01/25 0:13:02 ET]
Table 'Ortutay III' 6-max Seat #6 is the button
Seat 1: AlexEliseev7 ($118.22 in chips) 
Seat 2: ponchua ($114.25 in chips) 
Seat 3: Manifestorr ($100 in chips) 
Seat 4: big"mf"serg ($151.29 in chips) 
Seat 5: CEPTT ($100 in chips) 
Seat 6: reeqar ($103.32 in chips) 
AlexEliseev7: posts small blind $0.50
ponchua: posts big blind $1
*** HOLE CARDS ***
Manifestorr: folds 
big"mf"serg: folds 
CEPTT: folds 
reeqar: folds 
AlexEliseev7: raises $2 to $3
ponchua: folds 
Uncalled bet ($2) returned to AlexEliseev7
AlexEliseev7 collected $2 from pot
AlexEliseev7: doesn't show hand 
*** SUMMARY ***
Total pot $2 | Rake $0 
Seat 1: AlexEliseev7 (small blind) collected ($2)
Seat 2: ponchua (big blind) folded before Flop
Seat 3: Manifestorr folded before Flop (didn't bet)
Seat 4: big"mf"serg folded before Flop (didn't bet)
Seat 5: CEPTT folded before Flop (didn't bet)
Seat 6: reeqar (button) folded before Flop (didn't bet)



PokerStars Hand #254541571896:  Hold'em No Limit ($0.50/$1.00 USD) - 2025/01/25 5:13:30 WET [2025/01/25 0:13:30 ET]
Table 'Ortutay III' 6-max Seat #1 is the button
Seat 1: AlexEliseev7 ($119.22 in chips) 
Seat 2: ponchua ($113.25 in chips) 
Seat 3: Manifestorr ($100 in chips) 
Seat 4: big"mf"serg ($151.29 in chips) 
Seat 5: CEPTT ($100 in chips) 
Seat 6: reeqar ($103.32 in chips) 
ponchua: posts small blind $0.50
Manifestorr: posts big blind $1
*** HOLE CARDS ***
big"mf"serg: calls $1
CEPTT: folds 
reeqar: folds 
AlexEliseev7: folds 
ponchua: raises $2 to $3
Manifestorr: calls $2
big"mf"serg: calls $2
*** FLOP *** [Kh 6c 2s]
ponchua: bets $2.65
Manifestorr: folds 
big"mf"serg: folds 
Uncalled bet ($2.65) returned to ponchua
ponchua collected $8.55 from pot
ponchua: doesn't show hand 
*** SUMMARY ***
Total pot $9 | Rake $0.45 
Board [Kh 6c 2s]
Seat 1: AlexEliseev7 (button) folded before Flop (didn't bet)
Seat 2: ponchua (small blind) collected ($8.55)
Seat 3: Manifestorr (big blind) folded on the Flop
Seat 4: big"mf"serg folded on the Flop
Seat 5: CEPTT folded before Flop (didn't bet)
Seat 6: reeqar folded before Flop (didn't bet)



PokerStars Hand #254541423976:  Hold'em No Limit ($0.50/$1.00 USD) - 2025/01/25 4:48:46 WET [2025/01/24 23:48:46 ET]
Table 'Ortutay III' 6-max Seat #6 is the button
Seat 3: Manifestorr ($100 in chips) is sitting out
Seat 2: I am Anux! ($100 in chips) 
Seat 6: EasyGamerrr ($100 in chips) 
EasyGamerrr: posts small blind $0.50
I am Anux!: posts big blind $1
*** HOLE CARDS ***
iTrustU21 joins the table at seat #4 
EasyGamerrr: folds 
Uncalled bet ($0.50) returned to I am Anux!
I am Anux! collected $1 from pot
I am Anux!: doesn't show hand 
*** SUMMARY ***
Total pot $1 | Rake $0 
Seat 3: Manifestorr
Seat 2: I am Anux! (big blind) collected ($1)
Seat 6: EasyGamerrr (button) (small blind) folded before Flop



PokerStars Hand #254541425033:  Hold'em No Limit ($0.50/$1.00 USD) - 2025/01/25 4:48:56 WET [2025/01/24 23:48:56 ET]
Table 'Ortutay III' 6-max Seat #6 is the button
Seat 4: iTrustU21 ($100 in chips) is sitting out
Seat 2: I am Anux! ($100.50 in chips) 
Seat 3: Manifestorr ($100 in chips) 
Seat 6: EasyGamerrr ($100 in chips) 
I am Anux!: posts small blind $0.50
Manifestorr: posts big blind $1
iTrustU21: sits out 
*** HOLE CARDS ***
EasyGamerrr: raises $1.50 to $2.50
I am Anux!: folds 
Manifestorr: folds 
Uncalled bet ($1.50) returned to EasyGamerrr
EasyGamerrr collected $2.50 from pot
EasyGamerrr: doesn't show hand 
KeR888 joins the table at seat #5 
*** SUMMARY ***
Total pot $2.50 | Rake $0 
Seat 4: iTrustU21
Seat 2: I am Anux! (small blind) folded before Flop
Seat 3: Manifestorr (big blind) folded before Flop
Seat 6: EasyGamerrr (button) collected ($2.50)



PokerStars Hand #254541426143:  Hold'em No Limit ($0.50/$1.00 USD) - 2025/01/25 4:49:06 WET [2025/01/24 23:49:06 ET]
Table 'Ortutay III' 6-max Seat #2 is the button
Seat 5: KeR888 ($100 in chips) is sitting out
Seat 2: I am Anux! ($100 in chips) 
Seat 3: Manifestorr ($100 in chips) 
Seat 4: iTrustU21 ($100 in chips) 
Seat 6: EasyGamerrr ($101.50 in chips) 
Manifestorr: posts small blind $0.50
iTrustU21: posts big blind $1
KeR888: sits out 
*** HOLE CARDS ***
EasyGamerrr: raises $1.50 to $2.50
I am Anux!: folds 
AlexEliseev7 joins the table at seat #1 
Manifestorr: folds 
iTrustU21: folds 
Uncalled bet ($1.50) returned to EasyGamerrr
EasyGamerrr collected $2.50 from pot
EasyGamerrr: doesn't show hand 
*** SUMMARY ***
Total pot $2.50 | Rake $0 
Seat 5: KeR888
Seat 2: I am Anux! (button) folded before Flop (didn't bet)
Seat 3: Manifestorr (small blind) folded before Flop
Seat 4: iTrustU21 (big blind) folded before Flop
Seat 6: EasyGamerrr collected ($2.50)



PokerStars Hand #254541428233:  Hold'em No Limit ($0.50/$1.00 USD) - 2025/01/25 4:49:25 WET [2025/01/24 23:49:25 ET]
Table 'Ortutay III' 6-max Seat #3 is the button
Seat 1: AlexEliseev7 ($100 in chips) is sitting out
Seat 2: I am Anux! ($100 in chips) 
Seat 3: Manifestorr ($100 in chips) 
Seat 4: iTrustU21 ($100 in chips) 
Seat 5: KeR888 ($100 in chips) 
Seat 6: EasyGamerrr ($103 in chips) 
iTrustU21: posts small blind $0.50
KeR888: posts big blind $1
AlexEliseev7: sits out 
*** HOLE CARDS ***
EasyGamerrr: folds 
I am Anux!: raises $1.30 to $2.30
Manifestorr: folds 
iTrustU21: folds 
KeR888: folds 
Uncalled bet ($1.30) returned to I am Anux!
I am Anux! collected $2.50 from pot
I am Anux!: doesn't show hand 
*** SUMMARY ***
Total pot $2.50 | Rake $0 
Seat 1: AlexEliseev7
Seat 2: I am Anux! collected ($2.50)
Seat 3: Manifestorr (button) folded before Flop (didn't bet)
Seat 4: iTrustU21 (small blind) folded before Flop
Seat 5: KeR888 (big blind) folded before Flop
Seat 6: EasyGamerrr folded before Flop (didn't bet)



PokerStars Hand #254541430748:  Hold'em No Limit ($0.50/$1.00 USD) - 2025/01/25 4:49:49 WET [2025/01/24 23:49:49 ET]
Table 'Ortutay III' 6-max Seat #4 is the button
Seat 1: AlexEliseev7 ($100 in chips) is sitting out
Seat 2: I am Anux! ($101.50 in chips) 
Seat 3: Manifestorr ($100 in chips) 
Seat 4: iTrustU21 ($100 in chips) 
Seat 5: KeR888 ($100 in chips) 
Seat 6: EasyGamerrr ($103 in chips) 
KeR888: posts small blind $0.50
EasyGamerrr: posts big blind $1
AlexEliseev7: sits out 
*** HOLE CARDS ***
I am Anux!: folds 
Manifestorr: folds 
iTrustU21: raises $1.20 to $2.20
KeR888: folds 
EasyGamerrr: calls $1.20
*** FLOP *** [Ks 4s Jh]
EasyGamerrr: checks 
iTrustU21: bets $1.54
EasyGamerrr: calls $1.54
*** TURN *** [Ks 4s Jh] [2s]
EasyGamerrr: checks 
iTrustU21: bets $5
EasyGamerrr: folds 
Uncalled bet ($5) returned to iTrustU21
iTrustU21 collected $7.58 from pot
iTrustU21: doesn't show hand 
*** SUMMARY ***
Total pot $7.98 | Rake $0.40 
Board [Ks 4s Jh 2s]
Seat 1: AlexEliseev7
Seat 2: I am Anux! folded before Flop (didn't bet)
Seat 3: Manifestorr folded before Flop (didn't bet)
Seat 4: iTrustU21 (button) collected ($7.58)
Seat 5: KeR888 (small blind) folded before Flop
Seat 6: EasyGamerrr (big blind) folded on the Turn



PokerStars Hand #254541436135:  Hold'em No Limit ($0.50/$1.00 USD) - 2025/01/25 4:50:39 WET [2025/01/24 23:50:39 ET]
Table 'Ortutay III' 6-max Seat #5 is the button
Seat 1: AlexEliseev7 ($100 in chips) 
Seat 2: I am Anux! ($101.50 in chips) 
Seat 3: Manifestorr ($100 in chips) 
Seat 4: iTrustU21 ($103.84 in chips) 
Seat 5: KeR888 ($100 in chips) 
Seat 6: EasyGamerrr ($100 in chips) 
EasyGamerrr: posts small blind $0.50
AlexEliseev7: posts big blind $1
*** HOLE CARDS ***
I am Anux!: folds 
Manifestorr: raises $1.20 to $2.20
iTrustU21: folds 
KeR888: raises $4.80 to $7
EasyGamerrr: folds 
AlexEliseev7: folds 
Manifestorr: folds 
Uncalled bet ($4.80) returned to KeR888
KeR888 collected $5.90 from pot
KeR888: doesn't show hand 
*** SUMMARY ***
Total pot $5.90 | Rake $0 
Seat 1: AlexEliseev7 (big blind) folded before Flop
Seat 2: I am Anux! folded before Flop (didn't bet)
Seat 3: Manifestorr folded before Flop
Seat 4: iTrustU21 folded before Flop (didn't bet)
Seat 5: KeR888 (button) collected ($5.90)
Seat 6: EasyGamerrr (small blind) folded before Flop



PokerStars Hand #254541438900:  Hold'em No Limit ($0.50/$1.00 USD) - 2025/01/25 4:51:05 WET [2025/01/24 23:51:05 ET]
Table 'Ortutay III' 6-max Seat #6 is the button
Seat 2: I am Anux! ($101.50 in chips) is sitting out
Seat 1: AlexEliseev7 ($100 in chips) 
Seat 3: Manifestorr ($100 in chips) 
Seat 4: iTrustU21 ($103.84 in chips) 
Seat 5: KeR888 ($103.70 in chips) 
Seat 6: EasyGamerrr ($100 in chips) 
AlexEliseev7: posts small blind $0.50
I am Anux!: is sitting out 
Manifestorr: posts big blind $1
*** HOLE CARDS ***
iTrustU21: folds 
KeR888: folds 
EasyGamerrr: raises $1.50 to $2.50
AlexEliseev7: folds 
Manifestorr: calls $1.50
*** FLOP *** [7c 4h Kh]
Manifestorr: checks 
I am Anux! leaves the table
ponchua joins the table at seat #2 
EasyGamerrr: bets $3.92
Manifestorr: folds 
Uncalled bet ($3.92) returned to EasyGamerrr
EasyGamerrr collected $5.22 from pot
EasyGamerrr: doesn't show hand 
*** SUMMARY ***
Total pot $5.50 | Rake $0.28 
Board [7c 4h Kh]
Seat 2: I am Anux!
Seat 1: AlexEliseev7 (small blind) folded before Flop
Seat 3: Manifestorr (big blind) folded on the Flop
Seat 4: iTrustU21 folded before Flop (didn't bet)
Seat 5: KeR888 folded before Flop (didn't bet)
Seat 6: EasyGamerrr (button) collected ($5.22)



PokerStars Hand #254541442002:  Hold'em No Limit ($0.50/$1.00 USD) - 2025/01/25 4:51:34 WET [2025/01/24 23:51:34 ET]
Table 'Ortutay III' 6-max Seat #1 is the button
Seat 2: ponchua ($100 in chips) is sitting out
Seat 6: EasyGamerrr ($102.72 in chips) is sitting out
Seat 1: AlexEliseev7 ($100 in chips) 
Seat 3: Manifestorr ($100 in chips) 
Seat 4: iTrustU21 ($103.84 in chips) 
Seat 5: KeR888 ($103.70 in chips) 
Manifestorr: posts small blind $0.50
iTrustU21: posts big blind $1
*** HOLE CARDS ***
EasyGamerrr leaves the table
KeR888: folds 
AlexEliseev7: raises $1.50 to $2.50
Manifestorr: folds 
iTrustU21: folds 
Uncalled bet ($1.50) returned to AlexEliseev7
AlexEliseev7 collected $2.50 from pot
AlexEliseev7: doesn't show hand 
*** SUMMARY ***
Total pot $2.50 | Rake $0 
Seat 2: ponchua
Seat 6: EasyGamerrr
Seat 1: AlexEliseev7 (button) collected ($2.50)
Seat 3: Manifestorr (small blind) folded before Flop
Seat 4: iTrustU21 (big blind) folded before Flop
Seat 5: KeR888 folded before Flop (didn't bet)



PokerStars Hand #254541443507:  Hold'em No Limit ($0.50/$1.00 USD) - 2025/01/25 4:51:47 WET [2025/01/24 23:51:47 ET]
Table 'Ortutay III' 6-max Seat #3 is the button
Seat 2: ponchua ($100 in chips) is sitting out
Seat 5: KeR888 ($103.70 in chips) is sitting out
Seat 1: AlexEliseev7 ($101.50 in chips) 
Seat 3: Manifestorr ($100 in chips) 
Seat 4: iTrustU21 ($102.84 in chips) 
iTrustU21: posts small blind $0.50
KeR888: is sitting out 
AlexEliseev7: posts big blind $1
ponchua: sits out 
*** HOLE CARDS ***
KeR888 leaves the table
Manifestorr: folds 
iTrustU21: folds 
Uncalled bet ($0.50) returned to AlexEliseev7
AlexEliseev7 collected $1 from pot
AlexEliseev7: doesn't show hand 
*** SUMMARY ***
Total pot $1 | Rake $0 
Seat 2: ponchua
Seat 5: KeR888
Seat 1: AlexEliseev7 (big blind) collected ($1)
Seat 3: Manifestorr (button) folded before Flop (didn't bet)
Seat 4: iTrustU21 (small blind) folded before Flop



PokerStars Hand #254541444904:  Hold'em No Limit ($0.50/$1.00 USD) - 2025/01/25 4:52:00 WET [2025/01/24 23:52:00 ET]
Table 'Ortutay III' 6-max Seat #4 is the button
Seat 1: AlexEliseev7 ($102 in chips) 
Seat 2: ponchua ($100 in chips) 
Seat 3: Manifestorr ($100 in chips) 
Seat 4: iTrustU21 ($102.34 in chips) 
AlexEliseev7: posts small blind $0.50
ponchua: posts big blind $1
*** HOLE CARDS ***
Manifestorr: folds 
iTrustU21: folds 
AlexEliseev7: raises $2 to $3
ponchua: folds 
Uncalled bet ($2) returned to AlexEliseev7
AlexEliseev7 collected $2 from pot
AlexEliseev7: doesn't show hand 
*** SUMMARY ***
Total pot $2 | Rake $0 
Seat 1: AlexEliseev7 (small blind) collected ($2)
Seat 2: ponchua (big blind) folded before Flop
Seat 3: Manifestorr folded before Flop (didn't bet)
Seat 4: iTrustU21 (button) folded before Flop (didn't bet)



PokerStars Hand #254541447517:  Hold'em No Limit ($0.50/$1.00 USD) - 2025/01/25 4:52:25 WET [2025/01/24 23:52:25 ET]
Table 'Ortutay III' 6-max Seat #1 is the button
Seat 1: AlexEliseev7 ($103 in chips) 
Seat 2: ponchua ($100 in chips) 
Seat 3: Manifestorr ($100 in chips) 
Seat 4: iTrustU21 ($102.34 in chips) 
ponchua: posts small blind $0.50
Manifestorr: posts big blind $1
*** HOLE CARDS ***
iTrustU21: folds 
iTrustU21 leaves the table
AlexEliseev7: raises $1.50 to $2.50
ponchua: folds 
big"mf"serg joins the table at seat #4 
big"mf"serg is disconnected 
Manifestorr: calls $1.50
*** FLOP *** [5h Ah Js]
reeqar joins the table at seat #6 
Manifestorr: checks 
AlexEliseev7: bets $7.88
Manifestorr: folds 
Uncalled bet ($7.88) returned to AlexEliseev7
AlexEliseev7 collected $5.22 from pot
AlexEliseev7: doesn't show hand 
*** SUMMARY ***
Total pot $5.50 | Rake $0.28 
Board [5h Ah Js]
Seat 1: AlexEliseev7 (button) collected ($5.22)
Seat 2: ponchua (small blind) folded before Flop
Seat 3: Manifestorr (big blind) folded on the Flop
Seat 4: iTrustU21 folded before Flop (didn't bet)



PokerStars Hand #254541452105:  Hold'em No Limit ($0.50/$1.00 USD) - 2025/01/25 4:53:07 WET [2025/01/24 23:53:07 ET]
Table 'Ortutay III' 6-max Seat #2 is the button
Seat 6: reeqar ($100 in chips) is sitting out
Seat 1: AlexEliseev7 ($105.72 in chips) 
Seat 2: ponchua ($100 in chips) 
Seat 3: Manifestorr ($100 in chips) 
Seat 4: big"mf"serg ($100 in chips) 
Manifestorr: posts small blind $0.50
big"mf"serg: posts big blind $1
reeqar: sits out 
*** HOLE CARDS ***
AlexEliseev7: folds 
CEPTT joins the table at seat #5 
ponchua: raises $1.50 to $2.50
Manifestorr: folds 
big"mf"serg: calls $1.50
*** FLOP *** [8d Kd 8c]
big"mf"serg: bets $2.61
ponchua: calls $2.61
*** TURN *** [8d Kd 8c] [4h]
big"mf"serg: checks 
ponchua: checks 
*** RIVER *** [8d Kd 8c 4h] [Ks]
big"mf"serg: checks 
ponchua: checks 
*** SHOW DOWN ***
big"mf"serg: shows [Qc 5c] (two pair, Kings and Eights)
ponchua: shows [Jc As] (two pair, Kings and Eights - Ace kicker)
ponchua collected $10.18 from pot
*** SUMMARY ***
Total pot $10.72 | Rake $0.54 
Board [8d Kd 8c 4h Ks]
Seat 6: reeqar
Seat 1: AlexEliseev7 folded before Flop (didn't bet)
Seat 2: ponchua (button) showed [Jc As] and won ($10.18) with two pair, Kings and Eights
Seat 3: Manifestorr (small blind) folded before Flop
Seat 4: big"mf"serg (big blind) showed [Qc 5c] and lost with two pair, Kings and Eights



PokerStars Hand #254541704599:  Hold'em No Limit ($0.50/$1.00 USD) - 2025/01/25 5:35:52 WET [2025/01/25 0:35:52 ET]
Table 'Ortutay III' 6-max Seat #6 is the button
Seat 1: uuzka ($100 in chips) 
Seat 2: ponchua ($119.84 in chips) 
Seat 3: shootingGRID ($115.38 in chips) 
Seat 4: big"mf"serg ($161.95 in chips) 
Seat 5: CEPTT ($100 in chips) 
Seat 6: reeqar ($118.66 in chips) 
uuzka: posts small blind $0.50
ponchua: posts big blind $1
*** HOLE CARDS ***
shootingGRID: folds 
big"mf"serg: calls $1
CEPTT: raises $3 to $4
reeqar: folds 
uuzka: folds 
ponchua: folds 
big"mf"serg: calls $3
*** FLOP *** [8h 8s 6s]
big"mf"serg: bets $4.51
CEPTT: calls $4.51
*** TURN *** [8h 8s 6s] [Ad]
big"mf"serg: bets $8.80
CEPTT: folds 
Uncalled bet ($8.80) returned to big"mf"serg
big"mf"serg collected $17.59 from pot
*** SUMMARY ***
Total pot $18.52 | Rake $0.93 
Board [8h 8s 6s Ad]
Seat 1: uuzka (small blind) folded before Flop
Seat 2: ponchua (big blind) folded before Flop
Seat 3: shootingGRID folded before Flop (didn't bet)
Seat 4: big"mf"serg collected ($17.59)
Seat 5: CEPTT folded on the Turn
Seat 6: reeqar (button) folded before Flop (didn't bet)



PokerStars Hand #254541710669:  Hold'em No Limit ($0.50/$1.00 USD) - 2025/01/25 5:36:54 WET [2025/01/25 0:36:54 ET]
Table 'Ortutay III' 6-max Seat #1 is the button
Seat 1: uuzka ($100 in chips) 
Seat 2: ponchua ($118.84 in chips) 
Seat 3: shootingGRID ($115.38 in chips) 
Seat 4: big"mf"serg ($171.03 in chips) 
Seat 5: CEPTT ($100 in chips) 
Seat 6: reeqar ($118.66 in chips) 
ponchua: posts small blind $0.50
shootingGRID: posts big blind $1
*** HOLE CARDS ***
big"mf"serg: calls $1
CEPTT: raises $3 to $4
reeqar: folds 
uuzka: folds 
ponchua: folds 
shootingGRID: folds 
big"mf"serg: calls $3
*** FLOP *** [Ks 9d 9h]
big"mf"serg: bets $4.51
CEPTT: calls $4.51
*** TURN *** [Ks 9d 9h] [Qh]
big"mf"serg: bets $8.80
CEPTT: calls $8.80
*** RIVER *** [Ks 9d 9h Qh] [7h]
big"mf"serg: bets $1
CEPTT: raises $27.23 to $28.23
big"mf"serg: raises $125.49 to $153.72 and is all-in
CEPTT: folds 
Uncalled bet ($125.49) returned to big"mf"serg
big"mf"serg collected $90.08 from pot
*** SUMMARY ***
Total pot $92.58 | Rake $2.50 
Board [Ks 9d 9h Qh 7h]
Seat 1: uuzka (button) folded before Flop (didn't bet)
Seat 2: ponchua (small blind) folded before Flop
Seat 3: shootingGRID (big blind) folded before Flop
Seat 4: big"mf"serg collected ($90.08)
Seat 5: CEPTT folded on the River
Seat 6: reeqar folded before Flop (didn't bet)



PokerStars Hand #254541718365:  Hold'em No Limit ($0.50/$1.00 USD) - 2025/01/25 5:38:14 WET [2025/01/25 0:38:14 ET]
Table 'Ortutay III' 6-max Seat #2 is the button
Seat 1: uuzka ($100 in chips) 
Seat 2: ponchua ($118.34 in chips) 
Seat 3: shootingGRID ($114.38 in chips) 
Seat 4: big"mf"serg ($215.57 in chips) 
Seat 5: CEPTT ($100 in chips) 
Seat 6: reeqar ($118.66 in chips) 
shootingGRID: posts small blind $0.50
big"mf"serg: posts big blind $1
*** HOLE CARDS ***
CEPTT: folds 
reeqar: raises $1.50 to $2.50
uuzka: folds 
ponchua: folds 
shootingGRID: folds 
big"mf"serg: folds 
Uncalled bet ($1.50) returned to reeqar
reeqar collected $2.50 from pot
reeqar: doesn't show hand 
*** SUMMARY ***
Total pot $2.50 | Rake $0 
Seat 1: uuzka folded before Flop (didn't bet)
Seat 2: ponchua (button) folded before Flop (didn't bet)
Seat 3: shootingGRID (small blind) folded before Flop
Seat 4: big"mf"serg (big blind) folded before Flop
Seat 5: CEPTT folded before Flop (didn't bet)
Seat 6: reeqar collected ($2.50)



PokerStars Hand #254541720904:  Hold'em No Limit ($0.50/$1.00 USD) - 2025/01/25 5:38:41 WET [2025/01/25 0:38:41 ET]
Table 'Ortutay III' 6-max Seat #3 is the button
Seat 1: uuzka ($100 in chips) 
Seat 2: ponchua ($118.34 in chips) 
Seat 3: shootingGRID ($113.88 in chips) 
Seat 4: big"mf"serg ($214.57 in chips) 
Seat 5: CEPTT ($100 in chips) 
Seat 6: reeqar ($120.16 in chips) 
big"mf"serg: posts small blind $0.50
CEPTT: posts big blind $1
*** HOLE CARDS ***
reeqar: folds 
uuzka: folds 
ponchua: folds 
shootingGRID: raises $1.50 to $2.50
big"mf"serg: folds 
CEPTT: folds 
Uncalled bet ($1.50) returned to shootingGRID
shootingGRID collected $2.50 from pot
*** SUMMARY ***
Total pot $2.50 | Rake $0 
Seat 1: uuzka folded before Flop (didn't bet)
Seat 2: ponchua folded before Flop (didn't bet)
Seat 3: shootingGRID (button) collected ($2.50)
Seat 4: big"mf"serg (small blind) folded before Flop
Seat 5: CEPTT (big blind) folded before Flop
Seat 6: reeqar folded before Flop (didn't bet)



PokerStars Hand #254541722852:  Hold'em No Limit ($0.50/$1.00 USD) - 2025/01/25 5:39:02 WET [2025/01/25 0:39:02 ET]
Table 'Ortutay III' 6-max Seat #4 is the button
Seat 1: uuzka ($100 in chips) 
Seat 2: ponchua ($118.34 in chips) 
Seat 3: shootingGRID ($115.38 in chips) 
Seat 4: big"mf"serg ($214.07 in chips) 
Seat 5: CEPTT ($100 in chips) 
Seat 6: reeqar ($120.16 in chips) 
CEPTT: posts small blind $0.50
reeqar: posts big blind $1
*** HOLE CARDS ***
uuzka: folds 
ponchua: folds 
shootingGRID: folds 
big"mf"serg: calls $1
CEPTT: folds 
reeqar: raises $6 to $7
big"mf"serg: folds 
Uncalled bet ($6) returned to reeqar
reeqar collected $2.50 from pot
reeqar: doesn't show hand 
*** SUMMARY ***
Total pot $2.50 | Rake $0 
Seat 1: uuzka folded before Flop (didn't bet)
Seat 2: ponchua folded before Flop (didn't bet)
Seat 3: shootingGRID folded before Flop (didn't bet)
Seat 4: big"mf"serg (button) folded before Flop
Seat 5: CEPTT (small blind) folded before Flop
Seat 6: reeqar (big blind) collected ($2.50)



PokerStars Hand #254541726820:  Hold'em No Limit ($0.50/$1.00 USD) - 2025/01/25 5:39:44 WET [2025/01/25 0:39:44 ET]
Table 'Ortutay III' 6-max Seat #5 is the button
Seat 1: uuzka ($100 in chips) 
Seat 2: ponchua ($118.34 in chips) 
Seat 3: shootingGRID ($115.38 in chips) 
Seat 4: big"mf"serg ($213.07 in chips) 
Seat 5: CEPTT ($100 in chips) 
Seat 6: reeqar ($121.66 in chips) 
reeqar: posts small blind $0.50
uuzka: posts big blind $1
*** HOLE CARDS ***
ponchua: folds 
shootingGRID: folds 
big"mf"serg: folds 
CEPTT: folds 
reeqar: raises $2 to $3
uuzka: raises $6 to $9
reeqar: calls $6
*** FLOP *** [Tc 7h Kd]
reeqar: checks 
uuzka: bets $4.96
reeqar: folds 
Uncalled bet ($4.96) returned to uuzka
uuzka collected $17.10 from pot
uuzka: doesn't show hand 
*** SUMMARY ***
Total pot $18 | Rake $0.90 
Board [Tc 7h Kd]
Seat 1: uuzka (big blind) collected ($17.10)
Seat 2: ponchua folded before Flop (didn't bet)
Seat 3: shootingGRID folded before Flop (didn't bet)
Seat 4: big"mf"serg folded before Flop (didn't bet)
Seat 5: CEPTT (button) folded before Flop (didn't bet)
Seat 6: reeqar (small blind) folded on the Flop



PokerStars Hand #254541732251:  Hold'em No Limit ($0.50/$1.00 USD) - 2025/01/25 5:40:42 WET [2025/01/25 0:40:42 ET]
Table 'Ortutay III' 6-max Seat #6 is the button
Seat 1: uuzka ($108.10 in chips) 
Seat 2: ponchua ($118.34 in chips) 
Seat 3: shootingGRID ($115.38 in chips) 
Seat 4: big"mf"serg ($213.07 in chips) 
Seat 5: CEPTT ($100 in chips) 
Seat 6: reeqar ($112.66 in chips) 
uuzka: posts small blind $0.50
ponchua: posts big blind $1
*** HOLE CARDS ***
shootingGRID: folds 
big"mf"serg: folds 
CEPTT: raises $1.25 to $2.25
reeqar: folds 
uuzka: folds 
ponchua: folds 
Uncalled bet ($1.25) returned to CEPTT
CEPTT collected $2.50 from pot
CEPTT: doesn't show hand 
*** SUMMARY ***
Total pot $2.50 | Rake $0 
Seat 1: uuzka (small blind) folded before Flop
Seat 2: ponchua (big blind) folded before Flop
Seat 3: shootingGRID folded before Flop (didn't bet)
Seat 4: big"mf"serg folded before Flop (didn't bet)
Seat 5: CEPTT collected ($2.50)
Seat 6: reeqar (button) folded before Flop (didn't bet)



PokerStars Hand #254541733988:  Hold'em No Limit ($0.50/$1.00 USD) - 2025/01/25 5:41:00 WET [2025/01/25 0:41:00 ET]
Table 'Ortutay III' 6-max Seat #1 is the button
Seat 1: uuzka ($107.60 in chips) 
Seat 2: ponchua ($117.34 in chips) 
Seat 3: shootingGRID ($115.38 in chips) 
Seat 4: big"mf"serg ($213.07 in chips) 
Seat 5: CEPTT ($101.50 in chips) 
Seat 6: reeqar ($112.66 in chips) 
ponchua: posts small blind $0.50
shootingGRID: posts big blind $1
*** HOLE CARDS ***
big"mf"serg: folds 
CEPTT: folds 
reeqar: raises $1.50 to $2.50
uuzka: folds 
ponchua: folds 
shootingGRID: folds 
Uncalled bet ($1.50) returned to reeqar
reeqar collected $2.50 from pot
reeqar: doesn't show hand 
*** SUMMARY ***
Total pot $2.50 | Rake $0 
Seat 1: uuzka (button) folded before Flop (didn't bet)
Seat 2: ponchua (small blind) folded before Flop
Seat 3: shootingGRID (big blind) folded before Flop
Seat 4: big"mf"serg folded before Flop (didn't bet)
Seat 5: CEPTT folded before Flop (didn't bet)
Seat 6: reeqar collected ($2.50)



PokerStars Hand #254541736171:  Hold'em No Limit ($0.50/$1.00 USD) - 2025/01/25 5:41:23 WET [2025/01/25 0:41:23 ET]
Table 'Ortutay III' 6-max Seat #2 is the button
Seat 1: uuzka ($107.60 in chips) 
Seat 2: ponchua ($116.84 in chips) 
Seat 3: shootingGRID ($114.38 in chips) 
Seat 4: big"mf"serg ($213.07 in chips) 
Seat 5: CEPTT ($101.50 in chips) 
Seat 6: reeqar ($114.16 in chips) 
shootingGRID: posts small blind $0.50
big"mf"serg: posts big blind $1
*** HOLE CARDS ***
CEPTT: folds 
reeqar: folds 
uuzka: folds 
ponchua: folds 
shootingGRID: folds 
Uncalled bet ($0.50) returned to big"mf"serg
big"mf"serg collected $1 from pot
*** SUMMARY ***
Total pot $1 | Rake $0 
Seat 1: uuzka folded before Flop (didn't bet)
Seat 2: ponchua (button) folded before Flop (didn't bet)
Seat 3: shootingGRID (small blind) folded before Flop
Seat 4: big"mf"serg (big blind) collected ($1)
Seat 5: CEPTT folded before Flop (didn't bet)
Seat 6: reeqar folded before Flop (didn't bet)



PokerStars Hand #254541737246:  Hold'em No Limit ($0.50/$1.00 USD) - 2025/01/25 5:41:35 WET [2025/01/25 0:41:35 ET]
Table 'Ortutay III' 6-max Seat #3 is the button
Seat 1: uuzka ($107.60 in chips) 
Seat 2: ponchua ($116.84 in chips) 
Seat 3: shootingGRID ($113.88 in chips) 
Seat 4: big"mf"serg ($213.57 in chips) 
Seat 5: CEPTT ($101.50 in chips) 
Seat 6: reeqar ($114.16 in chips) 
big"mf"serg: posts small blind $0.50
CEPTT: posts big blind $1
*** HOLE CARDS ***
reeqar: folds 
uuzka: folds 
ponchua: folds 
shootingGRID: folds 
big"mf"serg: calls $0.50
CEPTT: raises $2.50 to $3.50
big"mf"serg: calls $2.50
*** FLOP *** [4c Qd 4h]
big"mf"serg: checks 
CEPTT: checks 
*** TURN *** [4c Qd 4h] [8d]
big"mf"serg: checks 
CEPTT: checks 
*** RIVER *** [4c Qd 4h 8d] [Qs]
big"mf"serg: checks 
CEPTT: checks 
*** SHOW DOWN ***
big"mf"serg: shows [2s Jh] (two pair, Queens and Fours)
CEPTT: shows [As 5s] (two pair, Queens and Fours - Ace kicker)
CEPTT collected $6.65 from pot
*** SUMMARY ***
Total pot $7 | Rake $0.35 
Board [4c Qd 4h 8d Qs]
Seat 1: uuzka folded before Flop (didn't bet)
Seat 2: ponchua folded before Flop (didn't bet)
Seat 3: shootingGRID (button) folded before Flop (didn't bet)
Seat 4: big"mf"serg (small blind) showed [2s Jh] and lost with two pair, Queens and Fours
Seat 5: CEPTT (big blind) showed [As 5s] and won ($6.65) with two pair, Queens and Fours
Seat 6: reeqar folded before Flop (didn't bet)



PokerStars Hand #254541742084:  Hold'em No Limit ($0.50/$1.00 USD) - 2025/01/25 5:42:26 WET [2025/01/25 0:42:26 ET]
Table 'Ortutay III' 6-max Seat #4 is the button
Seat 1: uuzka ($107.60 in chips) 
Seat 2: ponchua ($116.84 in chips) 
Seat 3: shootingGRID ($113.88 in chips) 
Seat 4: big"mf"serg ($210.07 in chips) 
Seat 5: CEPTT ($104.65 in chips) 
Seat 6: reeqar ($114.16 in chips) 
CEPTT: posts small blind $0.50
reeqar: posts big blind $1
*** HOLE CARDS ***
uuzka: folds 
ponchua: folds 
shootingGRID: folds 
big"mf"serg: calls $1
CEPTT: folds 
reeqar: checks 
*** FLOP *** [2s Kc 2d]
reeqar: checks 
big"mf"serg: checks 
*** TURN *** [2s Kc 2d] [Kd]
reeqar: bets $1.19
big"mf"serg: calls $1.19
*** RIVER *** [2s Kc 2d Kd] [7h]
reeqar: checks 
big"mf"serg: bets $4.64
reeqar: folds 
Uncalled bet ($4.64) returned to big"mf"serg
big"mf"serg collected $4.64 from pot
*** SUMMARY ***
Total pot $4.88 | Rake $0.24 
Board [2s Kc 2d Kd 7h]
Seat 1: uuzka folded before Flop (didn't bet)
Seat 2: ponchua folded before Flop (didn't bet)
Seat 3: shootingGRID folded before Flop (didn't bet)
Seat 4: big"mf"serg (button) collected ($4.64)
Seat 5: CEPTT (small blind) folded before Flop
Seat 6: reeqar (big blind) folded on the River



PokerStars Hand #254541747807:  Hold'em No Limit ($0.50/$1.00 USD) - 2025/01/25 5:43:27 WET [2025/01/25 0:43:27 ET]
Table 'Ortutay III' 6-max Seat #5 is the button
Seat 1: uuzka ($107.60 in chips) 
Seat 2: ponchua ($116.84 in chips) 
Seat 3: shootingGRID ($113.88 in chips) 
Seat 4: big"mf"serg ($212.52 in chips) 
Seat 5: CEPTT ($104.15 in chips) 
Seat 6: reeqar ($111.97 in chips) 
reeqar: posts small blind $0.50
uuzka: posts big blind $1
*** HOLE CARDS ***
ponchua: folds 
shootingGRID: raises $1.25 to $2.25
big"mf"serg: folds 
CEPTT: folds 
big"mf"serg leaves the table
reeqar: folds 
uuzka: raises $9.65 to $11.90
shootingGRID: calls $9.65
*** FLOP *** [5s 8c 3d]
uuzka: bets $15.46
shootingGRID: calls $15.46
*** TURN *** [5s 8c 3d] [Tc]
uuzka: bets $25.32
ponchua leaves the table
shootingGRID: raises $61.20 to $86.52 and is all-in
uuzka: calls $54.92 and is all-in
Uncalled bet ($6.28) returned to shootingGRID
*** FIRST RIVER *** [5s 8c 3d Tc] [5c]
*** SECOND RIVER *** [5s 8c 3d Tc] [Kd]
*** FIRST SHOW DOWN ***
uuzka: shows [Ac Qc] (a flush, Ace high)
shootingGRID: shows [Ad Td] (two pair, Tens and Fives)
uuzka collected $106.60 from pot
*** SECOND SHOW DOWN ***
uuzka: shows [Ac Qc] (high card Ace)
shootingGRID: shows [Ad Td] (a pair of Tens)
shootingGRID collected $106.60 from pot
*** SUMMARY ***
Total pot $215.70 | Rake $2.50 
Hand was run twice
FIRST Board [5s 8c 3d Tc 5c]
SECOND Board [5s 8c 3d Tc Kd]
Seat 1: uuzka (big blind) showed [Ac Qc] and won ($106.60) with a flush, Ace high, and lost with high card Ace
Seat 2: ponchua folded before Flop (didn't bet)
Seat 3: shootingGRID showed [Ad Td] and lost with two pair, Tens and Fives, and won ($106.60) with a pair of Tens
Seat 4: big"mf"serg folded before Flop (didn't bet)
Seat 5: CEPTT (button) folded before Flop (didn't bet)
Seat 6: reeqar (small blind) folded before Flop



