PokerStars Hand #254547421380:  Hold'em No Limit ($0.50/$1.00 USD) - 2025/01/25 16:57:27 WET [2025/01/25 11:57:27 ET]
Table 'Bishop IV' 6-max Seat #6 is the button
Seat 1: YeeesMan ($100 in chips) 
Seat 2: carlospit300 ($94.30 in chips) 
Seat 3: tintin641 ($104.97 in chips) 
Seat 4: AlexPinsk1 ($105.95 in chips) 
Seat 5: MoRsCeReBruM ($101.50 in chips) 
Seat 6: KarP93 ($100 in chips) 
YeeesMan: posts small blind $0.50
carlospit300: posts big blind $1
*** HOLE CARDS ***
tintin641: folds 
AlexPinsk1: folds 
MoRsCeReBruM: folds 
KarP93: folds 
YeeesMan: folds 
Uncalled bet ($0.50) returned to carlospit300
carlospit300 collected $1 from pot
*** SUMMARY ***
Total pot $1 | Rake $0 
Seat 1: YeeesMan (small blind) folded before Flop
Seat 2: carlospit300 (big blind) collected ($1)
Seat 3: tintin641 folded before Flop (didn't bet)
Seat 4: AlexPinsk1 folded before Flop (didn't bet)
Seat 5: MoRsCeReBruM folded before Flop (didn't bet)
Seat 6: KarP93 (button) folded before Flop (didn't bet)



PokerStars Hand #254547424269:  Hold'em No Limit ($0.50/$1.00 USD) - 2025/01/25 16:57:42 WET [2025/01/25 11:57:42 ET]
Table 'Bishop IV' 6-max Seat #1 is the button
Seat 1: YeeesMan ($100 in chips) 
Seat 2: carlospit300 ($94.80 in chips) 
Seat 3: tintin641 ($104.97 in chips) 
Seat 4: AlexPinsk1 ($105.95 in chips) 
Seat 5: MoRsCeReBruM ($101.50 in chips) 
Seat 6: KarP93 ($100 in chips) 
carlospit300: posts small blind $0.50
tintin641: posts big blind $1
*** HOLE CARDS ***
AlexPinsk1: folds 
MoRsCeReBruM: folds 
KarP93: raises $1.50 to $2.50
YeeesMan: folds 
carlospit300: calls $2
tintin641: raises $11 to $13.50
KarP93: folds 
carlospit300: folds 
Uncalled bet ($11) returned to tintin641
tintin641 collected $7.50 from pot
tintin641: doesn't show hand 
*** SUMMARY ***
Total pot $7.50 | Rake $0 
Seat 1: YeeesMan (button) folded before Flop (didn't bet)
Seat 2: carlospit300 (small blind) folded before Flop
Seat 3: tintin641 (big blind) collected ($7.50)
Seat 4: AlexPinsk1 folded before Flop (didn't bet)
Seat 5: MoRsCeReBruM folded before Flop (didn't bet)
Seat 6: KarP93 folded before Flop



PokerStars Hand #254547432703:  Hold'em No Limit ($0.50/$1.00 USD) - 2025/01/25 16:58:30 WET [2025/01/25 11:58:30 ET]
Table 'Bishop IV' 6-max Seat #2 is the button
Seat 1: YeeesMan ($100 in chips) 
Seat 2: carlospit300 ($92.30 in chips) 
Seat 3: tintin641 ($109.97 in chips) 
Seat 4: AlexPinsk1 ($105.95 in chips) 
Seat 5: MoRsCeReBruM ($101.50 in chips) 
Seat 6: KarP93 ($100 in chips) 
tintin641: posts small blind $0.50
AlexPinsk1: posts big blind $1
*** HOLE CARDS ***
MoRsCeReBruM: folds 
KarP93: folds 
YeeesMan: folds 
carlospit300: calls $1
tintin641: folds 
AlexPinsk1: checks 
*** FLOP *** [5h Jd Kc]
AlexPinsk1: checks 
carlospit300: checks 
*** TURN *** [5h Jd Kc] [8h]
AlexPinsk1: checks 
carlospit300: checks 
*** RIVER *** [5h Jd Kc 8h] [7c]
AlexPinsk1: checks 
carlospit300: checks 
*** SHOW DOWN ***
AlexPinsk1: shows [5s 2c] (a pair of Fives)
carlospit300: shows [Th Tc] (a pair of Tens)
carlospit300 collected $2.38 from pot
*** SUMMARY ***
Total pot $2.50 | Rake $0.12 
Board [5h Jd Kc 8h 7c]
Seat 1: YeeesMan folded before Flop (didn't bet)
Seat 2: carlospit300 (button) showed [Th Tc] and won ($2.38) with a pair of Tens
Seat 3: tintin641 (small blind) folded before Flop
Seat 4: AlexPinsk1 (big blind) showed [5s 2c] and lost with a pair of Fives
Seat 5: MoRsCeReBruM folded before Flop (didn't bet)
Seat 6: KarP93 folded before Flop (didn't bet)



PokerStars Hand #254547436878:  Hold'em No Limit ($0.50/$1.00 USD) - 2025/01/25 16:58:53 WET [2025/01/25 11:58:53 ET]
Table 'Bishop IV' 6-max Seat #3 is the button
Seat 1: YeeesMan ($100 in chips) 
Seat 2: carlospit300 ($93.68 in chips) 
Seat 3: tintin641 ($109.47 in chips) 
Seat 4: AlexPinsk1 ($104.95 in chips) 
Seat 5: MoRsCeReBruM ($101.50 in chips) 
Seat 6: KarP93 ($100 in chips) 
AlexPinsk1: posts small blind $0.50
MoRsCeReBruM: posts big blind $1
*** HOLE CARDS ***
KarP93: folds 
YeeesMan: folds 
carlospit300: folds 
tintin641: folds 
AlexPinsk1: raises $2 to $3
MoRsCeReBruM: folds 
Uncalled bet ($2) returned to AlexPinsk1
AlexPinsk1 collected $2 from pot
AlexPinsk1: doesn't show hand 
*** SUMMARY ***
Total pot $2 | Rake $0 
Seat 1: YeeesMan folded before Flop (didn't bet)
Seat 2: carlospit300 folded before Flop (didn't bet)
Seat 3: tintin641 (button) folded before Flop (didn't bet)
Seat 4: AlexPinsk1 (small blind) collected ($2)
Seat 5: MoRsCeReBruM (big blind) folded before Flop
Seat 6: KarP93 folded before Flop (didn't bet)



PokerStars Hand #254547439455:  Hold'em No Limit ($0.50/$1.00 USD) - 2025/01/25 16:59:07 WET [2025/01/25 11:59:07 ET]
Table 'Bishop IV' 6-max Seat #4 is the button
Seat 1: YeeesMan ($100 in chips) 
Seat 2: carlospit300 ($93.68 in chips) 
Seat 3: tintin641 ($109.47 in chips) 
Seat 4: AlexPinsk1 ($105.95 in chips) 
Seat 5: MoRsCeReBruM ($100.50 in chips) 
Seat 6: KarP93 ($100 in chips) 
MoRsCeReBruM: posts small blind $0.50
KarP93: posts big blind $1
*** HOLE CARDS ***
YeeesMan: folds 
carlospit300: folds 
tintin641: raises $1.50 to $2.50
AlexPinsk1: folds 
MoRsCeReBruM: folds 
KarP93: folds 
Uncalled bet ($1.50) returned to tintin641
tintin641 collected $2.50 from pot
tintin641: doesn't show hand 
*** SUMMARY ***
Total pot $2.50 | Rake $0 
Seat 1: YeeesMan folded before Flop (didn't bet)
Seat 2: carlospit300 folded before Flop (didn't bet)
Seat 3: tintin641 collected ($2.50)
Seat 4: AlexPinsk1 (button) folded before Flop (didn't bet)
Seat 5: MoRsCeReBruM (small blind) folded before Flop
Seat 6: KarP93 (big blind) folded before Flop



PokerStars Hand #254547441943:  Hold'em No Limit ($0.50/$1.00 USD) - 2025/01/25 16:59:21 WET [2025/01/25 11:59:21 ET]
Table 'Bishop IV' 6-max Seat #5 is the button
Seat 1: YeeesMan ($100 in chips) 
Seat 2: carlospit300 ($93.68 in chips) 
Seat 3: tintin641 ($110.97 in chips) 
Seat 4: AlexPinsk1 ($105.95 in chips) 
Seat 5: MoRsCeReBruM ($100 in chips) 
Seat 6: KarP93 ($100 in chips) 
KarP93: posts small blind $0.50
YeeesMan: posts big blind $1
*** HOLE CARDS ***
carlospit300: raises $1 to $2
tintin641: folds 
AlexPinsk1: folds 
MoRsCeReBruM: folds 
KarP93: folds 
YeeesMan: folds 
Uncalled bet ($1) returned to carlospit300
carlospit300 collected $2.50 from pot
*** SUMMARY ***
Total pot $2.50 | Rake $0 
Seat 1: YeeesMan (big blind) folded before Flop
Seat 2: carlospit300 collected ($2.50)
Seat 3: tintin641 folded before Flop (didn't bet)
Seat 4: AlexPinsk1 folded before Flop (didn't bet)
Seat 5: MoRsCeReBruM (button) folded before Flop (didn't bet)
Seat 6: KarP93 (small blind) folded before Flop



PokerStars Hand #254547446629:  Hold'em No Limit ($0.50/$1.00 USD) - 2025/01/25 16:59:47 WET [2025/01/25 11:59:47 ET]
Table 'Bishop IV' 6-max Seat #6 is the button
Seat 1: YeeesMan ($100 in chips) 
Seat 2: carlospit300 ($95.18 in chips) 
Seat 3: tintin641 ($110.97 in chips) 
Seat 4: AlexPinsk1 ($105.95 in chips) 
Seat 5: MoRsCeReBruM ($100 in chips) 
Seat 6: KarP93 ($100 in chips) 
YeeesMan: posts small blind $0.50
carlospit300: posts big blind $1
*** HOLE CARDS ***
tintin641: folds 
AlexPinsk1: folds 
MoRsCeReBruM: folds 
KarP93: folds 
YeeesMan: folds 
Uncalled bet ($0.50) returned to carlospit300
carlospit300 collected $1 from pot
*** SUMMARY ***
Total pot $1 | Rake $0 
Seat 1: YeeesMan (small blind) folded before Flop
Seat 2: carlospit300 (big blind) collected ($1)
Seat 3: tintin641 folded before Flop (didn't bet)
Seat 4: AlexPinsk1 folded before Flop (didn't bet)
Seat 5: MoRsCeReBruM folded before Flop (didn't bet)
Seat 6: KarP93 (button) folded before Flop (didn't bet)



PokerStars Hand #254547450104:  Hold'em No Limit ($0.50/$1.00 USD) - 2025/01/25 17:00:06 WET [2025/01/25 12:00:06 ET]
Table 'Bishop IV' 6-max Seat #1 is the button
Seat 1: YeeesMan ($100 in chips) 
Seat 2: carlospit300 ($95.68 in chips) 
Seat 3: tintin641 ($110.97 in chips) 
Seat 4: AlexPinsk1 ($105.95 in chips) 
Seat 5: MoRsCeReBruM ($100 in chips) 
Seat 6: KarP93 ($100 in chips) 
carlospit300: posts small blind $0.50
tintin641: posts big blind $1
*** HOLE CARDS ***
AlexPinsk1: folds 
MoRsCeReBruM: folds 
KarP93: folds 
YeeesMan: folds 
carlospit300: raises $1 to $2
tintin641: folds 
Uncalled bet ($1) returned to carlospit300
carlospit300 collected $2 from pot
*** SUMMARY ***
Total pot $2 | Rake $0 
Seat 1: YeeesMan (button) folded before Flop (didn't bet)
Seat 2: carlospit300 (small blind) collected ($2)
Seat 3: tintin641 (big blind) folded before Flop
Seat 4: AlexPinsk1 folded before Flop (didn't bet)
Seat 5: MoRsCeReBruM folded before Flop (didn't bet)
Seat 6: KarP93 folded before Flop (didn't bet)



PokerStars Hand #254547453937:  Hold'em No Limit ($0.50/$1.00 USD) - 2025/01/25 17:00:26 WET [2025/01/25 12:00:26 ET]
Table 'Bishop IV' 6-max Seat #2 is the button
Seat 1: YeeesMan ($100 in chips) 
Seat 2: carlospit300 ($96.68 in chips) 
Seat 3: tintin641 ($109.97 in chips) 
Seat 4: AlexPinsk1 ($105.95 in chips) 
Seat 5: MoRsCeReBruM ($100 in chips) 
Seat 6: KarP93 ($100 in chips) 
tintin641: posts small blind $0.50
AlexPinsk1: posts big blind $1
*** HOLE CARDS ***
MoRsCeReBruM: folds 
KarP93: folds 
YeeesMan: raises $1.50 to $2.50
carlospit300: folds 
tintin641: folds 
AlexPinsk1: folds 
Uncalled bet ($1.50) returned to YeeesMan
YeeesMan collected $2.50 from pot
YeeesMan: doesn't show hand 
*** SUMMARY ***
Total pot $2.50 | Rake $0 
Seat 1: YeeesMan collected ($2.50)
Seat 2: carlospit300 (button) folded before Flop (didn't bet)
Seat 3: tintin641 (small blind) folded before Flop
Seat 4: AlexPinsk1 (big blind) folded before Flop
Seat 5: MoRsCeReBruM folded before Flop (didn't bet)
Seat 6: KarP93 folded before Flop (didn't bet)



PokerStars Hand #254547456718:  Hold'em No Limit ($0.50/$1.00 USD) - 2025/01/25 17:00:40 WET [2025/01/25 12:00:40 ET]
Table 'Bishop IV' 6-max Seat #3 is the button
Seat 1: YeeesMan ($101.50 in chips) 
Seat 2: carlospit300 ($96.68 in chips) 
Seat 3: tintin641 ($109.47 in chips) 
Seat 4: AlexPinsk1 ($104.95 in chips) 
Seat 5: MoRsCeReBruM ($100 in chips) 
Seat 6: KarP93 ($100 in chips) 
AlexPinsk1: posts small blind $0.50
MoRsCeReBruM: posts big blind $1
*** HOLE CARDS ***
KarP93: folds 
YeeesMan: folds 
carlospit300: folds 
tintin641: raises $1.50 to $2.50
AlexPinsk1: folds 
MoRsCeReBruM: calls $1.50
*** FLOP *** [9h 5d Js]
MoRsCeReBruM: checks 
tintin641: bets $1.72
MoRsCeReBruM: calls $1.72
*** TURN *** [9h 5d Js] [Ad]
MoRsCeReBruM: checks 
tintin641: checks 
*** RIVER *** [9h 5d Js Ad] [7h]
MoRsCeReBruM: bets $12.50
tintin641: folds 
Uncalled bet ($12.50) returned to MoRsCeReBruM
MoRsCeReBruM collected $8.49 from pot
MoRsCeReBruM: doesn't show hand 
*** SUMMARY ***
Total pot $8.94 | Rake $0.45 
Board [9h 5d Js Ad 7h]
Seat 1: YeeesMan folded before Flop (didn't bet)
Seat 2: carlospit300 folded before Flop (didn't bet)
Seat 3: tintin641 (button) folded on the River
Seat 4: AlexPinsk1 (small blind) folded before Flop
Seat 5: MoRsCeReBruM (big blind) collected ($8.49)
Seat 6: KarP93 folded before Flop (didn't bet)



PokerStars Hand #254547474718:  Hold'em No Limit ($0.50/$1.00 USD) - 2025/01/25 17:02:03 WET [2025/01/25 12:02:03 ET]
Table 'Bishop IV' 6-max Seat #4 is the button
Seat 1: YeeesMan ($101.50 in chips) 
Seat 2: carlospit300 ($96.68 in chips) 
Seat 3: tintin641 ($105.25 in chips) 
Seat 4: AlexPinsk1 ($104.45 in chips) 
Seat 5: MoRsCeReBruM ($104.27 in chips) 
Seat 6: KarP93 ($100 in chips) 
MoRsCeReBruM: posts small blind $0.50
KarP93: posts big blind $1
*** HOLE CARDS ***
YeeesMan: folds 
carlospit300: folds 
tintin641: raises $1.50 to $2.50
AlexPinsk1: folds 
MoRsCeReBruM: folds 
KarP93: folds 
Uncalled bet ($1.50) returned to tintin641
tintin641 collected $2.50 from pot
tintin641: doesn't show hand 
*** SUMMARY ***
Total pot $2.50 | Rake $0 
Seat 1: YeeesMan folded before Flop (didn't bet)
Seat 2: carlospit300 folded before Flop (didn't bet)
Seat 3: tintin641 collected ($2.50)
Seat 4: AlexPinsk1 (button) folded before Flop (didn't bet)
Seat 5: MoRsCeReBruM (small blind) folded before Flop
Seat 6: KarP93 (big blind) folded before Flop



PokerStars Hand #254547481085:  Hold'em No Limit ($0.50/$1.00 USD) - 2025/01/25 17:02:30 WET [2025/01/25 12:02:30 ET]
Table 'Bishop IV' 6-max Seat #5 is the button
Seat 1: YeeesMan ($101.50 in chips) 
Seat 2: carlospit300 ($96.68 in chips) 
Seat 3: tintin641 ($106.75 in chips) 
Seat 4: AlexPinsk1 ($104.45 in chips) 
Seat 5: MoRsCeReBruM ($103.77 in chips) 
Seat 6: KarP93 ($100 in chips) 
KarP93: posts small blind $0.50
YeeesMan: posts big blind $1
*** HOLE CARDS ***
carlospit300: folds 
tintin641: raises $1.50 to $2.50
AlexPinsk1: folds 
MoRsCeReBruM: folds 
KarP93: raises $8.50 to $11
YeeesMan: folds 
tintin641: folds 
Uncalled bet ($8.50) returned to KarP93
KarP93 collected $6 from pot
KarP93: doesn't show hand 
*** SUMMARY ***
Total pot $6 | Rake $0 
Seat 1: YeeesMan (big blind) folded before Flop
Seat 2: carlospit300 folded before Flop (didn't bet)
Seat 3: tintin641 folded before Flop
Seat 4: AlexPinsk1 folded before Flop (didn't bet)
Seat 5: MoRsCeReBruM (button) folded before Flop (didn't bet)
Seat 6: KarP93 (small blind) collected ($6)



PokerStars Hand #254547488100:  Hold'em No Limit ($0.50/$1.00 USD) - 2025/01/25 17:02:58 WET [2025/01/25 12:02:58 ET]
Table 'Bishop IV' 6-max Seat #6 is the button
Seat 1: YeeesMan ($100.50 in chips) 
Seat 2: carlospit300 ($96.68 in chips) 
Seat 3: tintin641 ($104.25 in chips) 
Seat 4: AlexPinsk1 ($104.45 in chips) 
Seat 5: MoRsCeReBruM ($103.77 in chips) 
Seat 6: KarP93 ($103.50 in chips) 
YeeesMan: posts small blind $0.50
carlospit300: posts big blind $1
*** HOLE CARDS ***
tintin641: folds 
AlexPinsk1: raises $1.50 to $2.50
MoRsCeReBruM: folds 
KarP93: folds 
YeeesMan: folds 
carlospit300: calls $1.50
*** FLOP *** [Jc Qd 4s]
carlospit300: checks 
AlexPinsk1: bets $3.92
carlospit300: calls $3.92
*** TURN *** [Jc Qd 4s] [Ts]
carlospit300: checks 
AlexPinsk1: checks 
*** RIVER *** [Jc Qd 4s Ts] [9h]
carlospit300: bets $12.67
AlexPinsk1: folds 
Uncalled bet ($12.67) returned to carlospit300
carlospit300 collected $12.67 from pot
*** SUMMARY ***
Total pot $13.34 | Rake $0.67 
Board [Jc Qd 4s Ts 9h]
Seat 1: YeeesMan (small blind) folded before Flop
Seat 2: carlospit300 (big blind) collected ($12.67)
Seat 3: tintin641 folded before Flop (didn't bet)
Seat 4: AlexPinsk1 folded on the River
Seat 5: MoRsCeReBruM folded before Flop (didn't bet)
Seat 6: KarP93 (button) folded before Flop (didn't bet)



PokerStars Hand #254547498776:  Hold'em No Limit ($0.50/$1.00 USD) - 2025/01/25 17:03:44 WET [2025/01/25 12:03:44 ET]
Table 'Bishop IV' 6-max Seat #1 is the button
Seat 1: YeeesMan ($100 in chips) 
Seat 2: carlospit300 ($102.93 in chips) 
Seat 3: tintin641 ($104.25 in chips) 
Seat 4: AlexPinsk1 ($100 in chips) 
Seat 5: MoRsCeReBruM ($103.77 in chips) 
Seat 6: KarP93 ($103.50 in chips) 
carlospit300: posts small blind $0.50
tintin641: posts big blind $1
*** HOLE CARDS ***
AlexPinsk1: folds 
MoRsCeReBruM: folds 
KarP93: folds 
YeeesMan: folds 
carlospit300: raises $1 to $2
tintin641: calls $1
*** FLOP *** [6s 2h 9d]
carlospit300: checks 
tintin641: bets $1.90
carlospit300: calls $1.90
*** TURN *** [6s 2h 9d] [Kc]
carlospit300: checks 
tintin641: checks 
*** RIVER *** [6s 2h 9d Kc] [Jh]
carlospit300: checks 
tintin641: checks 
*** SHOW DOWN ***
carlospit300: shows [8s 9c] (a pair of Nines)
tintin641: mucks hand 
carlospit300 collected $7.41 from pot
*** SUMMARY ***
Total pot $7.80 | Rake $0.39 
Board [6s 2h 9d Kc Jh]
Seat 1: YeeesMan (button) folded before Flop (didn't bet)
Seat 2: carlospit300 (small blind) showed [8s 9c] and won ($7.41) with a pair of Nines
Seat 3: tintin641 (big blind) mucked
Seat 4: AlexPinsk1 folded before Flop (didn't bet)
Seat 5: MoRsCeReBruM folded before Flop (didn't bet)
Seat 6: KarP93 folded before Flop (didn't bet)



PokerStars Hand #254547512763:  Hold'em No Limit ($0.50/$1.00 USD) - 2025/01/25 17:04:43 WET [2025/01/25 12:04:43 ET]
Table 'Bishop IV' 6-max Seat #2 is the button
Seat 1: YeeesMan ($100 in chips) 
Seat 2: carlospit300 ($106.44 in chips) 
Seat 3: tintin641 ($100.35 in chips) 
Seat 4: AlexPinsk1 ($100 in chips) 
Seat 5: MoRsCeReBruM ($103.77 in chips) 
Seat 6: KarP93 ($103.50 in chips) 
tintin641: posts small blind $0.50
AlexPinsk1: posts big blind $1
*** HOLE CARDS ***
MoRsCeReBruM: folds 
KarP93: folds 
YeeesMan: folds 
carlospit300: raises $1 to $2
tintin641: raises $8 to $10
AlexPinsk1: folds 
carlospit300: calls $8
*** FLOP *** [Qc Td Jh]
tintin641: bets $6.58
carlospit300: calls $6.58
*** TURN *** [Qc Td Jh] [Kc]
tintin641: checks 
carlospit300: checks 
*** RIVER *** [Qc Td Jh Kc] [5d]
tintin641: checks 
carlospit300: checks 
*** SHOW DOWN ***
tintin641: shows [Kh Qd] (two pair, Kings and Queens)
carlospit300: shows [Tc Th] (three of a kind, Tens)
carlospit300 collected $32.45 from pot
*** SUMMARY ***
Total pot $34.16 | Rake $1.71 
Board [Qc Td Jh Kc 5d]
Seat 1: YeeesMan folded before Flop (didn't bet)
Seat 2: carlospit300 (button) showed [Tc Th] and won ($32.45) with three of a kind, Tens
Seat 3: tintin641 (small blind) showed [Kh Qd] and lost with two pair, Kings and Queens
Seat 4: AlexPinsk1 (big blind) folded before Flop
Seat 5: MoRsCeReBruM folded before Flop (didn't bet)
Seat 6: KarP93 folded before Flop (didn't bet)



PokerStars Hand #254547529186:  Hold'em No Limit ($0.50/$1.00 USD) - 2025/01/25 17:05:50 WET [2025/01/25 12:05:50 ET]
Table 'Bishop IV' 6-max Seat #3 is the button
Seat 1: YeeesMan ($100 in chips) 
Seat 2: carlospit300 ($122.31 in chips) 
Seat 3: tintin641 ($100 in chips) 
Seat 4: AlexPinsk1 ($100 in chips) 
Seat 5: MoRsCeReBruM ($103.77 in chips) 
Seat 6: KarP93 ($103.50 in chips) 
AlexPinsk1: posts small blind $0.50
MoRsCeReBruM: posts big blind $1
*** HOLE CARDS ***
KarP93: folds 
YeeesMan: folds 
carlospit300: folds 
tintin641: raises $1.50 to $2.50
AlexPinsk1: folds 
MoRsCeReBruM: folds 
Uncalled bet ($1.50) returned to tintin641
tintin641 collected $2.50 from pot
tintin641: doesn't show hand 
*** SUMMARY ***
Total pot $2.50 | Rake $0 
Seat 1: YeeesMan folded before Flop (didn't bet)
Seat 2: carlospit300 folded before Flop (didn't bet)
Seat 3: tintin641 (button) collected ($2.50)
Seat 4: AlexPinsk1 (small blind) folded before Flop
Seat 5: MoRsCeReBruM (big blind) folded before Flop
Seat 6: KarP93 folded before Flop (didn't bet)



PokerStars Hand #254547534958:  Hold'em No Limit ($0.50/$1.00 USD) - 2025/01/25 17:06:13 WET [2025/01/25 12:06:13 ET]
Table 'Bishop IV' 6-max Seat #4 is the button
Seat 1: YeeesMan ($100 in chips) 
Seat 2: carlospit300 ($122.31 in chips) 
Seat 3: tintin641 ($101.50 in chips) 
Seat 4: AlexPinsk1 ($100 in chips) 
Seat 5: MoRsCeReBruM ($102.77 in chips) 
Seat 6: KarP93 ($103.50 in chips) 
MoRsCeReBruM: posts small blind $0.50
KarP93: posts big blind $1
*** HOLE CARDS ***
YeeesMan: folds 
carlospit300: raises $1 to $2
tintin641: folds 
AlexPinsk1: folds 
MoRsCeReBruM: folds 
KarP93: folds 
Uncalled bet ($1) returned to carlospit300
carlospit300 collected $2.50 from pot
*** SUMMARY ***
Total pot $2.50 | Rake $0 
Seat 1: YeeesMan folded before Flop (didn't bet)
Seat 2: carlospit300 collected ($2.50)
Seat 3: tintin641 folded before Flop (didn't bet)
Seat 4: AlexPinsk1 (button) folded before Flop (didn't bet)
Seat 5: MoRsCeReBruM (small blind) folded before Flop
Seat 6: KarP93 (big blind) folded before Flop



PokerStars Hand #254547538407:  Hold'em No Limit ($0.50/$1.00 USD) - 2025/01/25 17:06:28 WET [2025/01/25 12:06:28 ET]
Table 'Bishop IV' 6-max Seat #5 is the button
Seat 1: YeeesMan ($100 in chips) 
Seat 2: carlospit300 ($123.81 in chips) 
Seat 3: tintin641 ($101.50 in chips) 
Seat 4: AlexPinsk1 ($100 in chips) 
Seat 5: MoRsCeReBruM ($102.27 in chips) 
Seat 6: KarP93 ($102.50 in chips) 
KarP93: posts small blind $0.50
YeeesMan: posts big blind $1
*** HOLE CARDS ***
carlospit300: folds 
tintin641: folds 
AlexPinsk1: folds 
MoRsCeReBruM: folds 
KarP93: folds 
Uncalled bet ($0.50) returned to YeeesMan
YeeesMan collected $1 from pot
YeeesMan: doesn't show hand 
*** SUMMARY ***
Total pot $1 | Rake $0 
Seat 1: YeeesMan (big blind) collected ($1)
Seat 2: carlospit300 folded before Flop (didn't bet)
Seat 3: tintin641 folded before Flop (didn't bet)
Seat 4: AlexPinsk1 folded before Flop (didn't bet)
Seat 5: MoRsCeReBruM (button) folded before Flop (didn't bet)
Seat 6: KarP93 (small blind) folded before Flop



PokerStars Hand #254547542304:  Hold'em No Limit ($0.50/$1.00 USD) - 2025/01/25 17:06:43 WET [2025/01/25 12:06:43 ET]
Table 'Bishop IV' 6-max Seat #6 is the button
Seat 1: YeeesMan ($100.50 in chips) 
Seat 2: carlospit300 ($123.81 in chips) 
Seat 3: tintin641 ($101.50 in chips) 
Seat 4: AlexPinsk1 ($100 in chips) 
Seat 5: MoRsCeReBruM ($102.27 in chips) 
Seat 6: KarP93 ($102 in chips) 
YeeesMan: posts small blind $0.50
carlospit300: posts big blind $1
*** HOLE CARDS ***
tintin641: folds 
AlexPinsk1: raises $1.50 to $2.50
MoRsCeReBruM: folds 
KarP93: folds 
YeeesMan: folds 
carlospit300: folds 
Uncalled bet ($1.50) returned to AlexPinsk1
AlexPinsk1 collected $2.50 from pot
AlexPinsk1: doesn't show hand 
*** SUMMARY ***
Total pot $2.50 | Rake $0 
Seat 1: YeeesMan (small blind) folded before Flop
Seat 2: carlospit300 (big blind) folded before Flop
Seat 3: tintin641 folded before Flop (didn't bet)
Seat 4: AlexPinsk1 collected ($2.50)
Seat 5: MoRsCeReBruM folded before Flop (didn't bet)
Seat 6: KarP93 (button) folded before Flop (didn't bet)



PokerStars Hand #254547547190:  Hold'em No Limit ($0.50/$1.00 USD) - 2025/01/25 17:07:03 WET [2025/01/25 12:07:03 ET]
Table 'Bishop IV' 6-max Seat #1 is the button
Seat 1: YeeesMan ($100 in chips) 
Seat 2: carlospit300 ($122.81 in chips) 
Seat 3: tintin641 ($101.50 in chips) 
Seat 4: AlexPinsk1 ($101.50 in chips) 
Seat 5: MoRsCeReBruM ($102.27 in chips) 
Seat 6: KarP93 ($102 in chips) 
carlospit300: posts small blind $0.50
tintin641: posts big blind $1
*** HOLE CARDS ***
AlexPinsk1: folds 
MoRsCeReBruM: folds 
KarP93: folds 
YeeesMan: folds 
carlospit300: folds 
Uncalled bet ($0.50) returned to tintin641
tintin641 collected $1 from pot
tintin641: doesn't show hand 
*** SUMMARY ***
Total pot $1 | Rake $0 
Seat 1: YeeesMan (button) folded before Flop (didn't bet)
Seat 2: carlospit300 (small blind) folded before Flop
Seat 3: tintin641 (big blind) collected ($1)
Seat 4: AlexPinsk1 folded before Flop (didn't bet)
Seat 5: MoRsCeReBruM folded before Flop (didn't bet)
Seat 6: KarP93 folded before Flop (didn't bet)



PokerStars Hand #254547550604:  Hold'em No Limit ($0.50/$1.00 USD) - 2025/01/25 17:07:17 WET [2025/01/25 12:07:17 ET]
Table 'Bishop IV' 6-max Seat #2 is the button
Seat 1: YeeesMan ($100 in chips) 
Seat 2: carlospit300 ($122.31 in chips) 
Seat 3: tintin641 ($102 in chips) 
Seat 4: AlexPinsk1 ($101.50 in chips) 
Seat 5: MoRsCeReBruM ($102.27 in chips) 
Seat 6: KarP93 ($102 in chips) 
tintin641: posts small blind $0.50
AlexPinsk1: posts big blind $1
*** HOLE CARDS ***
MoRsCeReBruM: folds 
KarP93: folds 
YeeesMan: raises $1.50 to $2.50
carlospit300: folds 
tintin641: folds 
AlexPinsk1: folds 
Uncalled bet ($1.50) returned to YeeesMan
YeeesMan collected $2.50 from pot
YeeesMan: doesn't show hand 
*** SUMMARY ***
Total pot $2.50 | Rake $0 
Seat 1: YeeesMan collected ($2.50)
Seat 2: carlospit300 (button) folded before Flop (didn't bet)
Seat 3: tintin641 (small blind) folded before Flop
Seat 4: AlexPinsk1 (big blind) folded before Flop
Seat 5: MoRsCeReBruM folded before Flop (didn't bet)
Seat 6: KarP93 folded before Flop (didn't bet)



PokerStars Hand #254547555085:  Hold'em No Limit ($0.50/$1.00 USD) - 2025/01/25 17:07:36 WET [2025/01/25 12:07:36 ET]
Table 'Bishop IV' 6-max Seat #3 is the button
Seat 1: YeeesMan ($101.50 in chips) 
Seat 2: carlospit300 ($122.31 in chips) 
Seat 3: tintin641 ($101.50 in chips) 
Seat 4: AlexPinsk1 ($100.50 in chips) 
Seat 5: MoRsCeReBruM ($102.27 in chips) 
Seat 6: KarP93 ($102 in chips) 
AlexPinsk1: posts small blind $0.50
MoRsCeReBruM: posts big blind $1
*** HOLE CARDS ***
KarP93: folds 
YeeesMan: raises $1.50 to $2.50
carlospit300: calls $2.50
tintin641: folds 
AlexPinsk1: folds 
MoRsCeReBruM: folds 
*** FLOP *** [7c Jd 2c]
YeeesMan: checks 
carlospit300: checks 
*** TURN *** [7c Jd 2c] [7h]
YeeesMan: checks 
carlospit300: bets $3.09
YeeesMan: calls $3.09
*** RIVER *** [7c Jd 2c 7h] [5d]
YeeesMan: checks 
carlospit300: checks 
*** SHOW DOWN ***
YeeesMan: shows [6h 6d] (two pair, Sevens and Sixes)
carlospit300: shows [Js Th] (two pair, Jacks and Sevens)
carlospit300 collected $12.05 from pot
*** SUMMARY ***
Total pot $12.68 | Rake $0.63 
Board [7c Jd 2c 7h 5d]
Seat 1: YeeesMan showed [6h 6d] and lost with two pair, Sevens and Sixes
Seat 2: carlospit300 showed [Js Th] and won ($12.05) with two pair, Jacks and Sevens
Seat 3: tintin641 (button) folded before Flop (didn't bet)
Seat 4: AlexPinsk1 (small blind) folded before Flop
Seat 5: MoRsCeReBruM (big blind) folded before Flop
Seat 6: KarP93 folded before Flop (didn't bet)



PokerStars Hand #254547573099:  Hold'em No Limit ($0.50/$1.00 USD) - 2025/01/25 17:08:49 WET [2025/01/25 12:08:49 ET]
Table 'Bishop IV' 6-max Seat #4 is the button
Seat 1: YeeesMan ($100 in chips) 
Seat 2: carlospit300 ($128.77 in chips) 
Seat 3: tintin641 ($101.50 in chips) 
Seat 4: AlexPinsk1 ($100 in chips) 
Seat 5: MoRsCeReBruM ($101.27 in chips) 
Seat 6: KarP93 ($102 in chips) 
MoRsCeReBruM: posts small blind $0.50
KarP93: posts big blind $1
*** HOLE CARDS ***
YeeesMan: folds 
carlospit300: folds 
tintin641: folds 
AlexPinsk1: raises $1.50 to $2.50
MoRsCeReBruM: raises $8.50 to $11
KarP93: folds 
AlexPinsk1: folds 
Uncalled bet ($8.50) returned to MoRsCeReBruM
MoRsCeReBruM collected $6 from pot
MoRsCeReBruM: doesn't show hand 
*** SUMMARY ***
Total pot $6 | Rake $0 
Seat 1: YeeesMan folded before Flop (didn't bet)
Seat 2: carlospit300 folded before Flop (didn't bet)
Seat 3: tintin641 folded before Flop (didn't bet)
Seat 4: AlexPinsk1 (button) folded before Flop
Seat 5: MoRsCeReBruM (small blind) collected ($6)
Seat 6: KarP93 (big blind) folded before Flop



PokerStars Hand #254547578308:  Hold'em No Limit ($0.50/$1.00 USD) - 2025/01/25 17:09:11 WET [2025/01/25 12:09:11 ET]
Table 'Bishop IV' 6-max Seat #5 is the button
Seat 1: YeeesMan ($100 in chips) 
Seat 2: carlospit300 ($128.77 in chips) 
Seat 3: tintin641 ($101.50 in chips) 
Seat 4: AlexPinsk1 ($100 in chips) 
Seat 5: MoRsCeReBruM ($104.77 in chips) 
Seat 6: KarP93 ($101 in chips) 
KarP93: posts small blind $0.50
YeeesMan: posts big blind $1
*** HOLE CARDS ***
carlospit300: folds 
tintin641: raises $1.50 to $2.50
AlexPinsk1: raises $5 to $7.50
MoRsCeReBruM: folds 
KarP93: folds 
YeeesMan: folds 
tintin641: folds 
Uncalled bet ($5) returned to AlexPinsk1
AlexPinsk1 collected $6.50 from pot
AlexPinsk1: doesn't show hand 
*** SUMMARY ***
Total pot $6.50 | Rake $0 
Seat 1: YeeesMan (big blind) folded before Flop
Seat 2: carlospit300 folded before Flop (didn't bet)
Seat 3: tintin641 folded before Flop
Seat 4: AlexPinsk1 collected ($6.50)
Seat 5: MoRsCeReBruM (button) folded before Flop (didn't bet)
Seat 6: KarP93 (small blind) folded before Flop



PokerStars Hand #254547583073:  Hold'em No Limit ($0.50/$1.00 USD) - 2025/01/25 17:09:30 WET [2025/01/25 12:09:30 ET]
Table 'Bishop IV' 6-max Seat #6 is the button
Seat 1: YeeesMan ($100 in chips) 
Seat 2: carlospit300 ($128.77 in chips) 
Seat 3: tintin641 ($100 in chips) 
Seat 4: AlexPinsk1 ($104 in chips) 
Seat 5: MoRsCeReBruM ($104.77 in chips) 
Seat 6: KarP93 ($100.50 in chips) 
YeeesMan: posts small blind $0.50
carlospit300: posts big blind $1
*** HOLE CARDS ***
tintin641: folds 
AlexPinsk1: folds 
MoRsCeReBruM: raises $1.20 to $2.20
KarP93: folds 
YeeesMan: folds 
carlospit300: calls $1.20
*** FLOP *** [9c 8c 6d]
carlospit300: checks 
MoRsCeReBruM: bets $3.12
carlospit300: calls $3.12
*** TURN *** [9c 8c 6d] [5s]
carlospit300: checks 
MoRsCeReBruM: checks 
*** RIVER *** [9c 8c 6d 5s] [Ac]
carlospit300: checks 
MoRsCeReBruM: checks 
*** SHOW DOWN ***
carlospit300: shows [Ks Td] (high card Ace)
MoRsCeReBruM: shows [9h Qs] (a pair of Nines)
MoRsCeReBruM collected $10.58 from pot
*** SUMMARY ***
Total pot $11.14 | Rake $0.56 
Board [9c 8c 6d 5s Ac]
Seat 1: YeeesMan (small blind) folded before Flop
Seat 2: carlospit300 (big blind) showed [Ks Td] and lost with high card Ace
Seat 3: tintin641 folded before Flop (didn't bet)
Seat 4: AlexPinsk1 folded before Flop (didn't bet)
Seat 5: MoRsCeReBruM showed [9h Qs] and won ($10.58) with a pair of Nines
Seat 6: KarP93 (button) folded before Flop (didn't bet)



PokerStars Hand #254547594458:  Hold'em No Limit ($0.50/$1.00 USD) - 2025/01/25 17:10:17 WET [2025/01/25 12:10:17 ET]
Table 'Bishop IV' 6-max Seat #1 is the button
Seat 1: YeeesMan ($100 in chips) 
Seat 2: carlospit300 ($123.45 in chips) 
Seat 3: tintin641 ($100 in chips) 
Seat 4: AlexPinsk1 ($104 in chips) 
Seat 5: MoRsCeReBruM ($110.03 in chips) 
Seat 6: KarP93 ($100.50 in chips) 
carlospit300: posts small blind $0.50
tintin641: posts big blind $1
*** HOLE CARDS ***
AlexPinsk1: folds 
MoRsCeReBruM: folds 
KarP93: folds 
YeeesMan: raises $1.50 to $2.50
carlospit300: folds 
tintin641: folds 
Uncalled bet ($1.50) returned to YeeesMan
YeeesMan collected $2.50 from pot
YeeesMan: doesn't show hand 
*** SUMMARY ***
Total pot $2.50 | Rake $0 
Seat 1: YeeesMan (button) collected ($2.50)
Seat 2: carlospit300 (small blind) folded before Flop
Seat 3: tintin641 (big blind) folded before Flop
Seat 4: AlexPinsk1 folded before Flop (didn't bet)
Seat 5: MoRsCeReBruM folded before Flop (didn't bet)
Seat 6: KarP93 folded before Flop (didn't bet)



PokerStars Hand #254547598458:  Hold'em No Limit ($0.50/$1.00 USD) - 2025/01/25 17:10:33 WET [2025/01/25 12:10:33 ET]
Table 'Bishop IV' 6-max Seat #2 is the button
Seat 1: YeeesMan ($101.50 in chips) 
Seat 2: carlospit300 ($122.95 in chips) 
Seat 3: tintin641 ($100 in chips) 
Seat 4: AlexPinsk1 ($104 in chips) 
Seat 5: MoRsCeReBruM ($110.03 in chips) 
Seat 6: KarP93 ($100.50 in chips) 
tintin641: posts small blind $0.50
AlexPinsk1: posts big blind $1
*** HOLE CARDS ***
MoRsCeReBruM: raises $1 to $2
KarP93: folds 
YeeesMan: raises $6 to $8
carlospit300: folds 
tintin641: folds 
AlexPinsk1: folds 
MoRsCeReBruM: folds 
Uncalled bet ($6) returned to YeeesMan
YeeesMan collected $5.50 from pot
YeeesMan: doesn't show hand 
*** SUMMARY ***
Total pot $5.50 | Rake $0 
Seat 1: YeeesMan collected ($5.50)
Seat 2: carlospit300 (button) folded before Flop (didn't bet)
Seat 3: tintin641 (small blind) folded before Flop
Seat 4: AlexPinsk1 (big blind) folded before Flop
Seat 5: MoRsCeReBruM folded before Flop
Seat 6: KarP93 folded before Flop (didn't bet)



PokerStars Hand #254547605427:  Hold'em No Limit ($0.50/$1.00 USD) - 2025/01/25 17:11:01 WET [2025/01/25 12:11:01 ET]
Table 'Bishop IV' 6-max Seat #3 is the button
Seat 1: YeeesMan ($105 in chips) 
Seat 2: carlospit300 ($122.95 in chips) 
Seat 3: tintin641 ($100 in chips) 
Seat 4: AlexPinsk1 ($103 in chips) 
Seat 5: MoRsCeReBruM ($108.03 in chips) 
Seat 6: KarP93 ($100.50 in chips) 
AlexPinsk1: posts small blind $0.50
MoRsCeReBruM: posts big blind $1
*** HOLE CARDS ***
KarP93: raises $1.50 to $2.50
YeeesMan: folds 
carlospit300: calls $2.50
tintin641: folds 
AlexPinsk1: folds 
MoRsCeReBruM: folds 
*** FLOP *** [As 9h 4h]
KarP93: checks 
carlospit300: checks 
*** TURN *** [As 9h 4h] [Jh]
KarP93: checks 
carlospit300: checks 
*** RIVER *** [As 9h 4h Jh] [7c]
KarP93: bets $2.04
carlospit300: folds 
Uncalled bet ($2.04) returned to KarP93
KarP93 collected $6.18 from pot
KarP93: doesn't show hand 
*** SUMMARY ***
Total pot $6.50 | Rake $0.32 
Board [As 9h 4h Jh 7c]
Seat 1: YeeesMan folded before Flop (didn't bet)
Seat 2: carlospit300 folded on the River
Seat 3: tintin641 (button) folded before Flop (didn't bet)
Seat 4: AlexPinsk1 (small blind) folded before Flop
Seat 5: MoRsCeReBruM (big blind) folded before Flop
Seat 6: KarP93 collected ($6.18)



PokerStars Hand #254547614790:  Hold'em No Limit ($0.50/$1.00 USD) - 2025/01/25 17:11:39 WET [2025/01/25 12:11:39 ET]
Table 'Bishop IV' 6-max Seat #4 is the button
Seat 1: YeeesMan ($105 in chips) 
Seat 2: carlospit300 ($120.45 in chips) 
Seat 3: tintin641 ($100 in chips) 
Seat 4: AlexPinsk1 ($102.50 in chips) 
Seat 5: MoRsCeReBruM ($107.03 in chips) 
Seat 6: KarP93 ($104.18 in chips) 
MoRsCeReBruM: posts small blind $0.50
KarP93: posts big blind $1
*** HOLE CARDS ***
YeeesMan: folds 
carlospit300: folds 
tintin641: raises $1.50 to $2.50
AlexPinsk1: raises $5 to $7.50
MoRsCeReBruM: folds 
KarP93: folds 
tintin641: folds 
Uncalled bet ($5) returned to AlexPinsk1
AlexPinsk1 collected $6.50 from pot
AlexPinsk1: doesn't show hand 
*** SUMMARY ***
Total pot $6.50 | Rake $0 
Seat 1: YeeesMan folded before Flop (didn't bet)
Seat 2: carlospit300 folded before Flop (didn't bet)
Seat 3: tintin641 folded before Flop
Seat 4: AlexPinsk1 (button) collected ($6.50)
Seat 5: MoRsCeReBruM (small blind) folded before Flop
Seat 6: KarP93 (big blind) folded before Flop



PokerStars Hand #254547621905:  Hold'em No Limit ($0.50/$1.00 USD) - 2025/01/25 17:12:08 WET [2025/01/25 12:12:08 ET]
Table 'Bishop IV' 6-max Seat #5 is the button
Seat 1: YeeesMan ($105 in chips) 
Seat 2: carlospit300 ($120.45 in chips) 
Seat 3: tintin641 ($100 in chips) 
Seat 4: AlexPinsk1 ($106.50 in chips) 
Seat 5: MoRsCeReBruM ($106.53 in chips) 
Seat 6: KarP93 ($103.18 in chips) 
KarP93: posts small blind $0.50
YeeesMan: posts big blind $1
*** HOLE CARDS ***
carlospit300: folds 
tintin641: raises $1.50 to $2.50
AlexPinsk1: folds 
MoRsCeReBruM: folds 
KarP93: folds 
YeeesMan: folds 
Uncalled bet ($1.50) returned to tintin641
tintin641 collected $2.50 from pot
tintin641: doesn't show hand 
*** SUMMARY ***
Total pot $2.50 | Rake $0 
Seat 1: YeeesMan (big blind) folded before Flop
Seat 2: carlospit300 folded before Flop (didn't bet)
Seat 3: tintin641 collected ($2.50)
Seat 4: AlexPinsk1 folded before Flop (didn't bet)
Seat 5: MoRsCeReBruM (button) folded before Flop (didn't bet)
Seat 6: KarP93 (small blind) folded before Flop



PokerStars Hand #254547625542:  Hold'em No Limit ($0.50/$1.00 USD) - 2025/01/25 17:12:22 WET [2025/01/25 12:12:22 ET]
Table 'Bishop IV' 6-max Seat #6 is the button
Seat 1: YeeesMan ($104 in chips) 
Seat 2: carlospit300 ($120.45 in chips) 
Seat 3: tintin641 ($101.50 in chips) 
Seat 4: AlexPinsk1 ($106.50 in chips) 
Seat 5: MoRsCeReBruM ($106.53 in chips) 
Seat 6: KarP93 ($102.68 in chips) 
YeeesMan: posts small blind $0.50
carlospit300: posts big blind $1
*** HOLE CARDS ***
tintin641: folds 
AlexPinsk1: folds 
MoRsCeReBruM: folds 
KarP93: raises $1.50 to $2.50
YeeesMan: calls $2
carlospit300: calls $1.50
*** FLOP *** [Qd 9c Ts]
YeeesMan: checks 
carlospit300: checks 
KarP93: checks 
*** TURN *** [Qd 9c Ts] [Kc]
YeeesMan: checks 
carlospit300: checks 
KarP93: bets $1
YeeesMan: folds 
carlospit300: folds 
Uncalled bet ($1) returned to KarP93
KarP93 collected $7.12 from pot
KarP93: doesn't show hand 
*** SUMMARY ***
Total pot $7.50 | Rake $0.38 
Board [Qd 9c Ts Kc]
Seat 1: YeeesMan (small blind) folded on the Turn
Seat 2: carlospit300 (big blind) folded on the Turn
Seat 3: tintin641 folded before Flop (didn't bet)
Seat 4: AlexPinsk1 folded before Flop (didn't bet)
Seat 5: MoRsCeReBruM folded before Flop (didn't bet)
Seat 6: KarP93 (button) collected ($7.12)



PokerStars Hand #254547643070:  Hold'em No Limit ($0.50/$1.00 USD) - 2025/01/25 17:13:32 WET [2025/01/25 12:13:32 ET]
Table 'Bishop IV' 6-max Seat #1 is the button
Seat 1: YeeesMan ($101.50 in chips) 
Seat 2: carlospit300 ($117.95 in chips) 
Seat 3: tintin641 ($101.50 in chips) 
Seat 4: AlexPinsk1 ($106.50 in chips) 
Seat 5: MoRsCeReBruM ($106.53 in chips) 
Seat 6: KarP93 ($107.30 in chips) 
carlospit300: posts small blind $0.50
tintin641: posts big blind $1
*** HOLE CARDS ***
AlexPinsk1: folds 
MoRsCeReBruM: folds 
KarP93: folds 
YeeesMan: folds 
carlospit300: folds 
Uncalled bet ($0.50) returned to tintin641
tintin641 collected $1 from pot
tintin641: doesn't show hand 
*** SUMMARY ***
Total pot $1 | Rake $0 
Seat 1: YeeesMan (button) folded before Flop (didn't bet)
Seat 2: carlospit300 (small blind) folded before Flop
Seat 3: tintin641 (big blind) collected ($1)
Seat 4: AlexPinsk1 folded before Flop (didn't bet)
Seat 5: MoRsCeReBruM folded before Flop (didn't bet)
Seat 6: KarP93 folded before Flop (didn't bet)



PokerStars Hand #254547647661:  Hold'em No Limit ($0.50/$1.00 USD) - 2025/01/25 17:13:50 WET [2025/01/25 12:13:50 ET]
Table 'Bishop IV' 6-max Seat #2 is the button
Seat 1: YeeesMan ($101.50 in chips) 
Seat 2: carlospit300 ($117.45 in chips) 
Seat 3: tintin641 ($102 in chips) 
Seat 4: AlexPinsk1 ($106.50 in chips) 
Seat 5: MoRsCeReBruM ($106.53 in chips) 
Seat 6: KarP93 ($107.30 in chips) 
tintin641: posts small blind $0.50
AlexPinsk1: posts big blind $1
*** HOLE CARDS ***
MoRsCeReBruM: folds 
KarP93: folds 
YeeesMan: folds 
carlospit300: folds 
tintin641: raises $2 to $3
AlexPinsk1: folds 
Uncalled bet ($2) returned to tintin641
tintin641 collected $2 from pot
tintin641: doesn't show hand 
*** SUMMARY ***
Total pot $2 | Rake $0 
Seat 1: YeeesMan folded before Flop (didn't bet)
Seat 2: carlospit300 (button) folded before Flop (didn't bet)
Seat 3: tintin641 (small blind) collected ($2)
Seat 4: AlexPinsk1 (big blind) folded before Flop
Seat 5: MoRsCeReBruM folded before Flop (didn't bet)
Seat 6: KarP93 folded before Flop (didn't bet)



PokerStars Hand #254547651029:  Hold'em No Limit ($0.50/$1.00 USD) - 2025/01/25 17:14:03 WET [2025/01/25 12:14:03 ET]
Table 'Bishop IV' 6-max Seat #3 is the button
Seat 1: YeeesMan ($101.50 in chips) 
Seat 2: carlospit300 ($117.45 in chips) 
Seat 3: tintin641 ($103 in chips) 
Seat 4: AlexPinsk1 ($105.50 in chips) 
Seat 5: MoRsCeReBruM ($106.53 in chips) 
Seat 6: KarP93 ($107.30 in chips) 
AlexPinsk1: posts small blind $0.50
MoRsCeReBruM: posts big blind $1
*** HOLE CARDS ***
KarP93: folds 
YeeesMan: folds 
carlospit300: folds 
tintin641: raises $1.50 to $2.50
AlexPinsk1: folds 
MoRsCeReBruM: folds 
Uncalled bet ($1.50) returned to tintin641
tintin641 collected $2.50 from pot
tintin641: doesn't show hand 
*** SUMMARY ***
Total pot $2.50 | Rake $0 
Seat 1: YeeesMan folded before Flop (didn't bet)
Seat 2: carlospit300 folded before Flop (didn't bet)
Seat 3: tintin641 (button) collected ($2.50)
Seat 4: AlexPinsk1 (small blind) folded before Flop
Seat 5: MoRsCeReBruM (big blind) folded before Flop
Seat 6: KarP93 folded before Flop (didn't bet)



PokerStars Hand #254547658027:  Hold'em No Limit ($0.50/$1.00 USD) - 2025/01/25 17:14:31 WET [2025/01/25 12:14:31 ET]
Table 'Bishop IV' 6-max Seat #4 is the button
Seat 1: YeeesMan ($101.50 in chips) 
Seat 2: carlospit300 ($117.45 in chips) 
Seat 3: tintin641 ($104.50 in chips) 
Seat 4: AlexPinsk1 ($105 in chips) 
Seat 5: MoRsCeReBruM ($105.53 in chips) 
Seat 6: KarP93 ($107.30 in chips) 
MoRsCeReBruM: posts small blind $0.50
KarP93: posts big blind $1
*** HOLE CARDS ***
YeeesMan: folds 
carlospit300: folds 
tintin641: folds 
AlexPinsk1: folds 
MoRsCeReBruM: raises $2 to $3
KarP93: calls $2
*** FLOP *** [As 8d 8c]
MoRsCeReBruM: bets $1.43
KarP93: folds 
Uncalled bet ($1.43) returned to MoRsCeReBruM
MoRsCeReBruM collected $5.70 from pot
MoRsCeReBruM: doesn't show hand 
*** SUMMARY ***
Total pot $6 | Rake $0.30 
Board [As 8d 8c]
Seat 1: YeeesMan folded before Flop (didn't bet)
Seat 2: carlospit300 folded before Flop (didn't bet)
Seat 3: tintin641 folded before Flop (didn't bet)
Seat 4: AlexPinsk1 (button) folded before Flop (didn't bet)
Seat 5: MoRsCeReBruM (small blind) collected ($5.70)
Seat 6: KarP93 (big blind) folded on the Flop



PokerStars Hand #254547668047:  Hold'em No Limit ($0.50/$1.00 USD) - 2025/01/25 17:15:11 WET [2025/01/25 12:15:11 ET]
Table 'Bishop IV' 6-max Seat #5 is the button
Seat 1: YeeesMan ($101.50 in chips) is sitting out
Seat 2: carlospit300 ($117.45 in chips) 
Seat 3: tintin641 ($104.50 in chips) 
Seat 4: AlexPinsk1 ($105 in chips) 
Seat 5: MoRsCeReBruM ($108.23 in chips) 
Seat 6: KarP93 ($104.30 in chips) 
KarP93: posts small blind $0.50
YeeesMan: is sitting out 
carlospit300: posts big blind $1
*** HOLE CARDS ***
tintin641: folds 
YeeesMan leaves the table
AlexPinsk1: folds 
MoRsCeReBruM: raises $1.50 to $2.50
KarP93: folds 
carlospit300: folds 
Uncalled bet ($1.50) returned to MoRsCeReBruM
MoRsCeReBruM collected $2.50 from pot
MoRsCeReBruM: doesn't show hand 
alexandr699 joins the table at seat #1 
*** SUMMARY ***
Total pot $2.50 | Rake $0 
Seat 1: YeeesMan
Seat 2: carlospit300 (big blind) folded before Flop
Seat 3: tintin641 folded before Flop (didn't bet)
Seat 4: AlexPinsk1 folded before Flop (didn't bet)
Seat 5: MoRsCeReBruM (button) collected ($2.50)
Seat 6: KarP93 (small blind) folded before Flop



PokerStars Hand #254547673192:  Hold'em No Limit ($0.50/$1.00 USD) - 2025/01/25 17:15:31 WET [2025/01/25 12:15:31 ET]
Table 'Bishop IV' 6-max Seat #6 is the button
Seat 1: alexandr699 ($100 in chips) is sitting out
Seat 2: carlospit300 ($116.45 in chips) 
Seat 3: tintin641 ($104.50 in chips) 
Seat 4: AlexPinsk1 ($105 in chips) 
Seat 5: MoRsCeReBruM ($109.73 in chips) 
Seat 6: KarP93 ($103.80 in chips) 
carlospit300: posts small blind $0.50
tintin641: posts big blind $1
*** HOLE CARDS ***
AlexPinsk1: folds 
MoRsCeReBruM: folds 
KarP93: raises $1.50 to $2.50
carlospit300: calls $2
tintin641: folds 
*** FLOP *** [7c Jc Ks]
carlospit300: checks 
KarP93: checks 
*** TURN *** [7c Jc Ks] [6c]
carlospit300: checks 
KarP93: bets $4.28
carlospit300: calls $4.28
*** RIVER *** [7c Jc Ks 6c] [Ah]
carlospit300: checks 
KarP93: bets $10.37
carlospit300: calls $10.37
*** SHOW DOWN ***
KarP93: shows [3d 4d] (high card Ace)
carlospit300: shows [4c 5c] (a flush, Jack high)
carlospit300 collected $33.54 from pot
*** SUMMARY ***
Total pot $35.30 | Rake $1.76 
Board [7c Jc Ks 6c Ah]
Seat 1: alexandr699
Seat 2: carlospit300 (small blind) showed [4c 5c] and won ($33.54) with a flush, Jack high
Seat 3: tintin641 (big blind) folded before Flop
Seat 4: AlexPinsk1 folded before Flop (didn't bet)
Seat 5: MoRsCeReBruM folded before Flop (didn't bet)
Seat 6: KarP93 (button) showed [3d 4d] and lost with high card Ace



PokerStars Hand #254547684362:  Hold'em No Limit ($0.50/$1.00 USD) - 2025/01/25 17:16:15 WET [2025/01/25 12:16:15 ET]
Table 'Bishop IV' 6-max Seat #2 is the button
Seat 1: alexandr699 ($100 in chips) is sitting out
Seat 2: carlospit300 ($132.84 in chips) 
Seat 3: tintin641 ($103.50 in chips) 
Seat 4: AlexPinsk1 ($105 in chips) 
Seat 5: MoRsCeReBruM ($109.73 in chips) 
Seat 6: KarP93 ($100 in chips) 
tintin641: posts small blind $0.50
AlexPinsk1: posts big blind $1
alexandr699: sits out 
*** HOLE CARDS ***
MoRsCeReBruM: raises $1 to $2
KarP93: calls $2
carlospit300: calls $2
tintin641: folds 
AlexPinsk1: folds 
*** FLOP *** [As 5d Jh]
MoRsCeReBruM: bets $1.78
KarP93: folds 
carlospit300: calls $1.78
*** TURN *** [As 5d Jh] [Jd]
MoRsCeReBruM: bets $7.04
carlospit300: calls $7.04
*** RIVER *** [As 5d Jh Jd] [6s]
MoRsCeReBruM: checks 
carlospit300: checks 
*** SHOW DOWN ***
MoRsCeReBruM: shows [Qd 9d] (a pair of Jacks)
carlospit300: shows [Ac 7s] (two pair, Aces and Jacks)
carlospit300 collected $23.88 from pot
*** SUMMARY ***
Total pot $25.14 | Rake $1.26 
Board [As 5d Jh Jd 6s]
Seat 1: alexandr699
Seat 2: carlospit300 (button) showed [Ac 7s] and won ($23.88) with two pair, Aces and Jacks
Seat 3: tintin641 (small blind) folded before Flop
Seat 4: AlexPinsk1 (big blind) folded before Flop
Seat 5: MoRsCeReBruM showed [Qd 9d] and lost with a pair of Jacks
Seat 6: KarP93 folded on the Flop



PokerStars Hand #254547695693:  Hold'em No Limit ($0.50/$1.00 USD) - 2025/01/25 17:17:00 WET [2025/01/25 12:17:00 ET]
Table 'Bishop IV' 6-max Seat #3 is the button
Seat 1: alexandr699 ($100 in chips) is sitting out
Seat 2: carlospit300 ($145.90 in chips) 
Seat 3: tintin641 ($103 in chips) 
Seat 4: AlexPinsk1 ($104 in chips) 
Seat 5: MoRsCeReBruM ($100 in chips) 
Seat 6: KarP93 ($100 in chips) 
AlexPinsk1: posts small blind $0.50
MoRsCeReBruM: posts big blind $1
alexandr699: sits out 
*** HOLE CARDS ***
KarP93: raises $1.50 to $2.50
carlospit300: folds 
tintin641: folds 
AlexPinsk1: folds 
MoRsCeReBruM: folds 
Uncalled bet ($1.50) returned to KarP93
KarP93 collected $2.50 from pot
KarP93: doesn't show hand 
*** SUMMARY ***
Total pot $2.50 | Rake $0 
Seat 1: alexandr699
Seat 2: carlospit300 folded before Flop (didn't bet)
Seat 3: tintin641 (button) folded before Flop (didn't bet)
Seat 4: AlexPinsk1 (small blind) folded before Flop
Seat 5: MoRsCeReBruM (big blind) folded before Flop
Seat 6: KarP93 collected ($2.50)



PokerStars Hand #254547699381:  Hold'em No Limit ($0.50/$1.00 USD) - 2025/01/25 17:17:14 WET [2025/01/25 12:17:14 ET]
Table 'Bishop IV' 6-max Seat #4 is the button
Seat 6: KarP93 ($101.50 in chips) is sitting out
Seat 1: alexandr699 ($100 in chips) 
Seat 2: carlospit300 ($145.90 in chips) 
Seat 3: tintin641 ($103 in chips) 
Seat 4: AlexPinsk1 ($103.50 in chips) 
Seat 5: MoRsCeReBruM ($100 in chips) 
MoRsCeReBruM: posts small blind $0.50
KarP93: is sitting out 
alexandr699: posts big blind $1
*** HOLE CARDS ***
carlospit300: folds 
tintin641: folds 
AlexPinsk1: folds 
KarP93 leaves the table
kellu567 joins the table at seat #6 
kellu567 is disconnected 
MoRsCeReBruM: folds 
Uncalled bet ($0.50) returned to alexandr699
alexandr699 collected $1 from pot
alexandr699: doesn't show hand 
*** SUMMARY ***
Total pot $1 | Rake $0 
Seat 6: KarP93
Seat 1: alexandr699 (big blind) collected ($1)
Seat 2: carlospit300 folded before Flop (didn't bet)
Seat 3: tintin641 folded before Flop (didn't bet)
Seat 4: AlexPinsk1 (button) folded before Flop (didn't bet)
Seat 5: MoRsCeReBruM (small blind) folded before Flop



PokerStars Hand #254547704584:  Hold'em No Limit ($0.50/$1.00 USD) - 2025/01/25 17:17:35 WET [2025/01/25 12:17:35 ET]
Table 'Bishop IV' 6-max Seat #5 is the button
Seat 6: kellu567 ($10 in chips) is sitting out
Seat 1: alexandr699 ($100.50 in chips) 
Seat 2: carlospit300 ($145.90 in chips) 
Seat 3: tintin641 ($103 in chips) 
Seat 4: AlexPinsk1 ($103.50 in chips) 
Seat 5: MoRsCeReBruM ($100 in chips) 
alexandr699: posts small blind $0.50
carlospit300: posts big blind $1
*** HOLE CARDS ***
tintin641: folds 
AlexPinsk1: folds 
MoRsCeReBruM: raises $1.50 to $2.50
alexandr699: folds 
carlospit300: calls $1.50
*** FLOP *** [9s Qh 7h]
carlospit300: checks 
MoRsCeReBruM: bets $1.31
carlospit300: calls $1.31
*** TURN *** [9s Qh 7h] [Kc]
carlospit300: checks 
MoRsCeReBruM: bets $5.17
carlospit300: folds 
Uncalled bet ($5.17) returned to MoRsCeReBruM
MoRsCeReBruM collected $7.71 from pot
MoRsCeReBruM: doesn't show hand 
*** SUMMARY ***
Total pot $8.12 | Rake $0.41 
Board [9s Qh 7h Kc]
Seat 6: kellu567
Seat 1: alexandr699 (small blind) folded before Flop
Seat 2: carlospit300 (big blind) folded on the Turn
Seat 3: tintin641 folded before Flop (didn't bet)
Seat 4: AlexPinsk1 folded before Flop (didn't bet)
Seat 5: MoRsCeReBruM (button) collected ($7.71)



PokerStars Hand #254547716503:  Hold'em No Limit ($0.50/$1.00 USD) - 2025/01/25 17:18:22 WET [2025/01/25 12:18:22 ET]
Table 'Bishop IV' 6-max Seat #1 is the button
Seat 1: alexandr699 ($100 in chips) 
Seat 2: carlospit300 ($142.09 in chips) 
Seat 3: tintin641 ($103 in chips) 
Seat 4: AlexPinsk1 ($103.50 in chips) 
Seat 5: MoRsCeReBruM ($103.90 in chips) 
Seat 6: kellu567 ($10 in chips) 
carlospit300: posts small blind $0.50
tintin641: posts big blind $1
kellu567: posts big blind $1
*** HOLE CARDS ***
AlexPinsk1: folds 
MoRsCeReBruM has timed out
MoRsCeReBruM: folds 
kellu567: checks 
alexandr699: raises $2.98 to $3.98
carlospit300: calls $3.48
tintin641: folds 
kellu567: folds 
*** FLOP *** [2c Ad Qd]
carlospit300: checks 
alexandr699: bets $2.37
carlospit300: calls $2.37
*** TURN *** [2c Ad Qd] [5s]
carlospit300: checks 
alexandr699: bets $9.07
carlospit300: calls $9.07
*** RIVER *** [2c Ad Qd 5s] [Kh]
carlospit300: checks 
alexandr699: checks 
*** SHOW DOWN ***
carlospit300: shows [3s Ah] (a pair of Aces)
alexandr699: mucks hand 
carlospit300 collected $31.20 from pot
*** SUMMARY ***
Total pot $32.84 | Rake $1.64 
Board [2c Ad Qd 5s Kh]
Seat 1: alexandr699 (button) mucked
Seat 2: carlospit300 (small blind) showed [3s Ah] and won ($31.20) with a pair of Aces
Seat 3: tintin641 (big blind) folded before Flop
Seat 4: AlexPinsk1 folded before Flop (didn't bet)
Seat 5: MoRsCeReBruM folded before Flop (didn't bet)
Seat 6: kellu567 folded before Flop (didn't bet)



PokerStars Hand #254547731163:  Hold'em No Limit ($0.50/$1.00 USD) - 2025/01/25 17:19:19 WET [2025/01/25 12:19:19 ET]
Table 'Bishop IV' 6-max Seat #2 is the button
Seat 1: alexandr699 ($100 in chips) 
Seat 2: carlospit300 ($157.87 in chips) 
Seat 3: tintin641 ($102 in chips) 
Seat 4: AlexPinsk1 ($103.50 in chips) 
Seat 5: MoRsCeReBruM ($103.90 in chips) 
Seat 6: kellu567 ($9 in chips) 
tintin641: posts small blind $0.50
AlexPinsk1: posts big blind $1
*** HOLE CARDS ***
MoRsCeReBruM: folds 
kellu567: folds 
alexandr699: folds 
carlospit300: folds 
tintin641: raises $2 to $3
AlexPinsk1: folds 
Uncalled bet ($2) returned to tintin641
tintin641 collected $2 from pot
tintin641: doesn't show hand 
*** SUMMARY ***
Total pot $2 | Rake $0 
Seat 1: alexandr699 folded before Flop (didn't bet)
Seat 2: carlospit300 (button) folded before Flop (didn't bet)
Seat 3: tintin641 (small blind) collected ($2)
Seat 4: AlexPinsk1 (big blind) folded before Flop
Seat 5: MoRsCeReBruM folded before Flop (didn't bet)
Seat 6: kellu567 folded before Flop (didn't bet)



PokerStars Hand #254547737168:  Hold'em No Limit ($0.50/$1.00 USD) - 2025/01/25 17:19:43 WET [2025/01/25 12:19:43 ET]
Table 'Bishop IV' 6-max Seat #3 is the button
Seat 1: alexandr699 ($100 in chips) 
Seat 2: carlospit300 ($157.87 in chips) 
Seat 3: tintin641 ($103 in chips) 
Seat 4: AlexPinsk1 ($102.50 in chips) 
Seat 5: MoRsCeReBruM ($103.90 in chips) 
Seat 6: kellu567 ($9 in chips) 
AlexPinsk1: posts small blind $0.50
MoRsCeReBruM: posts big blind $1
*** HOLE CARDS ***
kellu567: folds 
alexandr699: folds 
carlospit300: raises $1 to $2
tintin641: folds 
AlexPinsk1: folds 
MoRsCeReBruM: folds 
Uncalled bet ($1) returned to carlospit300
carlospit300 collected $2.50 from pot
*** SUMMARY ***
Total pot $2.50 | Rake $0 
Seat 1: alexandr699 folded before Flop (didn't bet)
Seat 2: carlospit300 collected ($2.50)
Seat 3: tintin641 (button) folded before Flop (didn't bet)
Seat 4: AlexPinsk1 (small blind) folded before Flop
Seat 5: MoRsCeReBruM (big blind) folded before Flop
Seat 6: kellu567 folded before Flop (didn't bet)



PokerStars Hand #254547741512:  Hold'em No Limit ($0.50/$1.00 USD) - 2025/01/25 17:20:00 WET [2025/01/25 12:20:00 ET]
Table 'Bishop IV' 6-max Seat #4 is the button
Seat 1: alexandr699 ($100 in chips) 
Seat 2: carlospit300 ($159.37 in chips) 
Seat 3: tintin641 ($103 in chips) 
Seat 4: AlexPinsk1 ($102 in chips) 
Seat 5: MoRsCeReBruM ($102.90 in chips) 
Seat 6: kellu567 ($9 in chips) 
MoRsCeReBruM: posts small blind $0.50
kellu567: posts big blind $1
*** HOLE CARDS ***
alexandr699: folds 
carlospit300: folds 
tintin641: raises $1.50 to $2.50
AlexPinsk1: folds 
MoRsCeReBruM: folds 
kellu567: calls $1.50
*** FLOP *** [3h Jh 6h]
kellu567: checks 
tintin641: bets $7.83
kellu567: folds 
Uncalled bet ($7.83) returned to tintin641
tintin641 collected $5.22 from pot
tintin641: doesn't show hand 
*** SUMMARY ***
Total pot $5.50 | Rake $0.28 
Board [3h Jh 6h]
Seat 1: alexandr699 folded before Flop (didn't bet)
Seat 2: carlospit300 folded before Flop (didn't bet)
Seat 3: tintin641 collected ($5.22)
Seat 4: AlexPinsk1 (button) folded before Flop (didn't bet)
Seat 5: MoRsCeReBruM (small blind) folded before Flop
Seat 6: kellu567 (big blind) folded on the Flop



PokerStars Hand #254547747290:  Hold'em No Limit ($0.50/$1.00 USD) - 2025/01/25 17:20:23 WET [2025/01/25 12:20:23 ET]
Table 'Bishop IV' 6-max Seat #5 is the button
Seat 1: alexandr699 ($100 in chips) 
Seat 2: carlospit300 ($159.37 in chips) 
Seat 3: tintin641 ($105.72 in chips) 
Seat 4: AlexPinsk1 ($102 in chips) 
Seat 5: MoRsCeReBruM ($102.40 in chips) 
Seat 6: kellu567 ($6.50 in chips) 
kellu567: posts small blind $0.50
alexandr699: posts big blind $1
*** HOLE CARDS ***
carlospit300: folds 
tintin641: folds 
AlexPinsk1: raises $1.50 to $2.50
MoRsCeReBruM: folds 
kellu567: calls $2
alexandr699: folds 
*** FLOP *** [4h Qs Tc]
kellu567: bets $4 and is all-in
AlexPinsk1: calls $4
*** TURN *** [4h Qs Tc] [8h]
*** RIVER *** [4h Qs Tc 8h] [7c]
*** SHOW DOWN ***
kellu567: shows [As 2s] (high card Ace)
AlexPinsk1: shows [Ah 8d] (a pair of Eights)
AlexPinsk1 collected $13.30 from pot
*** SUMMARY ***
Total pot $14 | Rake $0.70 
Board [4h Qs Tc 8h 7c]
Seat 1: alexandr699 (big blind) folded before Flop
Seat 2: carlospit300 folded before Flop (didn't bet)
Seat 3: tintin641 folded before Flop (didn't bet)
Seat 4: AlexPinsk1 showed [Ah 8d] and won ($13.30) with a pair of Eights
Seat 5: MoRsCeReBruM (button) folded before Flop (didn't bet)
Seat 6: kellu567 (small blind) showed [As 2s] and lost with high card Ace



PokerStars Hand #254547757827:  Hold'em No Limit ($0.50/$1.00 USD) - 2025/01/25 17:21:04 WET [2025/01/25 12:21:04 ET]
Table 'Bishop IV' 6-max Seat #1 is the button
Seat 6: kellu567 ($0 in chips) is sitting out
Seat 1: alexandr699 ($100 in chips) 
Seat 2: carlospit300 ($159.37 in chips) 
Seat 3: tintin641 ($105.72 in chips) 
Seat 4: AlexPinsk1 ($108.80 in chips) 
Seat 5: MoRsCeReBruM ($102.40 in chips) 
carlospit300: posts small blind $0.50
tintin641: posts big blind $1
*** HOLE CARDS ***
AlexPinsk1: folds 
MoRsCeReBruM has timed out
MoRsCeReBruM: folds 
alexandr699: raises $1.98 to $2.98
carlospit300: calls $2.48
tintin641: folds 
*** FLOP *** [4h 9h Ts]
carlospit300: checks 
alexandr699: bets $5.62
carlospit300: calls $5.62
*** TURN *** [4h 9h Ts] [As]
carlospit300: checks 
alexandr699: bets $14.70
carlospit300: folds 
Uncalled bet ($14.70) returned to alexandr699
alexandr699 collected $17.29 from pot
alexandr699: doesn't show hand 
*** SUMMARY ***
Total pot $18.20 | Rake $0.91 
Board [4h 9h Ts As]
Seat 6: kellu567
Seat 1: alexandr699 (button) collected ($17.29)
Seat 2: carlospit300 (small blind) folded on the Turn
Seat 3: tintin641 (big blind) folded before Flop
Seat 4: AlexPinsk1 folded before Flop (didn't bet)
Seat 5: MoRsCeReBruM folded before Flop (didn't bet)



PokerStars Hand #254547771495:  Hold'em No Limit ($0.50/$1.00 USD) - 2025/01/25 17:21:58 WET [2025/01/25 12:21:58 ET]
Table 'Bishop IV' 6-max Seat #2 is the button
Seat 6: kellu567 ($0 in chips) is sitting out
Seat 1: alexandr699 ($108.69 in chips) 
Seat 2: carlospit300 ($150.77 in chips) 
Seat 3: tintin641 ($104.72 in chips) 
Seat 4: AlexPinsk1 ($108.80 in chips) 
Seat 5: MoRsCeReBruM ($102.40 in chips) 
tintin641: posts small blind $0.50
AlexPinsk1: posts big blind $1
*** HOLE CARDS ***
MoRsCeReBruM: folds 
alexandr699: folds 
carlospit300: calls $1
tintin641: calls $0.50
AlexPinsk1: checks 
*** FLOP *** [Qc Jd Tc]
tintin641: checks 
AlexPinsk1: checks 
carlospit300: checks 
*** TURN *** [Qc Jd Tc] [Jc]
tintin641: checks 
AlexPinsk1: checks 
carlospit300: bets $1.43
tintin641: calls $1.43
AlexPinsk1: calls $1.43
*** RIVER *** [Qc Jd Tc Jc] [4s]
tintin641: checks 
AlexPinsk1: checks 
carlospit300: checks 
*** SHOW DOWN ***
tintin641: shows [Ts 8c] (two pair, Jacks and Tens)
AlexPinsk1: shows [Qh 2c] (two pair, Queens and Jacks)
carlospit300: shows [9c 5c] (a flush, Queen high)
carlospit300 collected $6.93 from pot
*** SUMMARY ***
Total pot $7.29 | Rake $0.36 
Board [Qc Jd Tc Jc 4s]
Seat 6: kellu567
Seat 1: alexandr699 folded before Flop (didn't bet)
Seat 2: carlospit300 (button) showed [9c 5c] and won ($6.93) with a flush, Queen high
Seat 3: tintin641 (small blind) showed [Ts 8c] and lost with two pair, Jacks and Tens
Seat 4: AlexPinsk1 (big blind) showed [Qh 2c] and lost with two pair, Queens and Jacks
Seat 5: MoRsCeReBruM folded before Flop (didn't bet)



PokerStars Hand #254547786392:  Hold'em No Limit ($0.50/$1.00 USD) - 2025/01/25 17:22:57 WET [2025/01/25 12:22:57 ET]
Table 'Bishop IV' 6-max Seat #3 is the button
Seat 6: kellu567 ($0 in chips) is sitting out
Seat 1: alexandr699 ($108.69 in chips) 
Seat 2: carlospit300 ($155.27 in chips) 
Seat 3: tintin641 ($102.29 in chips) 
Seat 4: AlexPinsk1 ($106.37 in chips) 
Seat 5: MoRsCeReBruM ($102.40 in chips) 
AlexPinsk1: posts small blind $0.50
MoRsCeReBruM: posts big blind $1
*** HOLE CARDS ***
alexandr699: raises $1.98 to $2.98
carlospit300: folds 
tintin641: folds 
AlexPinsk1: folds 
MoRsCeReBruM: folds 
Uncalled bet ($1.98) returned to alexandr699
alexandr699 collected $2.50 from pot
alexandr699: doesn't show hand 
*** SUMMARY ***
Total pot $2.50 | Rake $0 
Seat 6: kellu567
Seat 1: alexandr699 collected ($2.50)
Seat 2: carlospit300 folded before Flop (didn't bet)
Seat 3: tintin641 (button) folded before Flop (didn't bet)
Seat 4: AlexPinsk1 (small blind) folded before Flop
Seat 5: MoRsCeReBruM (big blind) folded before Flop



PokerStars Hand #254547789637:  Hold'em No Limit ($0.50/$1.00 USD) - 2025/01/25 17:23:09 WET [2025/01/25 12:23:09 ET]
Table 'Bishop IV' 6-max Seat #4 is the button
Seat 6: kellu567 ($0 in chips) is sitting out
Seat 1: alexandr699 ($110.19 in chips) 
Seat 2: carlospit300 ($155.27 in chips) 
Seat 3: tintin641 ($102.29 in chips) 
Seat 4: AlexPinsk1 ($105.87 in chips) 
Seat 5: MoRsCeReBruM ($101.40 in chips) 
MoRsCeReBruM: posts small blind $0.50
alexandr699: posts big blind $1
*** HOLE CARDS ***
carlospit300: raises $1 to $2
tintin641: folds 
AlexPinsk1: folds 
MoRsCeReBruM: folds 
alexandr699: calls $1
*** FLOP *** [3h Qs 6s]
alexandr699: checks 
carlospit300: checks 
*** TURN *** [3h Qs 6s] [Qc]
alexandr699: bets $3.64
carlospit300: calls $3.64
*** RIVER *** [3h Qs 6s Qc] [2c]
alexandr699: bets $9.51
carlospit300: calls $9.51
*** SHOW DOWN ***
alexandr699: shows [Tc Ts] (two pair, Queens and Tens)
carlospit300: shows [5c 4h] (a straight, Deuce to Six)
carlospit300 collected $29.26 from pot
*** SUMMARY ***
Total pot $30.80 | Rake $1.54 
Board [3h Qs 6s Qc 2c]
Seat 6: kellu567
Seat 1: alexandr699 (big blind) showed [Tc Ts] and lost with two pair, Queens and Tens
Seat 2: carlospit300 showed [5c 4h] and won ($29.26) with a straight, Deuce to Six
Seat 3: tintin641 folded before Flop (didn't bet)
Seat 4: AlexPinsk1 (button) folded before Flop (didn't bet)
Seat 5: MoRsCeReBruM (small blind) folded before Flop



PokerStars Hand #254547799673:  Hold'em No Limit ($0.50/$1.00 USD) - 2025/01/25 17:23:48 WET [2025/01/25 12:23:48 ET]
Table 'Bishop IV' 6-max Seat #5 is the button
Seat 6: kellu567 ($10 in chips) is sitting out
Seat 1: alexandr699 ($100 in chips) 
Seat 2: carlospit300 ($169.38 in chips) 
Seat 3: tintin641 ($102.29 in chips) 
Seat 4: AlexPinsk1 ($105.87 in chips) 
Seat 5: MoRsCeReBruM ($100.90 in chips) 
alexandr699: posts small blind $0.50
carlospit300: posts big blind $1
*** HOLE CARDS ***
tintin641: folds 
AlexPinsk1: folds 
MoRsCeReBruM: folds 
alexandr699: folds 
Uncalled bet ($0.50) returned to carlospit300
carlospit300 collected $1 from pot
*** SUMMARY ***
Total pot $1 | Rake $0 
Seat 6: kellu567
Seat 1: alexandr699 (small blind) folded before Flop
Seat 2: carlospit300 (big blind) collected ($1)
Seat 3: tintin641 folded before Flop (didn't bet)
Seat 4: AlexPinsk1 folded before Flop (didn't bet)
Seat 5: MoRsCeReBruM (button) folded before Flop (didn't bet)



PokerStars Hand #254547803812:  Hold'em No Limit ($0.50/$1.00 USD) - 2025/01/25 17:24:05 WET [2025/01/25 12:24:05 ET]
Table 'Bishop IV' 6-max Seat #1 is the button
Seat 1: alexandr699 ($100 in chips) 
Seat 2: carlospit300 ($169.88 in chips) 
Seat 3: tintin641 ($102.29 in chips) 
Seat 4: AlexPinsk1 ($105.87 in chips) 
Seat 5: MoRsCeReBruM ($100.90 in chips) 
Seat 6: kellu567 ($10 in chips) 
carlospit300: posts small blind $0.50
tintin641: posts big blind $1
kellu567: posts small & big blinds $1.50
*** HOLE CARDS ***
AlexPinsk1: folds 
MoRsCeReBruM: folds 
kellu567: checks 
alexandr699: raises $3.98 to $4.98
carlospit300: folds 
tintin641: folds 
kellu567: folds 
Uncalled bet ($3.98) returned to alexandr699
alexandr699 collected $4 from pot
alexandr699: doesn't show hand 
*** SUMMARY ***
Total pot $4 | Rake $0 
Seat 1: alexandr699 (button) collected ($4)
Seat 2: carlospit300 (small blind) folded before Flop
Seat 3: tintin641 (big blind) folded before Flop
Seat 4: AlexPinsk1 folded before Flop (didn't bet)
Seat 5: MoRsCeReBruM folded before Flop (didn't bet)
Seat 6: kellu567 folded before Flop (didn't bet)



PokerStars Hand #254547812020:  Hold'em No Limit ($0.50/$1.00 USD) - 2025/01/25 17:24:36 WET [2025/01/25 12:24:36 ET]
Table 'Bishop IV' 6-max Seat #2 is the button
Seat 1: alexandr699 ($103 in chips) 
Seat 2: carlospit300 ($169.38 in chips) 
Seat 3: tintin641 ($101.29 in chips) 
Seat 4: AlexPinsk1 ($105.87 in chips) 
Seat 5: MoRsCeReBruM ($100.90 in chips) 
Seat 6: kellu567 ($8.50 in chips) 
tintin641: posts small blind $0.50
AlexPinsk1: posts big blind $1
*** HOLE CARDS ***
MoRsCeReBruM: raises $1 to $2
kellu567: raises $6.50 to $8.50 and is all-in
alexandr699: folds 
carlospit300: folds 
tintin641: folds 
AlexPinsk1: folds 
MoRsCeReBruM: calls $6.50
*** FLOP *** [3d 7s Kh]
*** TURN *** [3d 7s Kh] [6s]
*** RIVER *** [3d 7s Kh 6s] [8c]
*** SHOW DOWN ***
MoRsCeReBruM: shows [5s As] (high card Ace)
kellu567: shows [Ac 9d] (high card Ace - King+Nine kicker)
kellu567 collected $17.58 from pot
*** SUMMARY ***
Total pot $18.50 | Rake $0.92 
Board [3d 7s Kh 6s 8c]
Seat 1: alexandr699 folded before Flop (didn't bet)
Seat 2: carlospit300 (button) folded before Flop (didn't bet)
Seat 3: tintin641 (small blind) folded before Flop
Seat 4: AlexPinsk1 (big blind) folded before Flop
Seat 5: MoRsCeReBruM showed [5s As] and lost with high card Ace
Seat 6: kellu567 showed [Ac 9d] and won ($17.58) with high card Ace



PokerStars Hand #254547818598:  Hold'em No Limit ($0.50/$1.00 USD) - 2025/01/25 17:25:02 WET [2025/01/25 12:25:02 ET]
Table 'Bishop IV' 6-max Seat #3 is the button
Seat 1: alexandr699 ($103 in chips) 
Seat 2: carlospit300 ($169.38 in chips) 
Seat 3: tintin641 ($100.79 in chips) 
Seat 4: AlexPinsk1 ($104.87 in chips) 
Seat 5: MoRsCeReBruM ($100 in chips) 
Seat 6: kellu567 ($17.58 in chips) 
AlexPinsk1: posts small blind $0.50
MoRsCeReBruM: posts big blind $1
*** HOLE CARDS ***
kellu567: folds 
alexandr699: folds 
carlospit300: raises $1 to $2
tintin641: raises $5.50 to $7.50
AlexPinsk1: folds 
MoRsCeReBruM: folds 
carlospit300: calls $5.50
*** FLOP *** [3h 7c 6c]
carlospit300: checks 
tintin641: checks 
*** TURN *** [3h 7c 6c] [2s]
carlospit300: checks 
tintin641: bets $7.84
carlospit300: calls $7.84
*** RIVER *** [3h 7c 6c 2s] [5d]
carlospit300: checks 
tintin641: checks 
*** SHOW DOWN ***
carlospit300: shows [Tc Ac] (high card Ace)
tintin641: mucks hand 
carlospit300 collected $30.57 from pot
*** SUMMARY ***
Total pot $32.18 | Rake $1.61 
Board [3h 7c 6c 2s 5d]
Seat 1: alexandr699 folded before Flop (didn't bet)
Seat 2: carlospit300 showed [Tc Ac] and won ($30.57) with high card Ace
Seat 3: tintin641 (button) mucked
Seat 4: AlexPinsk1 (small blind) folded before Flop
Seat 5: MoRsCeReBruM (big blind) folded before Flop
Seat 6: kellu567 folded before Flop (didn't bet)



PokerStars Hand #254547834937:  Hold'em No Limit ($0.50/$1.00 USD) - 2025/01/25 17:26:05 WET [2025/01/25 12:26:05 ET]
Table 'Bishop IV' 6-max Seat #4 is the button
Seat 1: alexandr699 ($103 in chips) 
Seat 2: carlospit300 ($184.61 in chips) 
Seat 3: tintin641 ($100 in chips) 
Seat 4: AlexPinsk1 ($104.37 in chips) 
Seat 5: MoRsCeReBruM ($100 in chips) 
Seat 6: kellu567 ($17.58 in chips) 
MoRsCeReBruM: posts small blind $0.50
kellu567: posts big blind $1
*** HOLE CARDS ***
alexandr699: folds 
carlospit300: folds 
tintin641: folds 
AlexPinsk1: folds 
MoRsCeReBruM: raises $2 to $3
kellu567: folds 
Uncalled bet ($2) returned to MoRsCeReBruM
MoRsCeReBruM collected $2 from pot
MoRsCeReBruM: doesn't show hand 
*** SUMMARY ***
Total pot $2 | Rake $0 
Seat 1: alexandr699 folded before Flop (didn't bet)
Seat 2: carlospit300 folded before Flop (didn't bet)
Seat 3: tintin641 folded before Flop (didn't bet)
Seat 4: AlexPinsk1 (button) folded before Flop (didn't bet)
Seat 5: MoRsCeReBruM (small blind) collected ($2)
Seat 6: kellu567 (big blind) folded before Flop



PokerStars Hand #254547840757:  Hold'em No Limit ($0.50/$1.00 USD) - 2025/01/25 17:26:28 WET [2025/01/25 12:26:28 ET]
Table 'Bishop IV' 6-max Seat #5 is the button
Seat 1: alexandr699 ($103 in chips) 
Seat 2: carlospit300 ($184.61 in chips) 
Seat 3: tintin641 ($100 in chips) 
Seat 4: AlexPinsk1 ($104.37 in chips) 
Seat 5: MoRsCeReBruM ($101 in chips) 
Seat 6: kellu567 ($16.58 in chips) 
kellu567: posts small blind $0.50
alexandr699: posts big blind $1
*** HOLE CARDS ***
carlospit300: raises $1 to $2
tintin641: folds 
AlexPinsk1: folds 
MoRsCeReBruM: folds 
kellu567: folds 
alexandr699: calls $1
*** FLOP *** [7h Jd Ah]
alexandr699: checks 
carlospit300: bets $1
alexandr699: calls $1
*** TURN *** [7h Jd Ah] [7d]
alexandr699: checks 
carlospit300: checks 
*** RIVER *** [7h Jd Ah 7d] [9s]
alexandr699: checks 
carlospit300: checks 
*** SHOW DOWN ***
alexandr699: shows [Kc Ts] (a pair of Sevens)
carlospit300: shows [6s Ac] (two pair, Aces and Sevens)
carlospit300 collected $6.18 from pot
*** SUMMARY ***
Total pot $6.50 | Rake $0.32 
Board [7h Jd Ah 7d 9s]
Seat 1: alexandr699 (big blind) showed [Kc Ts] and lost with a pair of Sevens
Seat 2: carlospit300 showed [6s Ac] and won ($6.18) with two pair, Aces and Sevens
Seat 3: tintin641 folded before Flop (didn't bet)
Seat 4: AlexPinsk1 folded before Flop (didn't bet)
Seat 5: MoRsCeReBruM (button) folded before Flop (didn't bet)
Seat 6: kellu567 (small blind) folded before Flop



PokerStars Hand #254547852806:  Hold'em No Limit ($0.50/$1.00 USD) - 2025/01/25 17:27:15 WET [2025/01/25 12:27:15 ET]
Table 'Bishop IV' 6-max Seat #6 is the button
Seat 1: alexandr699 ($100 in chips) 
Seat 2: carlospit300 ($187.79 in chips) 
Seat 3: tintin641 ($100 in chips) 
Seat 4: AlexPinsk1 ($104.37 in chips) 
Seat 5: MoRsCeReBruM ($101 in chips) 
Seat 6: kellu567 ($16.08 in chips) 
alexandr699: posts small blind $0.50
carlospit300: posts big blind $1
*** HOLE CARDS ***
tintin641: raises $1.50 to $2.50
AlexPinsk1: folds 
MoRsCeReBruM: folds 
kellu567: folds 
alexandr699: folds 
carlospit300: calls $1.50
*** FLOP *** [3s Ah Qh]
carlospit300: checks 
tintin641: bets $1.72
carlospit300: calls $1.72
*** TURN *** [3s Ah Qh] [9h]
carlospit300: checks 
tintin641: checks 
*** RIVER *** [3s Ah Qh 9h] [8s]
carlospit300: checks 
tintin641: checks 
*** SHOW DOWN ***
carlospit300: shows [Ac 9c] (two pair, Aces and Nines)
tintin641: mucks hand 
carlospit300 collected $8.49 from pot
*** SUMMARY ***
Total pot $8.94 | Rake $0.45 
Board [3s Ah Qh 9h 8s]
Seat 1: alexandr699 (small blind) folded before Flop
Seat 2: carlospit300 (big blind) showed [Ac 9c] and won ($8.49) with two pair, Aces and Nines
Seat 3: tintin641 mucked
Seat 4: AlexPinsk1 folded before Flop (didn't bet)
Seat 5: MoRsCeReBruM folded before Flop (didn't bet)
Seat 6: kellu567 (button) folded before Flop (didn't bet)



PokerStars Hand #254547863346:  Hold'em No Limit ($0.50/$1.00 USD) - 2025/01/25 17:27:56 WET [2025/01/25 12:27:56 ET]
Table 'Bishop IV' 6-max Seat #1 is the button
Seat 1: alexandr699 ($100 in chips) 
Seat 2: carlospit300 ($192.06 in chips) 
Seat 3: tintin641 ($100 in chips) 
Seat 4: AlexPinsk1 ($104.37 in chips) 
Seat 5: MoRsCeReBruM ($101 in chips) 
Seat 6: kellu567 ($16.08 in chips) 
carlospit300: posts small blind $0.50
tintin641: posts big blind $1
*** HOLE CARDS ***
AlexPinsk1: folds 
MoRsCeReBruM: folds 
kellu567: folds 
alexandr699: raises $1.98 to $2.98
carlospit300: calls $2.48
tintin641: raises $11.02 to $14
alexandr699: calls $11.02
carlospit300: calls $11.02
*** FLOP *** [6d 9c Qc]
carlospit300: checks 
tintin641: bets $13.17
alexandr699: raises $19.62 to $32.79
carlospit300: folds 
tintin641: raises $53.21 to $86 and is all-in
alexandr699: folds 
Uncalled bet ($53.21) returned to tintin641
tintin641 collected $105.08 from pot
tintin641: doesn't show hand 
*** SUMMARY ***
Total pot $107.58 | Rake $2.50 
Board [6d 9c Qc]
Seat 1: alexandr699 (button) folded on the Flop
Seat 2: carlospit300 (small blind) folded on the Flop
Seat 3: tintin641 (big blind) collected ($105.08)
Seat 4: AlexPinsk1 folded before Flop (didn't bet)
Seat 5: MoRsCeReBruM folded before Flop (didn't bet)
Seat 6: kellu567 folded before Flop (didn't bet)



PokerStars Hand #254547886681:  Hold'em No Limit ($0.50/$1.00 USD) - 2025/01/25 17:29:29 WET [2025/01/25 12:29:29 ET]
Table 'Bishop IV' 6-max Seat #2 is the button
Seat 1: alexandr699 ($100 in chips) 
Seat 2: carlospit300 ($178.06 in chips) 
Seat 3: tintin641 ($158.29 in chips) 
Seat 4: AlexPinsk1 ($104.37 in chips) 
Seat 5: MoRsCeReBruM ($101 in chips) 
Seat 6: kellu567 ($16.08 in chips) 
tintin641: posts small blind $0.50
AlexPinsk1: posts big blind $1
*** HOLE CARDS ***
MoRsCeReBruM: folds 
kellu567: calls $1
alexandr699: raises $3.98 to $4.98
carlospit300: calls $4.98
tintin641: folds 
AlexPinsk1: folds 
kellu567: folds 
*** FLOP *** [4s 9d 8h]
alexandr699: bets $7.70
carlospit300: folds 
Uncalled bet ($7.70) returned to alexandr699
alexandr699 collected $11.84 from pot
alexandr699: doesn't show hand 
*** SUMMARY ***
Total pot $12.46 | Rake $0.62 
Board [4s 9d 8h]
Seat 1: alexandr699 collected ($11.84)
Seat 2: carlospit300 (button) folded on the Flop
Seat 3: tintin641 (small blind) folded before Flop
Seat 4: AlexPinsk1 (big blind) folded before Flop
Seat 5: MoRsCeReBruM folded before Flop (didn't bet)
Seat 6: kellu567 folded before Flop



PokerStars Hand #254547937403:  Hold'em No Limit ($0.50/$1.00 USD) - 2025/01/25 17:32:44 WET [2025/01/25 12:32:44 ET]
Table 'Bishop IV' 6-max Seat #1 is the button
Seat 1: alexandr699 ($100 in chips) 
Seat 2: carlospit300 ($172.47 in chips) 
Seat 3: tintin641 ($157.79 in chips) 
Seat 4: AlexPinsk1 ($118.60 in chips) 
Seat 5: MoRsCeReBruM ($100 in chips) 
Seat 6: kellu567 ($13.58 in chips) 
carlospit300: posts small blind $0.50
tintin641: posts big blind $1
*** HOLE CARDS ***
AlexPinsk1: raises $1.50 to $2.50
MoRsCeReBruM: folds 
kellu567: folds 
alexandr699: folds 
carlospit300: folds 
tintin641: folds 
Uncalled bet ($1.50) returned to AlexPinsk1
AlexPinsk1 collected $2.50 from pot
AlexPinsk1: doesn't show hand 
*** SUMMARY ***
Total pot $2.50 | Rake $0 
Seat 1: alexandr699 (button) folded before Flop (didn't bet)
Seat 2: carlospit300 (small blind) folded before Flop
Seat 3: tintin641 (big blind) folded before Flop
Seat 4: AlexPinsk1 collected ($2.50)
Seat 5: MoRsCeReBruM folded before Flop (didn't bet)
Seat 6: kellu567 folded before Flop (didn't bet)



PokerStars Hand #254547944103:  Hold'em No Limit ($0.50/$1.00 USD) - 2025/01/25 17:33:09 WET [2025/01/25 12:33:09 ET]
Table 'Bishop IV' 6-max Seat #2 is the button
Seat 1: alexandr699 ($100 in chips) 
Seat 2: carlospit300 ($171.97 in chips) 
Seat 3: tintin641 ($156.79 in chips) 
Seat 4: AlexPinsk1 ($120.10 in chips) 
Seat 5: MoRsCeReBruM ($100 in chips) 
Seat 6: kellu567 ($13.58 in chips) 
tintin641: posts small blind $0.50
AlexPinsk1: posts big blind $1
*** HOLE CARDS ***
MoRsCeReBruM: folds 
kellu567: raises $1 to $2
alexandr699: folds 
carlospit300: folds 
tintin641: folds 
AlexPinsk1: folds 
Uncalled bet ($1) returned to kellu567
kellu567 collected $2.50 from pot
*** SUMMARY ***
Total pot $2.50 | Rake $0 
Seat 1: alexandr699 folded before Flop (didn't bet)
Seat 2: carlospit300 (button) folded before Flop (didn't bet)
Seat 3: tintin641 (small blind) folded before Flop
Seat 4: AlexPinsk1 (big blind) folded before Flop
Seat 5: MoRsCeReBruM folded before Flop (didn't bet)
Seat 6: kellu567 collected ($2.50)



PokerStars Hand #254547948617:  Hold'em No Limit ($0.50/$1.00 USD) - 2025/01/25 17:33:27 WET [2025/01/25 12:33:27 ET]
Table 'Bishop IV' 6-max Seat #3 is the button
Seat 1: alexandr699 ($100 in chips) 
Seat 2: carlospit300 ($171.97 in chips) 
Seat 3: tintin641 ($156.29 in chips) 
Seat 4: AlexPinsk1 ($119.10 in chips) 
Seat 5: MoRsCeReBruM ($100 in chips) 
Seat 6: kellu567 ($15.08 in chips) 
AlexPinsk1: posts small blind $0.50
MoRsCeReBruM: posts big blind $1
*** HOLE CARDS ***
kellu567: folds 
alexandr699: raises $1.98 to $2.98
carlospit300: folds 
tintin641: folds 
AlexPinsk1: folds 
MoRsCeReBruM: folds 
Uncalled bet ($1.98) returned to alexandr699
alexandr699 collected $2.50 from pot
alexandr699: doesn't show hand 
*** SUMMARY ***
Total pot $2.50 | Rake $0 
Seat 1: alexandr699 collected ($2.50)
Seat 2: carlospit300 folded before Flop (didn't bet)
Seat 3: tintin641 (button) folded before Flop (didn't bet)
Seat 4: AlexPinsk1 (small blind) folded before Flop
Seat 5: MoRsCeReBruM (big blind) folded before Flop
Seat 6: kellu567 folded before Flop (didn't bet)



PokerStars Hand #254547953027:  Hold'em No Limit ($0.50/$1.00 USD) - 2025/01/25 17:33:44 WET [2025/01/25 12:33:44 ET]
Table 'Bishop IV' 6-max Seat #4 is the button
Seat 1: alexandr699 ($101.50 in chips) 
Seat 2: carlospit300 ($171.97 in chips) 
Seat 3: tintin641 ($156.29 in chips) 
Seat 4: AlexPinsk1 ($118.60 in chips) 
Seat 5: MoRsCeReBruM ($100 in chips) 
Seat 6: kellu567 ($15.08 in chips) 
MoRsCeReBruM: posts small blind $0.50
kellu567: posts big blind $1
*** HOLE CARDS ***
alexandr699: folds 
carlospit300: folds 
tintin641: folds 
AlexPinsk1: raises $1.50 to $2.50
MoRsCeReBruM: folds 
kellu567: folds 
Uncalled bet ($1.50) returned to AlexPinsk1
AlexPinsk1 collected $2.50 from pot
AlexPinsk1: doesn't show hand 
*** SUMMARY ***
Total pot $2.50 | Rake $0 
Seat 1: alexandr699 folded before Flop (didn't bet)
Seat 2: carlospit300 folded before Flop (didn't bet)
Seat 3: tintin641 folded before Flop (didn't bet)
Seat 4: AlexPinsk1 (button) collected ($2.50)
Seat 5: MoRsCeReBruM (small blind) folded before Flop
Seat 6: kellu567 (big blind) folded before Flop



PokerStars Hand #254547961716:  Hold'em No Limit ($0.50/$1.00 USD) - 2025/01/25 17:34:17 WET [2025/01/25 12:34:17 ET]
Table 'Bishop IV' 6-max Seat #5 is the button
Seat 1: alexandr699 ($101.50 in chips) 
Seat 2: carlospit300 ($171.97 in chips) 
Seat 3: tintin641 ($156.29 in chips) 
Seat 4: AlexPinsk1 ($120.10 in chips) 
Seat 5: MoRsCeReBruM ($100 in chips) 
Seat 6: kellu567 ($14.08 in chips) 
kellu567: posts small blind $0.50
alexandr699: posts big blind $1
*** HOLE CARDS ***
carlospit300: folds 
tintin641: folds 
AlexPinsk1: folds 
MoRsCeReBruM: folds 
kellu567: raises $1 to $2
alexandr699: folds 
Uncalled bet ($1) returned to kellu567
kellu567 collected $2 from pot
*** SUMMARY ***
Total pot $2 | Rake $0 
Seat 1: alexandr699 (big blind) folded before Flop
Seat 2: carlospit300 folded before Flop (didn't bet)
Seat 3: tintin641 folded before Flop (didn't bet)
Seat 4: AlexPinsk1 folded before Flop (didn't bet)
Seat 5: MoRsCeReBruM (button) folded before Flop (didn't bet)
Seat 6: kellu567 (small blind) collected ($2)



PokerStars Hand #254547966433:  Hold'em No Limit ($0.50/$1.00 USD) - 2025/01/25 17:34:35 WET [2025/01/25 12:34:35 ET]
Table 'Bishop IV' 6-max Seat #6 is the button
Seat 1: alexandr699 ($100.50 in chips) 
Seat 2: carlospit300 ($171.97 in chips) 
Seat 3: tintin641 ($156.29 in chips) 
Seat 4: AlexPinsk1 ($120.10 in chips) 
Seat 5: MoRsCeReBruM ($100 in chips) 
Seat 6: kellu567 ($15.08 in chips) 
alexandr699: posts small blind $0.50
carlospit300: posts big blind $1
*** HOLE CARDS ***
tintin641: folds 
AlexPinsk1: folds 
MoRsCeReBruM: folds 
kellu567: folds 
alexandr699: raises $1.98 to $2.98
carlospit300: folds 
Uncalled bet ($1.98) returned to alexandr699
alexandr699 collected $2 from pot
alexandr699: doesn't show hand 
*** SUMMARY ***
Total pot $2 | Rake $0 
Seat 1: alexandr699 (small blind) collected ($2)
Seat 2: carlospit300 (big blind) folded before Flop
Seat 3: tintin641 folded before Flop (didn't bet)
Seat 4: AlexPinsk1 folded before Flop (didn't bet)
Seat 5: MoRsCeReBruM folded before Flop (didn't bet)
Seat 6: kellu567 (button) folded before Flop (didn't bet)



PokerStars Hand #254547974630:  Hold'em No Limit ($0.50/$1.00 USD) - 2025/01/25 17:35:07 WET [2025/01/25 12:35:07 ET]
Table 'Bishop IV' 6-max Seat #1 is the button
Seat 1: alexandr699 ($101.50 in chips) 
Seat 2: carlospit300 ($170.97 in chips) 
Seat 3: tintin641 ($156.29 in chips) 
Seat 4: AlexPinsk1 ($120.10 in chips) 
Seat 5: MoRsCeReBruM ($100 in chips) 
Seat 6: kellu567 ($15.08 in chips) 
carlospit300: posts small blind $0.50
tintin641: posts big blind $1
*** HOLE CARDS ***
AlexPinsk1: folds 
MoRsCeReBruM: folds 
kellu567: folds 
alexandr699: raises $1.98 to $2.98
carlospit300: calls $2.48
tintin641: calls $1.98
*** FLOP *** [3h 3s Th]
carlospit300: checks 
tintin641: checks 
alexandr699: bets $2.12
carlospit300: calls $2.12
tintin641: folds 
*** TURN *** [3h 3s Th] [Ts]
carlospit300: checks 
alexandr699: checks 
*** RIVER *** [3h 3s Th Ts] [Tc]
carlospit300: checks 
alexandr699: checks 
*** SHOW DOWN ***
carlospit300: shows [Ah Jc] (a full house, Tens full of Threes)
alexandr699: shows [Kh 4c] (a full house, Tens full of Threes)
carlospit300 collected $6.26 from pot
alexandr699 collected $6.26 from pot
*** SUMMARY ***
Total pot $13.18 | Rake $0.66 
Board [3h 3s Th Ts Tc]
Seat 1: alexandr699 (button) showed [Kh 4c] and won ($6.26) with a full house, Tens full of Threes
Seat 2: carlospit300 (small blind) showed [Ah Jc] and won ($6.26) with a full house, Tens full of Threes
Seat 3: tintin641 (big blind) folded on the Flop
Seat 4: AlexPinsk1 folded before Flop (didn't bet)
Seat 5: MoRsCeReBruM folded before Flop (didn't bet)
Seat 6: kellu567 folded before Flop (didn't bet)



PokerStars Hand #254547990092:  Hold'em No Limit ($0.50/$1.00 USD) - 2025/01/25 17:36:06 WET [2025/01/25 12:36:06 ET]
Table 'Bishop IV' 6-max Seat #2 is the button
Seat 1: alexandr699 ($102.66 in chips) 
Seat 2: carlospit300 ($172.13 in chips) 
Seat 3: tintin641 ($153.31 in chips) 
Seat 4: AlexPinsk1 ($120.10 in chips) 
Seat 5: MoRsCeReBruM ($100 in chips) 
Seat 6: kellu567 ($15.08 in chips) 
tintin641: posts small blind $0.50
AlexPinsk1: posts big blind $1
*** HOLE CARDS ***
MoRsCeReBruM: folds 
kellu567: raises $1 to $2
alexandr699: folds 
carlospit300: folds 
tintin641: folds 
AlexPinsk1: folds 
Uncalled bet ($1) returned to kellu567
kellu567 collected $2.50 from pot
*** SUMMARY ***
Total pot $2.50 | Rake $0 
Seat 1: alexandr699 folded before Flop (didn't bet)
Seat 2: carlospit300 (button) folded before Flop (didn't bet)
Seat 3: tintin641 (small blind) folded before Flop
Seat 4: AlexPinsk1 (big blind) folded before Flop
Seat 5: MoRsCeReBruM folded before Flop (didn't bet)
Seat 6: kellu567 collected ($2.50)



PokerStars Hand #254547999954:  Hold'em No Limit ($0.50/$1.00 USD) - 2025/01/25 17:36:44 WET [2025/01/25 12:36:44 ET]
Table 'Bishop IV' 6-max Seat #3 is the button
Seat 1: alexandr699 ($102.66 in chips) 
Seat 2: carlospit300 ($172.13 in chips) 
Seat 3: tintin641 ($152.81 in chips) 
Seat 4: AlexPinsk1 ($119.10 in chips) 
Seat 5: MoRsCeReBruM ($100 in chips) 
Seat 6: kellu567 ($16.58 in chips) 
AlexPinsk1: posts small blind $0.50
MoRsCeReBruM: posts big blind $1
*** HOLE CARDS ***
kellu567: folds 
alexandr699: raises $1.98 to $2.98
carlospit300: folds 
tintin641: folds 
AlexPinsk1: folds 
MoRsCeReBruM: folds 
Uncalled bet ($1.98) returned to alexandr699
alexandr699 collected $2.50 from pot
alexandr699: doesn't show hand 
*** SUMMARY ***
Total pot $2.50 | Rake $0 
Seat 1: alexandr699 collected ($2.50)
Seat 2: carlospit300 folded before Flop (didn't bet)
Seat 3: tintin641 (button) folded before Flop (didn't bet)
Seat 4: AlexPinsk1 (small blind) folded before Flop
Seat 5: MoRsCeReBruM (big blind) folded before Flop
Seat 6: kellu567 folded before Flop (didn't bet)



PokerStars Hand #254548004137:  Hold'em No Limit ($0.50/$1.00 USD) - 2025/01/25 17:37:00 WET [2025/01/25 12:37:00 ET]
Table 'Bishop IV' 6-max Seat #4 is the button
Seat 1: alexandr699 ($104.16 in chips) 
Seat 2: carlospit300 ($172.13 in chips) 
Seat 3: tintin641 ($152.81 in chips) 
Seat 4: AlexPinsk1 ($118.60 in chips) 
Seat 5: MoRsCeReBruM ($100 in chips) 
Seat 6: kellu567 ($16.58 in chips) 
MoRsCeReBruM: posts small blind $0.50
kellu567: posts big blind $1
*** HOLE CARDS ***
alexandr699: folds 
carlospit300: folds 
tintin641: folds 
AlexPinsk1: folds 
MoRsCeReBruM: raises $2 to $3
kellu567: folds 
Uncalled bet ($2) returned to MoRsCeReBruM
MoRsCeReBruM collected $2 from pot
MoRsCeReBruM: doesn't show hand 
*** SUMMARY ***
Total pot $2 | Rake $0 
Seat 1: alexandr699 folded before Flop (didn't bet)
Seat 2: carlospit300 folded before Flop (didn't bet)
Seat 3: tintin641 folded before Flop (didn't bet)
Seat 4: AlexPinsk1 (button) folded before Flop (didn't bet)
Seat 5: MoRsCeReBruM (small blind) collected ($2)
Seat 6: kellu567 (big blind) folded before Flop



PokerStars Hand #254548008507:  Hold'em No Limit ($0.50/$1.00 USD) - 2025/01/25 17:37:17 WET [2025/01/25 12:37:17 ET]
Table 'Bishop IV' 6-max Seat #5 is the button
Seat 1: alexandr699 ($104.16 in chips) 
Seat 2: carlospit300 ($172.13 in chips) 
Seat 3: tintin641 ($152.81 in chips) 
Seat 4: AlexPinsk1 ($118.60 in chips) 
Seat 5: MoRsCeReBruM ($101 in chips) 
Seat 6: kellu567 ($15.58 in chips) 
kellu567: posts small blind $0.50
alexandr699: posts big blind $1
*** HOLE CARDS ***
carlospit300: raises $1 to $2
tintin641: folds 
AlexPinsk1: folds 
MoRsCeReBruM: folds 
kellu567: folds 
alexandr699: folds 
Uncalled bet ($1) returned to carlospit300
carlospit300 collected $2.50 from pot
*** SUMMARY ***
Total pot $2.50 | Rake $0 
Seat 1: alexandr699 (big blind) folded before Flop
Seat 2: carlospit300 collected ($2.50)
Seat 3: tintin641 folded before Flop (didn't bet)
Seat 4: AlexPinsk1 folded before Flop (didn't bet)
Seat 5: MoRsCeReBruM (button) folded before Flop (didn't bet)
Seat 6: kellu567 (small blind) folded before Flop



PokerStars Hand #254548013224:  Hold'em No Limit ($0.50/$1.00 USD) - 2025/01/25 17:37:35 WET [2025/01/25 12:37:35 ET]
Table 'Bishop IV' 6-max Seat #6 is the button
Seat 1: alexandr699 ($103.16 in chips) 
Seat 2: carlospit300 ($173.63 in chips) 
Seat 3: tintin641 ($152.81 in chips) 
Seat 4: AlexPinsk1 ($118.60 in chips) 
Seat 5: MoRsCeReBruM ($101 in chips) 
Seat 6: kellu567 ($15.08 in chips) 
alexandr699: posts small blind $0.50
carlospit300: posts big blind $1
*** HOLE CARDS ***
tintin641: raises $1.50 to $2.50
AlexPinsk1: folds 
MoRsCeReBruM: folds 
kellu567: folds 
alexandr699: folds 
carlospit300: calls $1.50
*** FLOP *** [7d Qh Jh]
carlospit300: checks 
tintin641: checks 
*** TURN *** [7d Qh Jh] [3h]
carlospit300: checks 
tintin641: checks 
*** RIVER *** [7d Qh Jh 3h] [6s]
carlospit300: checks 
tintin641: checks 
*** SHOW DOWN ***
carlospit300: shows [Ad Kc] (high card Ace)
tintin641: shows [8d 8c] (a pair of Eights)
tintin641 collected $5.22 from pot
*** SUMMARY ***
Total pot $5.50 | Rake $0.28 
Board [7d Qh Jh 3h 6s]
Seat 1: alexandr699 (small blind) folded before Flop
Seat 2: carlospit300 (big blind) showed [Ad Kc] and lost with high card Ace
Seat 3: tintin641 showed [8d 8c] and won ($5.22) with a pair of Eights
Seat 4: AlexPinsk1 folded before Flop (didn't bet)
Seat 5: MoRsCeReBruM folded before Flop (didn't bet)
Seat 6: kellu567 (button) folded before Flop (didn't bet)



PokerStars Hand #254548024506:  Hold'em No Limit ($0.50/$1.00 USD) - 2025/01/25 17:38:19 WET [2025/01/25 12:38:19 ET]
Table 'Bishop IV' 6-max Seat #1 is the button
Seat 1: alexandr699 ($102.66 in chips) 
Seat 2: carlospit300 ($171.13 in chips) 
Seat 3: tintin641 ($155.53 in chips) 
Seat 4: AlexPinsk1 ($118.60 in chips) 
Seat 5: MoRsCeReBruM ($101 in chips) 
Seat 6: kellu567 ($15.08 in chips) 
carlospit300: posts small blind $0.50
tintin641: posts big blind $1
*** HOLE CARDS ***
AlexPinsk1: folds 
MoRsCeReBruM: folds 
kellu567: calls $1
alexandr699: raises $3.98 to $4.98
carlospit300: folds 
tintin641: folds 
kellu567: folds 
Uncalled bet ($3.98) returned to alexandr699
alexandr699 collected $3.50 from pot
alexandr699: doesn't show hand 
*** SUMMARY ***
Total pot $3.50 | Rake $0 
Seat 1: alexandr699 (button) collected ($3.50)
Seat 2: carlospit300 (small blind) folded before Flop
Seat 3: tintin641 (big blind) folded before Flop
Seat 4: AlexPinsk1 folded before Flop (didn't bet)
Seat 5: MoRsCeReBruM folded before Flop (didn't bet)
Seat 6: kellu567 folded before Flop



PokerStars Hand #254548030310:  Hold'em No Limit ($0.50/$1.00 USD) - 2025/01/25 17:38:41 WET [2025/01/25 12:38:41 ET]
Table 'Bishop IV' 6-max Seat #2 is the button
Seat 1: alexandr699 ($105.16 in chips) 
Seat 2: carlospit300 ($170.63 in chips) 
Seat 3: tintin641 ($154.53 in chips) 
Seat 4: AlexPinsk1 ($118.60 in chips) 
Seat 5: MoRsCeReBruM ($101 in chips) 
Seat 6: kellu567 ($14.08 in chips) 
tintin641: posts small blind $0.50
AlexPinsk1: posts big blind $1
*** HOLE CARDS ***
MoRsCeReBruM: raises $1 to $2
kellu567: folds 
alexandr699: folds 
carlospit300: calls $2
tintin641: raises $11 to $13
AlexPinsk1: folds 
MoRsCeReBruM: folds 
carlospit300: calls $11
*** FLOP *** [6c 6h 5h]
tintin641: bets $13.78
carlospit300: calls $13.78
*** TURN *** [6c 6h 5h] [5d]
tintin641: checks 
carlospit300: checks 
*** RIVER *** [6c 6h 5h 5d] [8d]
tintin641: checks 
carlospit300: bets $27.03
tintin641: calls $27.03
*** SHOW DOWN ***
carlospit300: shows [9d Tc] (two pair, Sixes and Fives)
tintin641: shows [Kc Ah] (two pair, Sixes and Fives - Ace kicker)
tintin641 collected $108.12 from pot
*** SUMMARY ***
Total pot $110.62 | Rake $2.50 
Board [6c 6h 5h 5d 8d]
Seat 1: alexandr699 folded before Flop (didn't bet)
Seat 2: carlospit300 (button) showed [9d Tc] and lost with two pair, Sixes and Fives
Seat 3: tintin641 (small blind) showed [Kc Ah] and won ($108.12) with two pair, Sixes and Fives
Seat 4: AlexPinsk1 (big blind) folded before Flop
Seat 5: MoRsCeReBruM folded before Flop
Seat 6: kellu567 folded before Flop (didn't bet)



PokerStars Hand #254548052889:  Hold'em No Limit ($0.50/$1.00 USD) - 2025/01/25 17:40:08 WET [2025/01/25 12:40:08 ET]
Table 'Bishop IV' 6-max Seat #3 is the button
Seat 1: alexandr699 ($105.16 in chips) 
Seat 2: carlospit300 ($116.82 in chips) 
Seat 3: tintin641 ($208.84 in chips) 
Seat 4: AlexPinsk1 ($117.60 in chips) 
Seat 5: MoRsCeReBruM ($100 in chips) 
Seat 6: kellu567 ($14.08 in chips) 
AlexPinsk1: posts small blind $0.50
MoRsCeReBruM: posts big blind $1
*** HOLE CARDS ***
kellu567: folds 
alexandr699: raises $1.98 to $2.98
carlospit300: calls $2.98
tintin641: folds 
AlexPinsk1: folds 
MoRsCeReBruM: calls $1.98
*** FLOP *** [3h 4s Td]
MoRsCeReBruM: checks 
alexandr699: bets $7.62
carlospit300: calls $7.62
MoRsCeReBruM: folds 
*** TURN *** [3h 4s Td] [Qd]
alexandr699: checks 
carlospit300: checks 
*** RIVER *** [3h 4s Td Qd] [7c]
alexandr699: checks 
carlospit300: bets $5
alexandr699: calls $5
*** SHOW DOWN ***
carlospit300: shows [Kd 6h] (high card King)
alexandr699: shows [9h Th] (a pair of Tens)
alexandr699 collected $32.95 from pot
*** SUMMARY ***
Total pot $34.68 | Rake $1.73 
Board [3h 4s Td Qd 7c]
Seat 1: alexandr699 showed [9h Th] and won ($32.95) with a pair of Tens
Seat 2: carlospit300 showed [Kd 6h] and lost with high card King
Seat 3: tintin641 (button) folded before Flop (didn't bet)
Seat 4: AlexPinsk1 (small blind) folded before Flop
Seat 5: MoRsCeReBruM (big blind) folded on the Flop
Seat 6: kellu567 folded before Flop (didn't bet)



PokerStars Hand #254548072624:  Hold'em No Limit ($0.50/$1.00 USD) - 2025/01/25 17:41:24 WET [2025/01/25 12:41:24 ET]
Table 'Bishop IV' 6-max Seat #4 is the button
Seat 1: alexandr699 ($122.51 in chips) 
Seat 2: carlospit300 ($101.22 in chips) 
Seat 3: tintin641 ($208.84 in chips) 
Seat 4: AlexPinsk1 ($117.10 in chips) 
Seat 5: MoRsCeReBruM ($100 in chips) 
Seat 6: kellu567 ($14.08 in chips) 
MoRsCeReBruM: posts small blind $0.50
kellu567: posts big blind $1
*** HOLE CARDS ***
alexandr699: folds 
carlospit300: raises $1 to $2
tintin641: folds 
AlexPinsk1: folds 
MoRsCeReBruM: folds 
kellu567: folds 
Uncalled bet ($1) returned to carlospit300
carlospit300 collected $2.50 from pot
*** SUMMARY ***
Total pot $2.50 | Rake $0 
Seat 1: alexandr699 folded before Flop (didn't bet)
Seat 2: carlospit300 collected ($2.50)
Seat 3: tintin641 folded before Flop (didn't bet)
Seat 4: AlexPinsk1 (button) folded before Flop (didn't bet)
Seat 5: MoRsCeReBruM (small blind) folded before Flop
Seat 6: kellu567 (big blind) folded before Flop



PokerStars Hand #254548076673:  Hold'em No Limit ($0.50/$1.00 USD) - 2025/01/25 17:41:39 WET [2025/01/25 12:41:39 ET]
Table 'Bishop IV' 6-max Seat #5 is the button
Seat 1: alexandr699 ($122.51 in chips) 
Seat 2: carlospit300 ($102.72 in chips) 
Seat 3: tintin641 ($208.84 in chips) 
Seat 4: AlexPinsk1 ($117.10 in chips) 
Seat 5: MoRsCeReBruM ($100 in chips) 
Seat 6: kellu567 ($13.08 in chips) 
kellu567: posts small blind $0.50
alexandr699: posts big blind $1
*** HOLE CARDS ***
carlospit300: raises $1 to $2
tintin641: folds 
AlexPinsk1: folds 
MoRsCeReBruM: folds 
kellu567: folds 
alexandr699: calls $1
*** FLOP *** [2h Td 5s]
alexandr699: checks 
carlospit300: checks 
*** TURN *** [2h Td 5s] [Qc]
alexandr699: bets $2.78
carlospit300: folds 
Uncalled bet ($2.78) returned to alexandr699
alexandr699 collected $4.28 from pot
alexandr699: doesn't show hand 
*** SUMMARY ***
Total pot $4.50 | Rake $0.22 
Board [2h Td 5s Qc]
Seat 1: alexandr699 (big blind) collected ($4.28)
Seat 2: carlospit300 folded on the Turn
Seat 3: tintin641 folded before Flop (didn't bet)
Seat 4: AlexPinsk1 folded before Flop (didn't bet)
Seat 5: MoRsCeReBruM (button) folded before Flop (didn't bet)
Seat 6: kellu567 (small blind) folded before Flop



PokerStars Hand #254548084368:  Hold'em No Limit ($0.50/$1.00 USD) - 2025/01/25 17:42:10 WET [2025/01/25 12:42:10 ET]
Table 'Bishop IV' 6-max Seat #6 is the button
Seat 1: alexandr699 ($124.79 in chips) 
Seat 2: carlospit300 ($100.72 in chips) 
Seat 3: tintin641 ($208.84 in chips) 
Seat 4: AlexPinsk1 ($117.10 in chips) 
Seat 5: MoRsCeReBruM ($100 in chips) 
Seat 6: kellu567 ($12.58 in chips) 
alexandr699: posts small blind $0.50
carlospit300: posts big blind $1
*** HOLE CARDS ***
tintin641: raises $1.50 to $2.50
AlexPinsk1: raises $5 to $7.50
MoRsCeReBruM: folds 
kellu567: folds 
alexandr699: folds 
carlospit300: calls $6.50
tintin641: calls $5
*** FLOP *** [8s As Ks]
carlospit300: checks 
tintin641: checks 
AlexPinsk1: bets $7.21
carlospit300: calls $7.21
tintin641: folds 
*** TURN *** [8s As Ks] [5c]
carlospit300: checks 
AlexPinsk1: checks 
*** RIVER *** [8s As Ks 5c] [2s]
carlospit300: checks 
AlexPinsk1: checks 
*** SHOW DOWN ***
carlospit300: shows [5s 6h] (a flush, Ace high)
AlexPinsk1: mucks hand 
carlospit300 collected $35.55 from pot
*** SUMMARY ***
Total pot $37.42 | Rake $1.87 
Board [8s As Ks 5c 2s]
Seat 1: alexandr699 (small blind) folded before Flop
Seat 2: carlospit300 (big blind) showed [5s 6h] and won ($35.55) with a flush, Ace high
Seat 3: tintin641 folded on the Flop
Seat 4: AlexPinsk1 mucked
Seat 5: MoRsCeReBruM folded before Flop (didn't bet)
Seat 6: kellu567 (button) folded before Flop (didn't bet)



PokerStars Hand #254548100225:  Hold'em No Limit ($0.50/$1.00 USD) - 2025/01/25 17:43:11 WET [2025/01/25 12:43:11 ET]
Table 'Bishop IV' 6-max Seat #1 is the button
Seat 1: alexandr699 ($124.29 in chips) 
Seat 2: carlospit300 ($121.56 in chips) 
Seat 3: tintin641 ($201.34 in chips) 
Seat 4: AlexPinsk1 ($102.39 in chips) 
Seat 5: MoRsCeReBruM ($100 in chips) 
Seat 6: kellu567 ($12.58 in chips) 
carlospit300: posts small blind $0.50
tintin641: posts big blind $1
*** HOLE CARDS ***
AlexPinsk1: folds 
MoRsCeReBruM: folds 
kellu567: folds 
alexandr699: raises $1.98 to $2.98
carlospit300: calls $2.48
tintin641: folds 
*** FLOP *** [Tc 7h 5s]
carlospit300: checks 
alexandr699: bets $1.65
carlospit300: raises $9.91 to $11.56
alexandr699: folds 
Uncalled bet ($9.91) returned to carlospit300
carlospit300 collected $9.75 from pot
*** SUMMARY ***
Total pot $10.26 | Rake $0.51 
Board [Tc 7h 5s]
Seat 1: alexandr699 (button) folded on the Flop
Seat 2: carlospit300 (small blind) collected ($9.75)
Seat 3: tintin641 (big blind) folded before Flop
Seat 4: AlexPinsk1 folded before Flop (didn't bet)
Seat 5: MoRsCeReBruM folded before Flop (didn't bet)
Seat 6: kellu567 folded before Flop (didn't bet)



PokerStars Hand #254548111758:  Hold'em No Limit ($0.50/$1.00 USD) - 2025/01/25 17:43:56 WET [2025/01/25 12:43:56 ET]
Table 'Bishop IV' 6-max Seat #2 is the button
Seat 1: alexandr699 ($119.66 in chips) 
Seat 2: carlospit300 ($126.68 in chips) 
Seat 3: tintin641 ($200.34 in chips) 
Seat 4: AlexPinsk1 ($102.39 in chips) 
Seat 5: MoRsCeReBruM ($100 in chips) 
Seat 6: kellu567 ($12.58 in chips) 
tintin641: posts small blind $0.50
AlexPinsk1: posts big blind $1
*** HOLE CARDS ***
MoRsCeReBruM: folds 
kellu567: folds 
alexandr699: raises $1.98 to $2.98
carlospit300: calls $2.98
tintin641: folds 
AlexPinsk1: raises $12.52 to $15.50
alexandr699: folds 
carlospit300: folds 
Uncalled bet ($12.52) returned to AlexPinsk1
AlexPinsk1 collected $9.44 from pot
AlexPinsk1: doesn't show hand 
*** SUMMARY ***
Total pot $9.44 | Rake $0 
Seat 1: alexandr699 folded before Flop
Seat 2: carlospit300 (button) folded before Flop
Seat 3: tintin641 (small blind) folded before Flop
Seat 4: AlexPinsk1 (big blind) collected ($9.44)
Seat 5: MoRsCeReBruM folded before Flop (didn't bet)
Seat 6: kellu567 folded before Flop (didn't bet)



PokerStars Hand #254548120064:  Hold'em No Limit ($0.50/$1.00 USD) - 2025/01/25 17:44:29 WET [2025/01/25 12:44:29 ET]
Table 'Bishop IV' 6-max Seat #3 is the button
Seat 1: alexandr699 ($116.68 in chips) 
Seat 2: carlospit300 ($123.70 in chips) 
Seat 3: tintin641 ($199.84 in chips) 
Seat 4: AlexPinsk1 ($108.85 in chips) 
Seat 5: MoRsCeReBruM ($100 in chips) 
Seat 6: kellu567 ($12.58 in chips) 
AlexPinsk1: posts small blind $0.50
MoRsCeReBruM: posts big blind $1
*** HOLE CARDS ***
kellu567: folds 
alexandr699: folds 
carlospit300: raises $1 to $2
tintin641: folds 
AlexPinsk1: folds 
MoRsCeReBruM: calls $1
*** FLOP *** [8s Ts Qs]
MoRsCeReBruM: checks 
carlospit300: bets $4.28
MoRsCeReBruM: calls $4.28
*** TURN *** [8s Ts Qs] [6s]
MoRsCeReBruM: checks 
carlospit300: checks 
*** RIVER *** [8s Ts Qs 6s] [8d]
MoRsCeReBruM: bets $4.96
carlospit300: raises $22.33 to $27.29
MoRsCeReBruM: folds 
Uncalled bet ($22.33) returned to carlospit300
carlospit300 collected $21.83 from pot
*** SUMMARY ***
Total pot $22.98 | Rake $1.15 
Board [8s Ts Qs 6s 8d]
Seat 1: alexandr699 folded before Flop (didn't bet)
Seat 2: carlospit300 collected ($21.83)
Seat 3: tintin641 (button) folded before Flop (didn't bet)
Seat 4: AlexPinsk1 (small blind) folded before Flop
Seat 5: MoRsCeReBruM (big blind) folded on the River
Seat 6: kellu567 folded before Flop (didn't bet)



PokerStars Hand #254548135136:  Hold'em No Limit ($0.50/$1.00 USD) - 2025/01/25 17:45:27 WET [2025/01/25 12:45:27 ET]
Table 'Bishop IV' 6-max Seat #4 is the button
Seat 1: alexandr699 ($116.68 in chips) 
Seat 2: carlospit300 ($134.29 in chips) 
Seat 3: tintin641 ($199.84 in chips) 
Seat 4: AlexPinsk1 ($108.35 in chips) 
Seat 5: MoRsCeReBruM ($100 in chips) 
Seat 6: kellu567 ($12.58 in chips) 
MoRsCeReBruM: posts small blind $0.50
kellu567: posts big blind $1
*** HOLE CARDS ***
alexandr699: folds 
carlospit300: folds 
tintin641: folds 
AlexPinsk1: raises $1.50 to $2.50
MoRsCeReBruM: folds 
kellu567: folds 
Uncalled bet ($1.50) returned to AlexPinsk1
AlexPinsk1 collected $2.50 from pot
AlexPinsk1: doesn't show hand 
*** SUMMARY ***
Total pot $2.50 | Rake $0 
Seat 1: alexandr699 folded before Flop (didn't bet)
Seat 2: carlospit300 folded before Flop (didn't bet)
Seat 3: tintin641 folded before Flop (didn't bet)
Seat 4: AlexPinsk1 (button) collected ($2.50)
Seat 5: MoRsCeReBruM (small blind) folded before Flop
Seat 6: kellu567 (big blind) folded before Flop



PokerStars Hand #254548141757:  Hold'em No Limit ($0.50/$1.00 USD) - 2025/01/25 17:45:53 WET [2025/01/25 12:45:53 ET]
Table 'Bishop IV' 6-max Seat #5 is the button
Seat 1: alexandr699 ($116.68 in chips) 
Seat 2: carlospit300 ($134.29 in chips) 
Seat 3: tintin641 ($199.84 in chips) 
Seat 4: AlexPinsk1 ($109.85 in chips) 
Seat 5: MoRsCeReBruM ($100 in chips) 
Seat 6: kellu567 ($11.58 in chips) 
kellu567: posts small blind $0.50
alexandr699: posts big blind $1
*** HOLE CARDS ***
carlospit300: folds 
tintin641: folds 
AlexPinsk1: raises $1.50 to $2.50
MoRsCeReBruM: folds 
kellu567: raises $9.08 to $11.58 and is all-in
alexandr699: folds 
AlexPinsk1: folds 
Uncalled bet ($9.08) returned to kellu567
kellu567 collected $6 from pot
*** SUMMARY ***
Total pot $6 | Rake $0 
Seat 1: alexandr699 (big blind) folded before Flop
Seat 2: carlospit300 folded before Flop (didn't bet)
Seat 3: tintin641 folded before Flop (didn't bet)
Seat 4: AlexPinsk1 folded before Flop
Seat 5: MoRsCeReBruM (button) folded before Flop (didn't bet)
Seat 6: kellu567 (small blind) collected ($6)



PokerStars Hand #254548149028:  Hold'em No Limit ($0.50/$1.00 USD) - 2025/01/25 17:46:21 WET [2025/01/25 12:46:21 ET]
Table 'Bishop IV' 6-max Seat #6 is the button
Seat 1: alexandr699 ($115.68 in chips) 
Seat 2: carlospit300 ($134.29 in chips) 
Seat 3: tintin641 ($199.84 in chips) 
Seat 4: AlexPinsk1 ($107.35 in chips) 
Seat 5: MoRsCeReBruM ($100 in chips) 
Seat 6: kellu567 ($15.08 in chips) 
alexandr699: posts small blind $0.50
carlospit300: posts big blind $1
*** HOLE CARDS ***
tintin641: folds 
AlexPinsk1: raises $1.50 to $2.50
MoRsCeReBruM: folds 
kellu567: folds 
alexandr699: raises $9.50 to $12
carlospit300: folds 
AlexPinsk1: folds 
Uncalled bet ($9.50) returned to alexandr699
alexandr699 collected $6 from pot
alexandr699: doesn't show hand 
*** SUMMARY ***
Total pot $6 | Rake $0 
Seat 1: alexandr699 (small blind) collected ($6)
Seat 2: carlospit300 (big blind) folded before Flop
Seat 3: tintin641 folded before Flop (didn't bet)
Seat 4: AlexPinsk1 folded before Flop
Seat 5: MoRsCeReBruM folded before Flop (didn't bet)
Seat 6: kellu567 (button) folded before Flop (didn't bet)



PokerStars Hand #254548153508:  Hold'em No Limit ($0.50/$1.00 USD) - 2025/01/25 17:46:38 WET [2025/01/25 12:46:38 ET]
Table 'Bishop IV' 6-max Seat #1 is the button
Seat 1: alexandr699 ($119.18 in chips) 
Seat 2: carlospit300 ($133.29 in chips) 
Seat 3: tintin641 ($199.84 in chips) 
Seat 4: AlexPinsk1 ($104.85 in chips) 
Seat 5: MoRsCeReBruM ($100 in chips) 
Seat 6: kellu567 ($15.08 in chips) 
carlospit300: posts small blind $0.50
tintin641: posts big blind $1
*** HOLE CARDS ***
AlexPinsk1: folds 
MoRsCeReBruM: folds 
kellu567: folds 
alexandr699: raises $1.98 to $2.98
carlospit300: folds 
tintin641: folds 
Uncalled bet ($1.98) returned to alexandr699
alexandr699 collected $2.50 from pot
alexandr699: doesn't show hand 
*** SUMMARY ***
Total pot $2.50 | Rake $0 
Seat 1: alexandr699 (button) collected ($2.50)
Seat 2: carlospit300 (small blind) folded before Flop
Seat 3: tintin641 (big blind) folded before Flop
Seat 4: AlexPinsk1 folded before Flop (didn't bet)
Seat 5: MoRsCeReBruM folded before Flop (didn't bet)
Seat 6: kellu567 folded before Flop (didn't bet)



PokerStars Hand #254548158642:  Hold'em No Limit ($0.50/$1.00 USD) - 2025/01/25 17:46:59 WET [2025/01/25 12:46:59 ET]
Table 'Bishop IV' 6-max Seat #2 is the button
Seat 1: alexandr699 ($120.68 in chips) 
Seat 2: carlospit300 ($132.79 in chips) 
Seat 3: tintin641 ($198.84 in chips) 
Seat 4: AlexPinsk1 ($104.85 in chips) 
Seat 5: MoRsCeReBruM ($100 in chips) 
Seat 6: kellu567 ($15.08 in chips) 
tintin641: posts small blind $0.50
AlexPinsk1: posts big blind $1
*** HOLE CARDS ***
MoRsCeReBruM: folds 
kellu567: folds 
alexandr699: folds 
carlospit300: folds 
tintin641: raises $2 to $3
AlexPinsk1: folds 
Uncalled bet ($2) returned to tintin641
tintin641 collected $2 from pot
tintin641: doesn't show hand 
*** SUMMARY ***
Total pot $2 | Rake $0 
Seat 1: alexandr699 folded before Flop (didn't bet)
Seat 2: carlospit300 (button) folded before Flop (didn't bet)
Seat 3: tintin641 (small blind) collected ($2)
Seat 4: AlexPinsk1 (big blind) folded before Flop
Seat 5: MoRsCeReBruM folded before Flop (didn't bet)
Seat 6: kellu567 folded before Flop (didn't bet)



PokerStars Hand #254548161912:  Hold'em No Limit ($0.50/$1.00 USD) - 2025/01/25 17:47:11 WET [2025/01/25 12:47:11 ET]
Table 'Bishop IV' 6-max Seat #3 is the button
Seat 1: alexandr699 ($120.68 in chips) 
Seat 2: carlospit300 ($132.79 in chips) 
Seat 3: tintin641 ($199.84 in chips) 
Seat 4: AlexPinsk1 ($103.85 in chips) 
Seat 5: MoRsCeReBruM ($100 in chips) 
Seat 6: kellu567 ($15.08 in chips) 
AlexPinsk1: posts small blind $0.50
MoRsCeReBruM: posts big blind $1
*** HOLE CARDS ***
kellu567: folds 
alexandr699: folds 
carlospit300: raises $1 to $2
tintin641: folds 
AlexPinsk1: folds 
MoRsCeReBruM: calls $1
*** FLOP *** [8c 4s 4c]
MoRsCeReBruM: checks 
carlospit300: checks 
*** TURN *** [8c 4s 4c] [8d]
MoRsCeReBruM: checks 
carlospit300: bets $2.14
MoRsCeReBruM: folds 
Uncalled bet ($2.14) returned to carlospit300
carlospit300 collected $4.28 from pot
*** SUMMARY ***
Total pot $4.50 | Rake $0.22 
Board [8c 4s 4c 8d]
Seat 1: alexandr699 folded before Flop (didn't bet)
Seat 2: carlospit300 collected ($4.28)
Seat 3: tintin641 (button) folded before Flop (didn't bet)
Seat 4: AlexPinsk1 (small blind) folded before Flop
Seat 5: MoRsCeReBruM (big blind) folded on the Turn
Seat 6: kellu567 folded before Flop (didn't bet)



PokerStars Hand #254548172341:  Hold'em No Limit ($0.50/$1.00 USD) - 2025/01/25 17:47:52 WET [2025/01/25 12:47:52 ET]
Table 'Bishop IV' 6-max Seat #4 is the button
Seat 1: alexandr699 ($120.68 in chips) 
Seat 2: carlospit300 ($135.07 in chips) 
Seat 3: tintin641 ($199.84 in chips) 
Seat 4: AlexPinsk1 ($103.35 in chips) 
Seat 5: MoRsCeReBruM ($100 in chips) 
Seat 6: kellu567 ($15.08 in chips) 
MoRsCeReBruM: posts small blind $0.50
kellu567: posts big blind $1
*** HOLE CARDS ***
alexandr699: folds 
carlospit300: raises $1 to $2
tintin641: folds 
AlexPinsk1: folds 
MoRsCeReBruM: folds 
kellu567: calls $1
*** FLOP *** [8c 6s 6d]
kellu567: checks 
carlospit300: checks 
*** TURN *** [8c 6s 6d] [9s]
kellu567: bets $1
carlospit300: calls $1
*** RIVER *** [8c 6s 6d 9s] [4d]
kellu567: checks 
carlospit300: checks 
*** SHOW DOWN ***
kellu567: shows [9d 7d] (two pair, Nines and Sixes)
carlospit300: mucks hand 
kellu567 collected $6.18 from pot
*** SUMMARY ***
Total pot $6.50 | Rake $0.32 
Board [8c 6s 6d 9s 4d]
Seat 1: alexandr699 folded before Flop (didn't bet)
Seat 2: carlospit300 mucked
Seat 3: tintin641 folded before Flop (didn't bet)
Seat 4: AlexPinsk1 (button) folded before Flop (didn't bet)
Seat 5: MoRsCeReBruM (small blind) folded before Flop
Seat 6: kellu567 (big blind) showed [9d 7d] and won ($6.18) with two pair, Nines and Sixes



PokerStars Hand #254548182630:  Hold'em No Limit ($0.50/$1.00 USD) - 2025/01/25 17:48:32 WET [2025/01/25 12:48:32 ET]
Table 'Bishop IV' 6-max Seat #5 is the button
Seat 1: alexandr699 ($120.68 in chips) 
Seat 2: carlospit300 ($132.07 in chips) 
Seat 3: tintin641 ($199.84 in chips) 
Seat 4: AlexPinsk1 ($103.35 in chips) 
Seat 5: MoRsCeReBruM ($100 in chips) 
Seat 6: kellu567 ($18.26 in chips) 
kellu567: posts small blind $0.50
alexandr699: posts big blind $1
*** HOLE CARDS ***
carlospit300: folds 
tintin641: folds 
AlexPinsk1: folds 
MoRsCeReBruM: folds 
kellu567: folds 
Uncalled bet ($0.50) returned to alexandr699
alexandr699 collected $1 from pot
alexandr699: doesn't show hand 
*** SUMMARY ***
Total pot $1 | Rake $0 
Seat 1: alexandr699 (big blind) collected ($1)
Seat 2: carlospit300 folded before Flop (didn't bet)
Seat 3: tintin641 folded before Flop (didn't bet)
Seat 4: AlexPinsk1 folded before Flop (didn't bet)
Seat 5: MoRsCeReBruM (button) folded before Flop (didn't bet)
Seat 6: kellu567 (small blind) folded before Flop



PokerStars Hand #254548187416:  Hold'em No Limit ($0.50/$1.00 USD) - 2025/01/25 17:48:50 WET [2025/01/25 12:48:50 ET]
Table 'Bishop IV' 6-max Seat #6 is the button
Seat 1: alexandr699 ($121.18 in chips) 
Seat 2: carlospit300 ($132.07 in chips) 
Seat 3: tintin641 ($199.84 in chips) 
Seat 4: AlexPinsk1 ($103.35 in chips) 
Seat 5: MoRsCeReBruM ($100 in chips) 
Seat 6: kellu567 ($17.76 in chips) 
alexandr699: posts small blind $0.50
carlospit300: posts big blind $1
*** HOLE CARDS ***
tintin641: raises $1.50 to $2.50
AlexPinsk1: folds 
MoRsCeReBruM: folds 
kellu567: calls $2.50
alexandr699: folds 
carlospit300: calls $1.50
*** FLOP *** [6d 9c 6h]
carlospit300: checks 
tintin641: checks 
kellu567: bets $5
carlospit300: folds 
tintin641: calls $5
*** TURN *** [6d 9c 6h] [Jd]
tintin641: checks 
kellu567: bets $10.26 and is all-in
tintin641: calls $10.26
*** RIVER *** [6d 9c 6h Jd] [Jc]
*** SHOW DOWN ***
tintin641: shows [7s 7c] (two pair, Jacks and Sevens)
kellu567: shows [Qd Qs] (two pair, Queens and Jacks)
kellu567 collected $36.59 from pot
*** SUMMARY ***
Total pot $38.52 | Rake $1.93 
Board [6d 9c 6h Jd Jc]
Seat 1: alexandr699 (small blind) folded before Flop
Seat 2: carlospit300 (big blind) folded on the Flop
Seat 3: tintin641 showed [7s 7c] and lost with two pair, Jacks and Sevens
Seat 4: AlexPinsk1 folded before Flop (didn't bet)
Seat 5: MoRsCeReBruM folded before Flop (didn't bet)
Seat 6: kellu567 (button) showed [Qd Qs] and won ($36.59) with two pair, Queens and Jacks



PokerStars Hand #254548204128:  Hold'em No Limit ($0.50/$1.00 USD) - 2025/01/25 17:49:55 WET [2025/01/25 12:49:55 ET]
Table 'Bishop IV' 6-max Seat #1 is the button
Seat 1: alexandr699 ($120.68 in chips) 
Seat 2: carlospit300 ($129.57 in chips) 
Seat 3: tintin641 ($182.08 in chips) 
Seat 4: AlexPinsk1 ($103.35 in chips) 
Seat 5: MoRsCeReBruM ($100 in chips) 
Seat 6: kellu567 ($36.59 in chips) 
carlospit300: posts small blind $0.50
tintin641: posts big blind $1
*** HOLE CARDS ***
AlexPinsk1: folds 
MoRsCeReBruM: folds 
kellu567: folds 
alexandr699: raises $1.98 to $2.98
carlospit300: calls $2.48
tintin641: folds 
*** FLOP *** [Kh Ks Qh]
carlospit300: checks 
alexandr699: bets $1.65
carlospit300: folds 
Uncalled bet ($1.65) returned to alexandr699
alexandr699 collected $6.61 from pot
alexandr699: doesn't show hand 
*** SUMMARY ***
Total pot $6.96 | Rake $0.35 
Board [Kh Ks Qh]
Seat 1: alexandr699 (button) collected ($6.61)
Seat 2: carlospit300 (small blind) folded on the Flop
Seat 3: tintin641 (big blind) folded before Flop
Seat 4: AlexPinsk1 folded before Flop (didn't bet)
Seat 5: MoRsCeReBruM folded before Flop (didn't bet)
Seat 6: kellu567 folded before Flop (didn't bet)



PokerStars Hand #254548212284:  Hold'em No Limit ($0.50/$1.00 USD) - 2025/01/25 17:50:27 WET [2025/01/25 12:50:27 ET]
Table 'Bishop IV' 6-max Seat #2 is the button
Seat 1: alexandr699 ($124.31 in chips) 
Seat 2: carlospit300 ($126.59 in chips) 
Seat 3: tintin641 ($181.08 in chips) 
Seat 4: AlexPinsk1 ($103.35 in chips) 
Seat 5: MoRsCeReBruM ($100 in chips) 
Seat 6: kellu567 ($36.59 in chips) 
tintin641: posts small blind $0.50
AlexPinsk1: posts big blind $1
*** HOLE CARDS ***
MoRsCeReBruM: folds 
kellu567: folds 
alexandr699: folds 
carlospit300: raises $1 to $2
tintin641: folds 
AlexPinsk1: folds 
Uncalled bet ($1) returned to carlospit300
carlospit300 collected $2.50 from pot
*** SUMMARY ***
Total pot $2.50 | Rake $0 
Seat 1: alexandr699 folded before Flop (didn't bet)
Seat 2: carlospit300 (button) collected ($2.50)
Seat 3: tintin641 (small blind) folded before Flop
Seat 4: AlexPinsk1 (big blind) folded before Flop
Seat 5: MoRsCeReBruM folded before Flop (didn't bet)
Seat 6: kellu567 folded before Flop (didn't bet)



PokerStars Hand #254548217835:  Hold'em No Limit ($0.50/$1.00 USD) - 2025/01/25 17:50:49 WET [2025/01/25 12:50:49 ET]
Table 'Bishop IV' 6-max Seat #3 is the button
Seat 1: alexandr699 ($124.31 in chips) 
Seat 2: carlospit300 ($128.09 in chips) 
Seat 3: tintin641 ($180.58 in chips) 
Seat 4: AlexPinsk1 ($102.35 in chips) 
Seat 5: MoRsCeReBruM ($100 in chips) 
Seat 6: kellu567 ($36.59 in chips) 
AlexPinsk1: posts small blind $0.50
MoRsCeReBruM: posts big blind $1
*** HOLE CARDS ***
kellu567: folds 
alexandr699: raises $1.98 to $2.98
carlospit300: folds 
tintin641: folds 
AlexPinsk1: folds 
MoRsCeReBruM: folds 
Uncalled bet ($1.98) returned to alexandr699
alexandr699 collected $2.50 from pot
*** SUMMARY ***
Total pot $2.50 | Rake $0 
Seat 1: alexandr699 collected ($2.50)
Seat 2: carlospit300 folded before Flop (didn't bet)
Seat 3: tintin641 (button) folded before Flop (didn't bet)
Seat 4: AlexPinsk1 (small blind) folded before Flop
Seat 5: MoRsCeReBruM (big blind) folded before Flop
Seat 6: kellu567 folded before Flop (didn't bet)



PokerStars Hand #254548224109:  Hold'em No Limit ($0.50/$1.00 USD) - 2025/01/25 17:51:14 WET [2025/01/25 12:51:14 ET]
Table 'Bishop IV' 6-max Seat #4 is the button
Seat 1: alexandr699 ($125.81 in chips) 
Seat 2: carlospit300 ($128.09 in chips) 
Seat 3: tintin641 ($180.58 in chips) 
Seat 4: AlexPinsk1 ($101.85 in chips) 
Seat 5: MoRsCeReBruM ($100 in chips) 
Seat 6: kellu567 ($36.59 in chips) 
MoRsCeReBruM: posts small blind $0.50
kellu567: posts big blind $1
*** HOLE CARDS ***
alexandr699: raises $1.98 to $2.98
carlospit300: calls $2.98
tintin641: folds 
AlexPinsk1: folds 
MoRsCeReBruM: folds 
kellu567: folds 
*** FLOP *** [7h 5d 8c]
alexandr699: bets $1.77
carlospit300: calls $1.77
*** TURN *** [7h 5d 8c] [Qh]
alexandr699: bets $20.90
carlospit300: calls $20.90
*** RIVER *** [7h 5d 8c Qh] [Qd]
alexandr699: bets $42.76
carlospit300: folds 
Uncalled bet ($42.76) returned to alexandr699
alexandr699 collected $50.30 from pot
alexandr699: doesn't show hand 
*** SUMMARY ***
Total pot $52.80 | Rake $2.50 
Board [7h 5d 8c Qh Qd]
Seat 1: alexandr699 collected ($50.30)
Seat 2: carlospit300 folded on the River
Seat 3: tintin641 folded before Flop (didn't bet)
Seat 4: AlexPinsk1 (button) folded before Flop (didn't bet)
Seat 5: MoRsCeReBruM (small blind) folded before Flop
Seat 6: kellu567 (big blind) folded before Flop



PokerStars Hand #254548240667:  Hold'em No Limit ($0.50/$1.00 USD) - 2025/01/25 17:52:18 WET [2025/01/25 12:52:18 ET]
Table 'Bishop IV' 6-max Seat #5 is the button
Seat 1: alexandr699 ($150.46 in chips) 
Seat 2: carlospit300 ($102.44 in chips) 
Seat 3: tintin641 ($180.58 in chips) 
Seat 4: AlexPinsk1 ($101.85 in chips) 
Seat 5: MoRsCeReBruM ($100 in chips) 
Seat 6: kellu567 ($35.59 in chips) 
kellu567: posts small blind $0.50
alexandr699: posts big blind $1
*** HOLE CARDS ***
carlospit300: folds 
carlospit300 leaves the table
tintin641: folds 
AlexPinsk1: folds 
MoRsCeReBruM: raises $1.50 to $2.50
kellu567: folds 
alexandr699: folds 
Uncalled bet ($1.50) returned to MoRsCeReBruM
MoRsCeReBruM collected $2.50 from pot
MoRsCeReBruM: doesn't show hand 
*** SUMMARY ***
Total pot $2.50 | Rake $0 
Seat 1: alexandr699 (big blind) folded before Flop
Seat 2: carlospit300 folded before Flop (didn't bet)
Seat 3: tintin641 folded before Flop (didn't bet)
Seat 4: AlexPinsk1 folded before Flop (didn't bet)
Seat 5: MoRsCeReBruM (button) collected ($2.50)
Seat 6: kellu567 (small blind) folded before Flop



PokerStars Hand #254548244257:  Hold'em No Limit ($0.50/$1.00 USD) - 2025/01/25 17:52:32 WET [2025/01/25 12:52:32 ET]
Table 'Bishop IV' 6-max Seat #6 is the button
Seat 1: alexandr699 ($149.46 in chips) 
Seat 3: tintin641 ($180.58 in chips) 
Seat 4: AlexPinsk1 ($101.85 in chips) 
Seat 5: MoRsCeReBruM ($101.50 in chips) 
Seat 6: kellu567 ($35.09 in chips) 
alexandr699: posts small blind $0.50
tintin641: posts big blind $1
*** HOLE CARDS ***
AlexPinsk1: raises $1.50 to $2.50
MoRsCeReBruM: folds 
kellu567: folds 
alexandr699: folds 
tintin641: calls $1.50
*** FLOP *** [Kc Tc 8s]
tintin641: checks 
AlexPinsk1: checks 
*** TURN *** [Kc Tc 8s] [8d]
tintin641: checks 
AlexPinsk1: bets $1.72
tintin641: folds 
Uncalled bet ($1.72) returned to AlexPinsk1
AlexPinsk1 collected $5.22 from pot
AlexPinsk1: doesn't show hand 
*** SUMMARY ***
Total pot $5.50 | Rake $0.28 
Board [Kc Tc 8s 8d]
Seat 1: alexandr699 (small blind) folded before Flop
Seat 3: tintin641 (big blind) folded on the Turn
Seat 4: AlexPinsk1 collected ($5.22)
Seat 5: MoRsCeReBruM folded before Flop (didn't bet)
Seat 6: kellu567 (button) folded before Flop (didn't bet)



PokerStars Hand #254548256226:  Hold'em No Limit ($0.50/$1.00 USD) - 2025/01/25 17:53:19 WET [2025/01/25 12:53:19 ET]
Table 'Bishop IV' 6-max Seat #1 is the button
Seat 1: alexandr699 ($148.96 in chips) 
Seat 3: tintin641 ($178.08 in chips) 
Seat 4: AlexPinsk1 ($104.57 in chips) 
Seat 5: MoRsCeReBruM ($101.50 in chips) 
Seat 6: kellu567 ($35.09 in chips) 
tintin641: posts small blind $0.50
AlexPinsk1: posts big blind $1
*** HOLE CARDS ***
MoRsCeReBruM: folds 
kellu567: calls $1
MoRsCeReBruM leaves the table
alexandr699: raises $2.98 to $3.98
tintin641: folds 
AlexPinsk1: calls $2.98
kellu567: calls $2.98
*** FLOP *** [5s 9s 6s]
AlexPinsk1: checks 
kellu567: checks 
alexandr699: bets $10.05
AlexPinsk1: folds 
kellu567: folds 
Uncalled bet ($10.05) returned to alexandr699
alexandr699 collected $11.82 from pot
alexandr699: doesn't show hand 
*** SUMMARY ***
Total pot $12.44 | Rake $0.62 
Board [5s 9s 6s]
Seat 1: alexandr699 (button) collected ($11.82)
Seat 3: tintin641 (small blind) folded before Flop
Seat 4: AlexPinsk1 (big blind) folded on the Flop
Seat 5: MoRsCeReBruM folded before Flop (didn't bet)
Seat 6: kellu567 folded on the Flop



PokerStars Hand #254548264972:  Hold'em No Limit ($0.50/$1.00 USD) - 2025/01/25 17:53:54 WET [2025/01/25 12:53:54 ET]
Table 'Bishop IV' 6-max Seat #3 is the button
Seat 1: alexandr699 ($156.80 in chips) 
Seat 3: tintin641 ($177.58 in chips) 
Seat 4: AlexPinsk1 ($100.59 in chips) 
Seat 6: kellu567 ($31.11 in chips) 
AlexPinsk1: posts small blind $0.50
kellu567: posts big blind $1
*** HOLE CARDS ***
alexandr699: folds 
tintin641: folds 
AlexPinsk1: raises $1 to $2
kellu567: folds 
Uncalled bet ($1) returned to AlexPinsk1
AlexPinsk1 collected $2 from pot
AlexPinsk1: doesn't show hand 
*** SUMMARY ***
Total pot $2 | Rake $0 
Seat 1: alexandr699 folded before Flop (didn't bet)
Seat 3: tintin641 (button) folded before Flop (didn't bet)
Seat 4: AlexPinsk1 (small blind) collected ($2)
Seat 6: kellu567 (big blind) folded before Flop



PokerStars Hand #254548267508:  Hold'em No Limit ($0.50/$1.00 USD) - 2025/01/25 17:54:04 WET [2025/01/25 12:54:04 ET]
Table 'Bishop IV' 6-max Seat #4 is the button
Seat 1: alexandr699 ($156.80 in chips) 
Seat 3: tintin641 ($177.58 in chips) 
Seat 4: AlexPinsk1 ($101.59 in chips) 
Seat 6: kellu567 ($30.11 in chips) 
kellu567: posts small blind $0.50
alexandr699: posts big blind $1
*** HOLE CARDS ***
tintin641: raises $1.50 to $2.50
AlexPinsk1: folds 
kellu567: folds 
alexandr699: folds 
Uncalled bet ($1.50) returned to tintin641
tintin641 collected $2.50 from pot
tintin641: doesn't show hand 
*** SUMMARY ***
Total pot $2.50 | Rake $0 
Seat 1: alexandr699 (big blind) folded before Flop
Seat 3: tintin641 collected ($2.50)
Seat 4: AlexPinsk1 (button) folded before Flop (didn't bet)
Seat 6: kellu567 (small blind) folded before Flop



PokerStars Hand #254548273180:  Hold'em No Limit ($0.50/$1.00 USD) - 2025/01/25 17:54:26 WET [2025/01/25 12:54:26 ET]
Table 'Bishop IV' 6-max Seat #6 is the button
Seat 3: tintin641 ($179.08 in chips) is sitting out
Seat 1: alexandr699 ($155.80 in chips) 
Seat 4: AlexPinsk1 ($101.59 in chips) 
Seat 6: kellu567 ($29.61 in chips) 
alexandr699: posts small blind $0.50
tintin641: is sitting out 
AlexPinsk1: posts big blind $1
*** HOLE CARDS ***
kellu567: calls $1
tintin641 leaves the table
alexandr699: folds 
AlexPinsk1: checks 
*** FLOP *** [Qc 6d As]
AlexPinsk1: checks 
kellu567: bets $1
amphii joins the table at seat #2 
AlexPinsk1: folds 
Uncalled bet ($1) returned to kellu567
kellu567 collected $2.38 from pot
*** SUMMARY ***
Total pot $2.50 | Rake $0.12 
Board [Qc 6d As]
Seat 3: tintin641
Seat 1: alexandr699 (small blind) folded before Flop
Seat 4: AlexPinsk1 (big blind) folded on the Flop
Seat 6: kellu567 (button) collected ($2.38)



PokerStars Hand #254548279613:  Hold'em No Limit ($0.50/$1.00 USD) - 2025/01/25 17:54:51 WET [2025/01/25 12:54:51 ET]
Table 'Bishop IV' 6-max Seat #1 is the button
Seat 2: amphii ($20 in chips) is sitting out
Seat 1: alexandr699 ($155.30 in chips) 
Seat 4: AlexPinsk1 ($100.59 in chips) 
Seat 6: kellu567 ($30.99 in chips) 
AlexPinsk1: posts small blind $0.50
kellu567: posts big blind $1
*** HOLE CARDS ***
alexandr699: raises $1.98 to $2.98
AlexPinsk1: folds 
kellu567: folds 
Uncalled bet ($1.98) returned to alexandr699
alexandr699 collected $2.50 from pot
alexandr699: doesn't show hand 
*** SUMMARY ***
Total pot $2.50 | Rake $0 
Seat 2: amphii
Seat 1: alexandr699 (button) collected ($2.50)
Seat 4: AlexPinsk1 (small blind) folded before Flop
Seat 6: kellu567 (big blind) folded before Flop



PokerStars Hand #254548282165:  Hold'em No Limit ($0.50/$1.00 USD) - 2025/01/25 17:55:01 WET [2025/01/25 12:55:01 ET]
Table 'Bishop IV' 6-max Seat #4 is the button
Seat 2: amphii ($20 in chips) is sitting out
Seat 1: alexandr699 ($156.80 in chips) 
Seat 4: AlexPinsk1 ($100.09 in chips) 
Seat 6: kellu567 ($29.99 in chips) 
kellu567: posts small blind $0.50
alexandr699: posts big blind $1
amphii: sits out 
*** HOLE CARDS ***
AlexPinsk1: folds 
kellu567: folds 
Uncalled bet ($0.50) returned to alexandr699
kellu567 leaves the table
alexandr699 collected $1 from pot
alexandr699: doesn't show hand 
*** SUMMARY ***
Total pot $1 | Rake $0 
Seat 2: amphii
Seat 1: alexandr699 (big blind) collected ($1)
Seat 4: AlexPinsk1 (button) folded before Flop (didn't bet)
Seat 6: kellu567 (small blind) folded before Flop



PokerStars Hand #254548284070:  Hold'em No Limit ($0.50/$1.00 USD) - 2025/01/25 17:55:09 WET [2025/01/25 12:55:09 ET]
Table 'Bishop IV' 6-max Seat #1 is the button
Seat 2: amphii ($20 in chips) is sitting out
Seat 1: alexandr699 ($157.30 in chips) 
Seat 4: AlexPinsk1 ($100.09 in chips) 
alexandr699: posts small blind $0.50
AlexPinsk1: posts big blind $1
*** HOLE CARDS ***
amphii leaves the table
alexandr699: raises $1.98 to $2.98
AlexPinsk1: calls $1.98
*** FLOP *** [4h 9h Qc]
AlexPinsk1: checks 
alexandr699: checks 
*** TURN *** [4h 9h Qc] [8s]
AlexPinsk1: bets $8
alexandr699: folds 
Uncalled bet ($8) returned to AlexPinsk1
AlexPinsk1 collected $5.66 from pot
AlexPinsk1: doesn't show hand 
*** SUMMARY ***
Total pot $5.96 | Rake $0.30 
Board [4h 9h Qc 8s]
Seat 2: amphii
Seat 1: alexandr699 (button) (small blind) folded on the Turn
Seat 4: AlexPinsk1 (big blind) collected ($5.66)



PokerStars Hand #254548291084:  Hold'em No Limit ($0.50/$1.00 USD) - 2025/01/25 17:55:45 WET [2025/01/25 12:55:45 ET]
Table 'Bishop IV' 6-max Seat #4 is the button
Seat 1: alexandr699 ($154.32 in chips) 
Seat 4: AlexPinsk1 ($102.77 in chips) 
AlexPinsk1: posts small blind $0.50
alexandr699: posts big blind $1
*** HOLE CARDS ***
AlexPinsk1: raises $1.50 to $2.50
alexandr699: folds 
Uncalled bet ($1.50) returned to AlexPinsk1
AlexPinsk1 collected $2 from pot
AlexPinsk1: doesn't show hand 
*** SUMMARY ***
Total pot $2 | Rake $0 
Seat 1: alexandr699 (big blind) folded before Flop
Seat 4: AlexPinsk1 (button) (small blind) collected ($2)



