PokerStars Hand #254551368205:  Hold'em No Limit ($0.50/$1.00 USD) - 2025/01/25 20:31:40 WET [2025/01/25 15:31:40 ET]
Table 'Erinome V' 6-max Seat #1 is the button
Seat 4: YeeesMan ($100 in chips) is sitting out
Seat 1: z00mba ($100 in chips) 
Seat 2: aoish30 ($100 in chips) 
Seat 3: sta$igk ($100 in chips) 
Seat 5: scootergenk ($63.22 in chips) 
Seat 6: blistein ($100 in chips) 
aoish30: posts small blind $0.50
sta$igk: posts big blind $1
YeeesMan: sits out 
*** HOLE CARDS ***
scootergenk: folds 
blistein: folds 
z00mba: folds 
aoish30: folds 
Uncalled bet ($0.50) returned to sta$igk
sta$igk collected $1 from pot
sta$igk: doesn't show hand 
*** SUMMARY ***
Total pot $1 | Rake $0 
Seat 4: YeeesMan
Seat 1: z00mba (button) folded before Flop (didn't bet)
Seat 2: aoish30 (small blind) folded before Flop
Seat 3: sta$igk (big blind) collected ($1)
Seat 5: scootergenk folded before Flop (didn't bet)
Seat 6: blistein folded before Flop (didn't bet)



PokerStars Hand #254551372438:  Hold'em No Limit ($0.50/$1.00 USD) - 2025/01/25 20:31:54 WET [2025/01/25 15:31:54 ET]
Table 'Erinome V' 6-max Seat #2 is the button
Seat 1: z00mba ($100 in chips) 
Seat 2: aoish30 ($100 in chips) 
Seat 3: sta$igk ($100.50 in chips) 
Seat 4: YeeesMan ($100 in chips) 
Seat 5: scootergenk ($63.22 in chips) 
Seat 6: blistein ($100 in chips) 
sta$igk: posts small blind $0.50
YeeesMan: posts big blind $1
*** HOLE CARDS ***
scootergenk: folds 
blistein: folds 
z00mba: folds 
aoish30: folds 
sta$igk: folds 
Uncalled bet ($0.50) returned to YeeesMan
YeeesMan collected $1 from pot
YeeesMan: doesn't show hand 
*** SUMMARY ***
Total pot $1 | Rake $0 
Seat 1: z00mba folded before Flop (didn't bet)
Seat 2: aoish30 (button) folded before Flop (didn't bet)
Seat 3: sta$igk (small blind) folded before Flop
Seat 4: YeeesMan (big blind) collected ($1)
Seat 5: scootergenk folded before Flop (didn't bet)
Seat 6: blistein folded before Flop (didn't bet)



PokerStars Hand #254551375261:  Hold'em No Limit ($0.50/$1.00 USD) - 2025/01/25 20:32:04 WET [2025/01/25 15:32:04 ET]
Table 'Erinome V' 6-max Seat #3 is the button
Seat 1: z00mba ($100 in chips) 
Seat 2: aoish30 ($100 in chips) 
Seat 3: sta$igk ($100 in chips) 
Seat 4: YeeesMan ($100.50 in chips) 
Seat 5: scootergenk ($63.22 in chips) 
Seat 6: blistein ($100 in chips) 
YeeesMan: posts small blind $0.50
scootergenk: posts big blind $1
*** HOLE CARDS ***
blistein: folds 
z00mba: raises $1.50 to $2.50
aoish30: folds 
sta$igk: folds 
YeeesMan: raises $8.50 to $11
scootergenk: folds 
z00mba: raises $13 to $24
YeeesMan: folds 
Uncalled bet ($13) returned to z00mba
z00mba collected $23 from pot
z00mba: doesn't show hand 
*** SUMMARY ***
Total pot $23 | Rake $0 
Seat 1: z00mba collected ($23)
Seat 2: aoish30 folded before Flop (didn't bet)
Seat 3: sta$igk (button) folded before Flop (didn't bet)
Seat 4: YeeesMan (small blind) folded before Flop
Seat 5: scootergenk (big blind) folded before Flop
Seat 6: blistein folded before Flop (didn't bet)



PokerStars Hand #254551390534:  Hold'em No Limit ($0.50/$1.00 USD) - 2025/01/25 20:32:56 WET [2025/01/25 15:32:56 ET]
Table 'Erinome V' 6-max Seat #4 is the button
Seat 1: z00mba ($112 in chips) 
Seat 2: aoish30 ($100 in chips) 
Seat 3: sta$igk ($100 in chips) 
Seat 4: YeeesMan ($100 in chips) 
Seat 5: scootergenk ($62.22 in chips) 
Seat 6: blistein ($100 in chips) 
scootergenk: posts small blind $0.50
blistein: posts big blind $1
*** HOLE CARDS ***
z00mba: folds 
aoish30: raises $1.10 to $2.10
sta$igk: folds 
YeeesMan: calls $2.10
scootergenk: calls $1.60
blistein: folds 
*** FLOP *** [6d 5d 7h]
scootergenk: checks 
aoish30: checks 
YeeesMan: bets $2.29
scootergenk: folds 
aoish30: calls $2.29
*** TURN *** [6d 5d 7h] [7c]
aoish30: checks 
YeeesMan: checks 
*** RIVER *** [6d 5d 7h 7c] [4d]
aoish30: checks 
YeeesMan: bets $8.47
aoish30: folds 
Uncalled bet ($8.47) returned to YeeesMan
YeeesMan collected $11.29 from pot
YeeesMan: doesn't show hand 
*** SUMMARY ***
Total pot $11.88 | Rake $0.59 
Board [6d 5d 7h 7c 4d]
Seat 1: z00mba folded before Flop (didn't bet)
Seat 2: aoish30 folded on the River
Seat 3: sta$igk folded before Flop (didn't bet)
Seat 4: YeeesMan (button) collected ($11.29)
Seat 5: scootergenk (small blind) folded on the Flop
Seat 6: blistein (big blind) folded before Flop



PokerStars Hand #254551410686:  Hold'em No Limit ($0.50/$1.00 USD) - 2025/01/25 20:34:04 WET [2025/01/25 15:34:04 ET]
Table 'Erinome V' 6-max Seat #5 is the button
Seat 1: z00mba ($112 in chips) 
Seat 2: aoish30 ($100 in chips) 
Seat 3: sta$igk ($100 in chips) 
Seat 4: YeeesMan ($106.90 in chips) 
Seat 5: scootergenk ($60.12 in chips) 
Seat 6: blistein ($100 in chips) 
blistein: posts small blind $0.50
z00mba: posts big blind $1
*** HOLE CARDS ***
aoish30: folds 
sta$igk: folds 
YeeesMan: folds 
scootergenk: raises $1.50 to $2.50
blistein: folds 
z00mba: folds 
Uncalled bet ($1.50) returned to scootergenk
scootergenk collected $2.50 from pot
*** SUMMARY ***
Total pot $2.50 | Rake $0 
Seat 1: z00mba (big blind) folded before Flop
Seat 2: aoish30 folded before Flop (didn't bet)
Seat 3: sta$igk folded before Flop (didn't bet)
Seat 4: YeeesMan folded before Flop (didn't bet)
Seat 5: scootergenk (button) collected ($2.50)
Seat 6: blistein (small blind) folded before Flop



PokerStars Hand #254551418680:  Hold'em No Limit ($0.50/$1.00 USD) - 2025/01/25 20:34:31 WET [2025/01/25 15:34:31 ET]
Table 'Erinome V' 6-max Seat #6 is the button
Seat 1: z00mba ($111 in chips) 
Seat 2: aoish30 ($100 in chips) 
Seat 3: sta$igk ($100 in chips) 
Seat 4: YeeesMan ($106.90 in chips) 
Seat 5: scootergenk ($61.62 in chips) 
Seat 6: blistein ($100 in chips) 
z00mba: posts small blind $0.50
aoish30: posts big blind $1
*** HOLE CARDS ***
sta$igk: raises $1.50 to $2.50
YeeesMan: folds 
scootergenk: calls $2.50
blistein: folds 
z00mba: folds 
aoish30: folds 
*** FLOP *** [Kc Qh Qs]
sta$igk: bets $2.04
scootergenk: folds 
Uncalled bet ($2.04) returned to sta$igk
sta$igk collected $6.18 from pot
sta$igk: doesn't show hand 
*** SUMMARY ***
Total pot $6.50 | Rake $0.32 
Board [Kc Qh Qs]
Seat 1: z00mba (small blind) folded before Flop
Seat 2: aoish30 (big blind) folded before Flop
Seat 3: sta$igk collected ($6.18)
Seat 4: YeeesMan folded before Flop (didn't bet)
Seat 5: scootergenk folded on the Flop
Seat 6: blistein (button) folded before Flop (didn't bet)



PokerStars Hand #254551426780:  Hold'em No Limit ($0.50/$1.00 USD) - 2025/01/25 20:34:59 WET [2025/01/25 15:34:59 ET]
Table 'Erinome V' 6-max Seat #1 is the button
Seat 1: z00mba ($110.50 in chips) 
Seat 2: aoish30 ($100 in chips) 
Seat 3: sta$igk ($103.68 in chips) 
Seat 4: YeeesMan ($106.90 in chips) 
Seat 5: scootergenk ($59.12 in chips) 
Seat 6: blistein ($100 in chips) 
aoish30: posts small blind $0.50
sta$igk: posts big blind $1
*** HOLE CARDS ***
YeeesMan: folds 
scootergenk: folds 
blistein: raises $1.30 to $2.30
z00mba: folds 
aoish30: folds 
sta$igk: folds 
Uncalled bet ($1.30) returned to blistein
blistein collected $2.50 from pot
blistein: doesn't show hand 
*** SUMMARY ***
Total pot $2.50 | Rake $0 
Seat 1: z00mba (button) folded before Flop (didn't bet)
Seat 2: aoish30 (small blind) folded before Flop
Seat 3: sta$igk (big blind) folded before Flop
Seat 4: YeeesMan folded before Flop (didn't bet)
Seat 5: scootergenk folded before Flop (didn't bet)
Seat 6: blistein collected ($2.50)



PokerStars Hand #254551430754:  Hold'em No Limit ($0.50/$1.00 USD) - 2025/01/25 20:35:12 WET [2025/01/25 15:35:12 ET]
Table 'Erinome V' 6-max Seat #2 is the button
Seat 4: YeeesMan ($106.90 in chips) is sitting out
Seat 1: z00mba ($110.50 in chips) 
Seat 2: aoish30 ($100 in chips) 
Seat 3: sta$igk ($102.68 in chips) 
Seat 5: scootergenk ($59.12 in chips) 
Seat 6: blistein ($101.50 in chips) 
sta$igk: posts small blind $0.50
YeeesMan: is sitting out 
scootergenk: posts big blind $1
*** HOLE CARDS ***
blistein: folds 
YeeesMan leaves the table
z00mba: raises $1.50 to $2.50
aoish30: folds 
sta$igk: folds 
scootergenk: calls $1.50
*** FLOP *** [4h Qd 3h]
scootergenk: checks 
z00mba: checks 
*** TURN *** [4h Qd 3h] [9c]
scootergenk: checks 
XneferX joins the table at seat #4 
z00mba: bets $3
scootergenk: calls $3
*** RIVER *** [4h Qd 3h 9c] [6d]
scootergenk: checks 
z00mba: bets $6
scootergenk: calls $6
*** SHOW DOWN ***
z00mba: shows [Qh 8h] (a pair of Queens)
scootergenk: mucks hand 
z00mba collected $22.32 from pot
*** SUMMARY ***
Total pot $23.50 | Rake $1.18 
Board [4h Qd 3h 9c 6d]
Seat 4: YeeesMan
Seat 1: z00mba showed [Qh 8h] and won ($22.32) with a pair of Queens
Seat 2: aoish30 (button) folded before Flop (didn't bet)
Seat 3: sta$igk (small blind) folded before Flop
Seat 5: scootergenk (big blind) mucked
Seat 6: blistein folded before Flop (didn't bet)



PokerStars Hand #254551443657:  Hold'em No Limit ($0.50/$1.00 USD) - 2025/01/25 20:35:56 WET [2025/01/25 15:35:56 ET]
Table 'Erinome V' 6-max Seat #3 is the button
Seat 4: XneferX ($100 in chips) is sitting out
Seat 1: z00mba ($121.32 in chips) 
Seat 2: aoish30 ($100 in chips) 
Seat 3: sta$igk ($102.18 in chips) 
Seat 5: scootergenk ($47.62 in chips) 
Seat 6: blistein ($101.50 in chips) 
scootergenk: posts small blind $0.50
blistein: posts big blind $1
*** HOLE CARDS ***
z00mba: folds 
aoish30: folds 
sta$igk: folds 
scootergenk: raises $1 to $2
blistein: raises $5 to $7
scootergenk: folds 
Uncalled bet ($5) returned to blistein
blistein collected $4 from pot
blistein: doesn't show hand 
*** SUMMARY ***
Total pot $4 | Rake $0 
Seat 4: XneferX
Seat 1: z00mba folded before Flop (didn't bet)
Seat 2: aoish30 folded before Flop (didn't bet)
Seat 3: sta$igk (button) folded before Flop (didn't bet)
Seat 5: scootergenk (small blind) folded before Flop
Seat 6: blistein (big blind) collected ($4)



PokerStars Hand #254551450651:  Hold'em No Limit ($0.50/$1.00 USD) - 2025/01/25 20:36:20 WET [2025/01/25 15:36:20 ET]
Table 'Erinome V' 6-max Seat #5 is the button
Seat 4: XneferX ($100 in chips) is sitting out
Seat 1: z00mba ($121.32 in chips) 
Seat 2: aoish30 ($100 in chips) 
Seat 3: sta$igk ($102.18 in chips) 
Seat 5: scootergenk ($45.62 in chips) 
Seat 6: blistein ($103.50 in chips) 
blistein: posts small blind $0.50
z00mba: posts big blind $1
XneferX: sits out 
*** HOLE CARDS ***
aoish30: folds 
sta$igk: raises $1.50 to $2.50
scootergenk: calls $2.50
blistein: folds 
z00mba: calls $1.50
*** FLOP *** [6h 7h 5c]
z00mba: checks 
sta$igk: checks 
scootergenk: checks 
*** TURN *** [6h 7h 5c] [4d]
z00mba: checks 
sta$igk: checks 
scootergenk: checks 
*** RIVER *** [6h 7h 5c 4d] [Js]
z00mba: checks 
sta$igk: bets $5.09
scootergenk: folds 
z00mba: calls $5.09
*** SHOW DOWN ***
sta$igk: shows [Ks Qs] (high card King)
z00mba: shows [6d Jd] (two pair, Jacks and Sixes)
z00mba collected $17.27 from pot
*** SUMMARY ***
Total pot $18.18 | Rake $0.91 
Board [6h 7h 5c 4d Js]
Seat 4: XneferX
Seat 1: z00mba (big blind) showed [6d Jd] and won ($17.27) with two pair, Jacks and Sixes
Seat 2: aoish30 folded before Flop (didn't bet)
Seat 3: sta$igk showed [Ks Qs] and lost with high card King
Seat 5: scootergenk (button) folded on the River
Seat 6: blistein (small blind) folded before Flop



PokerStars Hand #254551464644:  Hold'em No Limit ($0.50/$1.00 USD) - 2025/01/25 20:37:07 WET [2025/01/25 15:37:07 ET]
Table 'Erinome V' 6-max Seat #6 is the button
Seat 2: aoish30 ($100 in chips) is sitting out
Seat 4: XneferX ($100 in chips) is sitting out
Seat 1: z00mba ($131 in chips) 
Seat 3: sta$igk ($100 in chips) 
Seat 5: scootergenk ($43.12 in chips) 
Seat 6: blistein ($103 in chips) 
z00mba: posts small blind $0.50
aoish30: is sitting out 
sta$igk: posts big blind $1
XneferX: sits out 
*** HOLE CARDS ***
aoish30 leaves the table
scootergenk: raises $1.50 to $2.50
blistein: folds 
z00mba: folds 
sta$igk: folds 
Uncalled bet ($1.50) returned to scootergenk
scootergenk collected $2.50 from pot
*** SUMMARY ***
Total pot $2.50 | Rake $0 
Seat 2: aoish30
Seat 4: XneferX
Seat 1: z00mba (small blind) folded before Flop
Seat 3: sta$igk (big blind) folded before Flop
Seat 5: scootergenk collected ($2.50)
Seat 6: blistein (button) folded before Flop (didn't bet)



PokerStars Hand #254551468437:  Hold'em No Limit ($0.50/$1.00 USD) - 2025/01/25 20:37:20 WET [2025/01/25 15:37:20 ET]
Table 'Erinome V' 6-max Seat #1 is the button
Seat 1: z00mba ($130.50 in chips) 
Seat 3: sta$igk ($100 in chips) 
Seat 4: XneferX ($100 in chips) 
Seat 5: scootergenk ($44.62 in chips) 
Seat 6: blistein ($103 in chips) 
sta$igk: posts small blind $0.50
XneferX: posts big blind $1
*** HOLE CARDS ***
scootergenk: folds 
henri789 joins the table at seat #2 
blistein: raises $1.30 to $2.30
z00mba: folds 
sta$igk: folds 
XneferX: folds 
Uncalled bet ($1.30) returned to blistein
blistein collected $2.50 from pot
blistein: doesn't show hand 
*** SUMMARY ***
Total pot $2.50 | Rake $0 
Seat 1: z00mba (button) folded before Flop (didn't bet)
Seat 3: sta$igk (small blind) folded before Flop
Seat 4: XneferX (big blind) folded before Flop
Seat 5: scootergenk folded before Flop (didn't bet)
Seat 6: blistein collected ($2.50)



PokerStars Hand #254551473036:  Hold'em No Limit ($0.50/$1.00 USD) - 2025/01/25 20:37:36 WET [2025/01/25 15:37:36 ET]
Table 'Erinome V' 6-max Seat #3 is the button
Seat 2: henri789 ($100 in chips) is sitting out
Seat 1: z00mba ($130.50 in chips) 
Seat 3: sta$igk ($100 in chips) 
Seat 4: XneferX ($100 in chips) 
Seat 5: scootergenk ($44.62 in chips) 
Seat 6: blistein ($104.50 in chips) 
XneferX: posts small blind $0.50
scootergenk: posts big blind $1
henri789: sits out 
*** HOLE CARDS ***
blistein: folds 
z00mba: folds 
sta$igk: folds 
XneferX: raises $2 to $3
scootergenk: folds 
Uncalled bet ($2) returned to XneferX
XneferX collected $2 from pot
XneferX: doesn't show hand 
*** SUMMARY ***
Total pot $2 | Rake $0 
Seat 2: henri789
Seat 1: z00mba folded before Flop (didn't bet)
Seat 3: sta$igk (button) folded before Flop (didn't bet)
Seat 4: XneferX (small blind) collected ($2)
Seat 5: scootergenk (big blind) folded before Flop
Seat 6: blistein folded before Flop (didn't bet)



PokerStars Hand #254551478324:  Hold'em No Limit ($0.50/$1.00 USD) - 2025/01/25 20:37:53 WET [2025/01/25 15:37:53 ET]
Table 'Erinome V' 6-max Seat #4 is the button
Seat 2: henri789 ($100 in chips) is sitting out
Seat 1: z00mba ($130.50 in chips) 
Seat 3: sta$igk ($100 in chips) 
Seat 4: XneferX ($101 in chips) 
Seat 5: scootergenk ($43.62 in chips) 
Seat 6: blistein ($104.50 in chips) 
scootergenk: posts small blind $0.50
blistein: posts big blind $1
henri789: sits out 
*** HOLE CARDS ***
z00mba: folds 
sta$igk: folds 
XneferX: folds 
scootergenk: folds 
Uncalled bet ($0.50) returned to blistein
blistein collected $1 from pot
blistein: doesn't show hand 
*** SUMMARY ***
Total pot $1 | Rake $0 
Seat 2: henri789
Seat 1: z00mba folded before Flop (didn't bet)
Seat 3: sta$igk folded before Flop (didn't bet)
Seat 4: XneferX (button) folded before Flop (didn't bet)
Seat 5: scootergenk (small blind) folded before Flop
Seat 6: blistein (big blind) collected ($1)



PokerStars Hand #254551481193:  Hold'em No Limit ($0.50/$1.00 USD) - 2025/01/25 20:38:03 WET [2025/01/25 15:38:03 ET]
Table 'Erinome V' 6-max Seat #5 is the button
Seat 2: henri789 ($100 in chips) is sitting out
Seat 1: z00mba ($130.50 in chips) 
Seat 3: sta$igk ($100 in chips) 
Seat 4: XneferX ($101 in chips) 
Seat 5: scootergenk ($43.12 in chips) 
Seat 6: blistein ($105 in chips) 
blistein: posts small blind $0.50
z00mba: posts big blind $1
henri789: sits out 
*** HOLE CARDS ***
sta$igk: folds 
XneferX: raises $1.30 to $2.30
scootergenk: folds 
blistein: raises $9.70 to $12
z00mba: folds 
XneferX: raises $13 to $25
blistein: raises $80 to $105 and is all-in
XneferX: folds 
Uncalled bet ($80) returned to blistein
blistein collected $51 from pot
blistein: doesn't show hand 
*** SUMMARY ***
Total pot $51 | Rake $0 
Seat 2: henri789
Seat 1: z00mba (big blind) folded before Flop
Seat 3: sta$igk folded before Flop (didn't bet)
Seat 4: XneferX folded before Flop
Seat 5: scootergenk (button) folded before Flop (didn't bet)
Seat 6: blistein (small blind) collected ($51)



PokerStars Hand #254551497937:  Hold'em No Limit ($0.50/$1.00 USD) - 2025/01/25 20:38:59 WET [2025/01/25 15:38:59 ET]
Table 'Erinome V' 6-max Seat #6 is the button
Seat 1: z00mba ($129.50 in chips) 
Seat 2: henri789 ($100 in chips) 
Seat 3: sta$igk ($100 in chips) 
Seat 4: XneferX ($100 in chips) 
Seat 5: scootergenk ($43.12 in chips) 
Seat 6: blistein ($131 in chips) 
z00mba: posts small blind $0.50
henri789: posts big blind $1
*** HOLE CARDS ***
sta$igk: folds 
XneferX: folds 
scootergenk: raises $1.50 to $2.50
blistein: folds 
z00mba: folds 
henri789: folds 
Uncalled bet ($1.50) returned to scootergenk
scootergenk collected $2.50 from pot
*** SUMMARY ***
Total pot $2.50 | Rake $0 
Seat 1: z00mba (small blind) folded before Flop
Seat 2: henri789 (big blind) folded before Flop
Seat 3: sta$igk folded before Flop (didn't bet)
Seat 4: XneferX folded before Flop (didn't bet)
Seat 5: scootergenk collected ($2.50)
Seat 6: blistein (button) folded before Flop (didn't bet)



PokerStars Hand #254551504497:  Hold'em No Limit ($0.50/$1.00 USD) - 2025/01/25 20:39:22 WET [2025/01/25 15:39:22 ET]
Table 'Erinome V' 6-max Seat #1 is the button
Seat 1: z00mba ($129 in chips) 
Seat 2: henri789 ($100 in chips) 
Seat 3: sta$igk ($100 in chips) 
Seat 4: XneferX ($100 in chips) 
Seat 5: scootergenk ($44.62 in chips) 
Seat 6: blistein ($131 in chips) 
henri789: posts small blind $0.50
sta$igk: posts big blind $1
*** HOLE CARDS ***
XneferX: folds 
scootergenk: folds 
blistein: folds 
z00mba: raises $1.50 to $2.50
henri789: folds 
sta$igk: calls $1.50
*** FLOP *** [3c Th Qc]
sta$igk: checks 
z00mba: checks 
*** TURN *** [3c Th Qc] [Kd]
sta$igk: checks 
z00mba: checks 
*** RIVER *** [3c Th Qc Kd] [8c]
sta$igk: bets $7.83
z00mba: calls $7.83
*** SHOW DOWN ***
sta$igk: shows [2c 2d] (a pair of Deuces)
z00mba: shows [Qh 6h] (a pair of Queens)
z00mba collected $20.10 from pot
*** SUMMARY ***
Total pot $21.16 | Rake $1.06 
Board [3c Th Qc Kd 8c]
Seat 1: z00mba (button) showed [Qh 6h] and won ($20.10) with a pair of Queens
Seat 2: henri789 (small blind) folded before Flop
Seat 3: sta$igk (big blind) showed [2c 2d] and lost with a pair of Deuces
Seat 4: XneferX folded before Flop (didn't bet)
Seat 5: scootergenk folded before Flop (didn't bet)
Seat 6: blistein folded before Flop (didn't bet)



PokerStars Hand #254551529433:  Hold'em No Limit ($0.50/$1.00 USD) - 2025/01/25 20:40:46 WET [2025/01/25 15:40:46 ET]
Table 'Erinome V' 6-max Seat #2 is the button
Seat 1: z00mba ($138.77 in chips) 
Seat 2: henri789 ($100 in chips) 
Seat 3: sta$igk ($100 in chips) 
Seat 4: XneferX ($100 in chips) 
Seat 5: scootergenk ($44.62 in chips) 
Seat 6: blistein ($131 in chips) 
sta$igk: posts small blind $0.50
XneferX: posts big blind $1
*** HOLE CARDS ***
scootergenk: folds 
blistein: folds 
z00mba: folds 
henri789: raises $1.20 to $2.20
sta$igk: folds 
XneferX: raises $10.80 to $13
henri789: folds 
Uncalled bet ($10.80) returned to XneferX
XneferX collected $4.90 from pot
XneferX: doesn't show hand 
*** SUMMARY ***
Total pot $4.90 | Rake $0 
Seat 1: z00mba folded before Flop (didn't bet)
Seat 2: henri789 (button) folded before Flop
Seat 3: sta$igk (small blind) folded before Flop
Seat 4: XneferX (big blind) collected ($4.90)
Seat 5: scootergenk folded before Flop (didn't bet)
Seat 6: blistein folded before Flop (didn't bet)



PokerStars Hand #254551538787:  Hold'em No Limit ($0.50/$1.00 USD) - 2025/01/25 20:41:17 WET [2025/01/25 15:41:17 ET]
Table 'Erinome V' 6-max Seat #3 is the button
Seat 1: z00mba ($138.77 in chips) 
Seat 2: henri789 ($100 in chips) 
Seat 3: sta$igk ($100 in chips) 
Seat 4: XneferX ($102.70 in chips) 
Seat 5: scootergenk ($44.62 in chips) 
Seat 6: blistein ($131 in chips) 
XneferX: posts small blind $0.50
scootergenk: posts big blind $1
*** HOLE CARDS ***
blistein: folds 
z00mba: folds 
henri789: raises $1.20 to $2.20
sta$igk: folds 
XneferX: folds 
scootergenk: calls $1.20
*** FLOP *** [2h 4s Ks]
scootergenk: checks 
henri789: bets $1.40
scootergenk: calls $1.40
*** TURN *** [2h 4s Ks] [9s]
scootergenk: checks 
henri789: bets $3.59
scootergenk: folds 
Uncalled bet ($3.59) returned to henri789
henri789 collected $7.32 from pot
henri789: doesn't show hand 
*** SUMMARY ***
Total pot $7.70 | Rake $0.38 
Board [2h 4s Ks 9s]
Seat 1: z00mba folded before Flop (didn't bet)
Seat 2: henri789 collected ($7.32)
Seat 3: sta$igk (button) folded before Flop (didn't bet)
Seat 4: XneferX (small blind) folded before Flop
Seat 5: scootergenk (big blind) folded on the Turn
Seat 6: blistein folded before Flop (didn't bet)



PokerStars Hand #254551559446:  Hold'em No Limit ($0.50/$1.00 USD) - 2025/01/25 20:42:27 WET [2025/01/25 15:42:27 ET]
Table 'Erinome V' 6-max Seat #4 is the button
Seat 1: z00mba ($138.77 in chips) 
Seat 2: henri789 ($103.72 in chips) 
Seat 3: sta$igk ($100 in chips) 
Seat 4: XneferX ($102.20 in chips) 
Seat 5: scootergenk ($41.02 in chips) 
Seat 6: blistein ($131 in chips) 
scootergenk: posts small blind $0.50
blistein: posts big blind $1
*** HOLE CARDS ***
z00mba: folds 
henri789: folds 
sta$igk: folds 
XneferX: raises $1.77 to $2.77
scootergenk: folds 
blistein: folds 
Uncalled bet ($1.77) returned to XneferX
XneferX collected $2.50 from pot
XneferX: doesn't show hand 
*** SUMMARY ***
Total pot $2.50 | Rake $0 
Seat 1: z00mba folded before Flop (didn't bet)
Seat 2: henri789 folded before Flop (didn't bet)
Seat 3: sta$igk folded before Flop (didn't bet)
Seat 4: XneferX (button) collected ($2.50)
Seat 5: scootergenk (small blind) folded before Flop
Seat 6: blistein (big blind) folded before Flop



PokerStars Hand #254551564046:  Hold'em No Limit ($0.50/$1.00 USD) - 2025/01/25 20:42:42 WET [2025/01/25 15:42:42 ET]
Table 'Erinome V' 6-max Seat #5 is the button
Seat 1: z00mba ($138.77 in chips) 
Seat 2: henri789 ($103.72 in chips) 
Seat 3: sta$igk ($100 in chips) 
Seat 4: XneferX ($103.70 in chips) 
Seat 5: scootergenk ($40.52 in chips) 
Seat 6: blistein ($130 in chips) 
blistein: posts small blind $0.50
z00mba: posts big blind $1
*** HOLE CARDS ***
henri789: folds 
sta$igk: folds 
XneferX: folds 
scootergenk: raises $1 to $2
blistein: folds 
z00mba: folds 
Uncalled bet ($1) returned to scootergenk
scootergenk collected $2.50 from pot
*** SUMMARY ***
Total pot $2.50 | Rake $0 
Seat 1: z00mba (big blind) folded before Flop
Seat 2: henri789 folded before Flop (didn't bet)
Seat 3: sta$igk folded before Flop (didn't bet)
Seat 4: XneferX folded before Flop (didn't bet)
Seat 5: scootergenk (button) collected ($2.50)
Seat 6: blistein (small blind) folded before Flop



PokerStars Hand #254551569157:  Hold'em No Limit ($0.50/$1.00 USD) - 2025/01/25 20:42:59 WET [2025/01/25 15:42:59 ET]
Table 'Erinome V' 6-max Seat #6 is the button
Seat 1: z00mba ($137.77 in chips) 
Seat 2: henri789 ($103.72 in chips) 
Seat 3: sta$igk ($100 in chips) 
Seat 4: XneferX ($103.70 in chips) 
Seat 5: scootergenk ($42.02 in chips) 
Seat 6: blistein ($129.50 in chips) 
z00mba: posts small blind $0.50
henri789: posts big blind $1
*** HOLE CARDS ***
sta$igk: raises $1.50 to $2.50
XneferX: folds 
scootergenk: folds 
blistein: folds 
z00mba: raises $9 to $11.50
henri789: folds 
sta$igk: folds 
Uncalled bet ($9) returned to z00mba
z00mba collected $6 from pot
z00mba: doesn't show hand 
*** SUMMARY ***
Total pot $6 | Rake $0 
Seat 1: z00mba (small blind) collected ($6)
Seat 2: henri789 (big blind) folded before Flop
Seat 3: sta$igk folded before Flop
Seat 4: XneferX folded before Flop (didn't bet)
Seat 5: scootergenk folded before Flop (didn't bet)
Seat 6: blistein (button) folded before Flop (didn't bet)



PokerStars Hand #254551578053:  Hold'em No Limit ($0.50/$1.00 USD) - 2025/01/25 20:43:29 WET [2025/01/25 15:43:29 ET]
Table 'Erinome V' 6-max Seat #1 is the button
Seat 1: z00mba ($141.27 in chips) 
Seat 2: henri789 ($102.72 in chips) 
Seat 3: sta$igk ($100 in chips) 
Seat 4: XneferX ($103.70 in chips) 
Seat 5: scootergenk ($42.02 in chips) 
Seat 6: blistein ($129.50 in chips) 
henri789: posts small blind $0.50
sta$igk: posts big blind $1
*** HOLE CARDS ***
XneferX: folds 
scootergenk: raises $1 to $2
blistein: folds 
z00mba: folds 
henri789: folds 
sta$igk: calls $1
*** FLOP *** [6d Th Ac]
sta$igk: checks 
scootergenk: checks 
*** TURN *** [6d Th Ac] [9d]
sta$igk: bets $6.42
scootergenk: folds 
Uncalled bet ($6.42) returned to sta$igk
sta$igk collected $4.28 from pot
sta$igk: doesn't show hand 
*** SUMMARY ***
Total pot $4.50 | Rake $0.22 
Board [6d Th Ac 9d]
Seat 1: z00mba (button) folded before Flop (didn't bet)
Seat 2: henri789 (small blind) folded before Flop
Seat 3: sta$igk (big blind) collected ($4.28)
Seat 4: XneferX folded before Flop (didn't bet)
Seat 5: scootergenk folded on the Turn
Seat 6: blistein folded before Flop (didn't bet)



PokerStars Hand #254551587898:  Hold'em No Limit ($0.50/$1.00 USD) - 2025/01/25 20:44:02 WET [2025/01/25 15:44:02 ET]
Table 'Erinome V' 6-max Seat #2 is the button
Seat 1: z00mba ($141.27 in chips) 
Seat 2: henri789 ($102.22 in chips) 
Seat 3: sta$igk ($102.28 in chips) 
Seat 4: XneferX ($103.70 in chips) 
Seat 5: scootergenk ($40.02 in chips) 
Seat 6: blistein ($129.50 in chips) 
sta$igk: posts small blind $0.50
XneferX: posts big blind $1
*** HOLE CARDS ***
scootergenk: folds 
blistein: folds 
z00mba: folds 
henri789: raises $1.20 to $2.20
sta$igk: folds 
XneferX: raises $10.80 to $13
henri789: raises $14 to $27
XneferX: folds 
Uncalled bet ($14) returned to henri789
henri789 collected $26.50 from pot
henri789: doesn't show hand 
*** SUMMARY ***
Total pot $26.50 | Rake $0 
Seat 1: z00mba folded before Flop (didn't bet)
Seat 2: henri789 (button) collected ($26.50)
Seat 3: sta$igk (small blind) folded before Flop
Seat 4: XneferX (big blind) folded before Flop
Seat 5: scootergenk folded before Flop (didn't bet)
Seat 6: blistein folded before Flop (didn't bet)



PokerStars Hand #254551605343:  Hold'em No Limit ($0.50/$1.00 USD) - 2025/01/25 20:45:01 WET [2025/01/25 15:45:01 ET]
Table 'Erinome V' 6-max Seat #3 is the button
Seat 1: z00mba ($141.27 in chips) 
Seat 2: henri789 ($115.72 in chips) 
Seat 3: sta$igk ($101.78 in chips) 
Seat 4: XneferX ($100 in chips) 
Seat 5: scootergenk ($40.02 in chips) 
Seat 6: blistein ($129.50 in chips) 
XneferX: posts small blind $0.50
scootergenk: posts big blind $1
*** HOLE CARDS ***
blistein: folds 
z00mba: folds 
henri789: folds 
sta$igk: folds 
XneferX: raises $2 to $3
scootergenk: folds 
Uncalled bet ($2) returned to XneferX
XneferX collected $2 from pot
XneferX: doesn't show hand 
*** SUMMARY ***
Total pot $2 | Rake $0 
Seat 1: z00mba folded before Flop (didn't bet)
Seat 2: henri789 folded before Flop (didn't bet)
Seat 3: sta$igk (button) folded before Flop (didn't bet)
Seat 4: XneferX (small blind) collected ($2)
Seat 5: scootergenk (big blind) folded before Flop
Seat 6: blistein folded before Flop (didn't bet)



PokerStars Hand #254551610165:  Hold'em No Limit ($0.50/$1.00 USD) - 2025/01/25 20:45:18 WET [2025/01/25 15:45:18 ET]
Table 'Erinome V' 6-max Seat #4 is the button
Seat 1: z00mba ($141.27 in chips) 
Seat 2: henri789 ($115.72 in chips) 
Seat 3: sta$igk ($101.78 in chips) 
Seat 4: XneferX ($101 in chips) 
Seat 5: scootergenk ($39.02 in chips) 
Seat 6: blistein ($129.50 in chips) 
scootergenk: posts small blind $0.50
blistein: posts big blind $1
*** HOLE CARDS ***
z00mba: folds 
henri789: folds 
sta$igk: raises $1.50 to $2.50
XneferX: folds 
scootergenk: calls $2
blistein: calls $1.50
*** FLOP *** [5s 5c 8d]
scootergenk: checks 
blistein: checks 
sta$igk: bets $2.35
scootergenk: folds 
blistein: folds 
Uncalled bet ($2.35) returned to sta$igk
sta$igk collected $7.12 from pot
sta$igk: doesn't show hand 
*** SUMMARY ***
Total pot $7.50 | Rake $0.38 
Board [5s 5c 8d]
Seat 1: z00mba folded before Flop (didn't bet)
Seat 2: henri789 folded before Flop (didn't bet)
Seat 3: sta$igk collected ($7.12)
Seat 4: XneferX (button) folded before Flop (didn't bet)
Seat 5: scootergenk (small blind) folded on the Flop
Seat 6: blistein (big blind) folded on the Flop



PokerStars Hand #254551624182:  Hold'em No Limit ($0.50/$1.00 USD) - 2025/01/25 20:46:05 WET [2025/01/25 15:46:05 ET]
Table 'Erinome V' 6-max Seat #5 is the button
Seat 1: z00mba ($141.27 in chips) 
Seat 2: henri789 ($115.72 in chips) 
Seat 3: sta$igk ($106.40 in chips) 
Seat 4: XneferX ($101 in chips) 
Seat 5: scootergenk ($36.52 in chips) 
Seat 6: blistein ($127 in chips) 
blistein: posts small blind $0.50
z00mba: posts big blind $1
*** HOLE CARDS ***
henri789: folds 
sta$igk: folds 
XneferX: folds 
scootergenk: folds 
blistein: folds 
Uncalled bet ($0.50) returned to z00mba
z00mba collected $1 from pot
z00mba: doesn't show hand 
*** SUMMARY ***
Total pot $1 | Rake $0 
Seat 1: z00mba (big blind) collected ($1)
Seat 2: henri789 folded before Flop (didn't bet)
Seat 3: sta$igk folded before Flop (didn't bet)
Seat 4: XneferX folded before Flop (didn't bet)
Seat 5: scootergenk (button) folded before Flop (didn't bet)
Seat 6: blistein (small blind) folded before Flop



PokerStars Hand #254551627850:  Hold'em No Limit ($0.50/$1.00 USD) - 2025/01/25 20:46:18 WET [2025/01/25 15:46:18 ET]
Table 'Erinome V' 6-max Seat #6 is the button
Seat 1: z00mba ($141.77 in chips) 
Seat 2: henri789 ($115.72 in chips) 
Seat 3: sta$igk ($106.40 in chips) 
Seat 4: XneferX ($101 in chips) 
Seat 5: scootergenk ($36.52 in chips) 
Seat 6: blistein ($126.50 in chips) 
z00mba: posts small blind $0.50
henri789: posts big blind $1
*** HOLE CARDS ***
sta$igk: folds 
XneferX: folds 
scootergenk: raises $1.50 to $2.50
blistein: folds 
z00mba: folds 
henri789: calls $1.50
*** FLOP *** [3h 2h Ks]
henri789: checks 
scootergenk: checks 
*** TURN *** [3h 2h Ks] [7h]
henri789: bets $1.72
scootergenk: calls $1.72
*** RIVER *** [3h 2h Ks 7h] [Ts]
henri789: checks 
scootergenk: checks 
*** SHOW DOWN ***
henri789: shows [Th Qc] (a pair of Tens)
scootergenk: mucks hand 
henri789 collected $8.49 from pot
*** SUMMARY ***
Total pot $8.94 | Rake $0.45 
Board [3h 2h Ks 7h Ts]
Seat 1: z00mba (small blind) folded before Flop
Seat 2: henri789 (big blind) showed [Th Qc] and won ($8.49) with a pair of Tens
Seat 3: sta$igk folded before Flop (didn't bet)
Seat 4: XneferX folded before Flop (didn't bet)
Seat 5: scootergenk mucked
Seat 6: blistein (button) folded before Flop (didn't bet)



PokerStars Hand #254551644058:  Hold'em No Limit ($0.50/$1.00 USD) - 2025/01/25 20:47:13 WET [2025/01/25 15:47:13 ET]
Table 'Erinome V' 6-max Seat #1 is the button
Seat 1: z00mba ($141.27 in chips) 
Seat 2: henri789 ($119.99 in chips) 
Seat 3: sta$igk ($106.40 in chips) 
Seat 4: XneferX ($101 in chips) 
Seat 5: scootergenk ($32.30 in chips) 
Seat 6: blistein ($126.50 in chips) 
henri789: posts small blind $0.50
sta$igk: posts big blind $1
*** HOLE CARDS ***
XneferX: raises $1.10 to $2.10
scootergenk: calls $2.10
blistein: folds 
z00mba: folds 
henri789: folds 
sta$igk: folds 
*** FLOP *** [As 7s Kh]
XneferX: bets $1.20
scootergenk: calls $1.20
*** TURN *** [As 7s Kh] [7c]
XneferX: bets $3.93
scootergenk: calls $3.93
*** RIVER *** [As 7s Kh 7c] [Jh]
XneferX: bets $30.17
scootergenk: folds 
Uncalled bet ($30.17) returned to XneferX
XneferX collected $15.16 from pot
XneferX: doesn't show hand 
*** SUMMARY ***
Total pot $15.96 | Rake $0.80 
Board [As 7s Kh 7c Jh]
Seat 1: z00mba (button) folded before Flop (didn't bet)
Seat 2: henri789 (small blind) folded before Flop
Seat 3: sta$igk (big blind) folded before Flop
Seat 4: XneferX collected ($15.16)
Seat 5: scootergenk folded on the River
Seat 6: blistein folded before Flop (didn't bet)



PokerStars Hand #254551658693:  Hold'em No Limit ($0.50/$1.00 USD) - 2025/01/25 20:48:03 WET [2025/01/25 15:48:03 ET]
Table 'Erinome V' 6-max Seat #2 is the button
Seat 1: z00mba ($141.27 in chips) 
Seat 2: henri789 ($119.49 in chips) 
Seat 3: sta$igk ($105.40 in chips) 
Seat 4: XneferX ($108.93 in chips) 
Seat 5: scootergenk ($25.07 in chips) 
Seat 6: blistein ($126.50 in chips) 
sta$igk: posts small blind $0.50
XneferX: posts big blind $1
*** HOLE CARDS ***
scootergenk: calls $1
blistein: folds 
z00mba: folds 
henri789: folds 
sta$igk: raises $4 to $5
XneferX: folds 
scootergenk: calls $4
*** FLOP *** [8c Tc 3c]
sta$igk: bets $31.35
scootergenk: folds 
Uncalled bet ($31.35) returned to sta$igk
sta$igk collected $10.45 from pot
sta$igk: doesn't show hand 
*** SUMMARY ***
Total pot $11 | Rake $0.55 
Board [8c Tc 3c]
Seat 1: z00mba folded before Flop (didn't bet)
Seat 2: henri789 (button) folded before Flop (didn't bet)
Seat 3: sta$igk (small blind) collected ($10.45)
Seat 4: XneferX (big blind) folded before Flop
Seat 5: scootergenk folded on the Flop
Seat 6: blistein folded before Flop (didn't bet)



PokerStars Hand #254551667965:  Hold'em No Limit ($0.50/$1.00 USD) - 2025/01/25 20:48:34 WET [2025/01/25 15:48:34 ET]
Table 'Erinome V' 6-max Seat #3 is the button
Seat 1: z00mba ($141.27 in chips) 
Seat 2: henri789 ($119.49 in chips) 
Seat 3: sta$igk ($110.85 in chips) 
Seat 4: XneferX ($107.93 in chips) 
Seat 5: scootergenk ($20.07 in chips) 
Seat 6: blistein ($126.50 in chips) 
XneferX: posts small blind $0.50
scootergenk: posts big blind $1
*** HOLE CARDS ***
blistein: folds 
z00mba: folds 
henri789: raises $1.20 to $2.20
sta$igk: folds 
XneferX: folds 
scootergenk: raises $17.87 to $20.07 and is all-in
henri789: folds 
Uncalled bet ($17.87) returned to scootergenk
scootergenk collected $4.90 from pot
*** SUMMARY ***
Total pot $4.90 | Rake $0 
Seat 1: z00mba folded before Flop (didn't bet)
Seat 2: henri789 folded before Flop
Seat 3: sta$igk (button) folded before Flop (didn't bet)
Seat 4: XneferX (small blind) folded before Flop
Seat 5: scootergenk (big blind) collected ($4.90)
Seat 6: blistein folded before Flop (didn't bet)



PokerStars Hand #254551679747:  Hold'em No Limit ($0.50/$1.00 USD) - 2025/01/25 20:49:15 WET [2025/01/25 15:49:15 ET]
Table 'Erinome V' 6-max Seat #4 is the button
Seat 1: z00mba ($141.27 in chips) 
Seat 2: henri789 ($117.29 in chips) 
Seat 3: sta$igk ($110.85 in chips) 
Seat 4: XneferX ($107.43 in chips) 
Seat 5: scootergenk ($22.77 in chips) 
Seat 6: blistein ($126.50 in chips) 
scootergenk: posts small blind $0.50
blistein: posts big blind $1
*** HOLE CARDS ***
z00mba: folds 
henri789: folds 
sta$igk: folds 
XneferX: folds 
scootergenk: raises $1 to $2
blistein: calls $1
*** FLOP *** [4s Js 9s]
scootergenk: checks 
blistein: checks 
*** TURN *** [4s Js 9s] [2h]
scootergenk: checks 
blistein: checks 
*** RIVER *** [4s Js 9s 2h] [3h]
scootergenk: checks 
blistein: checks 
*** SHOW DOWN ***
scootergenk: shows [Ad 8d] (high card Ace)
blistein: shows [3s Ac] (a pair of Threes)
blistein collected $3.80 from pot
*** SUMMARY ***
Total pot $4 | Rake $0.20 
Board [4s Js 9s 2h 3h]
Seat 1: z00mba folded before Flop (didn't bet)
Seat 2: henri789 folded before Flop (didn't bet)
Seat 3: sta$igk folded before Flop (didn't bet)
Seat 4: XneferX (button) folded before Flop (didn't bet)
Seat 5: scootergenk (small blind) showed [Ad 8d] and lost with high card Ace
Seat 6: blistein (big blind) showed [3s Ac] and won ($3.80) with a pair of Threes



PokerStars Hand #254551693756:  Hold'em No Limit ($0.50/$1.00 USD) - 2025/01/25 20:50:03 WET [2025/01/25 15:50:03 ET]
Table 'Erinome V' 6-max Seat #5 is the button
Seat 1: z00mba ($141.27 in chips) is sitting out
Seat 2: henri789 ($117.29 in chips) 
Seat 3: sta$igk ($110.85 in chips) 
Seat 4: XneferX ($107.43 in chips) 
Seat 5: scootergenk ($20.77 in chips) 
Seat 6: blistein ($128.30 in chips) 
blistein: posts small blind $0.50
z00mba: is sitting out 
henri789: posts big blind $1
*** HOLE CARDS ***
sta$igk: folds 
XneferX: folds 
scootergenk: raises $1.50 to $2.50
blistein: folds 
henri789: folds 
Uncalled bet ($1.50) returned to scootergenk
scootergenk collected $2.50 from pot
*** SUMMARY ***
Total pot $2.50 | Rake $0 
Seat 1: z00mba
Seat 2: henri789 (big blind) folded before Flop
Seat 3: sta$igk folded before Flop (didn't bet)
Seat 4: XneferX folded before Flop (didn't bet)
Seat 5: scootergenk (button) collected ($2.50)
Seat 6: blistein (small blind) folded before Flop



PokerStars Hand #254551698144:  Hold'em No Limit ($0.50/$1.00 USD) - 2025/01/25 20:50:17 WET [2025/01/25 15:50:17 ET]
Table 'Erinome V' 6-max Seat #6 is the button
Seat 1: z00mba ($141.27 in chips) is sitting out
Seat 2: henri789 ($116.29 in chips) 
Seat 3: sta$igk ($110.85 in chips) 
Seat 4: XneferX ($107.43 in chips) 
Seat 5: scootergenk ($22.27 in chips) 
Seat 6: blistein ($127.80 in chips) 
henri789: posts small blind $0.50
sta$igk: posts big blind $1
*** HOLE CARDS ***
XneferX: folds 
scootergenk: folds 
blistein: folds 
henri789: raises $2 to $3
sta$igk: folds 
Uncalled bet ($2) returned to henri789
henri789 collected $2 from pot
henri789: doesn't show hand 
*** SUMMARY ***
Total pot $2 | Rake $0 
Seat 1: z00mba
Seat 2: henri789 (small blind) collected ($2)
Seat 3: sta$igk (big blind) folded before Flop
Seat 4: XneferX folded before Flop (didn't bet)
Seat 5: scootergenk folded before Flop (didn't bet)
Seat 6: blistein (button) folded before Flop (didn't bet)



PokerStars Hand #254551702892:  Hold'em No Limit ($0.50/$1.00 USD) - 2025/01/25 20:50:33 WET [2025/01/25 15:50:33 ET]
Table 'Erinome V' 6-max Seat #2 is the button
Seat 1: z00mba ($141.27 in chips) is sitting out
Seat 2: henri789 ($117.29 in chips) 
Seat 3: sta$igk ($109.85 in chips) 
Seat 4: XneferX ($107.43 in chips) 
Seat 5: scootergenk ($22.27 in chips) 
Seat 6: blistein ($127.80 in chips) 
sta$igk: posts small blind $0.50
XneferX: posts big blind $1
*** HOLE CARDS ***
scootergenk: calls $1
blistein: folds 
henri789: folds 
sta$igk: raises $3 to $4
XneferX: folds 
scootergenk: calls $3
*** FLOP *** [4d Td As]
sta$igk: bets $2.82
scootergenk: folds 
Uncalled bet ($2.82) returned to sta$igk
sta$igk collected $8.55 from pot
sta$igk: doesn't show hand 
*** SUMMARY ***
Total pot $9 | Rake $0.45 
Board [4d Td As]
Seat 1: z00mba
Seat 2: henri789 (button) folded before Flop (didn't bet)
Seat 3: sta$igk (small blind) collected ($8.55)
Seat 4: XneferX (big blind) folded before Flop
Seat 5: scootergenk folded on the Flop
Seat 6: blistein folded before Flop (didn't bet)



PokerStars Hand #254551712564:  Hold'em No Limit ($0.50/$1.00 USD) - 2025/01/25 20:51:06 WET [2025/01/25 15:51:06 ET]
Table 'Erinome V' 6-max Seat #3 is the button
Seat 1: z00mba ($141.27 in chips) is sitting out
Seat 2: henri789 ($117.29 in chips) 
Seat 3: sta$igk ($114.40 in chips) 
Seat 4: XneferX ($106.43 in chips) 
Seat 5: scootergenk ($18.27 in chips) 
Seat 6: blistein ($127.80 in chips) 
XneferX: posts small blind $0.50
scootergenk: posts big blind $1
*** HOLE CARDS ***
blistein: raises $1.20 to $2.20
henri789: folds 
sta$igk: folds 
XneferX: folds 
scootergenk: raises $16.07 to $18.27 and is all-in
blistein: folds 
Uncalled bet ($16.07) returned to scootergenk
scootergenk collected $4.90 from pot
*** SUMMARY ***
Total pot $4.90 | Rake $0 
Seat 1: z00mba
Seat 2: henri789 folded before Flop (didn't bet)
Seat 3: sta$igk (button) folded before Flop (didn't bet)
Seat 4: XneferX (small blind) folded before Flop
Seat 5: scootergenk (big blind) collected ($4.90)
Seat 6: blistein folded before Flop



PokerStars Hand #254551720214:  Hold'em No Limit ($0.50/$1.00 USD) - 2025/01/25 20:51:32 WET [2025/01/25 15:51:32 ET]
Table 'Erinome V' 6-max Seat #4 is the button
Seat 1: z00mba ($141.27 in chips) is sitting out
Seat 2: henri789 ($117.29 in chips) 
Seat 3: sta$igk ($114.40 in chips) 
Seat 4: XneferX ($105.93 in chips) 
Seat 5: scootergenk ($20.97 in chips) 
Seat 6: blistein ($125.60 in chips) 
scootergenk: posts small blind $0.50
blistein: posts big blind $1
*** HOLE CARDS ***
henri789: folds 
sta$igk: folds 
XneferX: folds 
scootergenk: folds 
Uncalled bet ($0.50) returned to blistein
blistein collected $1 from pot
blistein: doesn't show hand 
*** SUMMARY ***
Total pot $1 | Rake $0 
Seat 1: z00mba
Seat 2: henri789 folded before Flop (didn't bet)
Seat 3: sta$igk folded before Flop (didn't bet)
Seat 4: XneferX (button) folded before Flop (didn't bet)
Seat 5: scootergenk (small blind) folded before Flop
Seat 6: blistein (big blind) collected ($1)



PokerStars Hand #254551722695:  Hold'em No Limit ($0.50/$1.00 USD) - 2025/01/25 20:51:41 WET [2025/01/25 15:51:41 ET]
Table 'Erinome V' 6-max Seat #5 is the button
Seat 1: z00mba ($141.27 in chips) is sitting out
Seat 2: henri789 ($117.29 in chips) 
Seat 3: sta$igk ($114.40 in chips) 
Seat 4: XneferX ($105.93 in chips) 
Seat 5: scootergenk ($20.47 in chips) 
Seat 6: blistein ($126.10 in chips) 
blistein: posts small blind $0.50
henri789: posts big blind $1
*** HOLE CARDS ***
sta$igk: folds 
sta$igk leaves the table
XneferX: raises $1.30 to $2.30
scootergenk: folds 
blistein: folds 
henri789: raises $9.70 to $12
XneferX: folds 
Uncalled bet ($9.70) returned to henri789
henri789 collected $5.10 from pot
henri789: doesn't show hand 
*** SUMMARY ***
Total pot $5.10 | Rake $0 
Seat 1: z00mba
Seat 2: henri789 (big blind) collected ($5.10)
Seat 3: sta$igk folded before Flop (didn't bet)
Seat 4: XneferX folded before Flop
Seat 5: scootergenk (button) folded before Flop (didn't bet)
Seat 6: blistein (small blind) folded before Flop



PokerStars Hand #254551730775:  Hold'em No Limit ($0.50/$1.00 USD) - 2025/01/25 20:52:08 WET [2025/01/25 15:52:08 ET]
Table 'Erinome V' 6-max Seat #6 is the button
Seat 1: z00mba ($141.27 in chips) is sitting out
Seat 2: henri789 ($120.09 in chips) 
Seat 4: XneferX ($103.63 in chips) 
Seat 5: scootergenk ($20.47 in chips) 
Seat 6: blistein ($125.60 in chips) 
henri789: posts small blind $0.50
XneferX: posts big blind $1
*** HOLE CARDS ***
scootergenk: raises $1.50 to $2.50
blistein: folds 
henri789: folds 
XneferX: calls $1.50
*** FLOP *** [Td 9s 7h]
XneferX: checks 
scootergenk: bets $3.61
Spac396 joins the table at seat #3 
Spac396 is disconnected 
XneferX: calls $3.61
*** TURN *** [Td 9s 7h] [4d]
XneferX: checks 
scootergenk: bets $14.36 and is all-in
XneferX: folds 
Uncalled bet ($14.36) returned to scootergenk
scootergenk collected $12.08 from pot
*** SUMMARY ***
Total pot $12.72 | Rake $0.64 
Board [Td 9s 7h 4d]
Seat 1: z00mba
Seat 2: henri789 (small blind) folded before Flop
Seat 4: XneferX (big blind) folded on the Turn
Seat 5: scootergenk collected ($12.08)
Seat 6: blistein (button) folded before Flop (didn't bet)



PokerStars Hand #254551746639:  Hold'em No Limit ($0.50/$1.00 USD) - 2025/01/25 20:53:01 WET [2025/01/25 15:53:01 ET]
Table 'Erinome V' 6-max Seat #2 is the button
Seat 1: z00mba ($141.27 in chips) is sitting out
Seat 3: Spac396 ($100 in chips) is sitting out
Seat 2: henri789 ($119.59 in chips) 
Seat 4: XneferX ($100 in chips) 
Seat 5: scootergenk ($26.44 in chips) 
Seat 6: blistein ($125.60 in chips) 
XneferX: posts small blind $0.50
scootergenk: posts big blind $1
z00mba: sits out 
*** HOLE CARDS ***
blistein: folds 
henri789: raises $1.20 to $2.20
XneferX: folds 
scootergenk: calls $1.20
*** FLOP *** [7d 9s Qs]
scootergenk: checks 
henri789: bets $2.28
scootergenk: calls $2.28
*** TURN *** [7d 9s Qs] [3s]
scootergenk: checks 
henri789: bets $4.41
scootergenk: calls $4.41
*** RIVER *** [7d 9s Qs 3s] [Jd]
scootergenk: checks 
henri789: bets $19.50
scootergenk: folds 
Uncalled bet ($19.50) returned to henri789
henri789 collected $17.37 from pot
henri789: doesn't show hand 
*** SUMMARY ***
Total pot $18.28 | Rake $0.91 
Board [7d 9s Qs 3s Jd]
Seat 1: z00mba
Seat 3: Spac396
Seat 2: henri789 (button) collected ($17.37)
Seat 4: XneferX (small blind) folded before Flop
Seat 5: scootergenk (big blind) folded on the River
Seat 6: blistein folded before Flop (didn't bet)



PokerStars Hand #254551761346:  Hold'em No Limit ($0.50/$1.00 USD) - 2025/01/25 20:53:51 WET [2025/01/25 15:53:51 ET]
Table 'Erinome V' 6-max Seat #4 is the button
Seat 1: z00mba ($141.27 in chips) is sitting out
Seat 2: henri789 ($128.07 in chips) 
Seat 3: Spac396 ($100 in chips) 
Seat 4: XneferX ($100 in chips) 
Seat 5: scootergenk ($17.55 in chips) 
Seat 6: blistein ($125.60 in chips) 
scootergenk: posts small blind $0.50
blistein: posts big blind $1
z00mba: sits out 
Spac396: posts big blind $1
*** HOLE CARDS ***
henri789: folds 
Spac396: checks 
XneferX: folds 
scootergenk: folds 
blistein: checks 
*** FLOP *** [7d Ah 8d]
blistein: checks 
Spac396: checks 
*** TURN *** [7d Ah 8d] [Kd]
blistein: bets $1.78
Spac396: calls $1.78
*** RIVER *** [7d Ah 8d Kd] [Th]
blistein: bets $4.32
Spac396: calls $4.32
*** SHOW DOWN ***
blistein: shows [7c Kh] (two pair, Kings and Sevens)
Spac396: mucks hand 
blistein collected $13.96 from pot
*** SUMMARY ***
Total pot $14.70 | Rake $0.74 
Board [7d Ah 8d Kd Th]
Seat 1: z00mba
Seat 2: henri789 folded before Flop (didn't bet)
Seat 3: Spac396 mucked
Seat 4: XneferX (button) folded before Flop (didn't bet)
Seat 5: scootergenk (small blind) folded before Flop
Seat 6: blistein (big blind) showed [7c Kh] and won ($13.96) with two pair, Kings and Sevens



PokerStars Hand #254551772227:  Hold'em No Limit ($0.50/$1.00 USD) - 2025/01/25 20:54:27 WET [2025/01/25 15:54:27 ET]
Table 'Erinome V' 6-max Seat #5 is the button
Seat 1: z00mba ($141.27 in chips) 
Seat 2: henri789 ($128.07 in chips) 
Seat 3: Spac396 ($92.90 in chips) 
Seat 4: XneferX ($100 in chips) 
Seat 5: scootergenk ($17.05 in chips) 
Seat 6: blistein ($132.46 in chips) 
blistein: posts small blind $0.50
z00mba: posts big blind $1
*** HOLE CARDS ***
henri789: folds 
Spac396: folds 
XneferX: folds 
scootergenk: folds 
blistein: raises $2 to $3
z00mba: folds 
Uncalled bet ($2) returned to blistein
blistein collected $2 from pot
blistein: doesn't show hand 
*** SUMMARY ***
Total pot $2 | Rake $0 
Seat 1: z00mba (big blind) folded before Flop
Seat 2: henri789 folded before Flop (didn't bet)
Seat 3: Spac396 folded before Flop (didn't bet)
Seat 4: XneferX folded before Flop (didn't bet)
Seat 5: scootergenk (button) folded before Flop (didn't bet)
Seat 6: blistein (small blind) collected ($2)



PokerStars Hand #254551780495:  Hold'em No Limit ($0.50/$1.00 USD) - 2025/01/25 20:54:55 WET [2025/01/25 15:54:55 ET]
Table 'Erinome V' 6-max Seat #6 is the button
Seat 1: z00mba ($140.27 in chips) 
Seat 2: henri789 ($128.07 in chips) 
Seat 3: Spac396 ($100 in chips) 
Seat 4: XneferX ($100 in chips) 
Seat 5: scootergenk ($17.05 in chips) 
Seat 6: blistein ($133.46 in chips) 
z00mba: posts small blind $0.50
henri789: posts big blind $1
*** HOLE CARDS ***
Spac396: folds 
XneferX: folds 
scootergenk: folds 
blistein: folds 
z00mba: raises $2 to $3
henri789: calls $2
*** FLOP *** [6c Jh 7s]
z00mba: checks 
henri789: checks 
*** TURN *** [6c Jh 7s] [Jd]
z00mba: checks 
henri789: checks 
*** RIVER *** [6c Jh 7s Jd] [Ah]
z00mba: checks 
henri789: bets $5.13
z00mba: folds 
Uncalled bet ($5.13) returned to henri789
henri789 collected $5.70 from pot
henri789: doesn't show hand 
*** SUMMARY ***
Total pot $6 | Rake $0.30 
Board [6c Jh 7s Jd Ah]
Seat 1: z00mba (small blind) folded on the River
Seat 2: henri789 (big blind) collected ($5.70)
Seat 3: Spac396 folded before Flop (didn't bet)
Seat 4: XneferX folded before Flop (didn't bet)
Seat 5: scootergenk folded before Flop (didn't bet)
Seat 6: blistein (button) folded before Flop (didn't bet)



PokerStars Hand #254551796440:  Hold'em No Limit ($0.50/$1.00 USD) - 2025/01/25 20:56:07 WET [2025/01/25 15:56:07 ET]
Table 'Erinome V' 6-max Seat #1 is the button
Seat 1: z00mba ($137.27 in chips) 
Seat 2: henri789 ($130.77 in chips) 
Seat 3: Spac396 ($100 in chips) 
Seat 4: XneferX ($100 in chips) 
Seat 5: scootergenk ($17.05 in chips) 
Seat 6: blistein ($133.46 in chips) 
henri789: posts small blind $0.50
Spac396: posts big blind $1
*** HOLE CARDS ***
XneferX: folds 
scootergenk: folds 
blistein: folds 
z00mba: folds 
henri789: raises $2 to $3
Spac396: calls $2
*** FLOP *** [Ad 7c 6d]
henri789: bets $2.79
Spac396: calls $2.79
*** TURN *** [Ad 7c 6d] [3c]
henri789: bets $8.25
Spac396: raises $10.25 to $18.50
henri789: calls $10.25
*** RIVER *** [Ad 7c 6d 3c] [2h]
henri789: checks 
Spac396: bets $23
henri789: calls $23
*** SHOW DOWN ***
Spac396: shows [4d 5c] (a straight, Three to Seven)
henri789: mucks hand 
Spac396 collected $92.08 from pot
*** SUMMARY ***
Total pot $94.58 | Rake $2.50 
Board [Ad 7c 6d 3c 2h]
Seat 1: z00mba (button) folded before Flop (didn't bet)
Seat 2: henri789 (small blind) mucked
Seat 3: Spac396 (big blind) showed [4d 5c] and won ($92.08) with a straight, Three to Seven
Seat 4: XneferX folded before Flop (didn't bet)
Seat 5: scootergenk folded before Flop (didn't bet)
Seat 6: blistein folded before Flop (didn't bet)



PokerStars Hand #254551813806:  Hold'em No Limit ($0.50/$1.00 USD) - 2025/01/25 20:57:32 WET [2025/01/25 15:57:32 ET]
Table 'Erinome V' 6-max Seat #2 is the button
Seat 1: z00mba ($137.27 in chips) 
Seat 2: henri789 ($100 in chips) 
Seat 3: Spac396 ($144.79 in chips) 
Seat 4: XneferX ($100 in chips) 
Seat 5: scootergenk ($17.05 in chips) 
Seat 6: blistein ($133.46 in chips) 
Spac396: posts small blind $0.50
XneferX: posts big blind $1
*** HOLE CARDS ***
scootergenk: folds 
blistein: raises $1.20 to $2.20
z00mba: folds 
henri789: raises $4.80 to $7
Spac396: folds 
XneferX: folds 
blistein: folds 
Uncalled bet ($4.80) returned to henri789
henri789 collected $5.90 from pot
henri789: doesn't show hand 
*** SUMMARY ***
Total pot $5.90 | Rake $0 
Seat 1: z00mba folded before Flop (didn't bet)
Seat 2: henri789 (button) collected ($5.90)
Seat 3: Spac396 (small blind) folded before Flop
Seat 4: XneferX (big blind) folded before Flop
Seat 5: scootergenk folded before Flop (didn't bet)
Seat 6: blistein folded before Flop



PokerStars Hand #254551822595:  Hold'em No Limit ($0.50/$1.00 USD) - 2025/01/25 20:58:14 WET [2025/01/25 15:58:14 ET]
Table 'Erinome V' 6-max Seat #3 is the button
Seat 1: z00mba ($137.27 in chips) 
Seat 2: henri789 ($103.70 in chips) 
Seat 3: Spac396 ($144.29 in chips) 
Seat 4: XneferX ($100 in chips) 
Seat 5: scootergenk ($17.05 in chips) 
Seat 6: blistein ($131.26 in chips) 
XneferX: posts small blind $0.50
scootergenk: posts big blind $1
*** HOLE CARDS ***
blistein: raises $1.20 to $2.20
z00mba: folds 
henri789: folds 
Spac396: folds 
Spac396 leaves the table
sta$igk joins the table at seat #3 
XneferX: folds 
scootergenk: calls $1.20
*** FLOP *** [5h Jc 2d]
scootergenk: checks 
blistein: checks 
*** TURN *** [5h Jc 2d] [9s]
scootergenk: bets $1.33
blistein: calls $1.33
*** RIVER *** [5h Jc 2d 9s] [9c]
scootergenk: bets $13.52 and is all-in
blistein: folds 
Uncalled bet ($13.52) returned to scootergenk
scootergenk collected $7.18 from pot
*** SUMMARY ***
Total pot $7.56 | Rake $0.38 
Board [5h Jc 2d 9s 9c]
Seat 1: z00mba folded before Flop (didn't bet)
Seat 2: henri789 folded before Flop (didn't bet)
Seat 3: Spac396 (button) folded before Flop (didn't bet)
Seat 4: XneferX (small blind) folded before Flop
Seat 5: scootergenk (big blind) collected ($7.18)
Seat 6: blistein folded on the River



PokerStars Hand #254551832667:  Hold'em No Limit ($0.50/$1.00 USD) - 2025/01/25 20:59:02 WET [2025/01/25 15:59:02 ET]
Table 'Erinome V' 6-max Seat #4 is the button
Seat 3: sta$igk ($114.40 in chips) is sitting out
Seat 1: z00mba ($137.27 in chips) 
Seat 2: henri789 ($103.70 in chips) 
Seat 4: XneferX ($100 in chips) 
Seat 5: scootergenk ($20.70 in chips) 
Seat 6: blistein ($127.73 in chips) 
scootergenk: posts small blind $0.50
blistein: posts big blind $1
sta$igk: sits out 
*** HOLE CARDS ***
z00mba: folds 
henri789: folds 
XneferX: folds 
scootergenk: calls $0.50
blistein: checks 
*** FLOP *** [8c Qc 6h]
scootergenk: checks 
blistein: bets $1
scootergenk: folds 
Uncalled bet ($1) returned to blistein
blistein collected $1.90 from pot
blistein: doesn't show hand 
*** SUMMARY ***
Total pot $2 | Rake $0.10 
Board [8c Qc 6h]
Seat 3: sta$igk
Seat 1: z00mba folded before Flop (didn't bet)
Seat 2: henri789 folded before Flop (didn't bet)
Seat 4: XneferX (button) folded before Flop (didn't bet)
Seat 5: scootergenk (small blind) folded on the Flop
Seat 6: blistein (big blind) collected ($1.90)



PokerStars Hand #254551837943:  Hold'em No Limit ($0.50/$1.00 USD) - 2025/01/25 20:59:28 WET [2025/01/25 15:59:28 ET]
Table 'Erinome V' 6-max Seat #5 is the button
Seat 3: sta$igk ($114.40 in chips) is sitting out
Seat 1: z00mba ($137.27 in chips) 
Seat 2: henri789 ($103.70 in chips) 
Seat 4: XneferX ($100 in chips) 
Seat 5: scootergenk ($19.70 in chips) 
Seat 6: blistein ($128.63 in chips) 
blistein: posts small blind $0.50
z00mba: posts big blind $1
sta$igk: sits out 
*** HOLE CARDS ***
henri789: folds 
XneferX: raises $1.30 to $2.30
scootergenk: folds 
blistein: folds 
z00mba: folds 
Uncalled bet ($1.30) returned to XneferX
XneferX collected $2.50 from pot
XneferX: doesn't show hand 
*** SUMMARY ***
Total pot $2.50 | Rake $0 
Seat 3: sta$igk
Seat 1: z00mba (big blind) folded before Flop
Seat 2: henri789 folded before Flop (didn't bet)
Seat 4: XneferX collected ($2.50)
Seat 5: scootergenk (button) folded before Flop (didn't bet)
Seat 6: blistein (small blind) folded before Flop



PokerStars Hand #254551843243:  Hold'em No Limit ($0.50/$1.00 USD) - 2025/01/25 20:59:53 WET [2025/01/25 15:59:53 ET]
Table 'Erinome V' 6-max Seat #6 is the button
Seat 3: sta$igk ($114.40 in chips) is sitting out
Seat 1: z00mba ($136.27 in chips) 
Seat 2: henri789 ($103.70 in chips) 
Seat 4: XneferX ($101.50 in chips) 
Seat 5: scootergenk ($19.70 in chips) 
Seat 6: blistein ($128.13 in chips) 
z00mba: posts small blind $0.50
henri789: posts big blind $1
sta$igk: sits out 
*** HOLE CARDS ***
XneferX: folds 
scootergenk: raises $1 to $2
blistein: folds 
z00mba: raises $5 to $7
henri789: folds 
scootergenk: raises $12.70 to $19.70 and is all-in
z00mba: calls $12.70
*** FLOP *** [Js Th Ts]
*** TURN *** [Js Th Ts] [7d]
*** RIVER *** [Js Th Ts 7d] [4h]
*** SHOW DOWN ***
z00mba: shows [Qc Ks] (a pair of Tens)
scootergenk: shows [Ad As] (two pair, Aces and Tens)
scootergenk collected $38.38 from pot
*** SUMMARY ***
Total pot $40.40 | Rake $2.02 
Board [Js Th Ts 7d 4h]
Seat 3: sta$igk
Seat 1: z00mba (small blind) showed [Qc Ks] and lost with a pair of Tens
Seat 2: henri789 (big blind) folded before Flop
Seat 4: XneferX folded before Flop (didn't bet)
Seat 5: scootergenk showed [Ad As] and won ($38.38) with two pair, Aces and Tens
Seat 6: blistein (button) folded before Flop (didn't bet)



PokerStars Hand #254552113084:  Hold'em No Limit ($0.50/$1.00 USD) - 2025/01/25 21:15:12 WET [2025/01/25 16:15:12 ET]
Table 'Erinome V' 6-max Seat #6 is the button
Seat 1: z00mba ($108.50 in chips) 
Seat 2: henri789 ($103.96 in chips) 
Seat 3: joaquin612 ($121.03 in chips) 
Seat 4: Pippa83 ($104.58 in chips) 
Seat 5: scootergenk ($28.60 in chips) 
Seat 6: blistein ($109.76 in chips) 
z00mba: posts small blind $0.50
henri789: posts big blind $1
*** HOLE CARDS ***
joaquin612: raises $1.50 to $2.50
Pippa83: folds 
scootergenk: folds 
blistein: raises $5 to $7.50
z00mba: folds 
henri789: folds 
joaquin612: calls $5
*** FLOP *** [3s 8c Tc]
joaquin612: checks 
blistein: bets $7.84
joaquin612: calls $7.84
*** TURN *** [3s 8c Tc] [Jh]
joaquin612: checks 
blistein: checks 
*** RIVER *** [3s 8c Tc Jh] [6s]
joaquin612: checks 
blistein: bets $22.93
joaquin612: raises $82.76 to $105.69 and is all-in
blistein: folds 
Uncalled bet ($82.76) returned to joaquin612
joaquin612 collected $75.54 from pot
joaquin612: doesn't show hand 
*** SUMMARY ***
Total pot $78.04 | Rake $2.50 
Board [3s 8c Tc Jh 6s]
Seat 1: z00mba (small blind) folded before Flop
Seat 2: henri789 (big blind) folded before Flop
Seat 3: joaquin612 collected ($75.54)
Seat 4: Pippa83 folded before Flop (didn't bet)
Seat 5: scootergenk folded before Flop (didn't bet)
Seat 6: blistein (button) folded on the River



PokerStars Hand #254552156613:  Hold'em No Limit ($0.50/$1.00 USD) - 2025/01/25 21:17:35 WET [2025/01/25 16:17:35 ET]
Table 'Erinome V' 6-max Seat #1 is the button
Seat 1: z00mba ($108 in chips) 
Seat 2: henri789 ($102.96 in chips) 
Seat 3: joaquin612 ($158.30 in chips) 
Seat 4: Pippa83 ($104.58 in chips) 
Seat 5: scootergenk ($28.60 in chips) 
Seat 6: blistein ($100 in chips) 
henri789: posts small blind $0.50
joaquin612: posts big blind $1
*** HOLE CARDS ***
Pippa83: folds 
scootergenk: raises $1.50 to $2.50
blistein: folds 
z00mba: folds 
henri789: folds 
joaquin612: folds 
Uncalled bet ($1.50) returned to scootergenk
scootergenk collected $2.50 from pot
*** SUMMARY ***
Total pot $2.50 | Rake $0 
Seat 1: z00mba (button) folded before Flop (didn't bet)
Seat 2: henri789 (small blind) folded before Flop
Seat 3: joaquin612 (big blind) folded before Flop
Seat 4: Pippa83 folded before Flop (didn't bet)
Seat 5: scootergenk collected ($2.50)
Seat 6: blistein folded before Flop (didn't bet)



PokerStars Hand #254552161234:  Hold'em No Limit ($0.50/$1.00 USD) - 2025/01/25 21:17:50 WET [2025/01/25 16:17:50 ET]
Table 'Erinome V' 6-max Seat #2 is the button
Seat 1: z00mba ($108 in chips) 
Seat 2: henri789 ($102.46 in chips) 
Seat 3: joaquin612 ($157.30 in chips) 
Seat 4: Pippa83 ($104.58 in chips) 
Seat 5: scootergenk ($30.10 in chips) 
Seat 6: blistein ($100 in chips) 
joaquin612: posts small blind $0.50
Pippa83: posts big blind $1
*** HOLE CARDS ***
scootergenk: folds 
blistein: folds 
z00mba: folds 
henri789: folds 
joaquin612: folds 
Uncalled bet ($0.50) returned to Pippa83
Pippa83 collected $1 from pot
Pippa83: doesn't show hand 
*** SUMMARY ***
Total pot $1 | Rake $0 
Seat 1: z00mba folded before Flop (didn't bet)
Seat 2: henri789 (button) folded before Flop (didn't bet)
Seat 3: joaquin612 (small blind) folded before Flop
Seat 4: Pippa83 (big blind) collected ($1)
Seat 5: scootergenk folded before Flop (didn't bet)
Seat 6: blistein folded before Flop (didn't bet)



PokerStars Hand #254552167169:  Hold'em No Limit ($0.50/$1.00 USD) - 2025/01/25 21:18:10 WET [2025/01/25 16:18:10 ET]
Table 'Erinome V' 6-max Seat #3 is the button
Seat 1: z00mba ($108 in chips) 
Seat 2: henri789 ($102.46 in chips) 
Seat 3: joaquin612 ($156.80 in chips) 
Seat 4: Pippa83 ($105.08 in chips) 
Seat 5: scootergenk ($30.10 in chips) 
Seat 6: blistein ($100 in chips) 
Pippa83: posts small blind $0.50
scootergenk: posts big blind $1
*** HOLE CARDS ***
blistein: folds 
z00mba: folds 
henri789: raises $1.20 to $2.20
joaquin612: folds 
Pippa83: folds 
scootergenk: calls $1.20
*** FLOP *** [As Qs 7h]
scootergenk: checks 
henri789: bets $1.40
scootergenk: calls $1.40
*** TURN *** [As Qs 7h] [Ts]
scootergenk: checks 
henri789: checks 
*** RIVER *** [As Qs 7h Ts] [Tc]
scootergenk: checks 
henri789: bets $6.59
scootergenk: calls $6.59
*** SHOW DOWN ***
henri789: shows [Jc Td] (three of a kind, Tens)
scootergenk: mucks hand 
henri789 collected $19.84 from pot
*** SUMMARY ***
Total pot $20.88 | Rake $1.04 
Board [As Qs 7h Ts Tc]
Seat 1: z00mba folded before Flop (didn't bet)
Seat 2: henri789 showed [Jc Td] and won ($19.84) with three of a kind, Tens
Seat 3: joaquin612 (button) folded before Flop (didn't bet)
Seat 4: Pippa83 (small blind) folded before Flop
Seat 5: scootergenk (big blind) mucked
Seat 6: blistein folded before Flop (didn't bet)



PokerStars Hand #254552185392:  Hold'em No Limit ($0.50/$1.00 USD) - 2025/01/25 21:19:10 WET [2025/01/25 16:19:10 ET]
Table 'Erinome V' 6-max Seat #4 is the button
Seat 1: z00mba ($108 in chips) 
Seat 2: henri789 ($112.11 in chips) 
Seat 3: joaquin612 ($156.80 in chips) 
Seat 4: Pippa83 ($104.58 in chips) 
Seat 5: scootergenk ($19.91 in chips) 
Seat 6: blistein ($100 in chips) 
scootergenk: posts small blind $0.50
blistein: posts big blind $1
*** HOLE CARDS ***
z00mba: folds 
henri789: folds 
joaquin612: raises $1.50 to $2.50
Pippa83: folds 
scootergenk: raises $17.41 to $19.91 and is all-in
blistein: folds 
joaquin612: folds 
Uncalled bet ($17.41) returned to scootergenk
scootergenk collected $6 from pot
*** SUMMARY ***
Total pot $6 | Rake $0 
Seat 1: z00mba folded before Flop (didn't bet)
Seat 2: henri789 folded before Flop (didn't bet)
Seat 3: joaquin612 folded before Flop
Seat 4: Pippa83 (button) folded before Flop (didn't bet)
Seat 5: scootergenk (small blind) collected ($6)
Seat 6: blistein (big blind) folded before Flop



PokerStars Hand #254552194478:  Hold'em No Limit ($0.50/$1.00 USD) - 2025/01/25 21:19:40 WET [2025/01/25 16:19:40 ET]
Table 'Erinome V' 6-max Seat #5 is the button
Seat 1: z00mba ($108 in chips) 
Seat 2: henri789 ($112.11 in chips) 
Seat 3: joaquin612 ($154.30 in chips) 
Seat 4: Pippa83 ($104.58 in chips) 
Seat 5: scootergenk ($23.41 in chips) 
Seat 6: blistein ($100 in chips) 
blistein: posts small blind $0.50
z00mba: posts big blind $1
*** HOLE CARDS ***
henri789: raises $1.20 to $2.20
joaquin612: folds 
Pippa83: folds 
scootergenk: calls $2.20
blistein: folds 
z00mba: folds 
*** FLOP *** [5s Td 2h]
henri789: checks 
scootergenk: checks 
*** TURN *** [5s Td 2h] [Ah]
henri789: bets $1.85
scootergenk: calls $1.85
*** RIVER *** [5s Td 2h Ah] [5d]
henri789: checks 
scootergenk: bets $4.56
henri789: folds 
Uncalled bet ($4.56) returned to scootergenk
scootergenk collected $9.12 from pot
*** SUMMARY ***
Total pot $9.60 | Rake $0.48 
Board [5s Td 2h Ah 5d]
Seat 1: z00mba (big blind) folded before Flop
Seat 2: henri789 folded on the River
Seat 3: joaquin612 folded before Flop (didn't bet)
Seat 4: Pippa83 folded before Flop (didn't bet)
Seat 5: scootergenk (button) collected ($9.12)
Seat 6: blistein (small blind) folded before Flop



PokerStars Hand #254552215652:  Hold'em No Limit ($0.50/$1.00 USD) - 2025/01/25 21:20:50 WET [2025/01/25 16:20:50 ET]
Table 'Erinome V' 6-max Seat #6 is the button
Seat 1: z00mba ($107 in chips) 
Seat 2: henri789 ($108.06 in chips) 
Seat 3: joaquin612 ($154.30 in chips) 
Seat 4: Pippa83 ($104.58 in chips) 
Seat 5: scootergenk ($28.48 in chips) 
Seat 6: blistein ($100 in chips) 
z00mba: posts small blind $0.50
henri789: posts big blind $1
*** HOLE CARDS ***
joaquin612: folds 
Pippa83: folds 
scootergenk: raises $1 to $2
blistein: folds 
z00mba: folds 
henri789: folds 
Uncalled bet ($1) returned to scootergenk
scootergenk collected $2.50 from pot
*** SUMMARY ***
Total pot $2.50 | Rake $0 
Seat 1: z00mba (small blind) folded before Flop
Seat 2: henri789 (big blind) folded before Flop
Seat 3: joaquin612 folded before Flop (didn't bet)
Seat 4: Pippa83 folded before Flop (didn't bet)
Seat 5: scootergenk collected ($2.50)
Seat 6: blistein (button) folded before Flop (didn't bet)



PokerStars Hand #254552219974:  Hold'em No Limit ($0.50/$1.00 USD) - 2025/01/25 21:21:04 WET [2025/01/25 16:21:04 ET]
Table 'Erinome V' 6-max Seat #1 is the button
Seat 1: z00mba ($106.50 in chips) 
Seat 2: henri789 ($107.06 in chips) 
Seat 3: joaquin612 ($154.30 in chips) 
Seat 4: Pippa83 ($104.58 in chips) 
Seat 5: scootergenk ($29.98 in chips) 
Seat 6: blistein ($100 in chips) 
henri789: posts small blind $0.50
joaquin612: posts big blind $1
*** HOLE CARDS ***
Pippa83: folds 
scootergenk: folds 
blistein: raises $1.30 to $2.30
z00mba: folds 
henri789: folds 
joaquin612: folds 
Uncalled bet ($1.30) returned to blistein
blistein collected $2.50 from pot
blistein: doesn't show hand 
*** SUMMARY ***
Total pot $2.50 | Rake $0 
Seat 1: z00mba (button) folded before Flop (didn't bet)
Seat 2: henri789 (small blind) folded before Flop
Seat 3: joaquin612 (big blind) folded before Flop
Seat 4: Pippa83 folded before Flop (didn't bet)
Seat 5: scootergenk folded before Flop (didn't bet)
Seat 6: blistein collected ($2.50)



PokerStars Hand #254552224259:  Hold'em No Limit ($0.50/$1.00 USD) - 2025/01/25 21:21:18 WET [2025/01/25 16:21:18 ET]
Table 'Erinome V' 6-max Seat #2 is the button
Seat 1: z00mba ($106.50 in chips) 
Seat 2: henri789 ($106.56 in chips) 
Seat 3: joaquin612 ($153.30 in chips) 
Seat 4: Pippa83 ($104.58 in chips) 
Seat 5: scootergenk ($29.98 in chips) 
Seat 6: blistein ($101.50 in chips) 
joaquin612: posts small blind $0.50
Pippa83: posts big blind $1
*** HOLE CARDS ***
scootergenk: folds 
blistein: folds 
z00mba: folds 
henri789: folds 
joaquin612: raises $2 to $3
Pippa83: folds 
Uncalled bet ($2) returned to joaquin612
joaquin612 collected $2 from pot
joaquin612: doesn't show hand 
*** SUMMARY ***
Total pot $2 | Rake $0 
Seat 1: z00mba folded before Flop (didn't bet)
Seat 2: henri789 (button) folded before Flop (didn't bet)
Seat 3: joaquin612 (small blind) collected ($2)
Seat 4: Pippa83 (big blind) folded before Flop
Seat 5: scootergenk folded before Flop (didn't bet)
Seat 6: blistein folded before Flop (didn't bet)



PokerStars Hand #254552228356:  Hold'em No Limit ($0.50/$1.00 USD) - 2025/01/25 21:21:32 WET [2025/01/25 16:21:32 ET]
Table 'Erinome V' 6-max Seat #3 is the button
Seat 1: z00mba ($106.50 in chips) 
Seat 2: henri789 ($106.56 in chips) 
Seat 3: joaquin612 ($154.30 in chips) 
Seat 4: Pippa83 ($103.58 in chips) 
Seat 5: scootergenk ($29.98 in chips) 
Seat 6: blistein ($101.50 in chips) 
Pippa83: posts small blind $0.50
scootergenk: posts big blind $1
*** HOLE CARDS ***
blistein: folds 
z00mba: raises $1.50 to $2.50
henri789: folds 
joaquin612: folds 
Pippa83: folds 
scootergenk: folds 
Uncalled bet ($1.50) returned to z00mba
z00mba collected $2.50 from pot
z00mba: doesn't show hand 
*** SUMMARY ***
Total pot $2.50 | Rake $0 
Seat 1: z00mba collected ($2.50)
Seat 2: henri789 folded before Flop (didn't bet)
Seat 3: joaquin612 (button) folded before Flop (didn't bet)
Seat 4: Pippa83 (small blind) folded before Flop
Seat 5: scootergenk (big blind) folded before Flop
Seat 6: blistein folded before Flop (didn't bet)



PokerStars Hand #254552234166:  Hold'em No Limit ($0.50/$1.00 USD) - 2025/01/25 21:21:51 WET [2025/01/25 16:21:51 ET]
Table 'Erinome V' 6-max Seat #4 is the button
Seat 1: z00mba ($108 in chips) 
Seat 2: henri789 ($106.56 in chips) 
Seat 3: joaquin612 ($154.30 in chips) 
Seat 4: Pippa83 ($103.08 in chips) 
Seat 5: scootergenk ($28.98 in chips) 
Seat 6: blistein ($101.50 in chips) 
scootergenk: posts small blind $0.50
blistein: posts big blind $1
*** HOLE CARDS ***
z00mba: folds 
henri789: folds 
joaquin612: raises $1.50 to $2.50
Pippa83: folds 
scootergenk: folds 
blistein: folds 
Uncalled bet ($1.50) returned to joaquin612
joaquin612 collected $2.50 from pot
joaquin612: doesn't show hand 
*** SUMMARY ***
Total pot $2.50 | Rake $0 
Seat 1: z00mba folded before Flop (didn't bet)
Seat 2: henri789 folded before Flop (didn't bet)
Seat 3: joaquin612 collected ($2.50)
Seat 4: Pippa83 (button) folded before Flop (didn't bet)
Seat 5: scootergenk (small blind) folded before Flop
Seat 6: blistein (big blind) folded before Flop



PokerStars Hand #254552240195:  Hold'em No Limit ($0.50/$1.00 USD) - 2025/01/25 21:22:11 WET [2025/01/25 16:22:11 ET]
Table 'Erinome V' 6-max Seat #5 is the button
Seat 1: z00mba ($108 in chips) 
Seat 2: henri789 ($106.56 in chips) 
Seat 3: joaquin612 ($155.80 in chips) 
Seat 4: Pippa83 ($103.08 in chips) 
Seat 5: scootergenk ($28.48 in chips) 
Seat 6: blistein ($100.50 in chips) 
blistein: posts small blind $0.50
z00mba: posts big blind $1
*** HOLE CARDS ***
henri789: folds 
joaquin612: folds 
Pippa83: raises $1.50 to $2.50
scootergenk: folds 
blistein: folds 
z00mba: calls $1.50
*** FLOP *** [Td Qc Jc]
z00mba: checks 
Pippa83: bets $1.72
z00mba: folds 
Uncalled bet ($1.72) returned to Pippa83
Pippa83 collected $5.22 from pot
Pippa83: doesn't show hand 
*** SUMMARY ***
Total pot $5.50 | Rake $0.28 
Board [Td Qc Jc]
Seat 1: z00mba (big blind) folded on the Flop
Seat 2: henri789 folded before Flop (didn't bet)
Seat 3: joaquin612 folded before Flop (didn't bet)
Seat 4: Pippa83 collected ($5.22)
Seat 5: scootergenk (button) folded before Flop (didn't bet)
Seat 6: blistein (small blind) folded before Flop



PokerStars Hand #254552251490:  Hold'em No Limit ($0.50/$1.00 USD) - 2025/01/25 21:22:48 WET [2025/01/25 16:22:48 ET]
Table 'Erinome V' 6-max Seat #6 is the button
Seat 1: z00mba ($105.50 in chips) 
Seat 2: henri789 ($106.56 in chips) 
Seat 3: joaquin612 ($155.80 in chips) 
Seat 4: Pippa83 ($105.80 in chips) 
Seat 5: scootergenk ($28.48 in chips) 
Seat 6: blistein ($100 in chips) 
z00mba: posts small blind $0.50
henri789: posts big blind $1
*** HOLE CARDS ***
joaquin612: folds 
Pippa83: raises $1.20 to $2.20
scootergenk: calls $2.20
blistein: calls $2.20
z00mba: folds 
henri789: folds 
*** FLOP *** [5d 5h Jc]
Pippa83: checks 
scootergenk: checks 
blistein: bets $2.62
Pippa83: calls $2.62
scootergenk: folds 
*** TURN *** [5d 5h Jc] [9d]
Pippa83: checks 
blistein: checks 
*** RIVER *** [5d 5h Jc 9d] [Ah]
Pippa83: checks 
blistein: checks 
*** SHOW DOWN ***
Pippa83: shows [Qh Js] (two pair, Jacks and Fives)
blistein: mucks hand 
Pippa83 collected $12.67 from pot
*** SUMMARY ***
Total pot $13.34 | Rake $0.67 
Board [5d 5h Jc 9d Ah]
Seat 1: z00mba (small blind) folded before Flop
Seat 2: henri789 (big blind) folded before Flop
Seat 3: joaquin612 folded before Flop (didn't bet)
Seat 4: Pippa83 showed [Qh Js] and won ($12.67) with two pair, Jacks and Fives
Seat 5: scootergenk folded on the Flop
Seat 6: blistein (button) mucked



PokerStars Hand #254552265596:  Hold'em No Limit ($0.50/$1.00 USD) - 2025/01/25 21:23:35 WET [2025/01/25 16:23:35 ET]
Table 'Erinome V' 6-max Seat #1 is the button
Seat 1: z00mba ($105 in chips) 
Seat 2: henri789 ($105.56 in chips) 
Seat 3: joaquin612 ($155.80 in chips) 
Seat 4: Pippa83 ($113.65 in chips) 
Seat 5: scootergenk ($26.28 in chips) 
Seat 6: blistein ($100 in chips) 
henri789: posts small blind $0.50
joaquin612: posts big blind $1
*** HOLE CARDS ***
Pippa83: folds 
scootergenk: raises $1.50 to $2.50
blistein: folds 
z00mba: folds 
henri789: folds 
joaquin612: raises $9.50 to $12
scootergenk: folds 
Uncalled bet ($9.50) returned to joaquin612
joaquin612 collected $5.50 from pot
joaquin612: doesn't show hand 
*** SUMMARY ***
Total pot $5.50 | Rake $0 
Seat 1: z00mba (button) folded before Flop (didn't bet)
Seat 2: henri789 (small blind) folded before Flop
Seat 3: joaquin612 (big blind) collected ($5.50)
Seat 4: Pippa83 folded before Flop (didn't bet)
Seat 5: scootergenk folded before Flop
Seat 6: blistein folded before Flop (didn't bet)



PokerStars Hand #254552272841:  Hold'em No Limit ($0.50/$1.00 USD) - 2025/01/25 21:23:59 WET [2025/01/25 16:23:59 ET]
Table 'Erinome V' 6-max Seat #2 is the button
Seat 1: z00mba ($105 in chips) 
Seat 2: henri789 ($105.06 in chips) 
Seat 3: joaquin612 ($158.80 in chips) 
Seat 4: Pippa83 ($113.65 in chips) 
Seat 5: scootergenk ($23.78 in chips) 
Seat 6: blistein ($100 in chips) 
joaquin612: posts small blind $0.50
Pippa83: posts big blind $1
*** HOLE CARDS ***
scootergenk: calls $1
blistein: folds 
z00mba: folds 
henri789: raises $3 to $4
joaquin612: folds 
Pippa83: folds 
scootergenk: calls $3
*** FLOP *** [Th Ad 9d]
scootergenk: checks 
henri789: bets $4.42
scootergenk: calls $4.42
*** TURN *** [Th Ad 9d] [7c]
scootergenk: checks 
henri789: bets $16
scootergenk: calls $15.36 and is all-in
Uncalled bet ($0.64) returned to henri789
*** RIVER *** [Th Ad 9d 7c] [5s]
*** SHOW DOWN ***
scootergenk: shows [9c Ac] (two pair, Aces and Nines)
henri789: shows [As Qd] (a pair of Aces)
scootergenk collected $46.61 from pot
*** SUMMARY ***
Total pot $49.06 | Rake $2.45 
Board [Th Ad 9d 7c 5s]
Seat 1: z00mba folded before Flop (didn't bet)
Seat 2: henri789 (button) showed [As Qd] and lost with a pair of Aces
Seat 3: joaquin612 (small blind) folded before Flop
Seat 4: Pippa83 (big blind) folded before Flop
Seat 5: scootergenk showed [9c Ac] and won ($46.61) with two pair, Aces and Nines
Seat 6: blistein folded before Flop (didn't bet)



PokerStars Hand #254552289353:  Hold'em No Limit ($0.50/$1.00 USD) - 2025/01/25 21:24:54 WET [2025/01/25 16:24:54 ET]
Table 'Erinome V' 6-max Seat #3 is the button
Seat 1: z00mba ($105 in chips) 
Seat 2: henri789 ($100 in chips) 
Seat 3: joaquin612 ($158.30 in chips) 
Seat 4: Pippa83 ($112.65 in chips) 
Seat 5: scootergenk ($46.61 in chips) 
Seat 6: blistein ($100 in chips) 
Pippa83: posts small blind $0.50
scootergenk: posts big blind $1
*** HOLE CARDS ***
blistein: folds 
z00mba: raises $1.50 to $2.50
henri789: folds 
joaquin612: folds 
Pippa83: folds 
scootergenk: calls $1.50
*** FLOP *** [7d 9c Kc]
scootergenk: checks 
z00mba: bets $3
scootergenk: calls $3
*** TURN *** [7d 9c Kc] [Tc]
scootergenk: checks 
z00mba: bets $3
scootergenk: calls $3
*** RIVER *** [7d 9c Kc Tc] [Qs]
scootergenk: checks 
z00mba: checks 
*** SHOW DOWN ***
scootergenk: shows [7s 7c] (three of a kind, Sevens)
z00mba: mucks hand 
scootergenk collected $16.62 from pot
*** SUMMARY ***
Total pot $17.50 | Rake $0.88 
Board [7d 9c Kc Tc Qs]
Seat 1: z00mba mucked
Seat 2: henri789 folded before Flop (didn't bet)
Seat 3: joaquin612 (button) folded before Flop (didn't bet)
Seat 4: Pippa83 (small blind) folded before Flop
Seat 5: scootergenk (big blind) showed [7s 7c] and won ($16.62) with three of a kind, Sevens
Seat 6: blistein folded before Flop (didn't bet)



PokerStars Hand #254552304898:  Hold'em No Limit ($0.50/$1.00 USD) - 2025/01/25 21:25:46 WET [2025/01/25 16:25:46 ET]
Table 'Erinome V' 6-max Seat #4 is the button
Seat 1: z00mba ($100 in chips) 
Seat 2: henri789 ($100 in chips) 
Seat 3: joaquin612 ($158.30 in chips) 
Seat 4: Pippa83 ($112.15 in chips) 
Seat 5: scootergenk ($54.73 in chips) 
Seat 6: blistein ($100 in chips) 
scootergenk: posts small blind $0.50
blistein: posts big blind $1
*** HOLE CARDS ***
z00mba: folds 
henri789: folds 
joaquin612: folds 
Pippa83: folds 
scootergenk: raises $1 to $2
blistein: folds 
Uncalled bet ($1) returned to scootergenk
scootergenk collected $2 from pot
*** SUMMARY ***
Total pot $2 | Rake $0 
Seat 1: z00mba folded before Flop (didn't bet)
Seat 2: henri789 folded before Flop (didn't bet)
Seat 3: joaquin612 folded before Flop (didn't bet)
Seat 4: Pippa83 (button) folded before Flop (didn't bet)
Seat 5: scootergenk (small blind) collected ($2)
Seat 6: blistein (big blind) folded before Flop



PokerStars Hand #254552312359:  Hold'em No Limit ($0.50/$1.00 USD) - 2025/01/25 21:26:10 WET [2025/01/25 16:26:10 ET]
Table 'Erinome V' 6-max Seat #5 is the button
Seat 1: z00mba ($100 in chips) 
Seat 2: henri789 ($100 in chips) 
Seat 3: joaquin612 ($158.30 in chips) 
Seat 4: Pippa83 ($112.15 in chips) 
Seat 5: scootergenk ($55.73 in chips) 
Seat 6: blistein ($100 in chips) 
blistein: posts small blind $0.50
z00mba: posts big blind $1
*** HOLE CARDS ***
henri789: folds 
joaquin612: folds 
Pippa83: raises $1.50 to $2.50
scootergenk: folds 
blistein: raises $9.50 to $12
z00mba: folds 
Pippa83: folds 
Uncalled bet ($9.50) returned to blistein
blistein collected $6 from pot
blistein: doesn't show hand 
*** SUMMARY ***
Total pot $6 | Rake $0 
Seat 1: z00mba (big blind) folded before Flop
Seat 2: henri789 folded before Flop (didn't bet)
Seat 3: joaquin612 folded before Flop (didn't bet)
Seat 4: Pippa83 folded before Flop
Seat 5: scootergenk (button) folded before Flop (didn't bet)
Seat 6: blistein (small blind) collected ($6)



PokerStars Hand #254552320485:  Hold'em No Limit ($0.50/$1.00 USD) - 2025/01/25 21:26:37 WET [2025/01/25 16:26:37 ET]
Table 'Erinome V' 6-max Seat #6 is the button
Seat 1: z00mba ($100 in chips) 
Seat 2: henri789 ($100 in chips) 
Seat 3: joaquin612 ($158.30 in chips) 
Seat 4: Pippa83 ($109.65 in chips) 
Seat 5: scootergenk ($55.73 in chips) 
Seat 6: blistein ($103.50 in chips) 
z00mba: posts small blind $0.50
henri789: posts big blind $1
*** HOLE CARDS ***
joaquin612: folds 
Pippa83: folds 
scootergenk: raises $1.50 to $2.50
blistein: raises $5 to $7.50
z00mba: folds 
henri789: folds 
scootergenk: calls $5
*** FLOP *** [Ad 9d 7d]
scootergenk: checks 
blistein: bets $3.92
scootergenk: folds 
Uncalled bet ($3.92) returned to blistein
blistein collected $15.68 from pot
blistein: doesn't show hand 
*** SUMMARY ***
Total pot $16.50 | Rake $0.82 
Board [Ad 9d 7d]
Seat 1: z00mba (small blind) folded before Flop
Seat 2: henri789 (big blind) folded before Flop
Seat 3: joaquin612 folded before Flop (didn't bet)
Seat 4: Pippa83 folded before Flop (didn't bet)
Seat 5: scootergenk folded on the Flop
Seat 6: blistein (button) collected ($15.68)



PokerStars Hand #254552339782:  Hold'em No Limit ($0.50/$1.00 USD) - 2025/01/25 21:27:42 WET [2025/01/25 16:27:42 ET]
Table 'Erinome V' 6-max Seat #1 is the button
Seat 1: z00mba ($100 in chips) 
Seat 2: henri789 ($100 in chips) 
Seat 3: joaquin612 ($158.30 in chips) 
Seat 4: Pippa83 ($109.65 in chips) 
Seat 5: scootergenk ($48.23 in chips) 
Seat 6: blistein ($111.68 in chips) 
henri789: posts small blind $0.50
joaquin612: posts big blind $1
*** HOLE CARDS ***
Pippa83: folds 
scootergenk: calls $1
blistein: raises $2.50 to $3.50
z00mba: folds 
henri789: folds 
joaquin612: folds 
scootergenk: calls $2.50
*** FLOP *** [6d 3c 7s]
scootergenk: checks 
blistein: checks 
*** TURN *** [6d 3c 7s] [Td]
scootergenk: checks 
blistein: checks 
*** RIVER *** [6d 3c 7s Td] [2h]
scootergenk: checks 
blistein: bets $6.06
scootergenk: folds 
Uncalled bet ($6.06) returned to blistein
blistein collected $8.08 from pot
blistein: doesn't show hand 
*** SUMMARY ***
Total pot $8.50 | Rake $0.42 
Board [6d 3c 7s Td 2h]
Seat 1: z00mba (button) folded before Flop (didn't bet)
Seat 2: henri789 (small blind) folded before Flop
Seat 3: joaquin612 (big blind) folded before Flop
Seat 4: Pippa83 folded before Flop (didn't bet)
Seat 5: scootergenk folded on the River
Seat 6: blistein collected ($8.08)



PokerStars Hand #254552356445:  Hold'em No Limit ($0.50/$1.00 USD) - 2025/01/25 21:28:38 WET [2025/01/25 16:28:38 ET]
Table 'Erinome V' 6-max Seat #2 is the button
Seat 1: z00mba ($100 in chips) 
Seat 2: henri789 ($100 in chips) 
Seat 3: joaquin612 ($157.30 in chips) 
Seat 4: Pippa83 ($109.65 in chips) 
Seat 5: scootergenk ($44.73 in chips) 
Seat 6: blistein ($116.26 in chips) 
joaquin612: posts small blind $0.50
Pippa83: posts big blind $1
*** HOLE CARDS ***
scootergenk: calls $1
blistein: folds 
z00mba: folds 
henri789: folds 
joaquin612: calls $0.50
Pippa83: raises $4.50 to $5.50
scootergenk: calls $4.50
joaquin612: folds 
*** FLOP *** [4s Ks 8s]
Pippa83: bets $1.50
scootergenk: calls $1.50
*** TURN *** [4s Ks 8s] [6s]
Pippa83: checks 
scootergenk: checks 
*** RIVER *** [4s Ks 8s 6s] [2s]
Pippa83: bets $102.65 and is all-in
scootergenk: folds 
Uncalled bet ($102.65) returned to Pippa83
Pippa83 collected $14.25 from pot
Pippa83: doesn't show hand 
*** SUMMARY ***
Total pot $15 | Rake $0.75 
Board [4s Ks 8s 6s 2s]
Seat 1: z00mba folded before Flop (didn't bet)
Seat 2: henri789 (button) folded before Flop (didn't bet)
Seat 3: joaquin612 (small blind) folded before Flop
Seat 4: Pippa83 (big blind) collected ($14.25)
Seat 5: scootergenk folded on the River
Seat 6: blistein folded before Flop (didn't bet)



PokerStars Hand #254552376556:  Hold'em No Limit ($0.50/$1.00 USD) - 2025/01/25 21:29:45 WET [2025/01/25 16:29:45 ET]
Table 'Erinome V' 6-max Seat #3 is the button
Seat 1: z00mba ($100 in chips) 
Seat 2: henri789 ($100 in chips) 
Seat 3: joaquin612 ($156.30 in chips) 
Seat 4: Pippa83 ($116.90 in chips) 
Seat 5: scootergenk ($37.73 in chips) 
Seat 6: blistein ($116.26 in chips) 
Pippa83: posts small blind $0.50
scootergenk: posts big blind $1
*** HOLE CARDS ***
blistein: folds 
z00mba: folds 
henri789: raises $1.20 to $2.20
joaquin612: folds 
Pippa83: folds 
scootergenk: calls $1.20
*** FLOP *** [5d 5h 6d]
scootergenk: checks 
henri789: bets $1.40
scootergenk: calls $1.40
*** TURN *** [5d 5h 6d] [Qd]
scootergenk: checks 
henri789: bets $3.59
scootergenk: calls $3.59
*** RIVER *** [5d 5h 6d Qd] [Kd]
scootergenk: checks 
henri789: bets $12.73
scootergenk: calls $12.73
*** SHOW DOWN ***
henri789: shows [9h Ad] (a flush, Ace high)
scootergenk: mucks hand 
henri789 collected $38.32 from pot
*** SUMMARY ***
Total pot $40.34 | Rake $2.02 
Board [5d 5h 6d Qd Kd]
Seat 1: z00mba folded before Flop (didn't bet)
Seat 2: henri789 showed [9h Ad] and won ($38.32) with a flush, Ace high
Seat 3: joaquin612 (button) folded before Flop (didn't bet)
Seat 4: Pippa83 (small blind) folded before Flop
Seat 5: scootergenk (big blind) mucked
Seat 6: blistein folded before Flop (didn't bet)



PokerStars Hand #254552394626:  Hold'em No Limit ($0.50/$1.00 USD) - 2025/01/25 21:30:45 WET [2025/01/25 16:30:45 ET]
Table 'Erinome V' 6-max Seat #4 is the button
Seat 1: z00mba ($100 in chips) 
Seat 2: henri789 ($118.40 in chips) 
Seat 3: joaquin612 ($156.30 in chips) 
Seat 4: Pippa83 ($116.40 in chips) 
Seat 5: scootergenk ($17.81 in chips) 
Seat 6: blistein ($116.26 in chips) 
scootergenk: posts small blind $0.50
blistein: posts big blind $1
*** HOLE CARDS ***
z00mba: folds 
henri789: folds 
joaquin612: folds 
Pippa83: raises $1.50 to $2.50
scootergenk: raises $15.31 to $17.81 and is all-in
blistein: calls $16.81
Pippa83: folds 
*** FLOP *** [4s 8c 2s]
*** TURN *** [4s 8c 2s] [4h]
*** RIVER *** [4s 8c 2s 4h] [Jh]
*** SHOW DOWN ***
scootergenk: shows [Jc Jd] (a full house, Jacks full of Fours)
blistein: shows [Ad As] (two pair, Aces and Fours)
scootergenk collected $36.21 from pot
*** SUMMARY ***
Total pot $38.12 | Rake $1.91 
Board [4s 8c 2s 4h Jh]
Seat 1: z00mba folded before Flop (didn't bet)
Seat 2: henri789 folded before Flop (didn't bet)
Seat 3: joaquin612 folded before Flop (didn't bet)
Seat 4: Pippa83 (button) folded before Flop
Seat 5: scootergenk (small blind) showed [Jc Jd] and won ($36.21) with a full house, Jacks full of Fours
Seat 6: blistein (big blind) showed [Ad As] and lost with two pair, Aces and Fours



PokerStars Hand #254552406732:  Hold'em No Limit ($0.50/$1.00 USD) - 2025/01/25 21:31:25 WET [2025/01/25 16:31:25 ET]
Table 'Erinome V' 6-max Seat #5 is the button
Seat 1: z00mba ($100 in chips) 
Seat 2: henri789 ($118.40 in chips) 
Seat 3: joaquin612 ($156.30 in chips) 
Seat 4: Pippa83 ($113.90 in chips) 
Seat 5: scootergenk ($36.21 in chips) 
Seat 6: blistein ($100 in chips) 
blistein: posts small blind $0.50
z00mba: posts big blind $1
*** HOLE CARDS ***
henri789: folds 
joaquin612: raises $1.50 to $2.50
Pippa83: folds 
scootergenk: folds 
blistein: folds 
z00mba: calls $1.50
*** FLOP *** [6s Ac As]
z00mba: checks 
joaquin612: bets $1.72
z00mba: folds 
Uncalled bet ($1.72) returned to joaquin612
joaquin612 collected $5.22 from pot
joaquin612: doesn't show hand 
*** SUMMARY ***
Total pot $5.50 | Rake $0.28 
Board [6s Ac As]
Seat 1: z00mba (big blind) folded on the Flop
Seat 2: henri789 folded before Flop (didn't bet)
Seat 3: joaquin612 collected ($5.22)
Seat 4: Pippa83 folded before Flop (didn't bet)
Seat 5: scootergenk (button) folded before Flop (didn't bet)
Seat 6: blistein (small blind) folded before Flop



PokerStars Hand #254552415307:  Hold'em No Limit ($0.50/$1.00 USD) - 2025/01/25 21:31:53 WET [2025/01/25 16:31:53 ET]
Table 'Erinome V' 6-max Seat #6 is the button
Seat 1: z00mba ($100 in chips) 
Seat 2: henri789 ($118.40 in chips) 
Seat 3: joaquin612 ($159.02 in chips) 
Seat 4: Pippa83 ($113.90 in chips) 
Seat 5: scootergenk ($36.21 in chips) 
Seat 6: blistein ($100 in chips) 
z00mba: posts small blind $0.50
henri789: posts big blind $1
*** HOLE CARDS ***
joaquin612: folds 
Pippa83: folds 
scootergenk: raises $1.50 to $2.50
blistein: folds 
z00mba: folds 
henri789: folds 
Uncalled bet ($1.50) returned to scootergenk
scootergenk collected $2.50 from pot
*** SUMMARY ***
Total pot $2.50 | Rake $0 
Seat 1: z00mba (small blind) folded before Flop
Seat 2: henri789 (big blind) folded before Flop
Seat 3: joaquin612 folded before Flop (didn't bet)
Seat 4: Pippa83 folded before Flop (didn't bet)
Seat 5: scootergenk collected ($2.50)
Seat 6: blistein (button) folded before Flop (didn't bet)



PokerStars Hand #254552420341:  Hold'em No Limit ($0.50/$1.00 USD) - 2025/01/25 21:32:10 WET [2025/01/25 16:32:10 ET]
Table 'Erinome V' 6-max Seat #1 is the button
Seat 1: z00mba ($100 in chips) 
Seat 2: henri789 ($117.40 in chips) 
Seat 3: joaquin612 ($159.02 in chips) 
Seat 4: Pippa83 ($113.90 in chips) 
Seat 5: scootergenk ($37.71 in chips) 
Seat 6: blistein ($100 in chips) 
henri789: posts small blind $0.50
joaquin612: posts big blind $1
*** HOLE CARDS ***
Pippa83: folds 
scootergenk: raises $1.50 to $2.50
blistein: folds 
z00mba: folds 
henri789: folds 
joaquin612: folds 
Uncalled bet ($1.50) returned to scootergenk
scootergenk collected $2.50 from pot
*** SUMMARY ***
Total pot $2.50 | Rake $0 
Seat 1: z00mba (button) folded before Flop (didn't bet)
Seat 2: henri789 (small blind) folded before Flop
Seat 3: joaquin612 (big blind) folded before Flop
Seat 4: Pippa83 folded before Flop (didn't bet)
Seat 5: scootergenk collected ($2.50)
Seat 6: blistein folded before Flop (didn't bet)



PokerStars Hand #254552426168:  Hold'em No Limit ($0.50/$1.00 USD) - 2025/01/25 21:32:29 WET [2025/01/25 16:32:29 ET]
Table 'Erinome V' 6-max Seat #2 is the button
Seat 1: z00mba ($100 in chips) 
Seat 2: henri789 ($116.90 in chips) 
Seat 3: joaquin612 ($158.02 in chips) 
Seat 4: Pippa83 ($113.90 in chips) 
Seat 5: scootergenk ($39.21 in chips) 
Seat 6: blistein ($100 in chips) 
joaquin612: posts small blind $0.50
Pippa83: posts big blind $1
*** HOLE CARDS ***
scootergenk: calls $1
blistein: folds 
z00mba: folds 
henri789: folds 
joaquin612: calls $0.50
Pippa83: checks 
*** FLOP *** [Js Ah 8c]
joaquin612: checks 
Pippa83: checks 
scootergenk: checks 
*** TURN *** [Js Ah 8c] [Td]
joaquin612: checks 
Pippa83: bets $2.50
scootergenk: calls $2.50
joaquin612: folds 
*** RIVER *** [Js Ah 8c Td] [9d]
Pippa83: bets $1.90
scootergenk: calls $1.90
*** SHOW DOWN ***
Pippa83: shows [7c 9h] (a straight, Seven to Jack)
scootergenk: mucks hand 
Pippa83 collected $11.21 from pot
*** SUMMARY ***
Total pot $11.80 | Rake $0.59 
Board [Js Ah 8c Td 9d]
Seat 1: z00mba folded before Flop (didn't bet)
Seat 2: henri789 (button) folded before Flop (didn't bet)
Seat 3: joaquin612 (small blind) folded on the Turn
Seat 4: Pippa83 (big blind) showed [7c 9h] and won ($11.21) with a straight, Seven to Jack
Seat 5: scootergenk mucked
Seat 6: blistein folded before Flop (didn't bet)



PokerStars Hand #254552443283:  Hold'em No Limit ($0.50/$1.00 USD) - 2025/01/25 21:33:26 WET [2025/01/25 16:33:26 ET]
Table 'Erinome V' 6-max Seat #3 is the button
Seat 1: z00mba ($100 in chips) 
Seat 2: henri789 ($116.90 in chips) 
Seat 3: joaquin612 ($157.02 in chips) 
Seat 4: Pippa83 ($119.71 in chips) 
Seat 5: scootergenk ($33.81 in chips) 
Seat 6: blistein ($100 in chips) 
Pippa83: posts small blind $0.50
scootergenk: posts big blind $1
*** HOLE CARDS ***
blistein: folds 
z00mba: raises $1.50 to $2.50
henri789: folds 
joaquin612: folds 
Pippa83: raises $9 to $11.50
scootergenk: folds 
z00mba: calls $9
*** FLOP *** [Ts 4c 3h]
Pippa83: bets $17.10
z00mba: folds 
Uncalled bet ($17.10) returned to Pippa83
Pippa83 collected $22.80 from pot
Pippa83: doesn't show hand 
*** SUMMARY ***
Total pot $24 | Rake $1.20 
Board [Ts 4c 3h]
Seat 1: z00mba folded on the Flop
Seat 2: henri789 folded before Flop (didn't bet)
Seat 3: joaquin612 (button) folded before Flop (didn't bet)
Seat 4: Pippa83 (small blind) collected ($22.80)
Seat 5: scootergenk (big blind) folded before Flop
Seat 6: blistein folded before Flop (didn't bet)



PokerStars Hand #254552460228:  Hold'em No Limit ($0.50/$1.00 USD) - 2025/01/25 21:34:22 WET [2025/01/25 16:34:22 ET]
Table 'Erinome V' 6-max Seat #4 is the button
Seat 1: z00mba ($100 in chips) 
Seat 2: henri789 ($116.90 in chips) 
Seat 3: joaquin612 ($157.02 in chips) 
Seat 4: Pippa83 ($131.01 in chips) 
Seat 5: scootergenk ($32.81 in chips) 
Seat 6: blistein ($100 in chips) 
scootergenk: posts small blind $0.50
blistein: posts big blind $1
*** HOLE CARDS ***
z00mba: folds 
henri789: folds 
joaquin612: raises $1.50 to $2.50
Pippa83: folds 
scootergenk: calls $2
blistein: folds 
*** FLOP *** [5h Js 6c]
scootergenk: checks 
joaquin612: bets $1.88
scootergenk: calls $1.88
*** TURN *** [5h Js 6c] [Ts]
scootergenk: checks 
joaquin612: checks 
*** RIVER *** [5h Js 6c Ts] [Kc]
scootergenk: bets $28.43 and is all-in
joaquin612: calls $28.43
*** SHOW DOWN ***
scootergenk: shows [6d 6h] (three of a kind, Sixes)
joaquin612: shows [Qh Ah] (a straight, Ten to Ace)
joaquin612 collected $64.12 from pot
*** SUMMARY ***
Total pot $66.62 | Rake $2.50 
Board [5h Js 6c Ts Kc]
Seat 1: z00mba folded before Flop (didn't bet)
Seat 2: henri789 folded before Flop (didn't bet)
Seat 3: joaquin612 showed [Qh Ah] and won ($64.12) with a straight, Ten to Ace
Seat 4: Pippa83 (button) folded before Flop (didn't bet)
Seat 5: scootergenk (small blind) showed [6d 6h] and lost with three of a kind, Sixes
Seat 6: blistein (big blind) folded before Flop



PokerStars Hand #254552476837:  Hold'em No Limit ($0.50/$1.00 USD) - 2025/01/25 21:35:17 WET [2025/01/25 16:35:17 ET]
Table 'Erinome V' 6-max Seat #6 is the button
Seat 5: scootergenk ($0 in chips) is sitting out
Seat 1: z00mba ($100 in chips) 
Seat 2: henri789 ($116.90 in chips) 
Seat 3: joaquin612 ($188.33 in chips) 
Seat 4: Pippa83 ($131.01 in chips) 
Seat 6: blistein ($100 in chips) 
z00mba: posts small blind $0.50
henri789: posts big blind $1
*** HOLE CARDS ***
joaquin612: folds 
Pippa83: raises $1.20 to $2.20
blistein: folds 
z00mba: folds 
henri789: folds 
Uncalled bet ($1.20) returned to Pippa83
Pippa83 collected $2.50 from pot
Pippa83: doesn't show hand 
scootergenk leaves the table
*** SUMMARY ***
Total pot $2.50 | Rake $0 
Seat 5: scootergenk
Seat 1: z00mba (small blind) folded before Flop
Seat 2: henri789 (big blind) folded before Flop
Seat 3: joaquin612 folded before Flop (didn't bet)
Seat 4: Pippa83 collected ($2.50)
Seat 6: blistein (button) folded before Flop (didn't bet)



PokerStars Hand #254552480854:  Hold'em No Limit ($0.50/$1.00 USD) - 2025/01/25 21:35:31 WET [2025/01/25 16:35:31 ET]
Table 'Erinome V' 6-max Seat #1 is the button
Seat 1: z00mba ($100 in chips) 
Seat 2: henri789 ($115.90 in chips) 
Seat 3: joaquin612 ($188.33 in chips) 
Seat 4: Pippa83 ($132.51 in chips) 
Seat 6: blistein ($100 in chips) 
henri789: posts small blind $0.50
joaquin612: posts big blind $1
*** HOLE CARDS ***
Pippa83: folds 
blistein: folds 
Pippa83 leaves the table
z00mba: folds 
henri789: raises $2 to $3
joaquin612: raises $6 to $9
blistein leaves the table
henri789: calls $6
*** FLOP *** [5h 9h 6c]
Kristo 914 joins the table at seat #5 
henri789: checks 
joaquin612: checks 
*** TURN *** [5h 9h 6c] [3h]
sebmeizter90 joins the table at seat #6 
sebmeizter90 is disconnected 
yzuk joins the table at seat #4 
henri789: checks 
sebmeizter90 leaves the table
joaquin612: checks 
*** RIVER *** [5h 9h 6c 3h] [Qd]
henri789: checks 
joaquin612: bets $14.50
henri789: calls $14.50
*** SHOW DOWN ***
joaquin612: shows [Qs Ah] (a pair of Queens)
henri789: mucks hand 
joaquin612 collected $44.65 from pot
*** SUMMARY ***
Total pot $47 | Rake $2.35 
Board [5h 9h 6c 3h Qd]
Seat 1: z00mba (button) folded before Flop (didn't bet)
Seat 2: henri789 (small blind) mucked
Seat 3: joaquin612 (big blind) showed [Qs Ah] and won ($44.65) with a pair of Queens
Seat 4: Pippa83 folded before Flop (didn't bet)
Seat 6: blistein folded before Flop (didn't bet)



PokerStars Hand #254552518961:  Hold'em No Limit ($0.50/$1.00 USD) - 2025/01/25 21:37:38 WET [2025/01/25 16:37:38 ET]
Table 'Erinome V' 6-max Seat #2 is the button
Seat 1: z00mba ($100 in chips) is sitting out
Seat 2: AlexPinsk1 ($100 in chips) 
Seat 3: joaquin612 ($209.48 in chips) 
Seat 4: yzuk ($100 in chips) 
Seat 5: Kristo 914 ($100 in chips) 
Seat 6: Eemino ($49.93 in chips) 
joaquin612: posts small blind $0.50
yzuk: posts big blind $1
*** HOLE CARDS ***
Kristo 914: folds 
Eemino: folds 
AlexPinsk1: raises $1.50 to $2.50
joaquin612: folds 
yzuk: folds 
Uncalled bet ($1.50) returned to AlexPinsk1
AlexPinsk1 collected $2.50 from pot
AlexPinsk1: doesn't show hand 
*** SUMMARY ***
Total pot $2.50 | Rake $0 
Seat 1: z00mba
Seat 2: AlexPinsk1 (button) collected ($2.50)
Seat 3: joaquin612 (small blind) folded before Flop
Seat 4: yzuk (big blind) folded before Flop
Seat 5: Kristo 914 folded before Flop (didn't bet)
Seat 6: Eemino folded before Flop (didn't bet)



PokerStars Hand #254552523074:  Hold'em No Limit ($0.50/$1.00 USD) - 2025/01/25 21:37:51 WET [2025/01/25 16:37:51 ET]
Table 'Erinome V' 6-max Seat #3 is the button
Seat 1: z00mba ($100 in chips) is sitting out
Seat 2: AlexPinsk1 ($101.50 in chips) 
Seat 3: joaquin612 ($208.98 in chips) 
Seat 4: yzuk ($100 in chips) 
Seat 5: Kristo 914 ($100 in chips) 
Seat 6: Eemino ($49.93 in chips) 
yzuk: posts small blind $0.50
Kristo 914: posts big blind $1
*** HOLE CARDS ***
Eemino: raises $3 to $4
AlexPinsk1: folds 
joaquin612: folds 
yzuk: folds 
Kristo 914: folds 
Uncalled bet ($3) returned to Eemino
Eemino collected $2.50 from pot
Eemino: doesn't show hand 
*** SUMMARY ***
Total pot $2.50 | Rake $0 
Seat 1: z00mba
Seat 2: AlexPinsk1 folded before Flop (didn't bet)
Seat 3: joaquin612 (button) folded before Flop (didn't bet)
Seat 4: yzuk (small blind) folded before Flop
Seat 5: Kristo 914 (big blind) folded before Flop
Seat 6: Eemino collected ($2.50)



PokerStars Hand #254552528306:  Hold'em No Limit ($0.50/$1.00 USD) - 2025/01/25 21:38:09 WET [2025/01/25 16:38:09 ET]
Table 'Erinome V' 6-max Seat #4 is the button
Seat 1: z00mba ($100 in chips) is sitting out
Seat 2: AlexPinsk1 ($101.50 in chips) 
Seat 3: joaquin612 ($208.98 in chips) 
Seat 4: yzuk ($100 in chips) 
Seat 5: Kristo 914 ($100 in chips) 
Seat 6: Eemino ($51.43 in chips) 
Kristo 914: posts small blind $0.50
Eemino: posts big blind $1
*** HOLE CARDS ***
AlexPinsk1: raises $1.50 to $2.50
joaquin612: folds 
yzuk: folds 
Kristo 914: folds 
Eemino: folds 
Uncalled bet ($1.50) returned to AlexPinsk1
AlexPinsk1 collected $2.50 from pot
AlexPinsk1: doesn't show hand 
*** SUMMARY ***
Total pot $2.50 | Rake $0 
Seat 1: z00mba
Seat 2: AlexPinsk1 collected ($2.50)
Seat 3: joaquin612 folded before Flop (didn't bet)
Seat 4: yzuk (button) folded before Flop (didn't bet)
Seat 5: Kristo 914 (small blind) folded before Flop
Seat 6: Eemino (big blind) folded before Flop



PokerStars Hand #254552532849:  Hold'em No Limit ($0.50/$1.00 USD) - 2025/01/25 21:38:24 WET [2025/01/25 16:38:24 ET]
Table 'Erinome V' 6-max Seat #5 is the button
Seat 1: z00mba ($100 in chips) is sitting out
Seat 2: AlexPinsk1 ($103 in chips) 
Seat 3: joaquin612 ($208.98 in chips) 
Seat 4: yzuk ($100 in chips) 
Seat 5: Kristo 914 ($100 in chips) 
Seat 6: Eemino ($50.43 in chips) 
Eemino: posts small blind $0.50
AlexPinsk1: posts big blind $1
*** HOLE CARDS ***
joaquin612: folds 
yzuk: folds 
Kristo 914: folds 
Eemino: raises $2 to $3
AlexPinsk1: folds 
Uncalled bet ($2) returned to Eemino
Eemino collected $2 from pot
Eemino: doesn't show hand 
*** SUMMARY ***
Total pot $2 | Rake $0 
Seat 1: z00mba
Seat 2: AlexPinsk1 (big blind) folded before Flop
Seat 3: joaquin612 folded before Flop (didn't bet)
Seat 4: yzuk folded before Flop (didn't bet)
Seat 5: Kristo 914 (button) folded before Flop (didn't bet)
Seat 6: Eemino (small blind) collected ($2)



PokerStars Hand #254552536443:  Hold'em No Limit ($0.50/$1.00 USD) - 2025/01/25 21:38:36 WET [2025/01/25 16:38:36 ET]
Table 'Erinome V' 6-max Seat #6 is the button
Seat 1: z00mba ($100 in chips) is sitting out
Seat 3: joaquin612 ($208.98 in chips) is sitting out
Seat 4: yzuk ($100 in chips) is sitting out
Seat 2: AlexPinsk1 ($102 in chips) 
Seat 5: Kristo 914 ($100 in chips) 
Seat 6: Eemino ($51.43 in chips) 
AlexPinsk1: posts small blind $0.50
joaquin612: is sitting out 
yzuk: is sitting out 
Kristo 914: posts big blind $1
*** HOLE CARDS ***
Eemino: raises $2 to $3
yzuk leaves the table
AlexPinsk1: folds 
Kristo 914: folds 
Uncalled bet ($2) returned to Eemino
Eemino collected $2.50 from pot
Eemino: doesn't show hand 
*** SUMMARY ***
Total pot $2.50 | Rake $0 
Seat 1: z00mba
Seat 3: joaquin612
Seat 4: yzuk
Seat 2: AlexPinsk1 (small blind) folded before Flop
Seat 5: Kristo 914 (big blind) folded before Flop
Seat 6: Eemino (button) collected ($2.50)



PokerStars Hand #254552542818:  Hold'em No Limit ($0.50/$1.00 USD) - 2025/01/25 21:38:57 WET [2025/01/25 16:38:57 ET]
Table 'Erinome V' 6-max Seat #2 is the button
Seat 1: z00mba ($100 in chips) is sitting out
Seat 3: joaquin612 ($208.98 in chips) is sitting out
Seat 2: AlexPinsk1 ($101.50 in chips) 
Seat 5: Kristo 914 ($100 in chips) 
Seat 6: Eemino ($52.93 in chips) 
Kristo 914: posts small blind $0.50
Eemino: posts big blind $1
*** HOLE CARDS ***
AlexPinsk1: folds 
Kristo 914: folds 
Uncalled bet ($0.50) returned to Eemino
Eemino collected $1 from pot
Eemino: doesn't show hand 
*** SUMMARY ***
Total pot $1 | Rake $0 
Seat 1: z00mba
Seat 3: joaquin612
Seat 2: AlexPinsk1 (button) folded before Flop (didn't bet)
Seat 5: Kristo 914 (small blind) folded before Flop
Seat 6: Eemino (big blind) collected ($1)



PokerStars Hand #254552545436:  Hold'em No Limit ($0.50/$1.00 USD) - 2025/01/25 21:39:05 WET [2025/01/25 16:39:05 ET]
Table 'Erinome V' 6-max Seat #5 is the button
Seat 1: z00mba ($100 in chips) is sitting out
Seat 3: joaquin612 ($208.98 in chips) is sitting out
Seat 2: AlexPinsk1 ($101.50 in chips) 
Seat 5: Kristo 914 ($100 in chips) 
Seat 6: Eemino ($53.43 in chips) 
Eemino: posts small blind $0.50
AlexPinsk1: posts big blind $1
joaquin612: sits out 
*** HOLE CARDS ***
Kristo 914: raises $1.40 to $2.40
Eemino: folds 
AlexPinsk1: calls $1.40
*** FLOP *** [Ac 5s 4h]
AlexPinsk1: checks 
Kristo 914: checks 
*** TURN *** [Ac 5s 4h] [3h]
mr.Jckpot joins the table at seat #4 
AlexPinsk1: bets $3.78
Kristo 914: calls $3.78
*** RIVER *** [Ac 5s 4h 3h] [8c]
AlexPinsk1: bets $9.17
Kristo 914: folds 
Uncalled bet ($9.17) returned to AlexPinsk1
AlexPinsk1 collected $12.22 from pot
AlexPinsk1: doesn't show hand 
*** SUMMARY ***
Total pot $12.86 | Rake $0.64 
Board [Ac 5s 4h 3h 8c]
Seat 1: z00mba
Seat 3: joaquin612
Seat 2: AlexPinsk1 (big blind) collected ($12.22)
Seat 5: Kristo 914 (button) folded on the River
Seat 6: Eemino (small blind) folded before Flop



PokerStars Hand #254552558576:  Hold'em No Limit ($0.50/$1.00 USD) - 2025/01/25 21:39:50 WET [2025/01/25 16:39:50 ET]
Table 'Erinome V' 6-max Seat #6 is the button
Seat 1: z00mba ($100 in chips) is sitting out
Seat 4: mr.Jckpot ($100 in chips) is sitting out
Seat 2: AlexPinsk1 ($107.54 in chips) 
Seat 3: joaquin612 ($208.98 in chips) 
Seat 5: Kristo 914 ($100 in chips) 
Seat 6: Eemino ($52.93 in chips) 
AlexPinsk1: posts small blind $0.50
joaquin612: posts big blind $1
mr.Jckpot: sits out 
*** HOLE CARDS ***
Kristo 914: folds 
Eemino: folds 
AlexPinsk1: folds 
Uncalled bet ($0.50) returned to joaquin612
joaquin612 collected $1 from pot
joaquin612: doesn't show hand 
*** SUMMARY ***
Total pot $1 | Rake $0 
Seat 1: z00mba
Seat 4: mr.Jckpot
Seat 2: AlexPinsk1 (small blind) folded before Flop
Seat 3: joaquin612 (big blind) collected ($1)
Seat 5: Kristo 914 folded before Flop (didn't bet)
Seat 6: Eemino (button) folded before Flop (didn't bet)



PokerStars Hand #254552561431:  Hold'em No Limit ($0.50/$1.00 USD) - 2025/01/25 21:39:59 WET [2025/01/25 16:39:59 ET]
Table 'Erinome V' 6-max Seat #2 is the button
Seat 1: z00mba ($100 in chips) is sitting out
Seat 2: AlexPinsk1 ($107.04 in chips) 
Seat 3: joaquin612 ($209.48 in chips) 
Seat 4: mr.Jckpot ($100 in chips) 
Seat 5: Kristo 914 ($100 in chips) 
Seat 6: Eemino ($52.93 in chips) 
joaquin612: posts small blind $0.50
mr.Jckpot: posts big blind $1
z00mba: sits out 
*** HOLE CARDS ***
Kristo 914: folds 
Eemino: folds 
AlexPinsk1: raises $1.50 to $2.50
joaquin612: folds 
mr.Jckpot: folds 
Uncalled bet ($1.50) returned to AlexPinsk1
AlexPinsk1 collected $2.50 from pot
AlexPinsk1: doesn't show hand 
*** SUMMARY ***
Total pot $2.50 | Rake $0 
Seat 1: z00mba
Seat 2: AlexPinsk1 (button) collected ($2.50)
Seat 3: joaquin612 (small blind) folded before Flop
Seat 4: mr.Jckpot (big blind) folded before Flop
Seat 5: Kristo 914 folded before Flop (didn't bet)
Seat 6: Eemino folded before Flop (didn't bet)



PokerStars Hand #254552566028:  Hold'em No Limit ($0.50/$1.00 USD) - 2025/01/25 21:40:14 WET [2025/01/25 16:40:14 ET]
Table 'Erinome V' 6-max Seat #3 is the button
Seat 1: z00mba ($100 in chips) is sitting out
Seat 2: AlexPinsk1 ($108.54 in chips) 
Seat 3: joaquin612 ($208.98 in chips) 
Seat 4: mr.Jckpot ($100 in chips) 
Seat 5: Kristo 914 ($100 in chips) 
Seat 6: Eemino ($52.93 in chips) 
mr.Jckpot: posts small blind $0.50
Kristo 914: posts big blind $1
z00mba: sits out 
*** HOLE CARDS ***
Eemino: folds 
AlexPinsk1: folds 
joaquin612: folds 
mr.Jckpot: raises $2 to $3
Kristo 914: folds 
Uncalled bet ($2) returned to mr.Jckpot
mr.Jckpot collected $2 from pot
mr.Jckpot: doesn't show hand 
*** SUMMARY ***
Total pot $2 | Rake $0 
Seat 1: z00mba
Seat 2: AlexPinsk1 folded before Flop (didn't bet)
Seat 3: joaquin612 (button) folded before Flop (didn't bet)
Seat 4: mr.Jckpot (small blind) collected ($2)
Seat 5: Kristo 914 (big blind) folded before Flop
Seat 6: Eemino folded before Flop (didn't bet)



PokerStars Hand #254552569732:  Hold'em No Limit ($0.50/$1.00 USD) - 2025/01/25 21:40:27 WET [2025/01/25 16:40:27 ET]
Table 'Erinome V' 6-max Seat #4 is the button
Seat 1: z00mba ($100 in chips) is sitting out
Seat 2: AlexPinsk1 ($108.54 in chips) 
Seat 3: joaquin612 ($208.98 in chips) 
Seat 4: mr.Jckpot ($101 in chips) 
Seat 5: Kristo 914 ($100 in chips) 
Seat 6: Eemino ($52.93 in chips) 
Kristo 914: posts small blind $0.50
Eemino: posts big blind $1
z00mba: sits out 
*** HOLE CARDS ***
AlexPinsk1: folds 
joaquin612: folds 
mr.Jckpot: folds 
Kristo 914: raises $2 to $3
Eemino: raises $5 to $8
Kristo 914: folds 
Uncalled bet ($5) returned to Eemino
Eemino collected $6 from pot
Eemino: doesn't show hand 
*** SUMMARY ***
Total pot $6 | Rake $0 
Seat 1: z00mba
Seat 2: AlexPinsk1 folded before Flop (didn't bet)
Seat 3: joaquin612 folded before Flop (didn't bet)
Seat 4: mr.Jckpot (button) folded before Flop (didn't bet)
Seat 5: Kristo 914 (small blind) folded before Flop
Seat 6: Eemino (big blind) collected ($6)



PokerStars Hand #254552575613:  Hold'em No Limit ($0.50/$1.00 USD) - 2025/01/25 21:40:47 WET [2025/01/25 16:40:47 ET]
Table 'Erinome V' 6-max Seat #5 is the button
Seat 1: z00mba ($100 in chips) 
Seat 2: AlexPinsk1 ($108.54 in chips) 
Seat 3: joaquin612 ($208.98 in chips) 
Seat 4: mr.Jckpot ($101 in chips) 
Seat 5: Kristo 914 ($100 in chips) 
Seat 6: Eemino ($55.93 in chips) 
Eemino: posts small blind $0.50
z00mba: posts big blind $1
*** HOLE CARDS ***
AlexPinsk1: folds 
joaquin612: folds 
mr.Jckpot: raises $1.50 to $2.50
Kristo 914: folds 
Eemino: folds 
z00mba: calls $1.50
*** FLOP *** [Jd Qc Ad]
z00mba: checks 
mr.Jckpot: bets $2.87
z00mba: calls $2.87
*** TURN *** [Jd Qc Ad] [Ah]
z00mba: checks 
mr.Jckpot: bets $5.87
z00mba: calls $5.87
*** RIVER *** [Jd Qc Ad Ah] [8s]
z00mba: checks 
mr.Jckpot: checks 
*** SHOW DOWN ***
z00mba: shows [Qd Kc] (two pair, Aces and Queens)
mr.Jckpot: shows [9c Ac] (three of a kind, Aces)
mr.Jckpot collected $21.83 from pot
*** SUMMARY ***
Total pot $22.98 | Rake $1.15 
Board [Jd Qc Ad Ah 8s]
Seat 1: z00mba (big blind) showed [Qd Kc] and lost with two pair, Aces and Queens
Seat 2: AlexPinsk1 folded before Flop (didn't bet)
Seat 3: joaquin612 folded before Flop (didn't bet)
Seat 4: mr.Jckpot showed [9c Ac] and won ($21.83) with three of a kind, Aces
Seat 5: Kristo 914 (button) folded before Flop (didn't bet)
Seat 6: Eemino (small blind) folded before Flop



PokerStars Hand #254552586863:  Hold'em No Limit ($0.50/$1.00 USD) - 2025/01/25 21:41:25 WET [2025/01/25 16:41:25 ET]
Table 'Erinome V' 6-max Seat #6 is the button
Seat 1: z00mba ($100 in chips) 
Seat 2: AlexPinsk1 ($108.54 in chips) 
Seat 3: joaquin612 ($208.98 in chips) 
Seat 4: mr.Jckpot ($111.59 in chips) 
Seat 5: Kristo 914 ($100 in chips) 
Seat 6: Eemino ($55.43 in chips) 
z00mba: posts small blind $0.50
AlexPinsk1: posts big blind $1
*** HOLE CARDS ***
joaquin612: raises $1.50 to $2.50
mr.Jckpot: folds 
Kristo 914: folds 
Eemino: folds 
z00mba: folds 
AlexPinsk1: folds 
Uncalled bet ($1.50) returned to joaquin612
joaquin612 collected $2.50 from pot
joaquin612: doesn't show hand 
*** SUMMARY ***
Total pot $2.50 | Rake $0 
Seat 1: z00mba (small blind) folded before Flop
Seat 2: AlexPinsk1 (big blind) folded before Flop
Seat 3: joaquin612 collected ($2.50)
Seat 4: mr.Jckpot folded before Flop (didn't bet)
Seat 5: Kristo 914 folded before Flop (didn't bet)
Seat 6: Eemino (button) folded before Flop (didn't bet)



PokerStars Hand #254552592179:  Hold'em No Limit ($0.50/$1.00 USD) - 2025/01/25 21:41:43 WET [2025/01/25 16:41:43 ET]
Table 'Erinome V' 6-max Seat #1 is the button
Seat 1: z00mba ($100 in chips) 
Seat 2: AlexPinsk1 ($107.54 in chips) 
Seat 3: joaquin612 ($210.48 in chips) 
Seat 4: mr.Jckpot ($111.59 in chips) 
Seat 5: Kristo 914 ($100 in chips) 
Seat 6: Eemino ($55.43 in chips) 
AlexPinsk1: posts small blind $0.50
joaquin612: posts big blind $1
*** HOLE CARDS ***
mr.Jckpot: raises $1.50 to $2.50
Kristo 914: folds 
Eemino: raises $3.50 to $6
z00mba: folds 
AlexPinsk1: folds 
joaquin612: folds 
mr.Jckpot: calls $3.50
*** FLOP *** [8c 5c 6s]
mr.Jckpot: checks 
Eemino: bets $6.41
mr.Jckpot: calls $6.41
*** TURN *** [8c 5c 6s] [8s]
mr.Jckpot: checks 
Eemino: bets $12.50
mr.Jckpot: folds 
Uncalled bet ($12.50) returned to Eemino
Eemino collected $25 from pot
Eemino: doesn't show hand 
*** SUMMARY ***
Total pot $26.32 | Rake $1.32 
Board [8c 5c 6s 8s]
Seat 1: z00mba (button) folded before Flop (didn't bet)
Seat 2: AlexPinsk1 (small blind) folded before Flop
Seat 3: joaquin612 (big blind) folded before Flop
Seat 4: mr.Jckpot folded on the Turn
Seat 5: Kristo 914 folded before Flop (didn't bet)
Seat 6: Eemino collected ($25)



PokerStars Hand #254552609493:  Hold'em No Limit ($0.50/$1.00 USD) - 2025/01/25 21:42:41 WET [2025/01/25 16:42:41 ET]
Table 'Erinome V' 6-max Seat #2 is the button
Seat 1: z00mba ($100 in chips) 
Seat 2: AlexPinsk1 ($107.04 in chips) 
Seat 3: joaquin612 ($209.48 in chips) 
Seat 4: mr.Jckpot ($100 in chips) 
Seat 5: Kristo 914 ($100 in chips) 
Seat 6: Eemino ($68.02 in chips) 
joaquin612: posts small blind $0.50
mr.Jckpot: posts big blind $1
*** HOLE CARDS ***
Kristo 914: folds 
Eemino: raises $2 to $3
z00mba: folds 
AlexPinsk1: folds 
joaquin612: folds 
mr.Jckpot: folds 
Uncalled bet ($2) returned to Eemino
Eemino collected $2.50 from pot
Eemino: doesn't show hand 
*** SUMMARY ***
Total pot $2.50 | Rake $0 
Seat 1: z00mba folded before Flop (didn't bet)
Seat 2: AlexPinsk1 (button) folded before Flop (didn't bet)
Seat 3: joaquin612 (small blind) folded before Flop
Seat 4: mr.Jckpot (big blind) folded before Flop
Seat 5: Kristo 914 folded before Flop (didn't bet)
Seat 6: Eemino collected ($2.50)



PokerStars Hand #254552615810:  Hold'em No Limit ($0.50/$1.00 USD) - 2025/01/25 21:43:03 WET [2025/01/25 16:43:03 ET]
Table 'Erinome V' 6-max Seat #3 is the button
Seat 1: z00mba ($100 in chips) 
Seat 2: AlexPinsk1 ($107.04 in chips) 
Seat 3: joaquin612 ($208.98 in chips) 
Seat 4: mr.Jckpot ($100 in chips) 
Seat 5: Kristo 914 ($100 in chips) 
Seat 6: Eemino ($69.52 in chips) 
mr.Jckpot: posts small blind $0.50
Kristo 914: posts big blind $1
*** HOLE CARDS ***
Eemino: folds 
z00mba: folds 
AlexPinsk1: folds 
joaquin612: raises $1.50 to $2.50
mr.Jckpot: folds 
Kristo 914: folds 
Uncalled bet ($1.50) returned to joaquin612
joaquin612 collected $2.50 from pot
joaquin612: doesn't show hand 
*** SUMMARY ***
Total pot $2.50 | Rake $0 
Seat 1: z00mba folded before Flop (didn't bet)
Seat 2: AlexPinsk1 folded before Flop (didn't bet)
Seat 3: joaquin612 (button) collected ($2.50)
Seat 4: mr.Jckpot (small blind) folded before Flop
Seat 5: Kristo 914 (big blind) folded before Flop
Seat 6: Eemino folded before Flop (didn't bet)



PokerStars Hand #254552620859:  Hold'em No Limit ($0.50/$1.00 USD) - 2025/01/25 21:43:20 WET [2025/01/25 16:43:20 ET]
Table 'Erinome V' 6-max Seat #4 is the button
Seat 1: z00mba ($100 in chips) 
Seat 2: AlexPinsk1 ($107.04 in chips) 
Seat 3: joaquin612 ($210.48 in chips) 
Seat 4: mr.Jckpot ($100 in chips) 
Seat 5: Kristo 914 ($100 in chips) 
Seat 6: Eemino ($69.52 in chips) 
Kristo 914: posts small blind $0.50
Eemino: posts big blind $1
*** HOLE CARDS ***
z00mba: folds 
AlexPinsk1: folds 
joaquin612: folds 
mr.Jckpot: folds 
Kristo 914: raises $2 to $3
Eemino: raises $3.70 to $6.70
Kristo 914: calls $3.70
*** FLOP *** [8c Qd Kh]
Kristo 914: checks 
Eemino: bets $6.37
Kristo 914: calls $6.37
*** TURN *** [8c Qd Kh] [8s]
Kristo 914: checks 
Eemino: bets $24.83
Kristo 914: calls $24.83
*** RIVER *** [8c Qd Kh 8s] [Jc]
Kristo 914: checks 
Eemino: bets $31.62 and is all-in
Kristo 914: calls $31.62
*** SHOW DOWN ***
Eemino: shows [Kc Qc] (two pair, Kings and Queens)
Kristo 914: shows [9s Ks] (two pair, Kings and Eights)
Eemino collected $136.54 from pot
*** SUMMARY ***
Total pot $139.04 | Rake $2.50 
Board [8c Qd Kh 8s Jc]
Seat 1: z00mba folded before Flop (didn't bet)
Seat 2: AlexPinsk1 folded before Flop (didn't bet)
Seat 3: joaquin612 folded before Flop (didn't bet)
Seat 4: mr.Jckpot (button) folded before Flop (didn't bet)
Seat 5: Kristo 914 (small blind) showed [9s Ks] and lost with two pair, Kings and Eights
Seat 6: Eemino (big blind) showed [Kc Qc] and won ($136.54) with two pair, Kings and Queens



PokerStars Hand #254552640779:  Hold'em No Limit ($0.50/$1.00 USD) - 2025/01/25 21:44:28 WET [2025/01/25 16:44:28 ET]
Table 'Erinome V' 6-max Seat #5 is the button
Seat 1: z00mba ($100 in chips) 
Seat 2: AlexPinsk1 ($107.04 in chips) 
Seat 3: joaquin612 ($210.48 in chips) 
Seat 4: mr.Jckpot ($100 in chips) 
Seat 5: Kristo 914 ($100 in chips) 
Seat 6: Eemino ($136.54 in chips) 
Eemino: posts small blind $0.50
z00mba: posts big blind $1
*** HOLE CARDS ***
AlexPinsk1: folds 
joaquin612: folds 
mr.Jckpot: folds 
Kristo 914: folds 
Eemino: raises $2 to $3
z00mba: raises $6 to $9
Eemino: calls $6
*** FLOP *** [As 8h 9h]
Eemino: checks 
z00mba: bets $5.47
Eemino: folds 
Uncalled bet ($5.47) returned to z00mba
z00mba collected $17.10 from pot
z00mba: doesn't show hand 
*** SUMMARY ***
Total pot $18 | Rake $0.90 
Board [As 8h 9h]
Seat 1: z00mba (big blind) collected ($17.10)
Seat 2: AlexPinsk1 folded before Flop (didn't bet)
Seat 3: joaquin612 folded before Flop (didn't bet)
Seat 4: mr.Jckpot folded before Flop (didn't bet)
Seat 5: Kristo 914 (button) folded before Flop (didn't bet)
Seat 6: Eemino (small blind) folded on the Flop



PokerStars Hand #254552656094:  Hold'em No Limit ($0.50/$1.00 USD) - 2025/01/25 21:45:20 WET [2025/01/25 16:45:20 ET]
Table 'Erinome V' 6-max Seat #6 is the button
Seat 1: z00mba ($108.10 in chips) 
Seat 2: AlexPinsk1 ($107.04 in chips) 
Seat 3: joaquin612 ($210.48 in chips) 
Seat 4: mr.Jckpot ($100 in chips) 
Seat 5: Kristo 914 ($100 in chips) 
Seat 6: Eemino ($127.54 in chips) 
z00mba: posts small blind $0.50
AlexPinsk1: posts big blind $1
*** HOLE CARDS ***
joaquin612: folds 
mr.Jckpot: folds 
Kristo 914: folds 
Eemino: folds 
z00mba: folds 
Uncalled bet ($0.50) returned to AlexPinsk1
AlexPinsk1 collected $1 from pot
AlexPinsk1: doesn't show hand 
*** SUMMARY ***
Total pot $1 | Rake $0 
Seat 1: z00mba (small blind) folded before Flop
Seat 2: AlexPinsk1 (big blind) collected ($1)
Seat 3: joaquin612 folded before Flop (didn't bet)
Seat 4: mr.Jckpot folded before Flop (didn't bet)
Seat 5: Kristo 914 folded before Flop (didn't bet)
Seat 6: Eemino (button) folded before Flop (didn't bet)



PokerStars Hand #254552660886:  Hold'em No Limit ($0.50/$1.00 USD) - 2025/01/25 21:45:37 WET [2025/01/25 16:45:37 ET]
Table 'Erinome V' 6-max Seat #1 is the button
Seat 1: z00mba ($107.60 in chips) 
Seat 2: AlexPinsk1 ($107.54 in chips) 
Seat 3: joaquin612 ($210.48 in chips) 
Seat 4: mr.Jckpot ($100 in chips) 
Seat 5: Kristo 914 ($100 in chips) 
Seat 6: Eemino ($127.54 in chips) 
AlexPinsk1: posts small blind $0.50
joaquin612: posts big blind $1
*** HOLE CARDS ***
mr.Jckpot: folds 
Kristo 914: folds 
Eemino: folds 
z00mba: folds 
AlexPinsk1: raises $2 to $3
joaquin612: folds 
Uncalled bet ($2) returned to AlexPinsk1
AlexPinsk1 collected $2 from pot
AlexPinsk1: doesn't show hand 
*** SUMMARY ***
Total pot $2 | Rake $0 
Seat 1: z00mba (button) folded before Flop (didn't bet)
Seat 2: AlexPinsk1 (small blind) collected ($2)
Seat 3: joaquin612 (big blind) folded before Flop
Seat 4: mr.Jckpot folded before Flop (didn't bet)
Seat 5: Kristo 914 folded before Flop (didn't bet)
Seat 6: Eemino folded before Flop (didn't bet)



PokerStars Hand #254552666831:  Hold'em No Limit ($0.50/$1.00 USD) - 2025/01/25 21:45:58 WET [2025/01/25 16:45:58 ET]
Table 'Erinome V' 6-max Seat #2 is the button
Seat 1: z00mba ($107.60 in chips) 
Seat 2: AlexPinsk1 ($108.54 in chips) 
Seat 3: joaquin612 ($209.48 in chips) 
Seat 4: mr.Jckpot ($100 in chips) 
Seat 5: Kristo 914 ($100 in chips) 
Seat 6: Eemino ($127.54 in chips) 
joaquin612: posts small blind $0.50
mr.Jckpot: posts big blind $1
*** HOLE CARDS ***
Kristo 914: folds 
Eemino: folds 
Eemino leaves the table
z00mba: folds 
AlexPinsk1: raises $1.50 to $2.50
joaquin612: folds 
mr.Jckpot: folds 
Uncalled bet ($1.50) returned to AlexPinsk1
AlexPinsk1 collected $2.50 from pot
AlexPinsk1: doesn't show hand 
*** SUMMARY ***
Total pot $2.50 | Rake $0 
Seat 1: z00mba folded before Flop (didn't bet)
Seat 2: AlexPinsk1 (button) collected ($2.50)
Seat 3: joaquin612 (small blind) folded before Flop
Seat 4: mr.Jckpot (big blind) folded before Flop
Seat 5: Kristo 914 folded before Flop (didn't bet)
Seat 6: Eemino folded before Flop (didn't bet)



PokerStars Hand #254552674227:  Hold'em No Limit ($0.50/$1.00 USD) - 2025/01/25 21:46:23 WET [2025/01/25 16:46:23 ET]
Table 'Erinome V' 6-max Seat #3 is the button
Seat 1: z00mba ($107.60 in chips) 
Seat 2: AlexPinsk1 ($110.04 in chips) 
Seat 3: joaquin612 ($208.98 in chips) 
Seat 4: mr.Jckpot ($100 in chips) 
Seat 5: Kristo 914 ($100 in chips) 
mr.Jckpot: posts small blind $0.50
Kristo 914: posts big blind $1
*** HOLE CARDS ***
z00mba: folds 
AlexPinsk1: raises $1.50 to $2.50
joaquin612: raises $5 to $7.50
mr.Jckpot: folds 
Kristo 914: folds 
AlexPinsk1: folds 
Uncalled bet ($5) returned to joaquin612
joaquin612 collected $6.50 from pot
joaquin612: doesn't show hand 
*** SUMMARY ***
Total pot $6.50 | Rake $0 
Seat 1: z00mba folded before Flop (didn't bet)
Seat 2: AlexPinsk1 folded before Flop
Seat 3: joaquin612 (button) collected ($6.50)
Seat 4: mr.Jckpot (small blind) folded before Flop
Seat 5: Kristo 914 (big blind) folded before Flop



PokerStars Hand #254552680665:  Hold'em No Limit ($0.50/$1.00 USD) - 2025/01/25 21:46:45 WET [2025/01/25 16:46:45 ET]
Table 'Erinome V' 6-max Seat #4 is the button
Seat 1: z00mba ($107.60 in chips) is sitting out
Seat 2: AlexPinsk1 ($107.54 in chips) is sitting out
Seat 3: joaquin612 ($212.98 in chips) 
Seat 4: mr.Jckpot ($100 in chips) 
Seat 5: Kristo 914 ($100 in chips) 
Kristo 914: posts small blind $0.50
z00mba: is sitting out 
AlexPinsk1: is sitting out 
joaquin612: posts big blind $1
*** HOLE CARDS ***
mr.Jckpot: folds 
Kristo 914: raises $2 to $3
joaquin612: raises $6 to $9
Kristo 914: raises $12 to $21
joaquin612: folds 
Uncalled bet ($12) returned to Kristo 914
Kristo 914 collected $18 from pot
Kristo 914: doesn't show hand 
*** SUMMARY ***
Total pot $18 | Rake $0 
Seat 1: z00mba
Seat 2: AlexPinsk1
Seat 3: joaquin612 (big blind) folded before Flop
Seat 4: mr.Jckpot (button) folded before Flop (didn't bet)
Seat 5: Kristo 914 (small blind) collected ($18)



