PokerStars Hand #254551959689:  Hold'em No Limit ($0.50/$1.00 USD) - 2025/01/25 21:06:43 WET [2025/01/25 16:06:43 ET]
Table 'Veronika IV' 6-max Seat #6 is the button
Seat 4: Kristo 914 ($100 in chips) 
Seat 6: EllieDund ($100 in chips) 
EllieDund: posts small blind $0.50
Kristo 914: posts big blind $1
*** HOLE CARDS ***
EllieDund: folds 
Uncalled bet ($0.50) returned to Kristo 914
Kristo 914 collected $1 from pot
Kristo 914: doesn't show hand 
*** SUMMARY ***
Total pot $1 | Rake $0 
Seat 4: Kristo 914 (big blind) collected ($1)
Seat 6: EllieDund (button) (small blind) folded before Flop



PokerStars Hand #254551961491:  Hold'em No Limit ($0.50/$1.00 USD) - 2025/01/25 21:06:49 WET [2025/01/25 16:06:49 ET]
Table 'Veronika IV' 6-max Seat #4 is the button
Seat 4: Kristo 914 ($100.50 in chips) 
Seat 6: EllieDund ($99.50 in chips) 
Kristo 914: posts small blind $0.50
EllieDund: posts big blind $1
*** HOLE CARDS ***
pr0tecto joins the table at seat #1 
Kristo 914: folds 
Uncalled bet ($0.50) returned to EllieDund
EllieDund collected $1 from pot
*** SUMMARY ***
Total pot $1 | Rake $0 
Seat 4: Kristo 914 (button) (small blind) folded before Flop
Seat 6: EllieDund (big blind) collected ($1)



PokerStars Hand #254551965773:  Hold'em No Limit ($0.50/$1.00 USD) - 2025/01/25 21:07:03 WET [2025/01/25 16:07:03 ET]
Table 'Veronika IV' 6-max Seat #4 is the button
Seat 1: pr0tecto ($100 in chips) 
Seat 4: Kristo 914 ($100 in chips) 
Seat 6: EllieDund ($100 in chips) 
EllieDund: posts small blind $0.50
pr0tecto: posts big blind $1
*** HOLE CARDS ***
Kristo 914: folds 
EllieDund: raises $2 to $3
Parabelum911 joins the table at seat #2 
pr0tecto: calls $2
*** FLOP *** [2h 5c Kd]
EllieDund: checks 
sta$igk joins the table at seat #3 
Pippa83 joins the table at seat #5 
pr0tecto: bets $1.88
EllieDund: folds 
Uncalled bet ($1.88) returned to pr0tecto
pr0tecto collected $5.70 from pot
pr0tecto: doesn't show hand 
*** SUMMARY ***
Total pot $6 | Rake $0.30 
Board [2h 5c Kd]
Seat 1: pr0tecto (big blind) collected ($5.70)
Seat 4: Kristo 914 (button) folded before Flop (didn't bet)
Seat 6: EllieDund (small blind) folded on the Flop



PokerStars Hand #254551972420:  Hold'em No Limit ($0.50/$1.00 USD) - 2025/01/25 21:07:26 WET [2025/01/25 16:07:26 ET]
Table 'Veronika IV' 6-max Seat #6 is the button
Seat 3: sta$igk ($100 in chips) is sitting out
Seat 5: Pippa83 ($100 in chips) is sitting out
Seat 1: pr0tecto ($102.70 in chips) 
Seat 2: Parabelum911 ($100 in chips) 
Seat 4: Kristo 914 ($100 in chips) 
Seat 6: EllieDund ($97 in chips) 
pr0tecto: posts small blind $0.50
Parabelum911: posts big blind $1
sta$igk: sits out 
Pippa83: sits out 
*** HOLE CARDS ***
Kristo 914: folds 
EllieDund: folds 
pr0tecto: raises $1.24 to $2.24
Parabelum911: folds 
Uncalled bet ($1.24) returned to pr0tecto
pr0tecto collected $2 from pot
pr0tecto: doesn't show hand 
*** SUMMARY ***
Total pot $2 | Rake $0 
Seat 3: sta$igk
Seat 5: Pippa83
Seat 1: pr0tecto (small blind) collected ($2)
Seat 2: Parabelum911 (big blind) folded before Flop
Seat 4: Kristo 914 folded before Flop (didn't bet)
Seat 6: EllieDund (button) folded before Flop (didn't bet)



PokerStars Hand #254551977404:  Hold'em No Limit ($0.50/$1.00 USD) - 2025/01/25 21:07:42 WET [2025/01/25 16:07:42 ET]
Table 'Veronika IV' 6-max Seat #1 is the button
Seat 5: Pippa83 ($100 in chips) is sitting out
Seat 1: pr0tecto ($103.70 in chips) 
Seat 2: Parabelum911 ($100 in chips) 
Seat 3: sta$igk ($100 in chips) 
Seat 4: Kristo 914 ($100 in chips) 
Seat 6: EllieDund ($97 in chips) 
Parabelum911: posts small blind $0.50
sta$igk: posts big blind $1
Pippa83: sits out 
*** HOLE CARDS ***
Kristo 914: folds 
EllieDund: raises $2.50 to $3.50
pr0tecto: folds 
Parabelum911: folds 
sta$igk: folds 
Uncalled bet ($2.50) returned to EllieDund
EllieDund collected $2.50 from pot
*** SUMMARY ***
Total pot $2.50 | Rake $0 
Seat 5: Pippa83
Seat 1: pr0tecto (button) folded before Flop (didn't bet)
Seat 2: Parabelum911 (small blind) folded before Flop
Seat 3: sta$igk (big blind) folded before Flop
Seat 4: Kristo 914 folded before Flop (didn't bet)
Seat 6: EllieDund collected ($2.50)



PokerStars Hand #254551983239:  Hold'em No Limit ($0.50/$1.00 USD) - 2025/01/25 21:08:02 WET [2025/01/25 16:08:02 ET]
Table 'Veronika IV' 6-max Seat #2 is the button
Seat 5: Pippa83 ($100 in chips) is sitting out
Seat 1: pr0tecto ($103.70 in chips) 
Seat 2: Parabelum911 ($100 in chips) 
Seat 3: sta$igk ($100 in chips) 
Seat 4: Kristo 914 ($100 in chips) 
Seat 6: EllieDund ($98.50 in chips) 
sta$igk: posts small blind $0.50
Kristo 914: posts big blind $1
Pippa83: sits out 
*** HOLE CARDS ***
EllieDund: folds 
pr0tecto: folds 
Parabelum911: raises $1.10 to $2.10
sta$igk: folds 
Kristo 914: folds 
Uncalled bet ($1.10) returned to Parabelum911
Parabelum911 collected $2.50 from pot
Parabelum911: doesn't show hand 
*** SUMMARY ***
Total pot $2.50 | Rake $0 
Seat 5: Pippa83
Seat 1: pr0tecto folded before Flop (didn't bet)
Seat 2: Parabelum911 (button) collected ($2.50)
Seat 3: sta$igk (small blind) folded before Flop
Seat 4: Kristo 914 (big blind) folded before Flop
Seat 6: EllieDund folded before Flop (didn't bet)



PokerStars Hand #254551987125:  Hold'em No Limit ($0.50/$1.00 USD) - 2025/01/25 21:08:15 WET [2025/01/25 16:08:15 ET]
Table 'Veronika IV' 6-max Seat #3 is the button
Seat 1: pr0tecto ($103.70 in chips) 
Seat 2: Parabelum911 ($101.50 in chips) 
Seat 3: sta$igk ($100 in chips) 
Seat 4: Kristo 914 ($100 in chips) 
Seat 5: Pippa83 ($100 in chips) 
Seat 6: EllieDund ($98.50 in chips) 
Kristo 914: posts small blind $0.50
Pippa83: posts big blind $1
*** HOLE CARDS ***
EllieDund: raises $2.50 to $3.50
pr0tecto: raises $7 to $10.50
Parabelum911: folds 
sta$igk: folds 
Kristo 914: folds 
Pippa83: folds 
EllieDund: calls $7
*** FLOP *** [Js Kc 3h]
EllieDund: checks 
pr0tecto: bets $7.06
EllieDund: calls $7.06
*** TURN *** [Js Kc 3h] [Qh]
EllieDund: checks 
pr0tecto: checks 
*** RIVER *** [Js Kc 3h Qh] [Ah]
EllieDund: checks 
pr0tecto: checks 
*** SHOW DOWN ***
EllieDund: shows [Ad Qc] (two pair, Aces and Queens)
pr0tecto: mucks hand 
EllieDund collected $34.79 from pot
*** SUMMARY ***
Total pot $36.62 | Rake $1.83 
Board [Js Kc 3h Qh Ah]
Seat 1: pr0tecto mucked
Seat 2: Parabelum911 folded before Flop (didn't bet)
Seat 3: sta$igk (button) folded before Flop (didn't bet)
Seat 4: Kristo 914 (small blind) folded before Flop
Seat 5: Pippa83 (big blind) folded before Flop
Seat 6: EllieDund showed [Ad Qc] and won ($34.79) with two pair, Aces and Queens



PokerStars Hand #254551996358:  Hold'em No Limit ($0.50/$1.00 USD) - 2025/01/25 21:08:46 WET [2025/01/25 16:08:46 ET]
Table 'Veronika IV' 6-max Seat #4 is the button
Seat 1: pr0tecto ($100 in chips) 
Seat 2: Parabelum911 ($101.50 in chips) 
Seat 3: sta$igk ($100 in chips) 
Seat 4: Kristo 914 ($100 in chips) 
Seat 5: Pippa83 ($100 in chips) 
Seat 6: EllieDund ($115.73 in chips) 
Pippa83: posts small blind $0.50
EllieDund: posts big blind $1
*** HOLE CARDS ***
pr0tecto: folds 
Parabelum911: folds 
sta$igk: folds 
Kristo 914: folds 
Pippa83: folds 
Uncalled bet ($0.50) returned to EllieDund
EllieDund collected $1 from pot
*** SUMMARY ***
Total pot $1 | Rake $0 
Seat 1: pr0tecto folded before Flop (didn't bet)
Seat 2: Parabelum911 folded before Flop (didn't bet)
Seat 3: sta$igk folded before Flop (didn't bet)
Seat 4: Kristo 914 (button) folded before Flop (didn't bet)
Seat 5: Pippa83 (small blind) folded before Flop
Seat 6: EllieDund (big blind) collected ($1)



PokerStars Hand #254552000212:  Hold'em No Limit ($0.50/$1.00 USD) - 2025/01/25 21:08:59 WET [2025/01/25 16:08:59 ET]
Table 'Veronika IV' 6-max Seat #5 is the button
Seat 1: pr0tecto ($100 in chips) 
Seat 2: Parabelum911 ($101.50 in chips) 
Seat 3: sta$igk ($100 in chips) 
Seat 4: Kristo 914 ($100 in chips) 
Seat 5: Pippa83 ($100 in chips) 
Seat 6: EllieDund ($116.23 in chips) 
EllieDund: posts small blind $0.50
pr0tecto: posts big blind $1
*** HOLE CARDS ***
Parabelum911: folds 
sta$igk: folds 
Kristo 914: folds 
Pippa83: raises $1.50 to $2.50
EllieDund: folds 
pr0tecto: calls $1.50
*** FLOP *** [8c 8s Tc]
pr0tecto: checks 
Pippa83: checks 
*** TURN *** [8c 8s Tc] [4s]
pr0tecto: bets $2.66
Pippa83: calls $2.66
*** RIVER *** [8c 8s Tc 4s] [7c]
pr0tecto: bets $20.56
Pippa83: raises $74.28 to $94.84 and is all-in
pr0tecto: folds 
Uncalled bet ($74.28) returned to Pippa83
Pippa83 collected $49.44 from pot
Pippa83: doesn't show hand 
*** SUMMARY ***
Total pot $51.94 | Rake $2.50 
Board [8c 8s Tc 4s 7c]
Seat 1: pr0tecto (big blind) folded on the River
Seat 2: Parabelum911 folded before Flop (didn't bet)
Seat 3: sta$igk folded before Flop (didn't bet)
Seat 4: Kristo 914 folded before Flop (didn't bet)
Seat 5: Pippa83 (button) collected ($49.44)
Seat 6: EllieDund (small blind) folded before Flop



PokerStars Hand #254552027351:  Hold'em No Limit ($0.50/$1.00 USD) - 2025/01/25 21:10:28 WET [2025/01/25 16:10:28 ET]
Table 'Veronika IV' 6-max Seat #6 is the button
Seat 1: pr0tecto ($100 in chips) 
Seat 2: Parabelum911 ($101.50 in chips) 
Seat 3: sta$igk ($100 in chips) 
Seat 4: Kristo 914 ($100 in chips) 
Seat 5: Pippa83 ($123.72 in chips) 
Seat 6: EllieDund ($115.73 in chips) 
pr0tecto: posts small blind $0.50
Parabelum911: posts big blind $1
*** HOLE CARDS ***
sta$igk: folds 
Kristo 914: folds 
Pippa83: folds 
EllieDund: calls $1
pr0tecto: folds 
Parabelum911: checks 
*** FLOP *** [Td Ts 7s]
Parabelum911: checks 
EllieDund: checks 
*** TURN *** [Td Ts 7s] [5d]
Parabelum911: checks 
EllieDund: checks 
*** RIVER *** [Td Ts 7s 5d] [Tc]
Parabelum911: checks 
EllieDund: checks 
*** SHOW DOWN ***
Parabelum911: shows [8h 9d] (three of a kind, Tens)
EllieDund: shows [Qs 9s] (three of a kind, Tens - Queen kicker)
EllieDund collected $2.38 from pot
*** SUMMARY ***
Total pot $2.50 | Rake $0.12 
Board [Td Ts 7s 5d Tc]
Seat 1: pr0tecto (small blind) folded before Flop
Seat 2: Parabelum911 (big blind) showed [8h 9d] and lost with three of a kind, Tens
Seat 3: sta$igk folded before Flop (didn't bet)
Seat 4: Kristo 914 folded before Flop (didn't bet)
Seat 5: Pippa83 folded before Flop (didn't bet)
Seat 6: EllieDund (button) showed [Qs 9s] and won ($2.38) with three of a kind, Tens



PokerStars Hand #254552038999:  Hold'em No Limit ($0.50/$1.00 USD) - 2025/01/25 21:11:07 WET [2025/01/25 16:11:07 ET]
Table 'Veronika IV' 6-max Seat #1 is the button
Seat 1: pr0tecto ($99.50 in chips) 
Seat 2: Parabelum911 ($100.50 in chips) 
Seat 3: sta$igk ($100 in chips) 
Seat 4: Kristo 914 ($100 in chips) 
Seat 5: Pippa83 ($123.72 in chips) 
Seat 6: EllieDund ($117.11 in chips) 
Parabelum911: posts small blind $0.50
sta$igk: posts big blind $1
*** HOLE CARDS ***
Kristo 914: folds 
Pippa83: folds 
EllieDund: raises $2 to $3
pr0tecto: folds 
Parabelum911: folds 
sta$igk: folds 
Uncalled bet ($2) returned to EllieDund
EllieDund collected $2.50 from pot
*** SUMMARY ***
Total pot $2.50 | Rake $0 
Seat 1: pr0tecto (button) folded before Flop (didn't bet)
Seat 2: Parabelum911 (small blind) folded before Flop
Seat 3: sta$igk (big blind) folded before Flop
Seat 4: Kristo 914 folded before Flop (didn't bet)
Seat 5: Pippa83 folded before Flop (didn't bet)
Seat 6: EllieDund collected ($2.50)



PokerStars Hand #254552044021:  Hold'em No Limit ($0.50/$1.00 USD) - 2025/01/25 21:11:23 WET [2025/01/25 16:11:23 ET]
Table 'Veronika IV' 6-max Seat #2 is the button
Seat 1: pr0tecto ($99.50 in chips) 
Seat 2: Parabelum911 ($100 in chips) 
Seat 3: sta$igk ($100 in chips) 
Seat 4: Kristo 914 ($100 in chips) 
Seat 5: Pippa83 ($123.72 in chips) 
Seat 6: EllieDund ($118.61 in chips) 
sta$igk: posts small blind $0.50
Kristo 914: posts big blind $1
*** HOLE CARDS ***
Pippa83: folds 
EllieDund: folds 
pr0tecto: folds 
Parabelum911: folds 
sta$igk: raises $2 to $3
Kristo 914: folds 
Uncalled bet ($2) returned to sta$igk
sta$igk collected $2 from pot
sta$igk: doesn't show hand 
*** SUMMARY ***
Total pot $2 | Rake $0 
Seat 1: pr0tecto folded before Flop (didn't bet)
Seat 2: Parabelum911 (button) folded before Flop (didn't bet)
Seat 3: sta$igk (small blind) collected ($2)
Seat 4: Kristo 914 (big blind) folded before Flop
Seat 5: Pippa83 folded before Flop (didn't bet)
Seat 6: EllieDund folded before Flop (didn't bet)



PokerStars Hand #254552047550:  Hold'em No Limit ($0.50/$1.00 USD) - 2025/01/25 21:11:35 WET [2025/01/25 16:11:35 ET]
Table 'Veronika IV' 6-max Seat #3 is the button
Seat 1: pr0tecto ($99.50 in chips) 
Seat 2: Parabelum911 ($100 in chips) 
Seat 3: sta$igk ($101 in chips) 
Seat 4: Kristo 914 ($100 in chips) 
Seat 5: Pippa83 ($123.72 in chips) 
Seat 6: EllieDund ($118.61 in chips) 
Kristo 914: posts small blind $0.50
Pippa83: posts big blind $1
*** HOLE CARDS ***
EllieDund: folds 
pr0tecto: folds 
Parabelum911: raises $1.50 to $2.50
sta$igk: folds 
Kristo 914: raises $8.50 to $11
Pippa83: folds 
Parabelum911: folds 
Uncalled bet ($8.50) returned to Kristo 914
Kristo 914 collected $6 from pot
Kristo 914: doesn't show hand 
*** SUMMARY ***
Total pot $6 | Rake $0 
Seat 1: pr0tecto folded before Flop (didn't bet)
Seat 2: Parabelum911 folded before Flop
Seat 3: sta$igk (button) folded before Flop (didn't bet)
Seat 4: Kristo 914 (small blind) collected ($6)
Seat 5: Pippa83 (big blind) folded before Flop
Seat 6: EllieDund folded before Flop (didn't bet)



PokerStars Hand #254552052918:  Hold'em No Limit ($0.50/$1.00 USD) - 2025/01/25 21:11:53 WET [2025/01/25 16:11:53 ET]
Table 'Veronika IV' 6-max Seat #4 is the button
Seat 1: pr0tecto ($99.50 in chips) 
Seat 2: Parabelum911 ($100 in chips) 
Seat 3: sta$igk ($101 in chips) 
Seat 4: Kristo 914 ($103.50 in chips) 
Seat 5: Pippa83 ($122.72 in chips) 
Seat 6: EllieDund ($118.61 in chips) 
Pippa83: posts small blind $0.50
EllieDund: posts big blind $1
*** HOLE CARDS ***
pr0tecto: raises $1.10 to $2.10
Parabelum911: folds 
sta$igk: folds 
Kristo 914: folds 
Pippa83: folds 
EllieDund: calls $1.10
*** FLOP *** [Ts 5s 9c]
EllieDund: checks 
pr0tecto: checks 
*** TURN *** [Ts 5s 9c] [8h]
EllieDund: checks 
pr0tecto: checks 
*** RIVER *** [Ts 5s 9c 8h] [9h]
EllieDund: checks 
pr0tecto: bets $5.80
EllieDund: calls $5.80
*** SHOW DOWN ***
pr0tecto: shows [Kh Ks] (two pair, Kings and Nines)
EllieDund: mucks hand 
pr0tecto collected $15.48 from pot
*** SUMMARY ***
Total pot $16.30 | Rake $0.82 
Board [Ts 5s 9c 8h 9h]
Seat 1: pr0tecto showed [Kh Ks] and won ($15.48) with two pair, Kings and Nines
Seat 2: Parabelum911 folded before Flop (didn't bet)
Seat 3: sta$igk folded before Flop (didn't bet)
Seat 4: Kristo 914 (button) folded before Flop (didn't bet)
Seat 5: Pippa83 (small blind) folded before Flop
Seat 6: EllieDund (big blind) mucked



PokerStars Hand #254552066363:  Hold'em No Limit ($0.50/$1.00 USD) - 2025/01/25 21:12:38 WET [2025/01/25 16:12:38 ET]
Table 'Veronika IV' 6-max Seat #5 is the button
Seat 1: pr0tecto ($107.08 in chips) 
Seat 2: Parabelum911 ($100 in chips) 
Seat 3: sta$igk ($101 in chips) 
Seat 4: Kristo 914 ($103.50 in chips) 
Seat 5: Pippa83 ($122.22 in chips) 
Seat 6: EllieDund ($110.71 in chips) 
EllieDund: posts small blind $0.50
pr0tecto: posts big blind $1
*** HOLE CARDS ***
Parabelum911: folds 
sta$igk: folds 
Kristo 914: folds 
Pippa83: folds 
EllieDund: calls $0.50
pr0tecto: raises $3.50 to $4.50
EllieDund: calls $3.50
*** FLOP *** [Th As Ks]
EllieDund: checks 
pr0tecto: bets $2.82
EllieDund: calls $2.82
*** TURN *** [Th As Ks] [6c]
EllieDund: checks 
pr0tecto: bets $9.18
EllieDund: folds 
Uncalled bet ($9.18) returned to pr0tecto
pr0tecto collected $13.91 from pot
pr0tecto: doesn't show hand 
*** SUMMARY ***
Total pot $14.64 | Rake $0.73 
Board [Th As Ks 6c]
Seat 1: pr0tecto (big blind) collected ($13.91)
Seat 2: Parabelum911 folded before Flop (didn't bet)
Seat 3: sta$igk folded before Flop (didn't bet)
Seat 4: Kristo 914 folded before Flop (didn't bet)
Seat 5: Pippa83 (button) folded before Flop (didn't bet)
Seat 6: EllieDund (small blind) folded on the Turn



PokerStars Hand #254552078539:  Hold'em No Limit ($0.50/$1.00 USD) - 2025/01/25 21:13:18 WET [2025/01/25 16:13:18 ET]
Table 'Veronika IV' 6-max Seat #6 is the button
Seat 1: pr0tecto ($113.67 in chips) 
Seat 2: Parabelum911 ($100 in chips) 
Seat 3: sta$igk ($101 in chips) 
Seat 4: Kristo 914 ($103.50 in chips) 
Seat 5: Pippa83 ($122.22 in chips) 
Seat 6: EllieDund ($103.39 in chips) 
pr0tecto: posts small blind $0.50
Parabelum911: posts big blind $1
*** HOLE CARDS ***
sta$igk: folds 
Kristo 914: folds 
Pippa83: raises $1.50 to $2.50
EllieDund: folds 
pr0tecto: folds 
Parabelum911: folds 
Uncalled bet ($1.50) returned to Pippa83
Pippa83 collected $2.50 from pot
Pippa83: doesn't show hand 
*** SUMMARY ***
Total pot $2.50 | Rake $0 
Seat 1: pr0tecto (small blind) folded before Flop
Seat 2: Parabelum911 (big blind) folded before Flop
Seat 3: sta$igk folded before Flop (didn't bet)
Seat 4: Kristo 914 folded before Flop (didn't bet)
Seat 5: Pippa83 collected ($2.50)
Seat 6: EllieDund (button) folded before Flop (didn't bet)



PokerStars Hand #254552085076:  Hold'em No Limit ($0.50/$1.00 USD) - 2025/01/25 21:13:40 WET [2025/01/25 16:13:40 ET]
Table 'Veronika IV' 6-max Seat #1 is the button
Seat 1: pr0tecto ($113.17 in chips) 
Seat 2: Parabelum911 ($100 in chips) 
Seat 3: sta$igk ($101 in chips) 
Seat 4: Kristo 914 ($103.50 in chips) 
Seat 5: Pippa83 ($123.72 in chips) 
Seat 6: EllieDund ($103.39 in chips) 
Parabelum911: posts small blind $0.50
sta$igk: posts big blind $1
*** HOLE CARDS ***
Kristo 914: folds 
Pippa83: folds 
EllieDund: calls $1
pr0tecto: folds 
Parabelum911: folds 
sta$igk: checks 
*** FLOP *** [8c As 6h]
sta$igk: checks 
EllieDund: bets $1.19
sta$igk: calls $1.19
*** TURN *** [8c As 6h] [Th]
sta$igk: checks 
EllieDund: bets $4.64
sta$igk: folds 
Uncalled bet ($4.64) returned to EllieDund
EllieDund collected $4.64 from pot
*** SUMMARY ***
Total pot $4.88 | Rake $0.24 
Board [8c As 6h Th]
Seat 1: pr0tecto (button) folded before Flop (didn't bet)
Seat 2: Parabelum911 (small blind) folded before Flop
Seat 3: sta$igk (big blind) folded on the Turn
Seat 4: Kristo 914 folded before Flop (didn't bet)
Seat 5: Pippa83 folded before Flop (didn't bet)
Seat 6: EllieDund collected ($4.64)



PokerStars Hand #254552094828:  Hold'em No Limit ($0.50/$1.00 USD) - 2025/01/25 21:14:12 WET [2025/01/25 16:14:12 ET]
Table 'Veronika IV' 6-max Seat #2 is the button
Seat 1: pr0tecto ($113.17 in chips) 
Seat 2: Parabelum911 ($100 in chips) 
Seat 3: sta$igk ($100 in chips) 
Seat 4: Kristo 914 ($103.50 in chips) 
Seat 5: Pippa83 ($123.72 in chips) 
Seat 6: EllieDund ($105.84 in chips) 
sta$igk: posts small blind $0.50
Kristo 914: posts big blind $1
*** HOLE CARDS ***
Pippa83: raises $1.20 to $2.20
EllieDund: calls $2.20
pr0tecto: folds 
Parabelum911: raises $9.80 to $12
sta$igk: folds 
Kristo 914: folds 
Pippa83: folds 
EllieDund: calls $9.80
*** FLOP *** [3s Kc 5s]
EllieDund: checks 
Parabelum911: bets $8.95
EllieDund: calls $8.95
*** TURN *** [3s Kc 5s] [3h]
EllieDund: checks 
Parabelum911: checks 
*** RIVER *** [3s Kc 5s 3h] [As]
EllieDund: bets $31
Parabelum911: calls $31
*** SHOW DOWN ***
EllieDund: shows [Qs Ks] (a flush, Ace high)
Parabelum911: mucks hand 
EllieDund collected $105.10 from pot
*** SUMMARY ***
Total pot $107.60 | Rake $2.50 
Board [3s Kc 5s 3h As]
Seat 1: pr0tecto folded before Flop (didn't bet)
Seat 2: Parabelum911 (button) mucked
Seat 3: sta$igk (small blind) folded before Flop
Seat 4: Kristo 914 (big blind) folded before Flop
Seat 5: Pippa83 folded before Flop
Seat 6: EllieDund showed [Qs Ks] and won ($105.10) with a flush, Ace high



PokerStars Hand #254552114124:  Hold'em No Limit ($0.50/$1.00 USD) - 2025/01/25 21:15:15 WET [2025/01/25 16:15:15 ET]
Table 'Veronika IV' 6-max Seat #3 is the button
Seat 1: pr0tecto ($113.17 in chips) 
Seat 2: Parabelum911 ($100 in chips) 
Seat 3: sta$igk ($100 in chips) 
Seat 4: Kristo 914 ($102.50 in chips) 
Seat 5: Pippa83 ($121.52 in chips) 
Seat 6: EllieDund ($158.99 in chips) 
Kristo 914: posts small blind $0.50
Pippa83: posts big blind $1
*** HOLE CARDS ***
EllieDund: calls $1
pr0tecto: folds 
Parabelum911: raises $3 to $4
sta$igk: folds 
Kristo 914: folds 
Pippa83: folds 
EllieDund: calls $3
*** FLOP *** [2h 3s Js]
EllieDund: checks 
Parabelum911: bets $3.07
EllieDund: calls $3.07
*** TURN *** [2h 3s Js] [7s]
EllieDund: checks 
Parabelum911: bets $13
EllieDund: calls $13
*** RIVER *** [2h 3s Js 7s] [Kd]
EllieDund: checks 
Parabelum911: bets $37
EllieDund: calls $37
*** SHOW DOWN ***
Parabelum911: shows [Qs 6s] (a flush, Queen high)
EllieDund: mucks hand 
Parabelum911 collected $113.14 from pot
*** SUMMARY ***
Total pot $115.64 | Rake $2.50 
Board [2h 3s Js 7s Kd]
Seat 1: pr0tecto folded before Flop (didn't bet)
Seat 2: Parabelum911 showed [Qs 6s] and won ($113.14) with a flush, Queen high
Seat 3: sta$igk (button) folded before Flop (didn't bet)
Seat 4: Kristo 914 (small blind) folded before Flop
Seat 5: Pippa83 (big blind) folded before Flop
Seat 6: EllieDund mucked



PokerStars Hand #254552126953:  Hold'em No Limit ($0.50/$1.00 USD) - 2025/01/25 21:15:57 WET [2025/01/25 16:15:57 ET]
Table 'Veronika IV' 6-max Seat #4 is the button
Seat 1: pr0tecto ($113.17 in chips) 
Seat 2: Parabelum911 ($156.07 in chips) 
Seat 3: sta$igk ($100 in chips) 
Seat 4: Kristo 914 ($102 in chips) 
Seat 5: Pippa83 ($120.52 in chips) 
Seat 6: EllieDund ($101.92 in chips) 
Pippa83: posts small blind $0.50
EllieDund: posts big blind $1
*** HOLE CARDS ***
pr0tecto: folds 
Parabelum911: folds 
sta$igk: folds 
Kristo 914: raises $1.40 to $2.40
Pippa83: raises $9.10 to $11.50
EllieDund: folds 
Kristo 914: calls $9.10
*** FLOP *** [Kc 5s 5c]
Pippa83: bets $7.52
Kristo 914: calls $7.52
*** TURN *** [Kc 5s 5c] [Ad]
pr0tecto leaves the table
Pippa83: checks 
BoyLoc0 joins the table at seat #1 
Kristo 914: checks 
*** RIVER *** [Kc 5s 5c Ad] [4d]
Pippa83: bets $3.50
Kristo 914: folds 
Uncalled bet ($3.50) returned to Pippa83
Pippa83 collected $37.09 from pot
Pippa83: doesn't show hand 
*** SUMMARY ***
Total pot $39.04 | Rake $1.95 
Board [Kc 5s 5c Ad 4d]
Seat 1: pr0tecto folded before Flop (didn't bet)
Seat 2: Parabelum911 folded before Flop (didn't bet)
Seat 3: sta$igk folded before Flop (didn't bet)
Seat 4: Kristo 914 (button) folded on the River
Seat 5: Pippa83 (small blind) collected ($37.09)
Seat 6: EllieDund (big blind) folded before Flop



PokerStars Hand #254552148724:  Hold'em No Limit ($0.50/$1.00 USD) - 2025/01/25 21:17:09 WET [2025/01/25 16:17:09 ET]
Table 'Veronika IV' 6-max Seat #5 is the button
Seat 1: BoyLoc0 ($100 in chips) 
Seat 2: Parabelum911 ($156.07 in chips) 
Seat 3: sta$igk ($100 in chips) 
Seat 4: Kristo 914 ($100 in chips) 
Seat 5: Pippa83 ($138.59 in chips) 
Seat 6: EllieDund ($100.92 in chips) 
EllieDund: posts small blind $0.50
BoyLoc0: posts big blind $1
*** HOLE CARDS ***
Parabelum911: folds 
sta$igk: folds 
Kristo 914: folds 
Pippa83: folds 
EllieDund: calls $0.50
BoyLoc0: raises $2 to $3
EllieDund: calls $2
*** FLOP *** [Tc 2h 6c]
EllieDund: checks 
BoyLoc0: checks 
*** TURN *** [Tc 2h 6c] [Ks]
EllieDund: bets $2.85
BoyLoc0: folds 
Uncalled bet ($2.85) returned to EllieDund
EllieDund collected $5.70 from pot
*** SUMMARY ***
Total pot $6 | Rake $0.30 
Board [Tc 2h 6c Ks]
Seat 1: BoyLoc0 (big blind) folded on the Turn
Seat 2: Parabelum911 folded before Flop (didn't bet)
Seat 3: sta$igk folded before Flop (didn't bet)
Seat 4: Kristo 914 folded before Flop (didn't bet)
Seat 5: Pippa83 (button) folded before Flop (didn't bet)
Seat 6: EllieDund (small blind) collected ($5.70)



PokerStars Hand #254552166654:  Hold'em No Limit ($0.50/$1.00 USD) - 2025/01/25 21:18:08 WET [2025/01/25 16:18:08 ET]
Table 'Veronika IV' 6-max Seat #6 is the button
Seat 1: BoyLoc0 ($100 in chips) 
Seat 2: Parabelum911 ($156.07 in chips) 
Seat 3: sta$igk ($100 in chips) 
Seat 4: Kristo 914 ($100 in chips) 
Seat 5: Pippa83 ($138.59 in chips) 
Seat 6: EllieDund ($103.62 in chips) 
BoyLoc0: posts small blind $0.50
Parabelum911: posts big blind $1
*** HOLE CARDS ***
sta$igk: raises $1.50 to $2.50
Kristo 914: folds 
Pippa83: raises $5 to $7.50
EllieDund: folds 
BoyLoc0: folds 
Parabelum911: folds 
sta$igk: folds 
Uncalled bet ($5) returned to Pippa83
Pippa83 collected $6.50 from pot
Pippa83: doesn't show hand 
*** SUMMARY ***
Total pot $6.50 | Rake $0 
Seat 1: BoyLoc0 (small blind) folded before Flop
Seat 2: Parabelum911 (big blind) folded before Flop
Seat 3: sta$igk folded before Flop
Seat 4: Kristo 914 folded before Flop (didn't bet)
Seat 5: Pippa83 collected ($6.50)
Seat 6: EllieDund (button) folded before Flop (didn't bet)



PokerStars Hand #254552172788:  Hold'em No Limit ($0.50/$1.00 USD) - 2025/01/25 21:18:29 WET [2025/01/25 16:18:29 ET]
Table 'Veronika IV' 6-max Seat #1 is the button
Seat 1: BoyLoc0 ($100 in chips) 
Seat 2: Parabelum911 ($155.07 in chips) 
Seat 3: sta$igk ($100 in chips) 
Seat 4: Kristo 914 ($100 in chips) 
Seat 5: Pippa83 ($142.59 in chips) 
Seat 6: EllieDund ($103.62 in chips) 
Parabelum911: posts small blind $0.50
sta$igk: posts big blind $1
*** HOLE CARDS ***
Kristo 914: folds 
Pippa83: folds 
EllieDund: calls $1
BoyLoc0: folds 
Parabelum911: folds 
sta$igk: checks 
*** FLOP *** [3d 6d Qs]
sta$igk: checks 
EllieDund: checks 
*** TURN *** [3d 6d Qs] [7c]
sta$igk: bets $3.57
EllieDund: folds 
Uncalled bet ($3.57) returned to sta$igk
sta$igk collected $2.38 from pot
sta$igk: doesn't show hand 
*** SUMMARY ***
Total pot $2.50 | Rake $0.12 
Board [3d 6d Qs 7c]
Seat 1: BoyLoc0 (button) folded before Flop (didn't bet)
Seat 2: Parabelum911 (small blind) folded before Flop
Seat 3: sta$igk (big blind) collected ($2.38)
Seat 4: Kristo 914 folded before Flop (didn't bet)
Seat 5: Pippa83 folded before Flop (didn't bet)
Seat 6: EllieDund folded on the Turn



PokerStars Hand #254552180745:  Hold'em No Limit ($0.50/$1.00 USD) - 2025/01/25 21:18:55 WET [2025/01/25 16:18:55 ET]
Table 'Veronika IV' 6-max Seat #2 is the button
Seat 1: BoyLoc0 ($100 in chips) 
Seat 2: Parabelum911 ($154.57 in chips) 
Seat 3: sta$igk ($101.38 in chips) 
Seat 4: Kristo 914 ($100 in chips) 
Seat 5: Pippa83 ($142.59 in chips) 
Seat 6: EllieDund ($102.62 in chips) 
sta$igk: posts small blind $0.50
Kristo 914: posts big blind $1
*** HOLE CARDS ***
Pippa83: folds 
EllieDund: folds 
BoyLoc0: folds 
Parabelum911: folds 
sta$igk: folds 
Uncalled bet ($0.50) returned to Kristo 914
Kristo 914 collected $1 from pot
Kristo 914: doesn't show hand 
*** SUMMARY ***
Total pot $1 | Rake $0 
Seat 1: BoyLoc0 folded before Flop (didn't bet)
Seat 2: Parabelum911 (button) folded before Flop (didn't bet)
Seat 3: sta$igk (small blind) folded before Flop
Seat 4: Kristo 914 (big blind) collected ($1)
Seat 5: Pippa83 folded before Flop (didn't bet)
Seat 6: EllieDund folded before Flop (didn't bet)



PokerStars Hand #254552184418:  Hold'em No Limit ($0.50/$1.00 USD) - 2025/01/25 21:19:07 WET [2025/01/25 16:19:07 ET]
Table 'Veronika IV' 6-max Seat #3 is the button
Seat 1: BoyLoc0 ($100 in chips) 
Seat 2: Parabelum911 ($154.57 in chips) 
Seat 3: sta$igk ($100.88 in chips) 
Seat 4: Kristo 914 ($100.50 in chips) 
Seat 5: Pippa83 ($142.59 in chips) 
Seat 6: EllieDund ($102.62 in chips) 
Kristo 914: posts small blind $0.50
Pippa83: posts big blind $1
*** HOLE CARDS ***
EllieDund: folds 
BoyLoc0: folds 
EllieDund leaves the table
Parabelum911: folds 
xxxZeka joins the table at seat #6 
sta$igk: raises $1.50 to $2.50
xxxZeka leaves the table
Kristo 914: folds 
Pippa83: calls $1.50
*** FLOP *** [3h 6d As]
Pippa83: checks 
sta$igk: bets $1.72
Pippa83: folds 
Uncalled bet ($1.72) returned to sta$igk
sta$igk collected $5.22 from pot
sta$igk: doesn't show hand 
*** SUMMARY ***
Total pot $5.50 | Rake $0.28 
Board [3h 6d As]
Seat 1: BoyLoc0 folded before Flop (didn't bet)
Seat 2: Parabelum911 folded before Flop (didn't bet)
Seat 3: sta$igk (button) collected ($5.22)
Seat 4: Kristo 914 (small blind) folded before Flop
Seat 5: Pippa83 (big blind) folded on the Flop
Seat 6: EllieDund folded before Flop (didn't bet)



PokerStars Hand #254552197229:  Hold'em No Limit ($0.50/$1.00 USD) - 2025/01/25 21:19:49 WET [2025/01/25 16:19:49 ET]
Table 'Veronika IV' 6-max Seat #4 is the button
Seat 1: BoyLoc0 ($100 in chips) is sitting out
Seat 2: Parabelum911 ($154.57 in chips) 
Seat 3: sta$igk ($103.60 in chips) 
Seat 4: Kristo 914 ($100 in chips) 
Seat 5: Pippa83 ($140.09 in chips) 
Pippa83: posts small blind $0.50
BoyLoc0: is sitting out 
Parabelum911: posts big blind $1
*** HOLE CARDS ***
sta$igk: folds 
Kristo 914: folds 
BoyLoc0 leaves the table
Pippa83: folds 
Uncalled bet ($0.50) returned to Parabelum911
Parabelum911 collected $1 from pot
Parabelum911: doesn't show hand 
*** SUMMARY ***
Total pot $1 | Rake $0 
Seat 1: BoyLoc0
Seat 2: Parabelum911 (big blind) collected ($1)
Seat 3: sta$igk folded before Flop (didn't bet)
Seat 4: Kristo 914 (button) folded before Flop (didn't bet)
Seat 5: Pippa83 (small blind) folded before Flop



