PokerStars Hand #254549764468:  Hold'em No Limit ($0.50/$1.00 USD) - 2025/01/25 19:26:50 WET [2025/01/25 14:26:50 ET]
Table 'Severny IV' 6-max Seat #2 is the button
Seat 1: henri789 ($100 in chips) 
Seat 2: Unipoker11 ($100 in chips) 
Seat 3: nastja336 ($100 in chips) 
Seat 4: Manifestorr ($100 in chips) 
Seat 5: gohome78 ($10 in chips) 
Seat 6: pr0tecto ($100 in chips) 
nastja336: posts small blind $0.50
Manifestorr: posts big blind $1
*** HOLE CARDS ***
gohome78: folds 
pr0tecto: folds 
henri789: raises $1.20 to $2.20
Unipoker11: folds 
nastja336: folds 
Manifestorr: folds 
Uncalled bet ($1.20) returned to henri789
henri789 collected $2.50 from pot
henri789: doesn't show hand 
*** SUMMARY ***
Total pot $2.50 | Rake $0 
Seat 1: henri789 collected ($2.50)
Seat 2: Unipoker11 (button) folded before Flop (didn't bet)
Seat 3: nastja336 (small blind) folded before Flop
Seat 4: Manifestorr (big blind) folded before Flop
Seat 5: gohome78 folded before Flop (didn't bet)
Seat 6: pr0tecto folded before Flop (didn't bet)



PokerStars Hand #254549771802:  Hold'em No Limit ($0.50/$1.00 USD) - 2025/01/25 19:27:15 WET [2025/01/25 14:27:15 ET]
Table 'Severny IV' 6-max Seat #3 is the button
Seat 1: henri789 ($101.50 in chips) 
Seat 2: Unipoker11 ($100 in chips) 
Seat 3: nastja336 ($100 in chips) 
Seat 4: Manifestorr ($100 in chips) 
Seat 5: gohome78 ($10 in chips) 
Seat 6: pr0tecto ($100 in chips) 
Manifestorr: posts small blind $0.50
gohome78: posts big blind $1
*** HOLE CARDS ***
pr0tecto: raises $1.10 to $2.10
henri789: folds 
Unipoker11: folds 
nastja336: raises $5.40 to $7.50
Manifestorr: folds 
gohome78: folds 
pr0tecto: calls $5.40
*** FLOP *** [Ts 5s Qd]
pr0tecto: checks 
nastja336: bets $7.84
pr0tecto: folds 
Uncalled bet ($7.84) returned to nastja336
nastja336 collected $15.68 from pot
nastja336: doesn't show hand 
*** SUMMARY ***
Total pot $16.50 | Rake $0.82 
Board [Ts 5s Qd]
Seat 1: henri789 folded before Flop (didn't bet)
Seat 2: Unipoker11 folded before Flop (didn't bet)
Seat 3: nastja336 (button) collected ($15.68)
Seat 4: Manifestorr (small blind) folded before Flop
Seat 5: gohome78 (big blind) folded before Flop
Seat 6: pr0tecto folded on the Flop



PokerStars Hand #254549781608:  Hold'em No Limit ($0.50/$1.00 USD) - 2025/01/25 19:27:50 WET [2025/01/25 14:27:50 ET]
Table 'Severny IV' 6-max Seat #4 is the button
Seat 1: henri789 ($101.50 in chips) 
Seat 2: Unipoker11 ($100 in chips) 
Seat 3: nastja336 ($108.18 in chips) 
Seat 4: Manifestorr ($100 in chips) 
Seat 5: gohome78 ($9 in chips) 
Seat 6: pr0tecto ($100 in chips) 
gohome78: posts small blind $0.50
pr0tecto: posts big blind $1
*** HOLE CARDS ***
henri789: folds 
Unipoker11: folds 
nastja336: folds 
Manifestorr: folds 
gohome78: raises $8 to $9 and is all-in
pr0tecto: folds 
Uncalled bet ($8) returned to gohome78
gohome78 collected $2 from pot
*** SUMMARY ***
Total pot $2 | Rake $0 
Seat 1: henri789 folded before Flop (didn't bet)
Seat 2: Unipoker11 folded before Flop (didn't bet)
Seat 3: nastja336 folded before Flop (didn't bet)
Seat 4: Manifestorr (button) folded before Flop (didn't bet)
Seat 5: gohome78 (small blind) collected ($2)
Seat 6: pr0tecto (big blind) folded before Flop



PokerStars Hand #254549788082:  Hold'em No Limit ($0.50/$1.00 USD) - 2025/01/25 19:28:13 WET [2025/01/25 14:28:13 ET]
Table 'Severny IV' 6-max Seat #5 is the button
Seat 1: henri789 ($101.50 in chips) 
Seat 2: Unipoker11 ($100 in chips) 
Seat 3: nastja336 ($108.18 in chips) 
Seat 4: Manifestorr ($100 in chips) 
Seat 5: gohome78 ($10 in chips) 
Seat 6: pr0tecto ($99 in chips) 
pr0tecto: posts small blind $0.50
henri789: posts big blind $1
*** HOLE CARDS ***
Unipoker11: folds 
nastja336: folds 
Manifestorr: folds 
gohome78: folds 
pr0tecto: folds 
Uncalled bet ($0.50) returned to henri789
henri789 collected $1 from pot
henri789: doesn't show hand 
*** SUMMARY ***
Total pot $1 | Rake $0 
Seat 1: henri789 (big blind) collected ($1)
Seat 2: Unipoker11 folded before Flop (didn't bet)
Seat 3: nastja336 folded before Flop (didn't bet)
Seat 4: Manifestorr folded before Flop (didn't bet)
Seat 5: gohome78 (button) folded before Flop (didn't bet)
Seat 6: pr0tecto (small blind) folded before Flop



PokerStars Hand #254549791741:  Hold'em No Limit ($0.50/$1.00 USD) - 2025/01/25 19:28:26 WET [2025/01/25 14:28:26 ET]
Table 'Severny IV' 6-max Seat #6 is the button
Seat 1: henri789 ($102 in chips) 
Seat 2: Unipoker11 ($100 in chips) 
Seat 3: nastja336 ($108.18 in chips) 
Seat 4: Manifestorr ($100 in chips) 
Seat 5: gohome78 ($10 in chips) 
Seat 6: pr0tecto ($100 in chips) 
henri789: posts small blind $0.50
Unipoker11: posts big blind $1
*** HOLE CARDS ***
nastja336: raises $1.50 to $2.50
Manifestorr: folds 
gohome78: folds 
pr0tecto: folds 
henri789: folds 
Unipoker11: folds 
Uncalled bet ($1.50) returned to nastja336
nastja336 collected $2.50 from pot
nastja336: doesn't show hand 
*** SUMMARY ***
Total pot $2.50 | Rake $0 
Seat 1: henri789 (small blind) folded before Flop
Seat 2: Unipoker11 (big blind) folded before Flop
Seat 3: nastja336 collected ($2.50)
Seat 4: Manifestorr folded before Flop (didn't bet)
Seat 5: gohome78 folded before Flop (didn't bet)
Seat 6: pr0tecto (button) folded before Flop (didn't bet)



PokerStars Hand #254549797685:  Hold'em No Limit ($0.50/$1.00 USD) - 2025/01/25 19:28:47 WET [2025/01/25 14:28:47 ET]
Table 'Severny IV' 6-max Seat #1 is the button
Seat 1: henri789 ($101.50 in chips) 
Seat 2: Unipoker11 ($100 in chips) 
Seat 3: nastja336 ($109.68 in chips) 
Seat 4: Manifestorr ($100 in chips) 
Seat 5: gohome78 ($10 in chips) 
Seat 6: pr0tecto ($100 in chips) 
Unipoker11: posts small blind $0.50
nastja336: posts big blind $1
*** HOLE CARDS ***
Manifestorr: folds 
gohome78: folds 
pr0tecto: folds 
henri789: raises $1.20 to $2.20
Unipoker11: folds 
nastja336: folds 
Uncalled bet ($1.20) returned to henri789
henri789 collected $2.50 from pot
henri789: doesn't show hand 
*** SUMMARY ***
Total pot $2.50 | Rake $0 
Seat 1: henri789 (button) collected ($2.50)
Seat 2: Unipoker11 (small blind) folded before Flop
Seat 3: nastja336 (big blind) folded before Flop
Seat 4: Manifestorr folded before Flop (didn't bet)
Seat 5: gohome78 folded before Flop (didn't bet)
Seat 6: pr0tecto folded before Flop (didn't bet)



PokerStars Hand #254549806422:  Hold'em No Limit ($0.50/$1.00 USD) - 2025/01/25 19:29:18 WET [2025/01/25 14:29:18 ET]
Table 'Severny IV' 6-max Seat #2 is the button
Seat 1: henri789 ($103 in chips) 
Seat 2: Unipoker11 ($100 in chips) 
Seat 3: nastja336 ($108.68 in chips) 
Seat 4: Manifestorr ($100 in chips) 
Seat 5: gohome78 ($10 in chips) 
Seat 6: pr0tecto ($100 in chips) 
nastja336: posts small blind $0.50
Manifestorr: posts big blind $1
*** HOLE CARDS ***
gohome78: raises $9 to $10 and is all-in
pr0tecto: folds 
henri789: folds 
Unipoker11: folds 
nastja336: folds 
Manifestorr: folds 
Uncalled bet ($9) returned to gohome78
gohome78 collected $2.50 from pot
*** SUMMARY ***
Total pot $2.50 | Rake $0 
Seat 1: henri789 folded before Flop (didn't bet)
Seat 2: Unipoker11 (button) folded before Flop (didn't bet)
Seat 3: nastja336 (small blind) folded before Flop
Seat 4: Manifestorr (big blind) folded before Flop
Seat 5: gohome78 collected ($2.50)
Seat 6: pr0tecto folded before Flop (didn't bet)



PokerStars Hand #254549815012:  Hold'em No Limit ($0.50/$1.00 USD) - 2025/01/25 19:29:48 WET [2025/01/25 14:29:48 ET]
Table 'Severny IV' 6-max Seat #3 is the button
Seat 5: gohome78 ($11.50 in chips) is sitting out
Seat 6: pr0tecto ($100 in chips) is sitting out
Seat 1: henri789 ($103 in chips) 
Seat 2: Unipoker11 ($100 in chips) 
Seat 3: nastja336 ($108.18 in chips) 
Seat 4: Manifestorr ($100 in chips) 
Manifestorr: posts small blind $0.50
gohome78: is sitting out 
pr0tecto: is sitting out 
henri789: posts big blind $1
*** HOLE CARDS ***
Unipoker11: folds 
pr0tecto leaves the table
nastja336: raises $1.50 to $2.50
Manifestorr: folds 
henri789: folds 
Uncalled bet ($1.50) returned to nastja336
nastja336 collected $2.50 from pot
nastja336: doesn't show hand 
*** SUMMARY ***
Total pot $2.50 | Rake $0 
Seat 5: gohome78
Seat 6: pr0tecto
Seat 1: henri789 (big blind) folded before Flop
Seat 2: Unipoker11 folded before Flop (didn't bet)
Seat 3: nastja336 (button) collected ($2.50)
Seat 4: Manifestorr (small blind) folded before Flop



PokerStars Hand #254549819883:  Hold'em No Limit ($0.50/$1.00 USD) - 2025/01/25 19:30:05 WET [2025/01/25 14:30:05 ET]
Table 'Severny IV' 6-max Seat #4 is the button
Seat 5: gohome78 ($11.50 in chips) is sitting out
Seat 1: henri789 ($102 in chips) 
Seat 2: Unipoker11 ($100 in chips) 
Seat 3: nastja336 ($109.68 in chips) 
Seat 4: Manifestorr ($100 in chips) 
henri789: posts small blind $0.50
Unipoker11: posts big blind $1
*** HOLE CARDS ***
gohome78 leaves the table
nastja336: folds 
Manifestorr: raises $1.20 to $2.20
henri789: raises $7.80 to $10
Unipoker11: folds 
Manifestorr: calls $7.80
*** FLOP *** [8s Qs 5h]
henri789: bets $6.60
Manifestorr: calls $6.60
*** TURN *** [8s Qs 5h] [8d]
henri789: checks 
Manifestorr: checks 
*** RIVER *** [8s Qs 5h 8d] [Th]
henri789: bets $85.40 and is all-in
nastja336 leaves the table
Manifestorr has timed out
Manifestorr: folds 
Uncalled bet ($85.40) returned to henri789
henri789 collected $33.20 from pot
henri789: doesn't show hand 
*** SUMMARY ***
Total pot $34.20 | Rake $1 
Board [8s Qs 5h 8d Th]
Seat 5: gohome78
Seat 1: henri789 (small blind) collected ($33.20)
Seat 2: Unipoker11 (big blind) folded before Flop
Seat 3: nastja336 folded before Flop (didn't bet)
Seat 4: Manifestorr (button) folded on the River



PokerStars Hand #254549855629:  Hold'em No Limit ($0.50/$1.00 USD) - 2025/01/25 19:32:10 WET [2025/01/25 14:32:10 ET]
Table 'Severny IV' 6-max Seat #2 is the button
Seat 4: Manifestorr ($100 in chips) is sitting out
Seat 1: henri789 ($118.60 in chips) 
Seat 2: Unipoker11 ($100 in chips) 
Unipoker11: posts small blind $0.50
henri789: posts big blind $1
*** HOLE CARDS ***
Manifestorr leaves the table
Unipoker11: folds 
Uncalled bet ($0.50) returned to henri789
henri789 collected $1 from pot
henri789: doesn't show hand 
*** SUMMARY ***
Total pot $1 | Rake $0 
Seat 4: Manifestorr
Seat 1: henri789 (big blind) collected ($1)
Seat 2: Unipoker11 (button) (small blind) folded before Flop



PokerStars Hand #254549858461:  Hold'em No Limit ($0.50/$1.00 USD) - 2025/01/25 19:32:20 WET [2025/01/25 14:32:20 ET]
Table 'Severny IV' 6-max Seat #1 is the button
Seat 1: henri789 ($119.10 in chips) 
Seat 2: Unipoker11 ($100 in chips) 
henri789: posts small blind $0.50
Unipoker11: posts big blind $1
*** HOLE CARDS ***
vadjkeee joins the table at seat #5 
henri789: raises $1.50 to $2.50
Unipoker11: calls $1.50
*** FLOP *** [7c Jc Kc]
Unipoker11: checks 
henri789: checks 
*** TURN *** [7c Jc Kc] [5c]
Unipoker11: checks 
henri789: bets $1.57
Unipoker11: folds 
Uncalled bet ($1.57) returned to henri789
henri789 collected $4.75 from pot
henri789: doesn't show hand 
*** SUMMARY ***
Total pot $5 | Rake $0.25 
Board [7c Jc Kc 5c]
Seat 1: henri789 (button) (small blind) collected ($4.75)
Seat 2: Unipoker11 (big blind) folded on the Turn



PokerStars Hand #254549875243:  Hold'em No Limit ($0.50/$1.00 USD) - 2025/01/25 19:33:19 WET [2025/01/25 14:33:19 ET]
Table 'Severny IV' 6-max Seat #1 is the button
Seat 1: henri789 ($121.35 in chips) 
Seat 2: Unipoker11 ($100 in chips) 
Seat 5: vadjkeee ($100 in chips) 
Unipoker11: posts small blind $0.50
vadjkeee: posts big blind $1
*** HOLE CARDS ***
henri789: raises $1.20 to $2.20
Unipoker11: folds 
vadjkeee: folds 
Uncalled bet ($1.20) returned to henri789
henri789 collected $2.50 from pot
henri789: doesn't show hand 
*** SUMMARY ***
Total pot $2.50 | Rake $0 
Seat 1: henri789 (button) collected ($2.50)
Seat 2: Unipoker11 (small blind) folded before Flop
Seat 5: vadjkeee (big blind) folded before Flop



