PokerStars Hand #254540864950:  Hold'em No Limit ($0.50/$1.00 USD) - 2025/01/25 3:31:46 WET [2025/01/24 22:31:46 ET]
Table 'Pythia IV' 6-max Seat #3 is the button
Seat 1: sutata ($163.70 in chips) 
Seat 3: 50CandyJoe ($100.70 in chips) 
50CandyJoe: posts small blind $0.50
sutata: posts big blind $1
*** HOLE CARDS ***
50CandyJoe: raises $1.50 to $2.50
sutata: calls $1.50
*** FLOP *** [8h 8d 8s]
sutata: checks 
50CandyJoe: bets $1.57
sutata: folds 
Uncalled bet ($1.57) returned to 50CandyJoe
50CandyJoe collected $4.75 from pot
50CandyJoe: doesn't show hand 
*** SUMMARY ***
Total pot $5 | Rake $0.25 
Board [8h 8d 8s]
Seat 1: sutata (big blind) folded on the Flop
Seat 3: 50CandyJoe (button) (small blind) collected ($4.75)



PokerStars Hand #254540867164:  Hold'em No Limit ($0.50/$1.00 USD) - 2025/01/25 3:32:03 WET [2025/01/24 22:32:03 ET]
Table 'Pythia IV' 6-max Seat #1 is the button
Seat 1: sutata ($161.20 in chips) 
Seat 3: 50CandyJoe ($102.95 in chips) 
sutata: posts small blind $0.50
50CandyJoe: posts big blind $1
*** HOLE CARDS ***
sutata: folds 
Uncalled bet ($0.50) returned to 50CandyJoe
50CandyJoe collected $1 from pot
50CandyJoe: doesn't show hand 
*** SUMMARY ***
Total pot $1 | Rake $0 
Seat 1: sutata (button) (small blind) folded before Flop
Seat 3: 50CandyJoe (big blind) collected ($1)



