PokerStars Hand #254549908914:  Hold'em No Limit ($0.50/$1.00 USD) - 2025/01/25 19:35:17 WET [2025/01/25 14:35:17 ET]
Table 'Poincare IV' 6-max Seat #2 is the button
Seat 2: MrP1usovoy ($100 in chips) 
Seat 3: Unipoker11 ($102.70 in chips) 
Seat 4: worker0k ($100 in chips) 
Seat 5: I TAKE IT 85 ($101.25 in chips) 
Unipoker11: posts small blind $0.50
worker0k: posts big blind $1
*** HOLE CARDS ***
I TAKE IT 85: raises $1.05 to $2.05
MrP1usovoy: folds 
Unipoker11: folds 
worker0k: calls $1.05
*** FLOP *** [5s Kh 5c]
worker0k: checks 
ricke1301 joins the table at seat #1 
ricke1301 is disconnected 
I TAKE IT 85: checks 
*** TURN *** [5s Kh 5c] [3d]
worker0k: checks 
blistein joins the table at seat #6 
I TAKE IT 85: checks 
*** RIVER *** [5s Kh 5c 3d] [9h]
worker0k: checks 
I TAKE IT 85: checks 
*** SHOW DOWN ***
worker0k: shows [8s Ts] (a pair of Fives)
I TAKE IT 85: shows [6d Ad] (a pair of Fives - Ace kicker)
I TAKE IT 85 collected $4.37 from pot
*** SUMMARY ***
Total pot $4.60 | Rake $0.23 
Board [5s Kh 5c 3d 9h]
Seat 2: MrP1usovoy (button) folded before Flop (didn't bet)
Seat 3: Unipoker11 (small blind) folded before Flop
Seat 4: worker0k (big blind) showed [8s Ts] and lost with a pair of Fives
Seat 5: I TAKE IT 85 showed [6d Ad] and won ($4.37) with a pair of Fives



PokerStars Hand #254549917804:  Hold'em No Limit ($0.50/$1.00 USD) - 2025/01/25 19:35:48 WET [2025/01/25 14:35:48 ET]
Table 'Poincare IV' 6-max Seat #3 is the button
Seat 1: ricke1301 ($100 in chips) is sitting out
Seat 6: blistein ($100 in chips) is sitting out
Seat 2: MrP1usovoy ($100 in chips) 
Seat 3: Unipoker11 ($102.20 in chips) 
Seat 4: worker0k ($100 in chips) 
Seat 5: I TAKE IT 85 ($103.57 in chips) 
worker0k: posts small blind $0.50
I TAKE IT 85: posts big blind $1
blistein: sits out 
ricke1301: sits out 
*** HOLE CARDS ***
MrP1usovoy: folds 
Unipoker11: raises $1.50 to $2.50
worker0k: folds 
I TAKE IT 85: folds 
Uncalled bet ($1.50) returned to Unipoker11
Unipoker11 collected $2.50 from pot
Unipoker11: doesn't show hand 
*** SUMMARY ***
Total pot $2.50 | Rake $0 
Seat 1: ricke1301
Seat 6: blistein
Seat 2: MrP1usovoy folded before Flop (didn't bet)
Seat 3: Unipoker11 (button) collected ($2.50)
Seat 4: worker0k (small blind) folded before Flop
Seat 5: I TAKE IT 85 (big blind) folded before Flop



PokerStars Hand #254549921598:  Hold'em No Limit ($0.50/$1.00 USD) - 2025/01/25 19:36:01 WET [2025/01/25 14:36:01 ET]
Table 'Poincare IV' 6-max Seat #4 is the button
Seat 1: ricke1301 ($100 in chips) is sitting out
Seat 2: MrP1usovoy ($100 in chips) 
Seat 3: Unipoker11 ($103.70 in chips) 
Seat 4: worker0k ($100 in chips) 
Seat 5: I TAKE IT 85 ($102.57 in chips) 
Seat 6: blistein ($100 in chips) 
I TAKE IT 85: posts small blind $0.50
blistein: posts big blind $1
ricke1301: sits out 
*** HOLE CARDS ***
MrP1usovoy: folds 
Unipoker11: folds 
worker0k: raises $1.30 to $2.30
I TAKE IT 85: folds 
blistein: calls $1.30
*** FLOP *** [6d Jd 3d]
blistein: checks 
worker0k: checks 
*** TURN *** [6d Jd 3d] [Ts]
blistein: bets $3.63
worker0k: calls $3.63
*** RIVER *** [6d Jd 3d Ts] [Jh]
blistein: bets $14.68
worker0k: folds 
Uncalled bet ($14.68) returned to blistein
blistein collected $11.74 from pot
blistein: doesn't show hand 
*** SUMMARY ***
Total pot $12.36 | Rake $0.62 
Board [6d Jd 3d Ts Jh]
Seat 1: ricke1301
Seat 2: MrP1usovoy folded before Flop (didn't bet)
Seat 3: Unipoker11 folded before Flop (didn't bet)
Seat 4: worker0k (button) folded on the River
Seat 5: I TAKE IT 85 (small blind) folded before Flop
Seat 6: blistein (big blind) collected ($11.74)



PokerStars Hand #254549941989:  Hold'em No Limit ($0.50/$1.00 USD) - 2025/01/25 19:37:13 WET [2025/01/25 14:37:13 ET]
Table 'Poincare IV' 6-max Seat #5 is the button
Seat 1: ricke1301 ($100 in chips) 
Seat 2: MrP1usovoy ($100 in chips) 
Seat 3: Unipoker11 ($103.70 in chips) 
Seat 4: worker0k ($100 in chips) 
Seat 5: I TAKE IT 85 ($102.07 in chips) 
Seat 6: blistein ($105.81 in chips) 
blistein: posts small blind $0.50
ricke1301: posts big blind $1
*** HOLE CARDS ***
MrP1usovoy: folds 
Unipoker11: folds 
worker0k: folds 
I TAKE IT 85: raises $1.05 to $2.05
blistein: folds 
ricke1301: calls $1.05
*** FLOP *** [Kh 2c 6s]
ricke1301: checks 
I TAKE IT 85: bets $1.66
ricke1301: folds 
Uncalled bet ($1.66) returned to I TAKE IT 85
I TAKE IT 85 collected $4.37 from pot
I TAKE IT 85: doesn't show hand 
*** SUMMARY ***
Total pot $4.60 | Rake $0.23 
Board [Kh 2c 6s]
Seat 1: ricke1301 (big blind) folded on the Flop
Seat 2: MrP1usovoy folded before Flop (didn't bet)
Seat 3: Unipoker11 folded before Flop (didn't bet)
Seat 4: worker0k folded before Flop (didn't bet)
Seat 5: I TAKE IT 85 (button) collected ($4.37)
Seat 6: blistein (small blind) folded before Flop



PokerStars Hand #254549952768:  Hold'em No Limit ($0.50/$1.00 USD) - 2025/01/25 19:37:50 WET [2025/01/25 14:37:50 ET]
Table 'Poincare IV' 6-max Seat #6 is the button
Seat 1: ricke1301 ($97.95 in chips) 
Seat 2: MrP1usovoy ($100 in chips) 
Seat 3: Unipoker11 ($103.70 in chips) 
Seat 4: worker0k ($100 in chips) 
Seat 5: I TAKE IT 85 ($104.39 in chips) 
Seat 6: blistein ($105.31 in chips) 
ricke1301: posts small blind $0.50
MrP1usovoy: posts big blind $1
*** HOLE CARDS ***
Unipoker11: folds 
worker0k: folds 
I TAKE IT 85: folds 
blistein: raises $1.50 to $2.50
ricke1301: raises $1.50 to $4
MrP1usovoy: raises $8 to $12
blistein: folds 
ricke1301: calls $8
*** FLOP *** [As 2s Ah]
ricke1301: checks 
MrP1usovoy: bets $5.50
ricke1301: calls $5.50
*** TURN *** [As 2s Ah] [3d]
ricke1301: checks 
MrP1usovoy: bets $26.72
ricke1301: folds 
Uncalled bet ($26.72) returned to MrP1usovoy
MrP1usovoy collected $35.62 from pot
MrP1usovoy: doesn't show hand 
*** SUMMARY ***
Total pot $37.50 | Rake $1.88 
Board [As 2s Ah 3d]
Seat 1: ricke1301 (small blind) folded on the Turn
Seat 2: MrP1usovoy (big blind) collected ($35.62)
Seat 3: Unipoker11 folded before Flop (didn't bet)
Seat 4: worker0k folded before Flop (didn't bet)
Seat 5: I TAKE IT 85 folded before Flop (didn't bet)
Seat 6: blistein (button) folded before Flop



PokerStars Hand #254549966052:  Hold'em No Limit ($0.50/$1.00 USD) - 2025/01/25 19:38:37 WET [2025/01/25 14:38:37 ET]
Table 'Poincare IV' 6-max Seat #1 is the button
Seat 1: ricke1301 ($80.45 in chips) 
Seat 2: MrP1usovoy ($118.12 in chips) 
Seat 3: Unipoker11 ($103.70 in chips) 
Seat 4: worker0k ($100 in chips) 
Seat 5: I TAKE IT 85 ($104.39 in chips) 
Seat 6: blistein ($102.81 in chips) 
MrP1usovoy: posts small blind $0.50
Unipoker11: posts big blind $1
*** HOLE CARDS ***
worker0k: folds 
worker0k leaves the table
I TAKE IT 85: folds 
xxxZeka joins the table at seat #4 
blistein: folds 
ricke1301: folds 
MrP1usovoy: raises $2 to $3
Unipoker11: folds 
Uncalled bet ($2) returned to MrP1usovoy
MrP1usovoy collected $2 from pot
MrP1usovoy: doesn't show hand 
*** SUMMARY ***
Total pot $2 | Rake $0 
Seat 1: ricke1301 (button) folded before Flop (didn't bet)
Seat 2: MrP1usovoy (small blind) collected ($2)
Seat 3: Unipoker11 (big blind) folded before Flop
Seat 4: worker0k folded before Flop (didn't bet)
Seat 5: I TAKE IT 85 folded before Flop (didn't bet)
Seat 6: blistein folded before Flop (didn't bet)



PokerStars Hand #254549974582:  Hold'em No Limit ($0.50/$1.00 USD) - 2025/01/25 19:39:07 WET [2025/01/25 14:39:07 ET]
Table 'Poincare IV' 6-max Seat #2 is the button
Seat 1: ricke1301 ($80.45 in chips) 
Seat 2: MrP1usovoy ($119.12 in chips) 
Seat 3: Unipoker11 ($102.70 in chips) 
Seat 4: xxxZeka ($100 in chips) 
Seat 5: I TAKE IT 85 ($104.39 in chips) 
Seat 6: blistein ($102.81 in chips) 
Unipoker11: posts small blind $0.50
xxxZeka: posts big blind $1
*** HOLE CARDS ***
I TAKE IT 85: raises $1.05 to $2.05
blistein: folds 
ricke1301: folds 
MrP1usovoy: folds 
Unipoker11: folds 
xxxZeka: calls $1.05
*** FLOP *** [9h 4c 8s]
xxxZeka: checks 
I TAKE IT 85: checks 
*** TURN *** [9h 4c 8s] [Ks]
xxxZeka: checks 
I TAKE IT 85: bets $1.66
xxxZeka: calls $1.66
*** RIVER *** [9h 4c 8s Ks] [Jc]
xxxZeka: checks 
I TAKE IT 85: bets $5.26
xxxZeka: folds 
Uncalled bet ($5.26) returned to I TAKE IT 85
I TAKE IT 85 collected $7.52 from pot
I TAKE IT 85: doesn't show hand 
*** SUMMARY ***
Total pot $7.92 | Rake $0.40 
Board [9h 4c 8s Ks Jc]
Seat 1: ricke1301 folded before Flop (didn't bet)
Seat 2: MrP1usovoy (button) folded before Flop (didn't bet)
Seat 3: Unipoker11 (small blind) folded before Flop
Seat 4: xxxZeka (big blind) folded on the River
Seat 5: I TAKE IT 85 collected ($7.52)
Seat 6: blistein folded before Flop (didn't bet)



PokerStars Hand #254549990451:  Hold'em No Limit ($0.50/$1.00 USD) - 2025/01/25 19:40:02 WET [2025/01/25 14:40:02 ET]
Table 'Poincare IV' 6-max Seat #3 is the button
Seat 1: ricke1301 ($80.45 in chips) 
Seat 2: MrP1usovoy ($119.12 in chips) 
Seat 3: Unipoker11 ($102.20 in chips) 
Seat 4: xxxZeka ($100 in chips) 
Seat 5: I TAKE IT 85 ($108.20 in chips) 
Seat 6: blistein ($102.81 in chips) 
xxxZeka: posts small blind $0.50
I TAKE IT 85: posts big blind $1
*** HOLE CARDS ***
blistein: folds 
ricke1301: calls $1
MrP1usovoy: raises $3 to $4
Unipoker11: calls $4
xxxZeka: folds 
I TAKE IT 85: folds 
ricke1301: calls $3
*** FLOP *** [As 7h Kd]
ricke1301: checks 
MrP1usovoy: bets $4.23
Unipoker11: folds 
ricke1301: calls $4.23
*** TURN *** [As 7h Kd] [2d]
ricke1301: checks 
MrP1usovoy: bets $20.86
ricke1301: folds 
Uncalled bet ($20.86) returned to MrP1usovoy
MrP1usovoy collected $20.86 from pot
MrP1usovoy: doesn't show hand 
*** SUMMARY ***
Total pot $21.96 | Rake $1.10 
Board [As 7h Kd 2d]
Seat 1: ricke1301 folded on the Turn
Seat 2: MrP1usovoy collected ($20.86)
Seat 3: Unipoker11 (button) folded on the Flop
Seat 4: xxxZeka (small blind) folded before Flop
Seat 5: I TAKE IT 85 (big blind) folded before Flop
Seat 6: blistein folded before Flop (didn't bet)



PokerStars Hand #254550009983:  Hold'em No Limit ($0.50/$1.00 USD) - 2025/01/25 19:41:11 WET [2025/01/25 14:41:11 ET]
Table 'Poincare IV' 6-max Seat #4 is the button
Seat 1: ricke1301 ($72.22 in chips) 
Seat 2: MrP1usovoy ($131.75 in chips) 
Seat 3: Unipoker11 ($100 in chips) 
Seat 4: xxxZeka ($100 in chips) 
Seat 5: I TAKE IT 85 ($107.20 in chips) 
Seat 6: blistein ($102.81 in chips) 
I TAKE IT 85: posts small blind $0.50
blistein: posts big blind $1
*** HOLE CARDS ***
ricke1301: folds 
MrP1usovoy: folds 
Unipoker11: folds 
xxxZeka: raises $1.50 to $2.50
I TAKE IT 85: folds 
blistein: calls $1.50
*** FLOP *** [4h Ad 7s]
blistein: checks 
xxxZeka: bets $1.55
blistein: raises $5.65 to $7.20
xxxZeka: folds 
Uncalled bet ($5.65) returned to blistein
blistein collected $8.17 from pot
blistein: doesn't show hand 
*** SUMMARY ***
Total pot $8.60 | Rake $0.43 
Board [4h Ad 7s]
Seat 1: ricke1301 folded before Flop (didn't bet)
Seat 2: MrP1usovoy folded before Flop (didn't bet)
Seat 3: Unipoker11 folded before Flop (didn't bet)
Seat 4: xxxZeka (button) folded on the Flop
Seat 5: I TAKE IT 85 (small blind) folded before Flop
Seat 6: blistein (big blind) collected ($8.17)



PokerStars Hand #254550026833:  Hold'em No Limit ($0.50/$1.00 USD) - 2025/01/25 19:42:10 WET [2025/01/25 14:42:10 ET]
Table 'Poincare IV' 6-max Seat #5 is the button
Seat 1: ricke1301 ($72.22 in chips) 
Seat 2: MrP1usovoy ($131.75 in chips) 
Seat 3: Unipoker11 ($100 in chips) 
Seat 4: xxxZeka ($100 in chips) 
Seat 5: I TAKE IT 85 ($106.70 in chips) 
Seat 6: blistein ($106.93 in chips) 
blistein: posts small blind $0.50
ricke1301: posts big blind $1
*** HOLE CARDS ***
MrP1usovoy: folds 
Unipoker11: folds 
xxxZeka: raises $1.50 to $2.50
I TAKE IT 85: folds 
blistein: raises $9.50 to $12
ricke1301: folds 
xxxZeka: folds 
Uncalled bet ($9.50) returned to blistein
blistein collected $6 from pot
blistein: doesn't show hand 
*** SUMMARY ***
Total pot $6 | Rake $0 
Seat 1: ricke1301 (big blind) folded before Flop
Seat 2: MrP1usovoy folded before Flop (didn't bet)
Seat 3: Unipoker11 folded before Flop (didn't bet)
Seat 4: xxxZeka folded before Flop
Seat 5: I TAKE IT 85 (button) folded before Flop (didn't bet)
Seat 6: blistein (small blind) collected ($6)



PokerStars Hand #254550036403:  Hold'em No Limit ($0.50/$1.00 USD) - 2025/01/25 19:42:44 WET [2025/01/25 14:42:44 ET]
Table 'Poincare IV' 6-max Seat #6 is the button
Seat 1: ricke1301 ($71.22 in chips) 
Seat 2: MrP1usovoy ($131.75 in chips) 
Seat 3: Unipoker11 ($100 in chips) 
Seat 4: xxxZeka ($100 in chips) 
Seat 5: I TAKE IT 85 ($106.70 in chips) 
Seat 6: blistein ($110.43 in chips) 
ricke1301: posts small blind $0.50
MrP1usovoy: posts big blind $1
*** HOLE CARDS ***
Unipoker11: folds 
xxxZeka: folds 
I TAKE IT 85: folds 
blistein: raises $1.50 to $2.50
ricke1301: folds 
MrP1usovoy: folds 
Uncalled bet ($1.50) returned to blistein
blistein collected $2.50 from pot
blistein: doesn't show hand 
*** SUMMARY ***
Total pot $2.50 | Rake $0 
Seat 1: ricke1301 (small blind) folded before Flop
Seat 2: MrP1usovoy (big blind) folded before Flop
Seat 3: Unipoker11 folded before Flop (didn't bet)
Seat 4: xxxZeka folded before Flop (didn't bet)
Seat 5: I TAKE IT 85 folded before Flop (didn't bet)
Seat 6: blistein (button) collected ($2.50)



PokerStars Hand #254550044296:  Hold'em No Limit ($0.50/$1.00 USD) - 2025/01/25 19:43:11 WET [2025/01/25 14:43:11 ET]
Table 'Poincare IV' 6-max Seat #1 is the button
Seat 1: ricke1301 ($70.72 in chips) 
Seat 2: MrP1usovoy ($130.75 in chips) 
Seat 3: Unipoker11 ($100 in chips) 
Seat 4: xxxZeka ($100 in chips) 
Seat 5: I TAKE IT 85 ($106.70 in chips) 
Seat 6: blistein ($111.93 in chips) 
MrP1usovoy: posts small blind $0.50
Unipoker11: posts big blind $1
*** HOLE CARDS ***
xxxZeka: folds 
I TAKE IT 85: raises $1.05 to $2.05
blistein: folds 
ricke1301: calls $2.05
MrP1usovoy: folds 
Unipoker11: folds 
*** FLOP *** [Ks Qc 3h]
I TAKE IT 85: checks 
ricke1301: checks 
*** TURN *** [Ks Qc 3h] [5d]
I TAKE IT 85: checks 
ricke1301: bets $1
I TAKE IT 85: folds 
Uncalled bet ($1) returned to ricke1301
ricke1301 collected $5.32 from pot
*** SUMMARY ***
Total pot $5.60 | Rake $0.28 
Board [Ks Qc 3h 5d]
Seat 1: ricke1301 (button) collected ($5.32)
Seat 2: MrP1usovoy (small blind) folded before Flop
Seat 3: Unipoker11 (big blind) folded before Flop
Seat 4: xxxZeka folded before Flop (didn't bet)
Seat 5: I TAKE IT 85 folded on the Turn
Seat 6: blistein folded before Flop (didn't bet)



PokerStars Hand #254550054050:  Hold'em No Limit ($0.50/$1.00 USD) - 2025/01/25 19:43:46 WET [2025/01/25 14:43:46 ET]
Table 'Poincare IV' 6-max Seat #2 is the button
Seat 1: ricke1301 ($73.99 in chips) 
Seat 2: MrP1usovoy ($130.25 in chips) 
Seat 3: Unipoker11 ($100 in chips) 
Seat 4: xxxZeka ($100 in chips) 
Seat 5: I TAKE IT 85 ($104.65 in chips) 
Seat 6: blistein ($111.93 in chips) 
Unipoker11: posts small blind $0.50
xxxZeka: posts big blind $1
*** HOLE CARDS ***
I TAKE IT 85: folds 
blistein: raises $1.20 to $2.20
ricke1301: folds 
MrP1usovoy: folds 
Unipoker11: folds 
xxxZeka: folds 
Uncalled bet ($1.20) returned to blistein
blistein collected $2.50 from pot
blistein: doesn't show hand 
*** SUMMARY ***
Total pot $2.50 | Rake $0 
Seat 1: ricke1301 folded before Flop (didn't bet)
Seat 2: MrP1usovoy (button) folded before Flop (didn't bet)
Seat 3: Unipoker11 (small blind) folded before Flop
Seat 4: xxxZeka (big blind) folded before Flop
Seat 5: I TAKE IT 85 folded before Flop (didn't bet)
Seat 6: blistein collected ($2.50)



PokerStars Hand #254550059779:  Hold'em No Limit ($0.50/$1.00 USD) - 2025/01/25 19:44:06 WET [2025/01/25 14:44:06 ET]
Table 'Poincare IV' 6-max Seat #3 is the button
Seat 1: ricke1301 ($73.99 in chips) 
Seat 2: MrP1usovoy ($130.25 in chips) 
Seat 3: Unipoker11 ($100 in chips) 
Seat 4: xxxZeka ($100 in chips) 
Seat 5: I TAKE IT 85 ($104.65 in chips) 
Seat 6: blistein ($113.43 in chips) 
xxxZeka: posts small blind $0.50
I TAKE IT 85: posts big blind $1
*** HOLE CARDS ***
blistein: folds 
blistein leaves the table
ricke1301: folds 
MrP1usovoy: raises $1.50 to $2.50
Unipoker11: folds 
xxxZeka: folds 
I TAKE IT 85: calls $1.50
*** FLOP *** [2c 2d 4d]
I TAKE IT 85: checks 
MrP1usovoy: bets $1.72
I TAKE IT 85: calls $1.72
*** TURN *** [2c 2d 4d] [7h]
I TAKE IT 85: checks 
MrP1usovoy: bets $6.37
I TAKE IT 85: folds 
Uncalled bet ($6.37) returned to MrP1usovoy
MrP1usovoy collected $8.49 from pot
MrP1usovoy: doesn't show hand 
*** SUMMARY ***
Total pot $8.94 | Rake $0.45 
Board [2c 2d 4d 7h]
Seat 1: ricke1301 folded before Flop (didn't bet)
Seat 2: MrP1usovoy collected ($8.49)
Seat 3: Unipoker11 (button) folded before Flop (didn't bet)
Seat 4: xxxZeka (small blind) folded before Flop
Seat 5: I TAKE IT 85 (big blind) folded on the Turn
Seat 6: blistein folded before Flop (didn't bet)



PokerStars Hand #254550078769:  Hold'em No Limit ($0.50/$1.00 USD) - 2025/01/25 19:45:12 WET [2025/01/25 14:45:12 ET]
Table 'Poincare IV' 6-max Seat #4 is the button
Seat 1: ricke1301 ($73.99 in chips) 
Seat 2: MrP1usovoy ($134.52 in chips) 
Seat 3: Unipoker11 ($100 in chips) 
Seat 4: xxxZeka ($100 in chips) 
Seat 5: I TAKE IT 85 ($100.43 in chips) 
I TAKE IT 85: posts small blind $0.50
ricke1301: posts big blind $1
*** HOLE CARDS ***
MrP1usovoy: folds 
Unipoker11: raises $1.30 to $2.30
xxxZeka: folds 
I TAKE IT 85: folds 
ricke1301: folds 
Uncalled bet ($1.30) returned to Unipoker11
Unipoker11 collected $2.50 from pot
Unipoker11: doesn't show hand 
*** SUMMARY ***
Total pot $2.50 | Rake $0 
Seat 1: ricke1301 (big blind) folded before Flop
Seat 2: MrP1usovoy folded before Flop (didn't bet)
Seat 3: Unipoker11 collected ($2.50)
Seat 4: xxxZeka (button) folded before Flop (didn't bet)
Seat 5: I TAKE IT 85 (small blind) folded before Flop



PokerStars Hand #254550084176:  Hold'em No Limit ($0.50/$1.00 USD) - 2025/01/25 19:45:30 WET [2025/01/25 14:45:30 ET]
Table 'Poincare IV' 6-max Seat #5 is the button
Seat 2: MrP1usovoy ($134.52 in chips) is sitting out
Seat 1: ricke1301 ($72.99 in chips) 
Seat 3: Unipoker11 ($101.50 in chips) 
Seat 4: xxxZeka ($100 in chips) 
Seat 5: I TAKE IT 85 ($100 in chips) 
ricke1301: posts small blind $0.50
MrP1usovoy: is sitting out 
Unipoker11: posts big blind $1
*** HOLE CARDS ***
xxxZeka: folds 
I TAKE IT 85: folds 
ricke1301: raises $1 to $2
Unipoker11: folds 
Uncalled bet ($1) returned to ricke1301
MrP1usovoy leaves the table
ricke1301 collected $2 from pot
*** SUMMARY ***
Total pot $2 | Rake $0 
Seat 2: MrP1usovoy
Seat 1: ricke1301 (small blind) collected ($2)
Seat 3: Unipoker11 (big blind) folded before Flop
Seat 4: xxxZeka folded before Flop (didn't bet)
Seat 5: I TAKE IT 85 (button) folded before Flop (didn't bet)



PokerStars Hand #254550087459:  Hold'em No Limit ($0.50/$1.00 USD) - 2025/01/25 19:45:42 WET [2025/01/25 14:45:42 ET]
Table 'Poincare IV' 6-max Seat #1 is the button
Seat 1: ricke1301 ($73.99 in chips) 
Seat 3: Unipoker11 ($100.50 in chips) 
Seat 4: xxxZeka ($100 in chips) 
Seat 5: I TAKE IT 85 ($100 in chips) 
Unipoker11: posts small blind $0.50
xxxZeka: posts big blind $1
*** HOLE CARDS ***
I TAKE IT 85: folds 
ricke1301: calls $1
Unipoker11: folds 
xxxZeka: checks 
*** FLOP *** [9s Jd Ad]
xxxZeka: checks 
ricke1301: checks 
*** TURN *** [9s Jd Ad] [Ah]
xxxZeka: checks 
ricke1301: checks 
*** RIVER *** [9s Jd Ad Ah] [8c]
K.Antagonist joins the table at seat #2 
xxxZeka: checks 
ricke1301: checks 
*** SHOW DOWN ***
xxxZeka: shows [3s 3h] (two pair, Aces and Threes)
ricke1301: mucks hand 
BronsonJC joins the table at seat #6 
xxxZeka collected $2.38 from pot
*** SUMMARY ***
Total pot $2.50 | Rake $0.12 
Board [9s Jd Ad Ah 8c]
Seat 1: ricke1301 (button) mucked
Seat 3: Unipoker11 (small blind) folded before Flop
Seat 4: xxxZeka (big blind) showed [3s 3h] and won ($2.38) with two pair, Aces and Threes
Seat 5: I TAKE IT 85 folded before Flop (didn't bet)



PokerStars Hand #254550097906:  Hold'em No Limit ($0.50/$1.00 USD) - 2025/01/25 19:46:19 WET [2025/01/25 14:46:19 ET]
Table 'Poincare IV' 6-max Seat #3 is the button
Seat 2: K.Antagonist ($100 in chips) is sitting out
Seat 6: BronsonJC ($100 in chips) is sitting out
Seat 1: ricke1301 ($72.99 in chips) 
Seat 3: Unipoker11 ($100 in chips) 
Seat 4: xxxZeka ($101.38 in chips) 
Seat 5: I TAKE IT 85 ($100 in chips) 
xxxZeka: posts small blind $0.50
I TAKE IT 85: posts big blind $1
BronsonJC: sits out 
K.Antagonist: sits out 
*** HOLE CARDS ***
ricke1301: folds 
Unipoker11: raises $1.50 to $2.50
xxxZeka: folds 
I TAKE IT 85: folds 
Uncalled bet ($1.50) returned to Unipoker11
Unipoker11 collected $2.50 from pot
Unipoker11: doesn't show hand 
*** SUMMARY ***
Total pot $2.50 | Rake $0 
Seat 2: K.Antagonist
Seat 6: BronsonJC
Seat 1: ricke1301 folded before Flop (didn't bet)
Seat 3: Unipoker11 (button) collected ($2.50)
Seat 4: xxxZeka (small blind) folded before Flop
Seat 5: I TAKE IT 85 (big blind) folded before Flop



PokerStars Hand #254550104106:  Hold'em No Limit ($0.50/$1.00 USD) - 2025/01/25 19:46:40 WET [2025/01/25 14:46:40 ET]
Table 'Poincare IV' 6-max Seat #4 is the button
Seat 2: K.Antagonist ($100 in chips) is sitting out
Seat 1: ricke1301 ($72.99 in chips) 
Seat 3: Unipoker11 ($101.50 in chips) 
Seat 4: xxxZeka ($100.88 in chips) 
Seat 5: I TAKE IT 85 ($100 in chips) 
Seat 6: BronsonJC ($100 in chips) 
I TAKE IT 85: posts small blind $0.50
BronsonJC: posts big blind $1
K.Antagonist: sits out 
*** HOLE CARDS ***
ricke1301: calls $1
Unipoker11: folds 
xxxZeka: folds 
I TAKE IT 85: raises $2.10 to $3.10
BronsonJC: folds 
ricke1301: folds 
Uncalled bet ($2.10) returned to I TAKE IT 85
I TAKE IT 85 collected $3 from pot
I TAKE IT 85: doesn't show hand 
*** SUMMARY ***
Total pot $3 | Rake $0 
Seat 2: K.Antagonist
Seat 1: ricke1301 folded before Flop
Seat 3: Unipoker11 folded before Flop (didn't bet)
Seat 4: xxxZeka (button) folded before Flop (didn't bet)
Seat 5: I TAKE IT 85 (small blind) collected ($3)
Seat 6: BronsonJC (big blind) folded before Flop



PokerStars Hand #254550114110:  Hold'em No Limit ($0.50/$1.00 USD) - 2025/01/25 19:47:15 WET [2025/01/25 14:47:15 ET]
Table 'Poincare IV' 6-max Seat #5 is the button
Seat 2: K.Antagonist ($100 in chips) is sitting out
Seat 1: ricke1301 ($71.99 in chips) 
Seat 3: Unipoker11 ($101.50 in chips) 
Seat 4: xxxZeka ($100.88 in chips) 
Seat 5: I TAKE IT 85 ($102 in chips) 
Seat 6: BronsonJC ($100 in chips) 
BronsonJC: posts small blind $0.50
ricke1301: posts big blind $1
K.Antagonist: sits out 
*** HOLE CARDS ***
Unipoker11: folds 
xxxZeka: folds 
I TAKE IT 85: raises $1.05 to $2.05
BronsonJC: raises $7.95 to $10
ricke1301: folds 
I TAKE IT 85: raises $10.50 to $20.50
BronsonJC: calls $10.50
*** FLOP *** [Ks Th Kh]
BronsonJC: checks 
I TAKE IT 85: bets $9.98
BronsonJC: calls $9.98
*** TURN *** [Ks Th Kh] [9s]
BronsonJC: checks 
I TAKE IT 85: bets $14.87
BronsonJC: folds 
Uncalled bet ($14.87) returned to I TAKE IT 85
I TAKE IT 85 collected $59.46 from pot
I TAKE IT 85: doesn't show hand 
*** SUMMARY ***
Total pot $61.96 | Rake $2.50 
Board [Ks Th Kh 9s]
Seat 2: K.Antagonist
Seat 1: ricke1301 (big blind) folded before Flop
Seat 3: Unipoker11 folded before Flop (didn't bet)
Seat 4: xxxZeka folded before Flop (didn't bet)
Seat 5: I TAKE IT 85 (button) collected ($59.46)
Seat 6: BronsonJC (small blind) folded on the Turn



PokerStars Hand #254550127918:  Hold'em No Limit ($0.50/$1.00 USD) - 2025/01/25 19:48:02 WET [2025/01/25 14:48:02 ET]
Table 'Poincare IV' 6-max Seat #6 is the button
Seat 1: ricke1301 ($70.99 in chips) 
Seat 2: K.Antagonist ($100 in chips) 
Seat 3: Unipoker11 ($101.50 in chips) 
Seat 4: xxxZeka ($100.88 in chips) 
Seat 5: I TAKE IT 85 ($130.98 in chips) 
Seat 6: BronsonJC ($100 in chips) 
ricke1301: posts small blind $0.50
K.Antagonist: posts big blind $1
*** HOLE CARDS ***
Unipoker11: folds 
xxxZeka: folds 
I TAKE IT 85: folds 
BronsonJC: raises $1.50 to $2.50
ricke1301: calls $2
K.Antagonist: raises $9.50 to $12
BronsonJC: folds 
ricke1301: folds 
Uncalled bet ($9.50) returned to K.Antagonist
K.Antagonist collected $7.50 from pot
K.Antagonist: doesn't show hand 
*** SUMMARY ***
Total pot $7.50 | Rake $0 
Seat 1: ricke1301 (small blind) folded before Flop
Seat 2: K.Antagonist (big blind) collected ($7.50)
Seat 3: Unipoker11 folded before Flop (didn't bet)
Seat 4: xxxZeka folded before Flop (didn't bet)
Seat 5: I TAKE IT 85 folded before Flop (didn't bet)
Seat 6: BronsonJC (button) folded before Flop



PokerStars Hand #254550143898:  Hold'em No Limit ($0.50/$1.00 USD) - 2025/01/25 19:48:58 WET [2025/01/25 14:48:58 ET]
Table 'Poincare IV' 6-max Seat #1 is the button
Seat 1: ricke1301 ($68.49 in chips) 
Seat 2: K.Antagonist ($105 in chips) 
Seat 3: Unipoker11 ($101.50 in chips) 
Seat 4: xxxZeka ($100.88 in chips) 
Seat 5: I TAKE IT 85 ($130.98 in chips) 
Seat 6: BronsonJC ($100 in chips) 
K.Antagonist: posts small blind $0.50
Unipoker11: posts big blind $1
*** HOLE CARDS ***
xxxZeka: folds 
I TAKE IT 85: folds 
BronsonJC: folds 
ricke1301: calls $1
K.Antagonist: folds 
Unipoker11: raises $5 to $6
ricke1301: folds 
Uncalled bet ($5) returned to Unipoker11
Unipoker11 collected $2.50 from pot
Unipoker11: doesn't show hand 
*** SUMMARY ***
Total pot $2.50 | Rake $0 
Seat 1: ricke1301 (button) folded before Flop
Seat 2: K.Antagonist (small blind) folded before Flop
Seat 3: Unipoker11 (big blind) collected ($2.50)
Seat 4: xxxZeka folded before Flop (didn't bet)
Seat 5: I TAKE IT 85 folded before Flop (didn't bet)
Seat 6: BronsonJC folded before Flop (didn't bet)



PokerStars Hand #254550153817:  Hold'em No Limit ($0.50/$1.00 USD) - 2025/01/25 19:49:32 WET [2025/01/25 14:49:32 ET]
Table 'Poincare IV' 6-max Seat #2 is the button
Seat 1: ricke1301 ($67.49 in chips) 
Seat 2: K.Antagonist ($104.50 in chips) 
Seat 3: Unipoker11 ($103 in chips) 
Seat 4: xxxZeka ($100.88 in chips) 
Seat 5: I TAKE IT 85 ($130.98 in chips) 
Seat 6: BronsonJC ($100 in chips) 
Unipoker11: posts small blind $0.50
xxxZeka: posts big blind $1
*** HOLE CARDS ***
I TAKE IT 85: raises $1.05 to $2.05
BronsonJC: folds 
ricke1301: folds 
K.Antagonist: folds 
Unipoker11: folds 
xxxZeka: folds 
Uncalled bet ($1.05) returned to I TAKE IT 85
I TAKE IT 85 collected $2.50 from pot
I TAKE IT 85: doesn't show hand 
*** SUMMARY ***
Total pot $2.50 | Rake $0 
Seat 1: ricke1301 folded before Flop (didn't bet)
Seat 2: K.Antagonist (button) folded before Flop (didn't bet)
Seat 3: Unipoker11 (small blind) folded before Flop
Seat 4: xxxZeka (big blind) folded before Flop
Seat 5: I TAKE IT 85 collected ($2.50)
Seat 6: BronsonJC folded before Flop (didn't bet)



PokerStars Hand #254550158564:  Hold'em No Limit ($0.50/$1.00 USD) - 2025/01/25 19:49:49 WET [2025/01/25 14:49:49 ET]
Table 'Poincare IV' 6-max Seat #3 is the button
Seat 1: ricke1301 ($67.49 in chips) 
Seat 2: K.Antagonist ($104.50 in chips) 
Seat 3: Unipoker11 ($102.50 in chips) 
Seat 4: xxxZeka ($100 in chips) 
Seat 5: I TAKE IT 85 ($132.48 in chips) 
Seat 6: BronsonJC ($100 in chips) 
xxxZeka: posts small blind $0.50
I TAKE IT 85: posts big blind $1
*** HOLE CARDS ***
BronsonJC: folds 
ricke1301: calls $1
K.Antagonist: folds 
Unipoker11: folds 
xxxZeka: raises $4 to $5
I TAKE IT 85: folds 
ricke1301: calls $4
*** FLOP *** [4d Qh As]
xxxZeka: bets $3.45
ricke1301: raises $8.68 to $12.13
xxxZeka: calls $8.68
*** TURN *** [4d Qh As] [2c]
xxxZeka: checks 
ricke1301: bets $20.75
xxxZeka: folds 
Uncalled bet ($20.75) returned to ricke1301
ricke1301 collected $33.50 from pot
*** SUMMARY ***
Total pot $35.26 | Rake $1.76 
Board [4d Qh As 2c]
Seat 1: ricke1301 collected ($33.50)
Seat 2: K.Antagonist folded before Flop (didn't bet)
Seat 3: Unipoker11 (button) folded before Flop (didn't bet)
Seat 4: xxxZeka (small blind) folded on the Turn
Seat 5: I TAKE IT 85 (big blind) folded before Flop
Seat 6: BronsonJC folded before Flop (didn't bet)



PokerStars Hand #254550190322:  Hold'em No Limit ($0.50/$1.00 USD) - 2025/01/25 19:51:39 WET [2025/01/25 14:51:39 ET]
Table 'Poincare IV' 6-max Seat #4 is the button
Seat 1: ricke1301 ($83.86 in chips) 
Seat 2: K.Antagonist ($104.50 in chips) 
Seat 3: Unipoker11 ($102.50 in chips) 
Seat 4: xxxZeka ($100 in chips) 
Seat 5: I TAKE IT 85 ($131.48 in chips) 
Seat 6: BronsonJC ($100 in chips) 
I TAKE IT 85: posts small blind $0.50
BronsonJC: posts big blind $1
*** HOLE CARDS ***
ricke1301: raises $1 to $2
K.Antagonist: folds 
Unipoker11: folds 
xxxZeka: folds 
I TAKE IT 85: folds 
BronsonJC: folds 
Uncalled bet ($1) returned to ricke1301
ricke1301 collected $2.50 from pot
*** SUMMARY ***
Total pot $2.50 | Rake $0 
Seat 1: ricke1301 collected ($2.50)
Seat 2: K.Antagonist folded before Flop (didn't bet)
Seat 3: Unipoker11 folded before Flop (didn't bet)
Seat 4: xxxZeka (button) folded before Flop (didn't bet)
Seat 5: I TAKE IT 85 (small blind) folded before Flop
Seat 6: BronsonJC (big blind) folded before Flop



PokerStars Hand #254550194500:  Hold'em No Limit ($0.50/$1.00 USD) - 2025/01/25 19:51:54 WET [2025/01/25 14:51:54 ET]
Table 'Poincare IV' 6-max Seat #5 is the button
Seat 1: ricke1301 ($85.36 in chips) 
Seat 2: K.Antagonist ($104.50 in chips) 
Seat 3: Unipoker11 ($102.50 in chips) 
Seat 4: xxxZeka ($100 in chips) 
Seat 5: I TAKE IT 85 ($130.98 in chips) 
Seat 6: BronsonJC ($100 in chips) 
BronsonJC: posts small blind $0.50
ricke1301: posts big blind $1
*** HOLE CARDS ***
K.Antagonist: folds 
Unipoker11: folds 
xxxZeka: raises $1.50 to $2.50
I TAKE IT 85: folds 
BronsonJC: calls $2
ricke1301: folds 
*** FLOP *** [Kh Js 9c]
BronsonJC: checks 
xxxZeka: bets $1.88
BronsonJC: folds 
Uncalled bet ($1.88) returned to xxxZeka
xxxZeka collected $5.70 from pot
xxxZeka: doesn't show hand 
*** SUMMARY ***
Total pot $6 | Rake $0.30 
Board [Kh Js 9c]
Seat 1: ricke1301 (big blind) folded before Flop
Seat 2: K.Antagonist folded before Flop (didn't bet)
Seat 3: Unipoker11 folded before Flop (didn't bet)
Seat 4: xxxZeka collected ($5.70)
Seat 5: I TAKE IT 85 (button) folded before Flop (didn't bet)
Seat 6: BronsonJC (small blind) folded on the Flop



PokerStars Hand #254550205690:  Hold'em No Limit ($0.50/$1.00 USD) - 2025/01/25 19:52:33 WET [2025/01/25 14:52:33 ET]
Table 'Poincare IV' 6-max Seat #6 is the button
Seat 1: ricke1301 ($84.36 in chips) 
Seat 2: K.Antagonist ($104.50 in chips) 
Seat 3: Unipoker11 ($102.50 in chips) 
Seat 4: xxxZeka ($103.20 in chips) 
Seat 5: I TAKE IT 85 ($130.98 in chips) 
Seat 6: BronsonJC ($100 in chips) 
ricke1301: posts small blind $0.50
K.Antagonist: posts big blind $1
*** HOLE CARDS ***
Unipoker11: folds 
xxxZeka: raises $1.50 to $2.50
I TAKE IT 85: raises $5 to $7.50
BronsonJC: folds 
ricke1301: folds 
K.Antagonist: folds 
xxxZeka: folds 
Uncalled bet ($5) returned to I TAKE IT 85
I TAKE IT 85 collected $6.50 from pot
I TAKE IT 85: doesn't show hand 
*** SUMMARY ***
Total pot $6.50 | Rake $0 
Seat 1: ricke1301 (small blind) folded before Flop
Seat 2: K.Antagonist (big blind) folded before Flop
Seat 3: Unipoker11 folded before Flop (didn't bet)
Seat 4: xxxZeka folded before Flop
Seat 5: I TAKE IT 85 collected ($6.50)
Seat 6: BronsonJC (button) folded before Flop (didn't bet)



PokerStars Hand #254550217364:  Hold'em No Limit ($0.50/$1.00 USD) - 2025/01/25 19:53:14 WET [2025/01/25 14:53:14 ET]
Table 'Poincare IV' 6-max Seat #1 is the button
Seat 1: ricke1301 ($83.86 in chips) 
Seat 2: K.Antagonist ($103.50 in chips) 
Seat 3: Unipoker11 ($102.50 in chips) 
Seat 4: xxxZeka ($100.70 in chips) 
Seat 5: I TAKE IT 85 ($134.98 in chips) 
Seat 6: BronsonJC ($100 in chips) 
K.Antagonist: posts small blind $0.50
Unipoker11: posts big blind $1
*** HOLE CARDS ***
xxxZeka: folds 
I TAKE IT 85: folds 
BronsonJC: folds 
ricke1301: folds 
K.Antagonist: folds 
Uncalled bet ($0.50) returned to Unipoker11
Unipoker11 collected $1 from pot
Unipoker11: doesn't show hand 
*** SUMMARY ***
Total pot $1 | Rake $0 
Seat 1: ricke1301 (button) folded before Flop (didn't bet)
Seat 2: K.Antagonist (small blind) folded before Flop
Seat 3: Unipoker11 (big blind) collected ($1)
Seat 4: xxxZeka folded before Flop (didn't bet)
Seat 5: I TAKE IT 85 folded before Flop (didn't bet)
Seat 6: BronsonJC folded before Flop (didn't bet)



PokerStars Hand #254550220567:  Hold'em No Limit ($0.50/$1.00 USD) - 2025/01/25 19:53:25 WET [2025/01/25 14:53:25 ET]
Table 'Poincare IV' 6-max Seat #2 is the button
Seat 1: ricke1301 ($83.86 in chips) 
Seat 2: K.Antagonist ($103 in chips) 
Seat 3: Unipoker11 ($103 in chips) 
Seat 4: xxxZeka ($100.70 in chips) 
Seat 5: I TAKE IT 85 ($134.98 in chips) 
Seat 6: BronsonJC ($100 in chips) 
Unipoker11: posts small blind $0.50
xxxZeka: posts big blind $1
*** HOLE CARDS ***
I TAKE IT 85: folds 
BronsonJC: folds 
ricke1301: folds 
K.Antagonist: folds 
Unipoker11: raises $2 to $3
xxxZeka: folds 
Uncalled bet ($2) returned to Unipoker11
Unipoker11 collected $2 from pot
Unipoker11: doesn't show hand 
*** SUMMARY ***
Total pot $2 | Rake $0 
Seat 1: ricke1301 folded before Flop (didn't bet)
Seat 2: K.Antagonist (button) folded before Flop (didn't bet)
Seat 3: Unipoker11 (small blind) collected ($2)
Seat 4: xxxZeka (big blind) folded before Flop
Seat 5: I TAKE IT 85 folded before Flop (didn't bet)
Seat 6: BronsonJC folded before Flop (didn't bet)



PokerStars Hand #254550230232:  Hold'em No Limit ($0.50/$1.00 USD) - 2025/01/25 19:53:58 WET [2025/01/25 14:53:58 ET]
Table 'Poincare IV' 6-max Seat #3 is the button
Seat 1: ricke1301 ($83.86 in chips) 
Seat 2: K.Antagonist ($103 in chips) 
Seat 3: Unipoker11 ($104 in chips) 
Seat 4: xxxZeka ($100 in chips) 
Seat 5: I TAKE IT 85 ($134.98 in chips) 
Seat 6: BronsonJC ($100 in chips) 
xxxZeka: posts small blind $0.50
I TAKE IT 85: posts big blind $1
*** HOLE CARDS ***
BronsonJC: raises $2 to $3
ricke1301: folds 
K.Antagonist: folds 
Unipoker11: folds 
xxxZeka: folds 
I TAKE IT 85: calls $2
*** FLOP *** [Th 8s 5s]
I TAKE IT 85: checks 
BronsonJC: bets $3
I TAKE IT 85: raises $9 to $12
BronsonJC: calls $9
*** TURN *** [Th 8s 5s] [Js]
I TAKE IT 85: checks 
BronsonJC: checks 
*** RIVER *** [Th 8s 5s Js] [7c]
I TAKE IT 85: bets $30.43
BronsonJC: folds 
Uncalled bet ($30.43) returned to I TAKE IT 85
I TAKE IT 85 collected $28.98 from pot
I TAKE IT 85: doesn't show hand 
*** SUMMARY ***
Total pot $30.50 | Rake $1.52 
Board [Th 8s 5s Js 7c]
Seat 1: ricke1301 folded before Flop (didn't bet)
Seat 2: K.Antagonist folded before Flop (didn't bet)
Seat 3: Unipoker11 (button) folded before Flop (didn't bet)
Seat 4: xxxZeka (small blind) folded before Flop
Seat 5: I TAKE IT 85 (big blind) collected ($28.98)
Seat 6: BronsonJC folded on the River



PokerStars Hand #254550251836:  Hold'em No Limit ($0.50/$1.00 USD) - 2025/01/25 19:55:14 WET [2025/01/25 14:55:14 ET]
Table 'Poincare IV' 6-max Seat #4 is the button
Seat 1: ricke1301 ($83.86 in chips) 
Seat 2: K.Antagonist ($103 in chips) 
Seat 3: Unipoker11 ($104 in chips) 
Seat 4: xxxZeka ($100 in chips) 
Seat 5: I TAKE IT 85 ($148.96 in chips) 
Seat 6: BronsonJC ($100 in chips) 
I TAKE IT 85: posts small blind $0.50
BronsonJC: posts big blind $1
*** HOLE CARDS ***
ricke1301: calls $1
K.Antagonist: folds 
Unipoker11: folds 
xxxZeka: folds 
I TAKE IT 85: folds 
BronsonJC: checks 
*** FLOP *** [Td 4c 9h]
BronsonJC: checks 
ricke1301: bets $2.38
BronsonJC: calls $2.38
*** TURN *** [Td 4c 9h] [6s]
BronsonJC: checks 
ricke1301: bets $3.45
BronsonJC: calls $3.45
*** RIVER *** [Td 4c 9h 6s] [2h]
BronsonJC: checks 
ricke1301: checks 
*** SHOW DOWN ***
BronsonJC: shows [Kh Qc] (high card King)
ricke1301: shows [Js Tc] (a pair of Tens)
ricke1301 collected $13.45 from pot
*** SUMMARY ***
Total pot $14.16 | Rake $0.71 
Board [Td 4c 9h 6s 2h]
Seat 1: ricke1301 showed [Js Tc] and won ($13.45) with a pair of Tens
Seat 2: K.Antagonist folded before Flop (didn't bet)
Seat 3: Unipoker11 folded before Flop (didn't bet)
Seat 4: xxxZeka (button) folded before Flop (didn't bet)
Seat 5: I TAKE IT 85 (small blind) folded before Flop
Seat 6: BronsonJC (big blind) showed [Kh Qc] and lost with high card King



PokerStars Hand #254550261794:  Hold'em No Limit ($0.50/$1.00 USD) - 2025/01/25 19:56:04 WET [2025/01/25 14:56:04 ET]
Table 'Poincare IV' 6-max Seat #5 is the button
Seat 1: ricke1301 ($90.48 in chips) 
Seat 2: K.Antagonist ($103 in chips) 
Seat 3: Unipoker11 ($104 in chips) 
Seat 4: xxxZeka ($100 in chips) 
Seat 5: I TAKE IT 85 ($148.46 in chips) 
Seat 6: BronsonJC ($100 in chips) 
BronsonJC: posts small blind $0.50
ricke1301: posts big blind $1
*** HOLE CARDS ***
K.Antagonist: folds 
Unipoker11: raises $1 to $2
xxxZeka: folds 
I TAKE IT 85: folds 
BronsonJC: folds 
ricke1301: calls $1
*** FLOP *** [5c Kc Tc]
ricke1301: bets $1
Unipoker11: calls $1
*** TURN *** [5c Kc Tc] [4h]
ricke1301: bets $3.09
Unipoker11: calls $3.09
*** RIVER *** [5c Kc Tc 4h] [8c]
ricke1301: checks 
Unipoker11: checks 
*** SHOW DOWN ***
ricke1301: shows [Ts 7h] (a pair of Tens)
Unipoker11: shows [Jh Th] (a pair of Tens - King+Jack kicker)
Unipoker11 collected $12.05 from pot
*** SUMMARY ***
Total pot $12.68 | Rake $0.63 
Board [5c Kc Tc 4h 8c]
Seat 1: ricke1301 (big blind) showed [Ts 7h] and lost with a pair of Tens
Seat 2: K.Antagonist folded before Flop (didn't bet)
Seat 3: Unipoker11 showed [Jh Th] and won ($12.05) with a pair of Tens
Seat 4: xxxZeka folded before Flop (didn't bet)
Seat 5: I TAKE IT 85 (button) folded before Flop (didn't bet)
Seat 6: BronsonJC (small blind) folded before Flop



PokerStars Hand #254550275273:  Hold'em No Limit ($0.50/$1.00 USD) - 2025/01/25 19:57:11 WET [2025/01/25 14:57:11 ET]
Table 'Poincare IV' 6-max Seat #6 is the button
Seat 1: ricke1301 ($84.39 in chips) 
Seat 2: K.Antagonist ($103 in chips) 
Seat 3: Unipoker11 ($109.96 in chips) 
Seat 4: xxxZeka ($100 in chips) 
Seat 5: I TAKE IT 85 ($148.46 in chips) 
Seat 6: BronsonJC ($100 in chips) 
ricke1301: posts small blind $0.50
K.Antagonist: posts big blind $1
*** HOLE CARDS ***
Unipoker11: folds 
xxxZeka: folds 
I TAKE IT 85: raises $1.05 to $2.05
BronsonJC: folds 
ricke1301: folds 
K.Antagonist: folds 
Uncalled bet ($1.05) returned to I TAKE IT 85
I TAKE IT 85 collected $2.50 from pot
I TAKE IT 85: doesn't show hand 
*** SUMMARY ***
Total pot $2.50 | Rake $0 
Seat 1: ricke1301 (small blind) folded before Flop
Seat 2: K.Antagonist (big blind) folded before Flop
Seat 3: Unipoker11 folded before Flop (didn't bet)
Seat 4: xxxZeka folded before Flop (didn't bet)
Seat 5: I TAKE IT 85 collected ($2.50)
Seat 6: BronsonJC (button) folded before Flop (didn't bet)



PokerStars Hand #254550278787:  Hold'em No Limit ($0.50/$1.00 USD) - 2025/01/25 19:57:29 WET [2025/01/25 14:57:29 ET]
Table 'Poincare IV' 6-max Seat #1 is the button
Seat 1: ricke1301 ($83.89 in chips) 
Seat 2: K.Antagonist ($102 in chips) 
Seat 3: Unipoker11 ($109.96 in chips) 
Seat 4: xxxZeka ($100 in chips) 
Seat 5: I TAKE IT 85 ($149.96 in chips) 
Seat 6: BronsonJC ($100 in chips) 
K.Antagonist: posts small blind $0.50
Unipoker11: posts big blind $1
*** HOLE CARDS ***
xxxZeka: folds 
I TAKE IT 85: folds 
BronsonJC: raises $1.50 to $2.50
ricke1301: calls $2.50
K.Antagonist: folds 
Unipoker11: folds 
*** FLOP *** [Jh 9s Ad]
BronsonJC: checks 
ricke1301: checks 
*** TURN *** [Jh 9s Ad] [Ah]
BronsonJC: bets $7.73
ricke1301: folds 
Uncalled bet ($7.73) returned to BronsonJC
BronsonJC collected $6.18 from pot
BronsonJC: doesn't show hand 
*** SUMMARY ***
Total pot $6.50 | Rake $0.32 
Board [Jh 9s Ad Ah]
Seat 1: ricke1301 (button) folded on the Turn
Seat 2: K.Antagonist (small blind) folded before Flop
Seat 3: Unipoker11 (big blind) folded before Flop
Seat 4: xxxZeka folded before Flop (didn't bet)
Seat 5: I TAKE IT 85 folded before Flop (didn't bet)
Seat 6: BronsonJC collected ($6.18)



PokerStars Hand #254550284165:  Hold'em No Limit ($0.50/$1.00 USD) - 2025/01/25 19:57:56 WET [2025/01/25 14:57:56 ET]
Table 'Poincare IV' 6-max Seat #2 is the button
Seat 1: ricke1301 ($81.39 in chips) 
Seat 2: K.Antagonist ($101.50 in chips) 
Seat 3: Unipoker11 ($108.96 in chips) 
Seat 4: xxxZeka ($100 in chips) 
Seat 5: I TAKE IT 85 ($149.96 in chips) 
Seat 6: BronsonJC ($103.68 in chips) 
Unipoker11: posts small blind $0.50
xxxZeka: posts big blind $1
*** HOLE CARDS ***
I TAKE IT 85: folds 
BronsonJC: folds 
ricke1301: raises $1 to $2
K.Antagonist: raises $5 to $7
Unipoker11: folds 
xxxZeka: folds 
ricke1301: calls $5
*** FLOP *** [7s 3c Ks]
ricke1301: checks 
K.Antagonist: bets $4.86
ricke1301: calls $4.86
*** TURN *** [7s 3c Ks] [5d]
ricke1301: checks 
K.Antagonist: bets $17.97
ricke1301: folds 
Uncalled bet ($17.97) returned to K.Antagonist
K.Antagonist collected $23.96 from pot
K.Antagonist: doesn't show hand 
*** SUMMARY ***
Total pot $25.22 | Rake $1.26 
Board [7s 3c Ks 5d]
Seat 1: ricke1301 folded on the Turn
Seat 2: K.Antagonist (button) collected ($23.96)
Seat 3: Unipoker11 (small blind) folded before Flop
Seat 4: xxxZeka (big blind) folded before Flop
Seat 5: I TAKE IT 85 folded before Flop (didn't bet)
Seat 6: BronsonJC folded before Flop (didn't bet)



PokerStars Hand #254550299388:  Hold'em No Limit ($0.50/$1.00 USD) - 2025/01/25 19:59:13 WET [2025/01/25 14:59:13 ET]
Table 'Poincare IV' 6-max Seat #3 is the button
Seat 1: ricke1301 ($69.53 in chips) 
Seat 2: K.Antagonist ($113.60 in chips) 
Seat 3: Unipoker11 ($108.46 in chips) 
Seat 4: xxxZeka ($100 in chips) 
Seat 5: I TAKE IT 85 ($149.96 in chips) 
Seat 6: BronsonJC ($103.68 in chips) 
xxxZeka: posts small blind $0.50
I TAKE IT 85: posts big blind $1
*** HOLE CARDS ***
BronsonJC: folds 
ricke1301: calls $1
K.Antagonist: folds 
Unipoker11: folds 
xxxZeka: calls $0.50
I TAKE IT 85: checks 
*** FLOP *** [4c Kd 2h]
xxxZeka: checks 
I TAKE IT 85: checks 
ricke1301: bets $2.85
xxxZeka: folds 
I TAKE IT 85: folds 
Uncalled bet ($2.85) returned to ricke1301
ricke1301 collected $2.85 from pot
*** SUMMARY ***
Total pot $3 | Rake $0.15 
Board [4c Kd 2h]
Seat 1: ricke1301 collected ($2.85)
Seat 2: K.Antagonist folded before Flop (didn't bet)
Seat 3: Unipoker11 (button) folded before Flop (didn't bet)
Seat 4: xxxZeka (small blind) folded on the Flop
Seat 5: I TAKE IT 85 (big blind) folded on the Flop
Seat 6: BronsonJC folded before Flop (didn't bet)



PokerStars Hand #254550440460:  Hold'em No Limit ($0.50/$1.00 USD) - 2025/01/25 20:07:49 WET [2025/01/25 15:07:49 ET]
Table 'Poincare IV' 6-max Seat #1 is the button
Seat 1: ricke1301 ($27.50 in chips) 
Seat 2: K.Antagonist ($133.93 in chips) 
Seat 3: Unipoker11 ($111.62 in chips) 
Seat 4: xxxZeka ($107.51 in chips) 
Seat 5: I TAKE IT 85 ($154.89 in chips) 
Seat 6: yzuk ($102.22 in chips) 
K.Antagonist: posts small blind $0.50
Unipoker11: posts big blind $1
*** HOLE CARDS ***
xxxZeka: folds 
I TAKE IT 85: folds 
yzuk: raises $1.50 to $2.50
ricke1301: folds 
K.Antagonist: folds 
Unipoker11: folds 
Uncalled bet ($1.50) returned to yzuk
yzuk collected $2.50 from pot
yzuk: doesn't show hand 
*** SUMMARY ***
Total pot $2.50 | Rake $0 
Seat 1: ricke1301 (button) folded before Flop (didn't bet)
Seat 2: K.Antagonist (small blind) folded before Flop
Seat 3: Unipoker11 (big blind) folded before Flop
Seat 4: xxxZeka folded before Flop (didn't bet)
Seat 5: I TAKE IT 85 folded before Flop (didn't bet)
Seat 6: yzuk collected ($2.50)



PokerStars Hand #254550447173:  Hold'em No Limit ($0.50/$1.00 USD) - 2025/01/25 20:08:11 WET [2025/01/25 15:08:11 ET]
Table 'Poincare IV' 6-max Seat #2 is the button
Seat 1: ricke1301 ($27.50 in chips) 
Seat 2: K.Antagonist ($133.43 in chips) 
Seat 3: Unipoker11 ($110.62 in chips) 
Seat 4: xxxZeka ($107.51 in chips) 
Seat 5: I TAKE IT 85 ($154.89 in chips) 
Seat 6: yzuk ($103.72 in chips) 
Unipoker11: posts small blind $0.50
xxxZeka: posts big blind $1
*** HOLE CARDS ***
I TAKE IT 85: folds 
yzuk: folds 
ricke1301: raises $1 to $2
K.Antagonist: folds 
Unipoker11: folds 
xxxZeka: calls $1
*** FLOP *** [Kd Tc Th]
xxxZeka: checks 
ricke1301: bets $4.28
xxxZeka: calls $4.28
*** TURN *** [Kd Tc Th] [5d]
xxxZeka: checks 
ricke1301: bets $21.22 and is all-in
xxxZeka: calls $21.22
*** RIVER *** [Kd Tc Th 5d] [6d]
*** SHOW DOWN ***
xxxZeka: shows [Kh 4h] (two pair, Kings and Tens)
ricke1301: shows [Ks 9c] (two pair, Kings and Tens - Nine kicker)
ricke1301 collected $53 from pot
*** SUMMARY ***
Total pot $55.50 | Rake $2.50 
Board [Kd Tc Th 5d 6d]
Seat 1: ricke1301 showed [Ks 9c] and won ($53) with two pair, Kings and Tens
Seat 2: K.Antagonist (button) folded before Flop (didn't bet)
Seat 3: Unipoker11 (small blind) folded before Flop
Seat 4: xxxZeka (big blind) showed [Kh 4h] and lost with two pair, Kings and Tens
Seat 5: I TAKE IT 85 folded before Flop (didn't bet)
Seat 6: yzuk folded before Flop (didn't bet)



PokerStars Hand #254550961819:  Hold'em No Limit ($0.50/$1.00 USD) - 2025/01/25 20:09:00 WET [2025/01/25 15:09:00 ET]
Table 'Poincare IV' 6-max Seat #3 is the button
Seat 1: ricke1301 ($53 in chips) 
Seat 2: K.Antagonist ($133.43 in chips) 
Seat 3: Unipoker11 ($110.12 in chips) 
Seat 4: xxxZeka ($100 in chips) 
Seat 5: I TAKE IT 85 ($154.89 in chips) 
Seat 6: yzuk ($103.72 in chips) 
xxxZeka: posts small blind $0.50
I TAKE IT 85: posts big blind $1
*** HOLE CARDS ***
yzuk: folds 
ricke1301: calls $1
K.Antagonist: raises $3 to $4
Unipoker11: folds 
xxxZeka: folds 
I TAKE IT 85: raises $8 to $12
ricke1301: folds 
K.Antagonist: calls $8
*** FLOP *** [Qs 4h 6h]
I TAKE IT 85: bets $9.20
K.Antagonist: calls $9.20
*** TURN *** [Qs 4h 6h] [Jd]
I TAKE IT 85: bets $29.19
K.Antagonist: calls $29.19
*** RIVER *** [Qs 4h 6h Jd] [Tc]
I TAKE IT 85: checks 
K.Antagonist: checks 
*** SHOW DOWN ***
I TAKE IT 85: shows [Ad Qh] (a pair of Queens)
K.Antagonist: shows [Ac Qc] (a pair of Queens)
I TAKE IT 85 collected $49.89 from pot
K.Antagonist collected $49.89 from pot
*** SUMMARY ***
Total pot $102.28 | Rake $2.50 
Board [Qs 4h 6h Jd Tc]
Seat 1: ricke1301 folded before Flop
Seat 2: K.Antagonist showed [Ac Qc] and won ($49.89) with a pair of Queens
Seat 3: Unipoker11 (button) folded before Flop (didn't bet)
Seat 4: xxxZeka (small blind) folded before Flop
Seat 5: I TAKE IT 85 (big blind) showed [Ad Qh] and won ($49.89) with a pair of Queens
Seat 6: yzuk folded before Flop (didn't bet)



PokerStars Hand #254551007969:  Hold'em No Limit ($0.50/$1.00 USD) - 2025/01/25 20:11:33 WET [2025/01/25 15:11:33 ET]
Table 'Poincare IV' 6-max Seat #4 is the button
Seat 1: ricke1301 ($52 in chips) 
Seat 2: K.Antagonist ($132.93 in chips) 
Seat 3: Unipoker11 ($110.12 in chips) 
Seat 4: xxxZeka ($100 in chips) 
Seat 5: I TAKE IT 85 ($154.39 in chips) 
Seat 6: yzuk ($103.72 in chips) 
I TAKE IT 85: posts small blind $0.50
yzuk: posts big blind $1
*** HOLE CARDS ***
ricke1301: calls $1
K.Antagonist: folds 
Unipoker11: folds 
xxxZeka: folds 
I TAKE IT 85: folds 
yzuk: checks 
*** FLOP *** [2h 4s Jc]
yzuk: bets $1.21
ricke1301: folds 
Uncalled bet ($1.21) returned to yzuk
yzuk collected $2.38 from pot
yzuk: doesn't show hand 
*** SUMMARY ***
Total pot $2.50 | Rake $0.12 
Board [2h 4s Jc]
Seat 1: ricke1301 folded on the Flop
Seat 2: K.Antagonist folded before Flop (didn't bet)
Seat 3: Unipoker11 folded before Flop (didn't bet)
Seat 4: xxxZeka (button) folded before Flop (didn't bet)
Seat 5: I TAKE IT 85 (small blind) folded before Flop
Seat 6: yzuk (big blind) collected ($2.38)



PokerStars Hand #254551017173:  Hold'em No Limit ($0.50/$1.00 USD) - 2025/01/25 20:12:04 WET [2025/01/25 15:12:04 ET]
Table 'Poincare IV' 6-max Seat #5 is the button
Seat 1: ricke1301 ($51 in chips) 
Seat 2: K.Antagonist ($132.93 in chips) 
Seat 3: Unipoker11 ($110.12 in chips) 
Seat 4: xxxZeka ($100 in chips) 
Seat 5: I TAKE IT 85 ($153.89 in chips) 
Seat 6: yzuk ($105.10 in chips) 
yzuk: posts small blind $0.50
ricke1301: posts big blind $1
*** HOLE CARDS ***
K.Antagonist: folds 
Unipoker11: raises $1 to $2
xxxZeka: folds 
I TAKE IT 85: raises $5 to $7
yzuk: folds 
ricke1301: calls $6
Unipoker11: folds 
*** FLOP *** [9h 7c Js]
ricke1301: checks 
I TAKE IT 85: checks 
*** TURN *** [9h 7c Js] [7s]
ricke1301: bets $7.84
I TAKE IT 85: calls $7.84
*** RIVER *** [9h 7c Js 7s] [Ac]
ricke1301: checks 
I TAKE IT 85: bets $15.29
ricke1301: folds 
Uncalled bet ($15.29) returned to I TAKE IT 85
I TAKE IT 85 collected $30.57 from pot
I TAKE IT 85: doesn't show hand 
*** SUMMARY ***
Total pot $32.18 | Rake $1.61 
Board [9h 7c Js 7s Ac]
Seat 1: ricke1301 (big blind) folded on the River
Seat 2: K.Antagonist folded before Flop (didn't bet)
Seat 3: Unipoker11 folded before Flop
Seat 4: xxxZeka folded before Flop (didn't bet)
Seat 5: I TAKE IT 85 (button) collected ($30.57)
Seat 6: yzuk (small blind) folded before Flop



PokerStars Hand #254551038883:  Hold'em No Limit ($0.50/$1.00 USD) - 2025/01/25 20:13:17 WET [2025/01/25 15:13:17 ET]
Table 'Poincare IV' 6-max Seat #6 is the button
Seat 1: ricke1301 ($36.16 in chips) 
Seat 2: K.Antagonist ($132.93 in chips) 
Seat 3: Unipoker11 ($108.12 in chips) 
Seat 4: xxxZeka ($100 in chips) 
Seat 5: I TAKE IT 85 ($169.62 in chips) 
Seat 6: yzuk ($104.60 in chips) 
ricke1301: posts small blind $0.50
K.Antagonist: posts big blind $1
*** HOLE CARDS ***
Unipoker11: folds 
xxxZeka: folds 
I TAKE IT 85: raises $1.05 to $2.05
yzuk: folds 
ricke1301: raises $5.10 to $7.15
K.Antagonist: raises $12.85 to $20
I TAKE IT 85: folds 
ricke1301: raises $16.16 to $36.16 and is all-in
K.Antagonist: calls $16.16
*** FLOP *** [3c 4d Th]
*** TURN *** [3c 4d Th] [8h]
*** RIVER *** [3c 4d Th 8h] [3d]
*** SHOW DOWN ***
ricke1301: shows [Qd Qs] (two pair, Queens and Threes)
K.Antagonist: shows [Qc As] (a pair of Threes)
ricke1301 collected $71.87 from pot
*** SUMMARY ***
Total pot $74.37 | Rake $2.50 
Board [3c 4d Th 8h 3d]
Seat 1: ricke1301 (small blind) showed [Qd Qs] and won ($71.87) with two pair, Queens and Threes
Seat 2: K.Antagonist (big blind) showed [Qc As] and lost with a pair of Threes
Seat 3: Unipoker11 folded before Flop (didn't bet)
Seat 4: xxxZeka folded before Flop (didn't bet)
Seat 5: I TAKE IT 85 folded before Flop
Seat 6: yzuk (button) folded before Flop (didn't bet)



PokerStars Hand #254551049830:  Hold'em No Limit ($0.50/$1.00 USD) - 2025/01/25 20:13:54 WET [2025/01/25 15:13:54 ET]
Table 'Poincare IV' 6-max Seat #1 is the button
Seat 1: ricke1301 ($71.87 in chips) 
Seat 2: K.Antagonist ($100 in chips) 
Seat 3: Unipoker11 ($108.12 in chips) 
Seat 4: xxxZeka ($100 in chips) 
Seat 5: I TAKE IT 85 ($167.57 in chips) 
Seat 6: yzuk ($104.60 in chips) 
K.Antagonist: posts small blind $0.50
Unipoker11: posts big blind $1
*** HOLE CARDS ***
xxxZeka: folds 
I TAKE IT 85: folds 
yzuk: folds 
ricke1301: calls $1
K.Antagonist: folds 
Unipoker11: raises $4 to $5
ricke1301: folds 
Uncalled bet ($4) returned to Unipoker11
Unipoker11 collected $2.50 from pot
Unipoker11: doesn't show hand 
*** SUMMARY ***
Total pot $2.50 | Rake $0 
Seat 1: ricke1301 (button) folded before Flop
Seat 2: K.Antagonist (small blind) folded before Flop
Seat 3: Unipoker11 (big blind) collected ($2.50)
Seat 4: xxxZeka folded before Flop (didn't bet)
Seat 5: I TAKE IT 85 folded before Flop (didn't bet)
Seat 6: yzuk folded before Flop (didn't bet)



PokerStars Hand #254551057689:  Hold'em No Limit ($0.50/$1.00 USD) - 2025/01/25 20:14:20 WET [2025/01/25 15:14:20 ET]
Table 'Poincare IV' 6-max Seat #2 is the button
Seat 1: ricke1301 ($70.87 in chips) 
Seat 2: K.Antagonist ($100 in chips) 
Seat 3: Unipoker11 ($109.62 in chips) 
Seat 4: xxxZeka ($100 in chips) 
Seat 5: I TAKE IT 85 ($167.57 in chips) 
Seat 6: yzuk ($104.60 in chips) 
Unipoker11: posts small blind $0.50
xxxZeka: posts big blind $1
*** HOLE CARDS ***
I TAKE IT 85: folds 
yzuk: folds 
ricke1301: calls $1
K.Antagonist: raises $3 to $4
Unipoker11: folds 
xxxZeka: folds 
ricke1301: folds 
Uncalled bet ($3) returned to K.Antagonist
K.Antagonist collected $3.50 from pot
K.Antagonist: doesn't show hand 
*** SUMMARY ***
Total pot $3.50 | Rake $0 
Seat 1: ricke1301 folded before Flop
Seat 2: K.Antagonist (button) collected ($3.50)
Seat 3: Unipoker11 (small blind) folded before Flop
Seat 4: xxxZeka (big blind) folded before Flop
Seat 5: I TAKE IT 85 folded before Flop (didn't bet)
Seat 6: yzuk folded before Flop (didn't bet)



PokerStars Hand #254551064151:  Hold'em No Limit ($0.50/$1.00 USD) - 2025/01/25 20:14:41 WET [2025/01/25 15:14:41 ET]
Table 'Poincare IV' 6-max Seat #3 is the button
Seat 1: ricke1301 ($69.87 in chips) 
Seat 2: K.Antagonist ($102.50 in chips) 
Seat 3: Unipoker11 ($109.12 in chips) 
Seat 4: xxxZeka ($100 in chips) 
Seat 5: I TAKE IT 85 ($167.57 in chips) 
Seat 6: yzuk ($104.60 in chips) 
xxxZeka: posts small blind $0.50
I TAKE IT 85: posts big blind $1
*** HOLE CARDS ***
yzuk: folds 
ricke1301: raises $2 to $3
K.Antagonist: folds 
Unipoker11: raises $6 to $9
xxxZeka: folds 
I TAKE IT 85: folds 
ricke1301: calls $6
*** FLOP *** [2c Qh 3d]
ricke1301: checks 
Unipoker11: bets $4.63
ricke1301: calls $4.63
*** TURN *** [2c Qh 3d] [8c]
ricke1301: checks 
Unipoker11: checks 
*** RIVER *** [2c Qh 3d 8c] [2h]
ricke1301: bets $15.66
Unipoker11: calls $15.66
*** SHOW DOWN ***
ricke1301: shows [Ac 9c] (a pair of Deuces)
Unipoker11: shows [As Kc] (a pair of Deuces - Ace+King kicker)
Unipoker11 collected $57.58 from pot
*** SUMMARY ***
Total pot $60.08 | Rake $2.50 
Board [2c Qh 3d 8c 2h]
Seat 1: ricke1301 showed [Ac 9c] and lost with a pair of Deuces
Seat 2: K.Antagonist folded before Flop (didn't bet)
Seat 3: Unipoker11 (button) showed [As Kc] and won ($57.58) with a pair of Deuces
Seat 4: xxxZeka (small blind) folded before Flop
Seat 5: I TAKE IT 85 (big blind) folded before Flop
Seat 6: yzuk folded before Flop (didn't bet)



PokerStars Hand #254551085261:  Hold'em No Limit ($0.50/$1.00 USD) - 2025/01/25 20:15:51 WET [2025/01/25 15:15:51 ET]
Table 'Poincare IV' 6-max Seat #4 is the button
Seat 1: ricke1301 ($40.58 in chips) 
Seat 2: K.Antagonist ($102.50 in chips) 
Seat 3: Unipoker11 ($137.41 in chips) 
Seat 4: xxxZeka ($100 in chips) 
Seat 5: I TAKE IT 85 ($166.57 in chips) 
Seat 6: yzuk ($104.60 in chips) 
I TAKE IT 85: posts small blind $0.50
yzuk: posts big blind $1
*** HOLE CARDS ***
ricke1301: raises $2.50 to $3.50
K.Antagonist: folds 
Unipoker11: folds 
xxxZeka: folds 
I TAKE IT 85: folds 
yzuk: folds 
Uncalled bet ($2.50) returned to ricke1301
ricke1301 collected $2.50 from pot
*** SUMMARY ***
Total pot $2.50 | Rake $0 
Seat 1: ricke1301 collected ($2.50)
Seat 2: K.Antagonist folded before Flop (didn't bet)
Seat 3: Unipoker11 folded before Flop (didn't bet)
Seat 4: xxxZeka (button) folded before Flop (didn't bet)
Seat 5: I TAKE IT 85 (small blind) folded before Flop
Seat 6: yzuk (big blind) folded before Flop



PokerStars Hand #254551093724:  Hold'em No Limit ($0.50/$1.00 USD) - 2025/01/25 20:16:19 WET [2025/01/25 15:16:19 ET]
Table 'Poincare IV' 6-max Seat #5 is the button
Seat 1: ricke1301 ($42.08 in chips) 
Seat 2: K.Antagonist ($102.50 in chips) 
Seat 3: Unipoker11 ($137.41 in chips) 
Seat 4: xxxZeka ($100 in chips) 
Seat 5: I TAKE IT 85 ($166.07 in chips) 
Seat 6: yzuk ($103.60 in chips) 
yzuk: posts small blind $0.50
ricke1301: posts big blind $1
*** HOLE CARDS ***
K.Antagonist: folds 
Unipoker11: folds 
xxxZeka: folds 
I TAKE IT 85: folds 
yzuk: folds 
Uncalled bet ($0.50) returned to ricke1301
ricke1301 collected $1 from pot
*** SUMMARY ***
Total pot $1 | Rake $0 
Seat 1: ricke1301 (big blind) collected ($1)
Seat 2: K.Antagonist folded before Flop (didn't bet)
Seat 3: Unipoker11 folded before Flop (didn't bet)
Seat 4: xxxZeka folded before Flop (didn't bet)
Seat 5: I TAKE IT 85 (button) folded before Flop (didn't bet)
Seat 6: yzuk (small blind) folded before Flop



PokerStars Hand #254551096663:  Hold'em No Limit ($0.50/$1.00 USD) - 2025/01/25 20:16:29 WET [2025/01/25 15:16:29 ET]
Table 'Poincare IV' 6-max Seat #6 is the button
Seat 1: ricke1301 ($42.58 in chips) 
Seat 2: K.Antagonist ($102.50 in chips) 
Seat 3: Unipoker11 ($137.41 in chips) 
Seat 4: xxxZeka ($100 in chips) 
Seat 5: I TAKE IT 85 ($166.07 in chips) 
Seat 6: yzuk ($103.10 in chips) 
ricke1301: posts small blind $0.50
K.Antagonist: posts big blind $1
*** HOLE CARDS ***
Unipoker11: folds 
xxxZeka: folds 
I TAKE IT 85: folds 
yzuk: folds 
ricke1301: raises $2 to $3
K.Antagonist: folds 
Uncalled bet ($2) returned to ricke1301
ricke1301 collected $2 from pot
*** SUMMARY ***
Total pot $2 | Rake $0 
Seat 1: ricke1301 (small blind) collected ($2)
Seat 2: K.Antagonist (big blind) folded before Flop
Seat 3: Unipoker11 folded before Flop (didn't bet)
Seat 4: xxxZeka folded before Flop (didn't bet)
Seat 5: I TAKE IT 85 folded before Flop (didn't bet)
Seat 6: yzuk (button) folded before Flop (didn't bet)



PokerStars Hand #254551102238:  Hold'em No Limit ($0.50/$1.00 USD) - 2025/01/25 20:16:48 WET [2025/01/25 15:16:48 ET]
Table 'Poincare IV' 6-max Seat #1 is the button
Seat 1: ricke1301 ($43.58 in chips) 
Seat 2: K.Antagonist ($101.50 in chips) 
Seat 3: Unipoker11 ($137.41 in chips) 
Seat 4: xxxZeka ($100 in chips) 
Seat 5: I TAKE IT 85 ($166.07 in chips) 
Seat 6: yzuk ($103.10 in chips) 
K.Antagonist: posts small blind $0.50
Unipoker11: posts big blind $1
*** HOLE CARDS ***
xxxZeka: folds 
I TAKE IT 85: folds 
yzuk: folds 
ricke1301: raises $2 to $3
K.Antagonist: folds 
Unipoker11: calls $2
*** FLOP *** [6h Kc Ad]
Unipoker11: checks 
ricke1301: bets $3.09
Unipoker11: calls $3.09
*** TURN *** [6h Kc Ad] [2d]
Unipoker11: checks 
ricke1301: checks 
*** RIVER *** [6h Kc Ad 2d] [7d]
Unipoker11: checks 
ricke1301: checks 
*** SHOW DOWN ***
Unipoker11: shows [9d As] (a pair of Aces)
ricke1301: mucks hand 
Unipoker11 collected $12.05 from pot
*** SUMMARY ***
Total pot $12.68 | Rake $0.63 
Board [6h Kc Ad 2d 7d]
Seat 1: ricke1301 (button) mucked
Seat 2: K.Antagonist (small blind) folded before Flop
Seat 3: Unipoker11 (big blind) showed [9d As] and won ($12.05) with a pair of Aces
Seat 4: xxxZeka folded before Flop (didn't bet)
Seat 5: I TAKE IT 85 folded before Flop (didn't bet)
Seat 6: yzuk folded before Flop (didn't bet)



PokerStars Hand #254551113941:  Hold'em No Limit ($0.50/$1.00 USD) - 2025/01/25 20:17:27 WET [2025/01/25 15:17:27 ET]
Table 'Poincare IV' 6-max Seat #2 is the button
Seat 1: ricke1301 ($37.49 in chips) 
Seat 2: K.Antagonist ($101 in chips) 
Seat 3: Unipoker11 ($143.37 in chips) 
Seat 4: xxxZeka ($100 in chips) 
Seat 5: I TAKE IT 85 ($166.07 in chips) 
Seat 6: yzuk ($103.10 in chips) 
Unipoker11: posts small blind $0.50
xxxZeka: posts big blind $1
*** HOLE CARDS ***
I TAKE IT 85: folds 
yzuk: folds 
ricke1301: calls $1
K.Antagonist: folds 
Unipoker11: raises $4 to $5
xxxZeka: folds 
ricke1301: folds 
Uncalled bet ($4) returned to Unipoker11
Unipoker11 collected $3 from pot
Unipoker11: doesn't show hand 
*** SUMMARY ***
Total pot $3 | Rake $0 
Seat 1: ricke1301 folded before Flop
Seat 2: K.Antagonist (button) folded before Flop (didn't bet)
Seat 3: Unipoker11 (small blind) collected ($3)
Seat 4: xxxZeka (big blind) folded before Flop
Seat 5: I TAKE IT 85 folded before Flop (didn't bet)
Seat 6: yzuk folded before Flop (didn't bet)



PokerStars Hand #254551124012:  Hold'em No Limit ($0.50/$1.00 USD) - 2025/01/25 20:18:01 WET [2025/01/25 15:18:01 ET]
Table 'Poincare IV' 6-max Seat #3 is the button
Seat 1: ricke1301 ($36.49 in chips) 
Seat 2: K.Antagonist ($101 in chips) 
Seat 3: Unipoker11 ($145.37 in chips) 
Seat 4: xxxZeka ($100 in chips) 
Seat 5: I TAKE IT 85 ($166.07 in chips) 
Seat 6: yzuk ($103.10 in chips) 
xxxZeka: posts small blind $0.50
I TAKE IT 85: posts big blind $1
*** HOLE CARDS ***
yzuk: folds 
ricke1301: raises $1 to $2
K.Antagonist: folds 
Unipoker11: folds 
xxxZeka: folds 
I TAKE IT 85: folds 
Uncalled bet ($1) returned to ricke1301
ricke1301 collected $2.50 from pot
*** SUMMARY ***
Total pot $2.50 | Rake $0 
Seat 1: ricke1301 collected ($2.50)
Seat 2: K.Antagonist folded before Flop (didn't bet)
Seat 3: Unipoker11 (button) folded before Flop (didn't bet)
Seat 4: xxxZeka (small blind) folded before Flop
Seat 5: I TAKE IT 85 (big blind) folded before Flop
Seat 6: yzuk folded before Flop (didn't bet)



PokerStars Hand #254551131816:  Hold'em No Limit ($0.50/$1.00 USD) - 2025/01/25 20:18:27 WET [2025/01/25 15:18:27 ET]
Table 'Poincare IV' 6-max Seat #4 is the button
Seat 1: ricke1301 ($37.99 in chips) 
Seat 2: K.Antagonist ($101 in chips) 
Seat 3: Unipoker11 ($145.37 in chips) 
Seat 4: xxxZeka ($100 in chips) 
Seat 5: I TAKE IT 85 ($165.07 in chips) 
Seat 6: yzuk ($103.10 in chips) 
I TAKE IT 85: posts small blind $0.50
yzuk: posts big blind $1
*** HOLE CARDS ***
ricke1301: calls $1
K.Antagonist: folds 
Unipoker11: folds 
xxxZeka: raises $3 to $4
I TAKE IT 85: folds 
yzuk: folds 
ricke1301: calls $3
*** FLOP *** [6h 6c Qh]
ricke1301: checks 
xxxZeka: bets $2.98
ricke1301: folds 
Uncalled bet ($2.98) returned to xxxZeka
xxxZeka collected $9.02 from pot
xxxZeka: doesn't show hand 
*** SUMMARY ***
Total pot $9.50 | Rake $0.48 
Board [6h 6c Qh]
Seat 1: ricke1301 folded on the Flop
Seat 2: K.Antagonist folded before Flop (didn't bet)
Seat 3: Unipoker11 folded before Flop (didn't bet)
Seat 4: xxxZeka (button) collected ($9.02)
Seat 5: I TAKE IT 85 (small blind) folded before Flop
Seat 6: yzuk (big blind) folded before Flop



PokerStars Hand #254551149096:  Hold'em No Limit ($0.50/$1.00 USD) - 2025/01/25 20:19:25 WET [2025/01/25 15:19:25 ET]
Table 'Poincare IV' 6-max Seat #5 is the button
Seat 1: ricke1301 ($33.99 in chips) 
Seat 2: K.Antagonist ($101 in chips) 
Seat 3: Unipoker11 ($145.37 in chips) 
Seat 4: xxxZeka ($105.02 in chips) 
Seat 5: I TAKE IT 85 ($164.57 in chips) 
Seat 6: yzuk ($102.10 in chips) 
yzuk: posts small blind $0.50
ricke1301: posts big blind $1
*** HOLE CARDS ***
K.Antagonist: folds 
Unipoker11: folds 
xxxZeka: folds 
I TAKE IT 85: raises $1.05 to $2.05
yzuk: folds 
ricke1301: calls $1.05
*** FLOP *** [7s 4h 8c]
ricke1301: bets $4.37
I TAKE IT 85: calls $4.37
*** TURN *** [7s 4h 8c] [7d]
ricke1301: bets $27.57 and is all-in
I TAKE IT 85: folds 
Uncalled bet ($27.57) returned to ricke1301
ricke1301 collected $12.67 from pot
*** SUMMARY ***
Total pot $13.34 | Rake $0.67 
Board [7s 4h 8c 7d]
Seat 1: ricke1301 (big blind) collected ($12.67)
Seat 2: K.Antagonist folded before Flop (didn't bet)
Seat 3: Unipoker11 folded before Flop (didn't bet)
Seat 4: xxxZeka folded before Flop (didn't bet)
Seat 5: I TAKE IT 85 (button) folded on the Turn
Seat 6: yzuk (small blind) folded before Flop



PokerStars Hand #254551164715:  Hold'em No Limit ($0.50/$1.00 USD) - 2025/01/25 20:20:17 WET [2025/01/25 15:20:17 ET]
Table 'Poincare IV' 6-max Seat #6 is the button
Seat 1: ricke1301 ($40.24 in chips) 
Seat 2: K.Antagonist ($101 in chips) 
Seat 3: Unipoker11 ($145.37 in chips) 
Seat 4: xxxZeka ($105.02 in chips) 
Seat 5: I TAKE IT 85 ($158.15 in chips) 
Seat 6: yzuk ($101.60 in chips) 
ricke1301: posts small blind $0.50
K.Antagonist: posts big blind $1
*** HOLE CARDS ***
Unipoker11: raises $1 to $2
xxxZeka: folds 
I TAKE IT 85: folds 
yzuk: folds 
ricke1301: folds 
K.Antagonist: folds 
Uncalled bet ($1) returned to Unipoker11
Unipoker11 collected $2.50 from pot
Unipoker11: doesn't show hand 
*** SUMMARY ***
Total pot $2.50 | Rake $0 
Seat 1: ricke1301 (small blind) folded before Flop
Seat 2: K.Antagonist (big blind) folded before Flop
Seat 3: Unipoker11 collected ($2.50)
Seat 4: xxxZeka folded before Flop (didn't bet)
Seat 5: I TAKE IT 85 folded before Flop (didn't bet)
Seat 6: yzuk (button) folded before Flop (didn't bet)



PokerStars Hand #254551171364:  Hold'em No Limit ($0.50/$1.00 USD) - 2025/01/25 20:20:39 WET [2025/01/25 15:20:39 ET]
Table 'Poincare IV' 6-max Seat #1 is the button
Seat 1: ricke1301 ($39.74 in chips) 
Seat 2: K.Antagonist ($100 in chips) 
Seat 3: Unipoker11 ($146.87 in chips) 
Seat 4: xxxZeka ($105.02 in chips) 
Seat 5: I TAKE IT 85 ($158.15 in chips) 
Seat 6: yzuk ($101.60 in chips) 
K.Antagonist: posts small blind $0.50
Unipoker11: posts big blind $1
*** HOLE CARDS ***
xxxZeka: raises $1.50 to $2.50
I TAKE IT 85: folds 
yzuk: folds 
ricke1301: calls $2.50
K.Antagonist: folds 
Unipoker11: folds 
*** FLOP *** [4c Qh Kd]
xxxZeka: bets $2
ricke1301: calls $2
*** TURN *** [4c Qh Kd] [Qd]
xxxZeka: checks 
ricke1301: bets $4.99
xxxZeka: calls $4.99
*** RIVER *** [4c Qh Kd Qd] [4s]
xxxZeka: checks 
ricke1301: checks 
*** SHOW DOWN ***
xxxZeka: shows [Jh Js] (two pair, Queens and Jacks)
ricke1301: mucks hand 
xxxZeka collected $19.46 from pot
*** SUMMARY ***
Total pot $20.48 | Rake $1.02 
Board [4c Qh Kd Qd 4s]
Seat 1: ricke1301 (button) mucked
Seat 2: K.Antagonist (small blind) folded before Flop
Seat 3: Unipoker11 (big blind) folded before Flop
Seat 4: xxxZeka showed [Jh Js] and won ($19.46) with two pair, Queens and Jacks
Seat 5: I TAKE IT 85 folded before Flop (didn't bet)
Seat 6: yzuk folded before Flop (didn't bet)



PokerStars Hand #254551189585:  Hold'em No Limit ($0.50/$1.00 USD) - 2025/01/25 20:21:40 WET [2025/01/25 15:21:40 ET]
Table 'Poincare IV' 6-max Seat #2 is the button
Seat 1: ricke1301 ($30.25 in chips) 
Seat 2: K.Antagonist ($100 in chips) 
Seat 3: Unipoker11 ($145.87 in chips) 
Seat 4: xxxZeka ($114.99 in chips) 
Seat 5: I TAKE IT 85 ($158.15 in chips) 
Seat 6: yzuk ($101.60 in chips) 
Unipoker11: posts small blind $0.50
xxxZeka: posts big blind $1
*** HOLE CARDS ***
I TAKE IT 85: folds 
yzuk: raises $1.50 to $2.50
ricke1301: folds 
K.Antagonist: folds 
Unipoker11: folds 
xxxZeka: folds 
Uncalled bet ($1.50) returned to yzuk
yzuk collected $2.50 from pot
yzuk: doesn't show hand 
*** SUMMARY ***
Total pot $2.50 | Rake $0 
Seat 1: ricke1301 folded before Flop (didn't bet)
Seat 2: K.Antagonist (button) folded before Flop (didn't bet)
Seat 3: Unipoker11 (small blind) folded before Flop
Seat 4: xxxZeka (big blind) folded before Flop
Seat 5: I TAKE IT 85 folded before Flop (didn't bet)
Seat 6: yzuk collected ($2.50)



PokerStars Hand #254551197845:  Hold'em No Limit ($0.50/$1.00 USD) - 2025/01/25 20:22:08 WET [2025/01/25 15:22:08 ET]
Table 'Poincare IV' 6-max Seat #3 is the button
Seat 1: ricke1301 ($30.25 in chips) 
Seat 2: K.Antagonist ($100 in chips) 
Seat 3: Unipoker11 ($145.37 in chips) 
Seat 4: xxxZeka ($113.99 in chips) 
Seat 5: I TAKE IT 85 ($158.15 in chips) 
Seat 6: yzuk ($103.10 in chips) 
xxxZeka: posts small blind $0.50
I TAKE IT 85: posts big blind $1
*** HOLE CARDS ***
yzuk: folds 
ricke1301: folds 
K.Antagonist: raises $1.50 to $2.50
Unipoker11: folds 
xxxZeka: folds 
I TAKE IT 85: folds 
Uncalled bet ($1.50) returned to K.Antagonist
K.Antagonist collected $2.50 from pot
K.Antagonist: doesn't show hand 
*** SUMMARY ***
Total pot $2.50 | Rake $0 
Seat 1: ricke1301 folded before Flop (didn't bet)
Seat 2: K.Antagonist collected ($2.50)
Seat 3: Unipoker11 (button) folded before Flop (didn't bet)
Seat 4: xxxZeka (small blind) folded before Flop
Seat 5: I TAKE IT 85 (big blind) folded before Flop
Seat 6: yzuk folded before Flop (didn't bet)



PokerStars Hand #254551201171:  Hold'em No Limit ($0.50/$1.00 USD) - 2025/01/25 20:22:19 WET [2025/01/25 15:22:19 ET]
Table 'Poincare IV' 6-max Seat #4 is the button
Seat 1: ricke1301 ($30.25 in chips) 
Seat 2: K.Antagonist ($101.50 in chips) 
Seat 3: Unipoker11 ($145.37 in chips) 
Seat 4: xxxZeka ($113.49 in chips) 
Seat 5: I TAKE IT 85 ($157.15 in chips) 
Seat 6: yzuk ($103.10 in chips) 
I TAKE IT 85: posts small blind $0.50
yzuk: posts big blind $1
*** HOLE CARDS ***
ricke1301: raises $2 to $3
K.Antagonist: folds 
Unipoker11: folds 
xxxZeka: folds 
I TAKE IT 85: folds 
yzuk: calls $2
*** FLOP *** [Jh 8d 7c]
yzuk: checks 
ricke1301: bets $3.09
yzuk: calls $3.09
*** TURN *** [Jh 8d 7c] [Ad]
yzuk: checks 
ricke1301: bets $12.05
yzuk: folds 
Uncalled bet ($12.05) returned to ricke1301
ricke1301 collected $12.05 from pot
*** SUMMARY ***
Total pot $12.68 | Rake $0.63 
Board [Jh 8d 7c Ad]
Seat 1: ricke1301 collected ($12.05)
Seat 2: K.Antagonist folded before Flop (didn't bet)
Seat 3: Unipoker11 folded before Flop (didn't bet)
Seat 4: xxxZeka (button) folded before Flop (didn't bet)
Seat 5: I TAKE IT 85 (small blind) folded before Flop
Seat 6: yzuk (big blind) folded on the Turn



PokerStars Hand #254551211858:  Hold'em No Limit ($0.50/$1.00 USD) - 2025/01/25 20:22:55 WET [2025/01/25 15:22:55 ET]
Table 'Poincare IV' 6-max Seat #5 is the button
Seat 1: ricke1301 ($36.21 in chips) 
Seat 2: K.Antagonist ($101.50 in chips) 
Seat 3: Unipoker11 ($145.37 in chips) 
Seat 4: xxxZeka ($113.49 in chips) 
Seat 5: I TAKE IT 85 ($156.65 in chips) 
Seat 6: yzuk ($100 in chips) 
yzuk: posts small blind $0.50
ricke1301: posts big blind $1
*** HOLE CARDS ***
K.Antagonist: folds 
Unipoker11: folds 
xxxZeka: folds 
I TAKE IT 85: raises $1.05 to $2.05
yzuk: folds 
ricke1301: calls $1.05
*** FLOP *** [7s 6c 2d]
ricke1301: checks 
I TAKE IT 85: bets $1.66
ricke1301: calls $1.66
*** TURN *** [7s 6c 2d] [5h]
ricke1301: checks 
I TAKE IT 85: checks 
*** RIVER *** [7s 6c 2d 5h] [Kh]
ricke1301: checks 
I TAKE IT 85: bets $5.26
ricke1301: folds 
Uncalled bet ($5.26) returned to I TAKE IT 85
I TAKE IT 85 collected $7.52 from pot
I TAKE IT 85: doesn't show hand 
*** SUMMARY ***
Total pot $7.92 | Rake $0.40 
Board [7s 6c 2d 5h Kh]
Seat 1: ricke1301 (big blind) folded on the River
Seat 2: K.Antagonist folded before Flop (didn't bet)
Seat 3: Unipoker11 folded before Flop (didn't bet)
Seat 4: xxxZeka folded before Flop (didn't bet)
Seat 5: I TAKE IT 85 (button) collected ($7.52)
Seat 6: yzuk (small blind) folded before Flop



PokerStars Hand #254551223410:  Hold'em No Limit ($0.50/$1.00 USD) - 2025/01/25 20:23:35 WET [2025/01/25 15:23:35 ET]
Table 'Poincare IV' 6-max Seat #6 is the button
Seat 1: ricke1301 ($32.50 in chips) 
Seat 2: K.Antagonist ($101.50 in chips) 
Seat 3: Unipoker11 ($145.37 in chips) 
Seat 4: xxxZeka ($113.49 in chips) 
Seat 5: I TAKE IT 85 ($160.46 in chips) 
Seat 6: yzuk ($100 in chips) 
ricke1301: posts small blind $0.50
K.Antagonist: posts big blind $1
*** HOLE CARDS ***
Unipoker11: folds 
xxxZeka: folds 
I TAKE IT 85: raises $1.05 to $2.05
yzuk: folds 
ricke1301: calls $1.55
K.Antagonist: raises $11.95 to $14
I TAKE IT 85: folds 
ricke1301: raises $18.50 to $32.50 and is all-in
K.Antagonist: calls $18.50
*** FLOP *** [5s Qc 9h]
*** TURN *** [5s Qc 9h] [6c]
*** RIVER *** [5s Qc 9h 6c] [Ad]
*** SHOW DOWN ***
ricke1301: shows [Th Jh] (high card Ace)
K.Antagonist: shows [9c 9d] (three of a kind, Nines)
K.Antagonist collected $64.55 from pot
*** SUMMARY ***
Total pot $67.05 | Rake $2.50 
Board [5s Qc 9h 6c Ad]
Seat 1: ricke1301 (small blind) showed [Th Jh] and lost with high card Ace
Seat 2: K.Antagonist (big blind) showed [9c 9d] and won ($64.55) with three of a kind, Nines
Seat 3: Unipoker11 folded before Flop (didn't bet)
Seat 4: xxxZeka folded before Flop (didn't bet)
Seat 5: I TAKE IT 85 folded before Flop
Seat 6: yzuk (button) folded before Flop (didn't bet)



PokerStars Hand #254551236756:  Hold'em No Limit ($0.50/$1.00 USD) - 2025/01/25 20:24:20 WET [2025/01/25 15:24:20 ET]
Table 'Poincare IV' 6-max Seat #2 is the button
Seat 1: ricke1301 ($0 in chips) is sitting out
Seat 4: xxxZeka ($113.49 in chips) is sitting out
Seat 2: K.Antagonist ($133.55 in chips) 
Seat 3: Unipoker11 ($145.37 in chips) 
Seat 5: I TAKE IT 85 ($158.41 in chips) 
Seat 6: yzuk ($100 in chips) 
Unipoker11: posts small blind $0.50
xxxZeka: is sitting out 
I TAKE IT 85: posts big blind $1
*** HOLE CARDS ***
yzuk: folds 
K.Antagonist: folds 
yzuk leaves the table
Unipoker11: folds 
Uncalled bet ($0.50) returned to I TAKE IT 85
I TAKE IT 85 collected $1 from pot
I TAKE IT 85: doesn't show hand 
*** SUMMARY ***
Total pot $1 | Rake $0 
Seat 1: ricke1301
Seat 4: xxxZeka
Seat 2: K.Antagonist (button) folded before Flop (didn't bet)
Seat 3: Unipoker11 (small blind) folded before Flop
Seat 5: I TAKE IT 85 (big blind) collected ($1)
Seat 6: yzuk folded before Flop (didn't bet)



PokerStars Hand #254551240845:  Hold'em No Limit ($0.50/$1.00 USD) - 2025/01/25 20:24:33 WET [2025/01/25 15:24:33 ET]
Table 'Poincare IV' 6-max Seat #3 is the button
Seat 1: ricke1301 ($0 in chips) is sitting out
Seat 4: xxxZeka ($113.49 in chips) is sitting out
Seat 2: K.Antagonist ($133.55 in chips) 
Seat 3: Unipoker11 ($144.87 in chips) 
Seat 5: I TAKE IT 85 ($158.91 in chips) 
I TAKE IT 85: posts small blind $0.50
K.Antagonist: posts big blind $1
*** HOLE CARDS ***
Unipoker11: raises $1.50 to $2.50
BoyLoc0 joins the table at seat #6 
I TAKE IT 85: folds 
K.Antagonist: folds 
Uncalled bet ($1.50) returned to Unipoker11
Unipoker11 collected $2.50 from pot
Unipoker11: doesn't show hand 
*** SUMMARY ***
Total pot $2.50 | Rake $0 
Seat 1: ricke1301
Seat 4: xxxZeka
Seat 2: K.Antagonist (big blind) folded before Flop
Seat 3: Unipoker11 (button) collected ($2.50)
Seat 5: I TAKE IT 85 (small blind) folded before Flop



PokerStars Hand #254551245344:  Hold'em No Limit ($0.50/$1.00 USD) - 2025/01/25 20:24:48 WET [2025/01/25 15:24:48 ET]
Table 'Poincare IV' 6-max Seat #5 is the button
Seat 1: ricke1301 ($0 in chips) is sitting out
Seat 4: xxxZeka ($113.49 in chips) is sitting out
Seat 6: BoyLoc0 ($100 in chips) is sitting out
Seat 2: K.Antagonist ($132.55 in chips) 
Seat 3: Unipoker11 ($146.37 in chips) 
Seat 5: I TAKE IT 85 ($158.41 in chips) 
K.Antagonist: posts small blind $0.50
Unipoker11: posts big blind $1
*** HOLE CARDS ***
I TAKE IT 85: folds 
K.Antagonist: raises $2 to $3
Unipoker11: calls $2
*** FLOP *** [9d 9s 5h]
K.Antagonist: checks 
Unipoker11: checks 
*** TURN *** [9d 9s 5h] [7d]
K.Antagonist: bets $4.28
Unipoker11: calls $4.28
*** RIVER *** [9d 9s 5h 7d] [2h]
K.Antagonist: bets $10.37
Unipoker11: folds 
Uncalled bet ($10.37) returned to K.Antagonist
K.Antagonist collected $13.83 from pot
K.Antagonist: doesn't show hand 
*** SUMMARY ***
Total pot $14.56 | Rake $0.73 
Board [9d 9s 5h 7d 2h]
Seat 1: ricke1301
Seat 4: xxxZeka
Seat 6: BoyLoc0
Seat 2: K.Antagonist (small blind) collected ($13.83)
Seat 3: Unipoker11 (big blind) folded on the River
Seat 5: I TAKE IT 85 (button) folded before Flop (didn't bet)



PokerStars Hand #254551270349:  Hold'em No Limit ($0.50/$1.00 USD) - 2025/01/25 20:26:12 WET [2025/01/25 15:26:12 ET]
Table 'Poincare IV' 6-max Seat #2 is the button
Seat 1: ricke1301 ($0 in chips) is sitting out
Seat 4: xxxZeka ($113.49 in chips) is sitting out
Seat 6: BoyLoc0 ($100 in chips) is sitting out
Seat 2: K.Antagonist ($139.10 in chips) 
Seat 3: Unipoker11 ($139.09 in chips) 
Seat 5: I TAKE IT 85 ($158.41 in chips) 
Unipoker11: posts small blind $0.50
I TAKE IT 85: posts big blind $1
BoyLoc0: sits out 
*** HOLE CARDS ***
K.Antagonist: folds 
Unipoker11: raises $2 to $3
BoyLoc0 leaves the table
I TAKE IT 85: raises $7 to $10
ricke1301 is disconnected 
Unipoker11: folds 
Uncalled bet ($7) returned to I TAKE IT 85
I TAKE IT 85 collected $6 from pot
I TAKE IT 85: doesn't show hand 
*** SUMMARY ***
Total pot $6 | Rake $0 
Seat 1: ricke1301
Seat 4: xxxZeka
Seat 6: BoyLoc0
Seat 2: K.Antagonist (button) folded before Flop (didn't bet)
Seat 3: Unipoker11 (small blind) folded before Flop
Seat 5: I TAKE IT 85 (big blind) collected ($6)



PokerStars Hand #254551280610:  Hold'em No Limit ($0.50/$1.00 USD) - 2025/01/25 20:26:47 WET [2025/01/25 15:26:47 ET]
Table 'Poincare IV' 6-max Seat #3 is the button
Seat 1: ricke1301 ($0 in chips) is sitting out
Seat 4: xxxZeka ($113.49 in chips) is sitting out
Seat 2: K.Antagonist ($139.10 in chips) 
Seat 3: Unipoker11 ($136.09 in chips) 
Seat 5: I TAKE IT 85 ($161.41 in chips) 
I TAKE IT 85: posts small blind $0.50
K.Antagonist: posts big blind $1
*** HOLE CARDS ***
Unipoker11: raises $1.50 to $2.50
I TAKE IT 85: raises $7.50 to $10
K.Antagonist: folds 
Unipoker11: folds 
Uncalled bet ($7.50) returned to I TAKE IT 85
I TAKE IT 85 collected $6 from pot
I TAKE IT 85: doesn't show hand 
*** SUMMARY ***
Total pot $6 | Rake $0 
Seat 1: ricke1301
Seat 4: xxxZeka
Seat 2: K.Antagonist (big blind) folded before Flop
Seat 3: Unipoker11 (button) folded before Flop
Seat 5: I TAKE IT 85 (small blind) collected ($6)



PokerStars Hand #254551292009:  Hold'em No Limit ($0.50/$1.00 USD) - 2025/01/25 20:27:25 WET [2025/01/25 15:27:25 ET]
Table 'Poincare IV' 6-max Seat #5 is the button
Seat 1: ricke1301 ($0 in chips) is sitting out
Seat 4: xxxZeka ($113.49 in chips) is sitting out
Seat 2: K.Antagonist ($138.10 in chips) 
Seat 3: Unipoker11 ($133.59 in chips) 
Seat 5: I TAKE IT 85 ($164.91 in chips) 
K.Antagonist: posts small blind $0.50
Unipoker11: posts big blind $1
xxxZeka: sits out 
*** HOLE CARDS ***
I TAKE IT 85: folds 
K.Antagonist: raises $2 to $3
peter76255 joins the table at seat #6 
peter76255 is disconnected 
Unipoker11: folds 
Uncalled bet ($2) returned to K.Antagonist
K.Antagonist collected $2 from pot
K.Antagonist: doesn't show hand 
*** SUMMARY ***
Total pot $2 | Rake $0 
Seat 1: ricke1301
Seat 4: xxxZeka
Seat 2: K.Antagonist (small blind) collected ($2)
Seat 3: Unipoker11 (big blind) folded before Flop
Seat 5: I TAKE IT 85 (button) folded before Flop (didn't bet)



PokerStars Hand #254551295536:  Hold'em No Limit ($0.50/$1.00 USD) - 2025/01/25 20:27:37 WET [2025/01/25 15:27:37 ET]
Table 'Poincare IV' 6-max Seat #2 is the button
Seat 1: ricke1301 ($0 in chips) is sitting out
Seat 2: K.Antagonist ($139.10 in chips) 
Seat 3: Unipoker11 ($132.59 in chips) 
Seat 4: xxxZeka ($113.49 in chips) 
Seat 5: I TAKE IT 85 ($164.91 in chips) 
Seat 6: peter76255 ($65.88 in chips) 
Unipoker11: posts small blind $0.50
xxxZeka: posts big blind $1
peter76255: posts big blind $1
*** HOLE CARDS ***
I TAKE IT 85: folds 
peter76255: checks 
K.Antagonist: raises $3 to $4
Unipoker11: folds 
xxxZeka: folds 
peter76255: folds 
Uncalled bet ($3) returned to K.Antagonist
K.Antagonist collected $3.50 from pot
K.Antagonist: doesn't show hand 
*** SUMMARY ***
Total pot $3.50 | Rake $0 
Seat 1: ricke1301
Seat 2: K.Antagonist (button) collected ($3.50)
Seat 3: Unipoker11 (small blind) folded before Flop
Seat 4: xxxZeka (big blind) folded before Flop
Seat 5: I TAKE IT 85 folded before Flop (didn't bet)
Seat 6: peter76255 folded before Flop (didn't bet)



PokerStars Hand #254551301682:  Hold'em No Limit ($0.50/$1.00 USD) - 2025/01/25 20:27:57 WET [2025/01/25 15:27:57 ET]
Table 'Poincare IV' 6-max Seat #3 is the button
Seat 1: ricke1301 ($0 in chips) is sitting out
Seat 5: I TAKE IT 85 ($164.91 in chips) is sitting out
Seat 2: K.Antagonist ($141.60 in chips) 
Seat 3: Unipoker11 ($132.09 in chips) 
Seat 4: xxxZeka ($112.49 in chips) 
Seat 6: peter76255 ($64.88 in chips) 
xxxZeka: posts small blind $0.50
I TAKE IT 85: is sitting out 
peter76255: posts big blind $1
*** HOLE CARDS ***
K.Antagonist: folds 
Unipoker11: folds 
xxxZeka: raises $2 to $3
peter76255: calls $2
*** FLOP *** [Kh 4s 7s]
xxxZeka: bets $1.88
peter76255: calls $1.88
*** TURN *** [Kh 4s 7s] [5c]
xxxZeka: checks 
peter76255: bets $4.64
xxxZeka: calls $4.64
*** RIVER *** [Kh 4s 7s 5c] [Ad]
xxxZeka: checks 
peter76255: checks 
*** SHOW DOWN ***
xxxZeka: shows [Js Jh] (a pair of Jacks)
peter76255: mucks hand 
xxxZeka collected $18.09 from pot
*** SUMMARY ***
Total pot $19.04 | Rake $0.95 
Board [Kh 4s 7s 5c Ad]
Seat 1: ricke1301
Seat 5: I TAKE IT 85
Seat 2: K.Antagonist folded before Flop (didn't bet)
Seat 3: Unipoker11 (button) folded before Flop (didn't bet)
Seat 4: xxxZeka (small blind) showed [Js Jh] and won ($18.09) with a pair of Jacks
Seat 6: peter76255 (big blind) mucked



PokerStars Hand #254551312971:  Hold'em No Limit ($0.50/$1.00 USD) - 2025/01/25 20:28:35 WET [2025/01/25 15:28:35 ET]
Table 'Poincare IV' 6-max Seat #4 is the button
Seat 1: ricke1301 ($0 in chips) is sitting out
Seat 5: I TAKE IT 85 ($164.91 in chips) is sitting out
Seat 2: K.Antagonist ($141.60 in chips) 
Seat 3: Unipoker11 ($132.09 in chips) 
Seat 4: xxxZeka ($121.06 in chips) 
Seat 6: peter76255 ($55.36 in chips) 
peter76255: posts small blind $0.50
K.Antagonist: posts big blind $1
*** HOLE CARDS ***
Unipoker11: folds 
xxxZeka: folds 
peter76255: calls $0.50
K.Antagonist: raises $3 to $4
peter76255: calls $3
*** FLOP *** [9h Qc Qs]
peter76255: checks 
K.Antagonist: bets $2.51
peter76255: calls $2.51
*** TURN *** [9h Qc Qs] [8h]
peter76255: checks 
K.Antagonist: checks 
*** RIVER *** [9h Qc Qs 8h] [6c]
peter76255: bets $6.19
K.Antagonist: calls $6.19
*** SHOW DOWN ***
peter76255: shows [2c 2d] (two pair, Queens and Deuces)
K.Antagonist: mucks hand 
peter76255 collected $24.40 from pot
*** SUMMARY ***
Total pot $25.40 | Rake $1 
Board [9h Qc Qs 8h 6c]
Seat 1: ricke1301
Seat 5: I TAKE IT 85
Seat 2: K.Antagonist (big blind) mucked
Seat 3: Unipoker11 folded before Flop (didn't bet)
Seat 4: xxxZeka (button) folded before Flop (didn't bet)
Seat 6: peter76255 (small blind) showed [2c 2d] and won ($24.40) with two pair, Queens and Deuces



PokerStars Hand #254551330900:  Hold'em No Limit ($0.50/$1.00 USD) - 2025/01/25 20:29:35 WET [2025/01/25 15:29:35 ET]
Table 'Poincare IV' 6-max Seat #6 is the button
Seat 1: ricke1301 ($0 in chips) is sitting out
Seat 5: I TAKE IT 85 ($164.91 in chips) is sitting out
Seat 2: K.Antagonist ($128.90 in chips) 
Seat 3: Unipoker11 ($132.09 in chips) 
Seat 4: xxxZeka ($121.06 in chips) 
Seat 6: peter76255 ($67.06 in chips) 
K.Antagonist: posts small blind $0.50
Unipoker11: posts big blind $1
I TAKE IT 85: sits out 
*** HOLE CARDS ***
xxxZeka: folds 
peter76255: calls $1
K.Antagonist: folds 
Unipoker11: checks 
*** FLOP *** [2c Kd 9h]
Unipoker11: checks 
peter76255: checks 
*** TURN *** [2c Kd 9h] [Jc]
Unipoker11: checks 
peter76255: checks 
*** RIVER *** [2c Kd 9h Jc] [Qs]
Unipoker11: checks 
peter76255: checks 
*** SHOW DOWN ***
Unipoker11: shows [7s 3h] (high card King)
peter76255: shows [4s 4c] (a pair of Fours)
peter76255 collected $2.38 from pot
*** SUMMARY ***
Total pot $2.50 | Rake $0.12 
Board [2c Kd 9h Jc Qs]
Seat 1: ricke1301
Seat 5: I TAKE IT 85
Seat 2: K.Antagonist (small blind) folded before Flop
Seat 3: Unipoker11 (big blind) showed [7s 3h] and lost with high card King
Seat 4: xxxZeka folded before Flop (didn't bet)
Seat 6: peter76255 (button) showed [4s 4c] and won ($2.38) with a pair of Fours



PokerStars Hand #254551338475:  Hold'em No Limit ($0.50/$1.00 USD) - 2025/01/25 20:30:00 WET [2025/01/25 15:30:00 ET]
Table 'Poincare IV' 6-max Seat #2 is the button
Seat 1: ricke1301 ($0 in chips) is sitting out
Seat 5: I TAKE IT 85 ($164.91 in chips) is sitting out
Seat 2: K.Antagonist ($128.40 in chips) 
Seat 3: Unipoker11 ($131.09 in chips) 
Seat 4: xxxZeka ($121.06 in chips) 
Seat 6: peter76255 ($68.44 in chips) 
Unipoker11: posts small blind $0.50
xxxZeka: posts big blind $1
I TAKE IT 85: sits out 
*** HOLE CARDS ***
peter76255: folds 
K.Antagonist: folds 
Unipoker11: raises $2 to $3
xxxZeka: raises $6 to $9
Unipoker11: raises $13.50 to $22.50
xxxZeka: calls $13.50
*** FLOP *** [Tc 7c 9h]
Unipoker11: checks 
xxxZeka: bets $15
Unipoker11: calls $15
*** TURN *** [Tc 7c 9h] [2c]
Unipoker11: checks 
xxxZeka: bets $62
Unipoker11: folds 
Uncalled bet ($62) returned to xxxZeka
xxxZeka collected $74 from pot
xxxZeka: doesn't show hand 
*** SUMMARY ***
Total pot $75 | Rake $1 
Board [Tc 7c 9h 2c]
Seat 1: ricke1301
Seat 5: I TAKE IT 85
Seat 2: K.Antagonist (button) folded before Flop (didn't bet)
Seat 3: Unipoker11 (small blind) folded on the Turn
Seat 4: xxxZeka (big blind) collected ($74)
Seat 6: peter76255 folded before Flop (didn't bet)



PokerStars Hand #254551383834:  Hold'em No Limit ($0.50/$1.00 USD) - 2025/01/25 20:32:33 WET [2025/01/25 15:32:33 ET]
Table 'Poincare IV' 6-max Seat #3 is the button
Seat 1: ricke1301 ($0 in chips) is sitting out
Seat 2: K.Antagonist ($128.40 in chips) 
Seat 3: Unipoker11 ($100 in chips) 
Seat 4: xxxZeka ($157.56 in chips) 
Seat 5: I TAKE IT 85 ($164.91 in chips) 
Seat 6: peter76255 ($68.44 in chips) 
xxxZeka: posts small blind $0.50
I TAKE IT 85: posts big blind $1
*** HOLE CARDS ***
peter76255: folds 
K.Antagonist: folds 
Unipoker11: folds 
xxxZeka: raises $2 to $3
I TAKE IT 85: calls $2
*** FLOP *** [2d 6d Ac]
xxxZeka: bets $1.50
I TAKE IT 85: calls $1.50
*** TURN *** [2d 6d Ac] [Qd]
xxxZeka: checks 
I TAKE IT 85: checks 
*** RIVER *** [2d 6d Ac Qd] [2s]
xxxZeka: bets $5.64
I TAKE IT 85: calls $5.64
*** SHOW DOWN ***
xxxZeka: shows [Jh Tc] (a pair of Deuces)
I TAKE IT 85: shows [5s Ad] (two pair, Aces and Deuces)
I TAKE IT 85 collected $19.27 from pot
*** SUMMARY ***
Total pot $20.28 | Rake $1.01 
Board [2d 6d Ac Qd 2s]
Seat 1: ricke1301
Seat 2: K.Antagonist folded before Flop (didn't bet)
Seat 3: Unipoker11 (button) folded before Flop (didn't bet)
Seat 4: xxxZeka (small blind) showed [Jh Tc] and lost with a pair of Deuces
Seat 5: I TAKE IT 85 (big blind) showed [5s Ad] and won ($19.27) with two pair, Aces and Deuces
Seat 6: peter76255 folded before Flop (didn't bet)



PokerStars Hand #254551404487:  Hold'em No Limit ($0.50/$1.00 USD) - 2025/01/25 20:33:43 WET [2025/01/25 15:33:43 ET]
Table 'Poincare IV' 6-max Seat #4 is the button
Seat 1: ricke1301 ($0 in chips) is sitting out
Seat 2: K.Antagonist ($128.40 in chips) 
Seat 3: Unipoker11 ($100 in chips) 
Seat 4: xxxZeka ($147.42 in chips) 
Seat 5: I TAKE IT 85 ($174.04 in chips) 
Seat 6: peter76255 ($68.44 in chips) 
I TAKE IT 85: posts small blind $0.50
peter76255: posts big blind $1
*** HOLE CARDS ***
K.Antagonist: folds 
Unipoker11: folds 
xxxZeka: folds 
I TAKE IT 85: folds 
Uncalled bet ($0.50) returned to peter76255
peter76255 collected $1 from pot
*** SUMMARY ***
Total pot $1 | Rake $0 
Seat 1: ricke1301
Seat 2: K.Antagonist folded before Flop (didn't bet)
Seat 3: Unipoker11 folded before Flop (didn't bet)
Seat 4: xxxZeka (button) folded before Flop (didn't bet)
Seat 5: I TAKE IT 85 (small blind) folded before Flop
Seat 6: peter76255 (big blind) collected ($1)



PokerStars Hand #254551408109:  Hold'em No Limit ($0.50/$1.00 USD) - 2025/01/25 20:33:55 WET [2025/01/25 15:33:55 ET]
Table 'Poincare IV' 6-max Seat #5 is the button
Seat 1: ricke1301 ($0 in chips) is sitting out
Seat 2: K.Antagonist ($128.40 in chips) 
Seat 3: Unipoker11 ($100 in chips) 
Seat 4: xxxZeka ($147.42 in chips) 
Seat 5: I TAKE IT 85 ($173.54 in chips) 
Seat 6: peter76255 ($68.94 in chips) 
peter76255: posts small blind $0.50
K.Antagonist: posts big blind $1
*** HOLE CARDS ***
Unipoker11: raises $1 to $2
xxxZeka: folds 
I TAKE IT 85: folds 
peter76255: folds 
K.Antagonist: calls $1
*** FLOP *** [6h 8d Ah]
K.Antagonist: checks 
Unipoker11: bets $1.07
K.Antagonist: folds 
Uncalled bet ($1.07) returned to Unipoker11
Unipoker11 collected $4.28 from pot
ricke1301 leaves the table
Unipoker11: doesn't show hand 
*** SUMMARY ***
Total pot $4.50 | Rake $0.22 
Board [6h 8d Ah]
Seat 1: ricke1301
Seat 2: K.Antagonist (big blind) folded on the Flop
Seat 3: Unipoker11 collected ($4.28)
Seat 4: xxxZeka folded before Flop (didn't bet)
Seat 5: I TAKE IT 85 (button) folded before Flop (didn't bet)
Seat 6: peter76255 (small blind) folded before Flop



PokerStars Hand #254551415682:  Hold'em No Limit ($0.50/$1.00 USD) - 2025/01/25 20:34:21 WET [2025/01/25 15:34:21 ET]
Table 'Poincare IV' 6-max Seat #6 is the button
Seat 3: Unipoker11 ($102.28 in chips) is sitting out
Seat 2: K.Antagonist ($126.40 in chips) 
Seat 4: xxxZeka ($147.42 in chips) 
Seat 5: I TAKE IT 85 ($173.54 in chips) 
Seat 6: peter76255 ($68.44 in chips) 
K.Antagonist: posts small blind $0.50
Unipoker11: is sitting out 
xxxZeka: posts big blind $1
*** HOLE CARDS ***
Unipoker11 leaves the table
BoyLoc0 joins the table at seat #1 
I TAKE IT 85: folds 
peter76255: folds 
DJNezz joins the table at seat #3 
K.Antagonist: raises $2 to $3
xxxZeka: folds 
Uncalled bet ($2) returned to K.Antagonist
K.Antagonist collected $2 from pot
K.Antagonist: doesn't show hand 
*** SUMMARY ***
Total pot $2 | Rake $0 
Seat 3: Unipoker11
Seat 2: K.Antagonist (small blind) collected ($2)
Seat 4: xxxZeka (big blind) folded before Flop
Seat 5: I TAKE IT 85 folded before Flop (didn't bet)
Seat 6: peter76255 (button) folded before Flop (didn't bet)



PokerStars Hand #254551419161:  Hold'em No Limit ($0.50/$1.00 USD) - 2025/01/25 20:34:33 WET [2025/01/25 15:34:33 ET]
Table 'Poincare IV' 6-max Seat #2 is the button
Seat 1: BoyLoc0 ($100 in chips) is sitting out
Seat 3: DJNezz ($100 in chips) is sitting out
Seat 2: K.Antagonist ($127.40 in chips) 
Seat 4: xxxZeka ($146.42 in chips) 
Seat 5: I TAKE IT 85 ($173.54 in chips) 
Seat 6: peter76255 ($68.44 in chips) 
xxxZeka: posts small blind $0.50
I TAKE IT 85: posts big blind $1
BoyLoc0: sits out 
*** HOLE CARDS ***
peter76255: folds 
K.Antagonist: raises $1.50 to $2.50
xxxZeka: folds 
I TAKE IT 85: folds 
Uncalled bet ($1.50) returned to K.Antagonist
K.Antagonist collected $2.50 from pot
K.Antagonist: doesn't show hand 
*** SUMMARY ***
Total pot $2.50 | Rake $0 
Seat 1: BoyLoc0
Seat 3: DJNezz
Seat 2: K.Antagonist (button) collected ($2.50)
Seat 4: xxxZeka (small blind) folded before Flop
Seat 5: I TAKE IT 85 (big blind) folded before Flop
Seat 6: peter76255 folded before Flop (didn't bet)



PokerStars Hand #254551423924:  Hold'em No Limit ($0.50/$1.00 USD) - 2025/01/25 20:34:49 WET [2025/01/25 15:34:49 ET]
Table 'Poincare IV' 6-max Seat #4 is the button
Seat 1: BoyLoc0 ($100 in chips) is sitting out
Seat 3: DJNezz ($100 in chips) is sitting out
Seat 2: K.Antagonist ($128.90 in chips) 
Seat 4: xxxZeka ($145.92 in chips) 
Seat 5: I TAKE IT 85 ($172.54 in chips) 
Seat 6: peter76255 ($68.44 in chips) 
I TAKE IT 85: posts small blind $0.50
peter76255: posts big blind $1
BoyLoc0: sits out 
DJNezz: sits out 
*** HOLE CARDS ***
K.Antagonist: raises $1.50 to $2.50
xxxZeka: folds 
I TAKE IT 85: folds 
peter76255: folds 
Uncalled bet ($1.50) returned to K.Antagonist
K.Antagonist collected $2.50 from pot
K.Antagonist: doesn't show hand 
*** SUMMARY ***
Total pot $2.50 | Rake $0 
Seat 1: BoyLoc0
Seat 3: DJNezz
Seat 2: K.Antagonist collected ($2.50)
Seat 4: xxxZeka (button) folded before Flop (didn't bet)
Seat 5: I TAKE IT 85 (small blind) folded before Flop
Seat 6: peter76255 (big blind) folded before Flop



PokerStars Hand #254551427960:  Hold'em No Limit ($0.50/$1.00 USD) - 2025/01/25 20:35:02 WET [2025/01/25 15:35:02 ET]
Table 'Poincare IV' 6-max Seat #5 is the button
Seat 3: DJNezz ($100 in chips) is sitting out
Seat 1: BoyLoc0 ($100 in chips) 
Seat 2: K.Antagonist ($130.40 in chips) 
Seat 4: xxxZeka ($145.92 in chips) 
Seat 5: I TAKE IT 85 ($172.04 in chips) 
Seat 6: peter76255 ($67.44 in chips) 
peter76255: posts small blind $0.50
BoyLoc0: posts big blind $1
DJNezz: sits out 
*** HOLE CARDS ***
K.Antagonist: folds 
xxxZeka: folds 
I TAKE IT 85: raises $1.05 to $2.05
peter76255: calls $1.55
BoyLoc0: calls $1.05
*** FLOP *** [6d Ah 3h]
peter76255: checks 
BoyLoc0: checks 
I TAKE IT 85: bets $2.22
peter76255: calls $2.22
BoyLoc0: folds 
*** TURN *** [6d Ah 3h] [7c]
peter76255: checks 
I TAKE IT 85: checks 
*** RIVER *** [6d Ah 3h 7c] [4c]
peter76255: bets $5.03
I TAKE IT 85: folds 
Uncalled bet ($5.03) returned to peter76255
peter76255 collected $10.06 from pot
*** SUMMARY ***
Total pot $10.59 | Rake $0.53 
Board [6d Ah 3h 7c 4c]
Seat 3: DJNezz
Seat 1: BoyLoc0 (big blind) folded on the Flop
Seat 2: K.Antagonist folded before Flop (didn't bet)
Seat 4: xxxZeka folded before Flop (didn't bet)
Seat 5: I TAKE IT 85 (button) folded on the River
Seat 6: peter76255 (small blind) collected ($10.06)



PokerStars Hand #254551451735:  Hold'em No Limit ($0.50/$1.00 USD) - 2025/01/25 20:36:23 WET [2025/01/25 15:36:23 ET]
Table 'Poincare IV' 6-max Seat #6 is the button
Seat 3: DJNezz ($100 in chips) is sitting out
Seat 1: BoyLoc0 ($100 in chips) 
Seat 2: K.Antagonist ($130.40 in chips) 
Seat 4: xxxZeka ($145.92 in chips) 
Seat 5: I TAKE IT 85 ($167.77 in chips) 
Seat 6: peter76255 ($73.23 in chips) 
BoyLoc0: posts small blind $0.50
K.Antagonist: posts big blind $1
DJNezz: sits out 
*** HOLE CARDS ***
xxxZeka: raises $1.50 to $2.50
I TAKE IT 85: folds 
peter76255: calls $2.50
BoyLoc0: folds 
K.Antagonist: folds 
*** FLOP *** [4c 5d 9h]
xxxZeka: bets $4
peter76255: calls $4
*** TURN *** [4c 5d 9h] [4h]
xxxZeka: bets $13.78
peter76255: calls $13.78
*** RIVER *** [4c 5d 9h 4h] [Kc]
xxxZeka: bets $20
peter76255: raises $32.95 to $52.95 and is all-in
xxxZeka has timed out
xxxZeka: folds 
Uncalled bet ($32.95) returned to peter76255
peter76255 collected $79.56 from pot
*** SUMMARY ***
Total pot $82.06 | Rake $2.50 
Board [4c 5d 9h 4h Kc]
Seat 3: DJNezz
Seat 1: BoyLoc0 (small blind) folded before Flop
Seat 2: K.Antagonist (big blind) folded before Flop
Seat 4: xxxZeka folded on the River
Seat 5: I TAKE IT 85 folded before Flop (didn't bet)
Seat 6: peter76255 (button) collected ($79.56)



PokerStars Hand #254551479303:  Hold'em No Limit ($0.50/$1.00 USD) - 2025/01/25 20:37:56 WET [2025/01/25 15:37:56 ET]
Table 'Poincare IV' 6-max Seat #1 is the button
Seat 1: BoyLoc0 ($100 in chips) 
Seat 2: K.Antagonist ($129.40 in chips) 
Seat 3: DJNezz ($100 in chips) 
Seat 4: xxxZeka ($105.64 in chips) 
Seat 5: I TAKE IT 85 ($167.77 in chips) 
Seat 6: peter76255 ($112.51 in chips) 
K.Antagonist: posts small blind $0.50
DJNezz: posts big blind $1
*** HOLE CARDS ***
xxxZeka: folds 
I TAKE IT 85: raises $1.05 to $2.05
peter76255: calls $2.05
BoyLoc0: folds 
K.Antagonist: folds 
DJNezz: folds 
*** FLOP *** [3c Jd As]
I TAKE IT 85: bets $1.76
peter76255: calls $1.76
*** TURN *** [3c Jd As] [5c]
I TAKE IT 85: checks 
peter76255: checks 
*** RIVER *** [3c Jd As 5c] [Jc]
I TAKE IT 85: checks 
peter76255: checks 
*** SHOW DOWN ***
I TAKE IT 85: shows [Th Qd] (a pair of Jacks)
peter76255: shows [8c 8d] (two pair, Jacks and Eights)
peter76255 collected $8.66 from pot
*** SUMMARY ***
Total pot $9.12 | Rake $0.46 
Board [3c Jd As 5c Jc]
Seat 1: BoyLoc0 (button) folded before Flop (didn't bet)
Seat 2: K.Antagonist (small blind) folded before Flop
Seat 3: DJNezz (big blind) folded before Flop
Seat 4: xxxZeka folded before Flop (didn't bet)
Seat 5: I TAKE IT 85 showed [Th Qd] and lost with a pair of Jacks
Seat 6: peter76255 showed [8c 8d] and won ($8.66) with two pair, Jacks and Eights



PokerStars Hand #254551489468:  Hold'em No Limit ($0.50/$1.00 USD) - 2025/01/25 20:38:31 WET [2025/01/25 15:38:31 ET]
Table 'Poincare IV' 6-max Seat #2 is the button
Seat 1: BoyLoc0 ($100 in chips) 
Seat 2: K.Antagonist ($128.90 in chips) 
Seat 3: DJNezz ($100 in chips) 
Seat 4: xxxZeka ($105.64 in chips) 
Seat 5: I TAKE IT 85 ($163.96 in chips) 
Seat 6: peter76255 ($117.36 in chips) 
DJNezz: posts small blind $0.50
xxxZeka: posts big blind $1
*** HOLE CARDS ***
I TAKE IT 85: folds 
peter76255: calls $1
BoyLoc0: folds 
K.Antagonist: folds 
DJNezz: calls $0.50
xxxZeka: checks 
*** FLOP *** [3s 8d 5d]
DJNezz: checks 
xxxZeka: bets $2
peter76255: folds 
DJNezz: folds 
Uncalled bet ($2) returned to xxxZeka
xxxZeka collected $2.85 from pot
xxxZeka: doesn't show hand 
*** SUMMARY ***
Total pot $3 | Rake $0.15 
Board [3s 8d 5d]
Seat 1: BoyLoc0 folded before Flop (didn't bet)
Seat 2: K.Antagonist (button) folded before Flop (didn't bet)
Seat 3: DJNezz (small blind) folded on the Flop
Seat 4: xxxZeka (big blind) collected ($2.85)
Seat 5: I TAKE IT 85 folded before Flop (didn't bet)
Seat 6: peter76255 folded on the Flop



PokerStars Hand #254551500004:  Hold'em No Limit ($0.50/$1.00 USD) - 2025/01/25 20:39:06 WET [2025/01/25 15:39:06 ET]
Table 'Poincare IV' 6-max Seat #3 is the button
Seat 1: BoyLoc0 ($100 in chips) 
Seat 2: K.Antagonist ($128.90 in chips) 
Seat 3: DJNezz ($100 in chips) 
Seat 4: xxxZeka ($107.49 in chips) 
Seat 5: I TAKE IT 85 ($163.96 in chips) 
Seat 6: peter76255 ($116.36 in chips) 
xxxZeka: posts small blind $0.50
I TAKE IT 85: posts big blind $1
*** HOLE CARDS ***
peter76255: raises $1 to $2
BoyLoc0: folds 
K.Antagonist: folds 
DJNezz: folds 
xxxZeka: raises $8 to $10
I TAKE IT 85: folds 
peter76255: calls $8
*** FLOP *** [Th 7d 2d]
xxxZeka: checks 
peter76255: bets $8.98
xxxZeka: folds 
Uncalled bet ($8.98) returned to peter76255
peter76255 collected $19.95 from pot
*** SUMMARY ***
Total pot $21 | Rake $1.05 
Board [Th 7d 2d]
Seat 1: BoyLoc0 folded before Flop (didn't bet)
Seat 2: K.Antagonist folded before Flop (didn't bet)
Seat 3: DJNezz (button) folded before Flop (didn't bet)
Seat 4: xxxZeka (small blind) folded on the Flop
Seat 5: I TAKE IT 85 (big blind) folded before Flop
Seat 6: peter76255 collected ($19.95)



PokerStars Hand #254551513318:  Hold'em No Limit ($0.50/$1.00 USD) - 2025/01/25 20:39:52 WET [2025/01/25 15:39:52 ET]
Table 'Poincare IV' 6-max Seat #4 is the button
Seat 1: BoyLoc0 ($100 in chips) 
Seat 2: K.Antagonist ($128.90 in chips) 
Seat 3: DJNezz ($100 in chips) 
Seat 4: xxxZeka ($100 in chips) 
Seat 5: I TAKE IT 85 ($162.96 in chips) 
Seat 6: peter76255 ($126.31 in chips) 
I TAKE IT 85: posts small blind $0.50
peter76255: posts big blind $1
*** HOLE CARDS ***
BoyLoc0: raises $1.50 to $2.50
K.Antagonist: folds 
DJNezz: folds 
xxxZeka: folds 
I TAKE IT 85: folds 
peter76255: folds 
Uncalled bet ($1.50) returned to BoyLoc0
BoyLoc0 collected $2.50 from pot
BoyLoc0: doesn't show hand 
*** SUMMARY ***
Total pot $2.50 | Rake $0 
Seat 1: BoyLoc0 collected ($2.50)
Seat 2: K.Antagonist folded before Flop (didn't bet)
Seat 3: DJNezz folded before Flop (didn't bet)
Seat 4: xxxZeka (button) folded before Flop (didn't bet)
Seat 5: I TAKE IT 85 (small blind) folded before Flop
Seat 6: peter76255 (big blind) folded before Flop



PokerStars Hand #254551516705:  Hold'em No Limit ($0.50/$1.00 USD) - 2025/01/25 20:40:03 WET [2025/01/25 15:40:03 ET]
Table 'Poincare IV' 6-max Seat #5 is the button
Seat 1: BoyLoc0 ($101.50 in chips) 
Seat 2: K.Antagonist ($128.90 in chips) 
Seat 3: DJNezz ($100 in chips) 
Seat 4: xxxZeka ($100 in chips) 
Seat 5: I TAKE IT 85 ($162.46 in chips) 
Seat 6: peter76255 ($125.31 in chips) 
peter76255: posts small blind $0.50
BoyLoc0: posts big blind $1
*** HOLE CARDS ***
K.Antagonist: raises $1.50 to $2.50
DJNezz: folds 
xxxZeka: folds 
I TAKE IT 85: raises $5.85 to $8.35
peter76255: folds 
BoyLoc0: folds 
K.Antagonist: raises $18.65 to $27
I TAKE IT 85: calls $18.65
*** FLOP *** [8s 3s Js]
K.Antagonist: checks 
I TAKE IT 85: checks 
*** TURN *** [8s 3s Js] [Qh]
K.Antagonist: checks 
I TAKE IT 85: checks 
*** RIVER *** [8s 3s Js Qh] [9d]
K.Antagonist: checks 
I TAKE IT 85: bets $20.14
K.Antagonist: calls $20.14
*** SHOW DOWN ***
I TAKE IT 85: shows [Th Ts] (a straight, Eight to Queen)
K.Antagonist: mucks hand 
I TAKE IT 85 collected $93.28 from pot
*** SUMMARY ***
Total pot $95.78 | Rake $2.50 
Board [8s 3s Js Qh 9d]
Seat 1: BoyLoc0 (big blind) folded before Flop
Seat 2: K.Antagonist mucked
Seat 3: DJNezz folded before Flop (didn't bet)
Seat 4: xxxZeka folded before Flop (didn't bet)
Seat 5: I TAKE IT 85 (button) showed [Th Ts] and won ($93.28) with a straight, Eight to Queen
Seat 6: peter76255 (small blind) folded before Flop



PokerStars Hand #254551548051:  Hold'em No Limit ($0.50/$1.00 USD) - 2025/01/25 20:41:48 WET [2025/01/25 15:41:48 ET]
Table 'Poincare IV' 6-max Seat #6 is the button
Seat 1: BoyLoc0 ($100.50 in chips) 
Seat 2: K.Antagonist ($100 in chips) 
Seat 3: DJNezz ($100 in chips) 
Seat 4: xxxZeka ($100 in chips) 
Seat 5: I TAKE IT 85 ($208.60 in chips) 
Seat 6: peter76255 ($124.81 in chips) 
BoyLoc0: posts small blind $0.50
K.Antagonist: posts big blind $1
*** HOLE CARDS ***
DJNezz: folds 
xxxZeka: folds 
I TAKE IT 85: raises $1.05 to $2.05
peter76255: calls $2.05
BoyLoc0: folds 
K.Antagonist: calls $1.05
*** FLOP *** [8s Tc 7s]
K.Antagonist: bets $2.09
I TAKE IT 85: calls $2.09
peter76255: calls $2.09
*** TURN *** [8s Tc 7s] [3s]
K.Antagonist: bets $4.05
I TAKE IT 85: calls $4.05
peter76255: folds 
*** RIVER *** [8s Tc 7s 3s] [Ah]
K.Antagonist: bets $14.98
I TAKE IT 85: folds 
Uncalled bet ($14.98) returned to K.Antagonist
K.Antagonist collected $19.97 from pot
K.Antagonist: doesn't show hand 
*** SUMMARY ***
Total pot $21.02 | Rake $1.05 
Board [8s Tc 7s 3s Ah]
Seat 1: BoyLoc0 (small blind) folded before Flop
Seat 2: K.Antagonist (big blind) collected ($19.97)
Seat 3: DJNezz folded before Flop (didn't bet)
Seat 4: xxxZeka folded before Flop (didn't bet)
Seat 5: I TAKE IT 85 folded on the River
Seat 6: peter76255 (button) folded on the Turn



PokerStars Hand #254551583091:  Hold'em No Limit ($0.50/$1.00 USD) - 2025/01/25 20:43:46 WET [2025/01/25 15:43:46 ET]
Table 'Poincare IV' 6-max Seat #1 is the button
Seat 1: BoyLoc0 ($100 in chips) 
Seat 2: K.Antagonist ($111.78 in chips) 
Seat 3: DJNezz ($100 in chips) 
Seat 4: xxxZeka ($100 in chips) 
Seat 5: I TAKE IT 85 ($200.41 in chips) 
Seat 6: peter76255 ($120.67 in chips) 
K.Antagonist: posts small blind $0.50
DJNezz: posts big blind $1
*** HOLE CARDS ***
xxxZeka: folds 
I TAKE IT 85: folds 
peter76255: folds 
BoyLoc0: raises $1.50 to $2.50
K.Antagonist: raises $8.50 to $11
DJNezz: folds 
BoyLoc0: calls $8.50
*** FLOP *** [8h 2d Qs]
K.Antagonist: bets $7.21
BoyLoc0: calls $7.21
*** TURN *** [8h 2d Qs] [Ks]
K.Antagonist: bets $17.78
BoyLoc0: folds 
Uncalled bet ($17.78) returned to K.Antagonist
K.Antagonist collected $35.55 from pot
K.Antagonist: doesn't show hand 
*** SUMMARY ***
Total pot $37.42 | Rake $1.87 
Board [8h 2d Qs Ks]
Seat 1: BoyLoc0 (button) folded on the Turn
Seat 2: K.Antagonist (small blind) collected ($35.55)
Seat 3: DJNezz (big blind) folded before Flop
Seat 4: xxxZeka folded before Flop (didn't bet)
Seat 5: I TAKE IT 85 folded before Flop (didn't bet)
Seat 6: peter76255 folded before Flop (didn't bet)



PokerStars Hand #254551603282:  Hold'em No Limit ($0.50/$1.00 USD) - 2025/01/25 20:44:54 WET [2025/01/25 15:44:54 ET]
Table 'Poincare IV' 6-max Seat #2 is the button
Seat 1: BoyLoc0 ($100 in chips) 
Seat 2: K.Antagonist ($129.12 in chips) 
Seat 3: DJNezz ($100 in chips) 
Seat 4: xxxZeka ($100 in chips) 
Seat 5: I TAKE IT 85 ($200.41 in chips) 
Seat 6: peter76255 ($120.67 in chips) 
DJNezz: posts small blind $0.50
xxxZeka: posts big blind $1
*** HOLE CARDS ***
I TAKE IT 85: folds 
peter76255: raises $2 to $3
BoyLoc0: raises $6 to $9
K.Antagonist: folds 
DJNezz: folds 
xxxZeka: folds 
peter76255: calls $6
*** FLOP *** [8s 3c Jd]
peter76255: bets $9.26
BoyLoc0: raises $12.22 to $21.48
peter76255: calls $12.22
*** TURN *** [8s 3c Jd] [2h]
peter76255: checks 
BoyLoc0: bets $29.98
peter76255: calls $29.98
*** RIVER *** [8s 3c Jd 2h] [Qd]
peter76255: checks 
BoyLoc0: checks 
*** SHOW DOWN ***
peter76255: shows [Kd Kh] (a pair of Kings)
BoyLoc0: mucks hand 
peter76255 collected $119.92 from pot
*** SUMMARY ***
Total pot $122.42 | Rake $2.50 
Board [8s 3c Jd 2h Qd]
Seat 1: BoyLoc0 mucked
Seat 2: K.Antagonist (button) folded before Flop (didn't bet)
Seat 3: DJNezz (small blind) folded before Flop
Seat 4: xxxZeka (big blind) folded before Flop
Seat 5: I TAKE IT 85 folded before Flop (didn't bet)
Seat 6: peter76255 showed [Kd Kh] and won ($119.92) with a pair of Kings



PokerStars Hand #254551624764:  Hold'em No Limit ($0.50/$1.00 USD) - 2025/01/25 20:46:07 WET [2025/01/25 15:46:07 ET]
Table 'Poincare IV' 6-max Seat #3 is the button
Seat 1: BoyLoc0 ($100 in chips) 
Seat 2: K.Antagonist ($129.12 in chips) 
Seat 3: DJNezz ($100 in chips) 
Seat 4: xxxZeka ($100 in chips) 
Seat 5: I TAKE IT 85 ($200.41 in chips) 
Seat 6: peter76255 ($180.13 in chips) 
xxxZeka: posts small blind $0.50
I TAKE IT 85: posts big blind $1
*** HOLE CARDS ***
peter76255: folds 
BoyLoc0: raises $1.50 to $2.50
K.Antagonist: folds 
DJNezz: folds 
xxxZeka: folds 
I TAKE IT 85: folds 
Uncalled bet ($1.50) returned to BoyLoc0
BoyLoc0 collected $2.50 from pot
BoyLoc0: doesn't show hand 
*** SUMMARY ***
Total pot $2.50 | Rake $0 
Seat 1: BoyLoc0 collected ($2.50)
Seat 2: K.Antagonist folded before Flop (didn't bet)
Seat 3: DJNezz (button) folded before Flop (didn't bet)
Seat 4: xxxZeka (small blind) folded before Flop
Seat 5: I TAKE IT 85 (big blind) folded before Flop
Seat 6: peter76255 folded before Flop (didn't bet)



PokerStars Hand #254551631664:  Hold'em No Limit ($0.50/$1.00 USD) - 2025/01/25 20:46:31 WET [2025/01/25 15:46:31 ET]
Table 'Poincare IV' 6-max Seat #4 is the button
Seat 1: BoyLoc0 ($101.50 in chips) 
Seat 2: K.Antagonist ($129.12 in chips) 
Seat 3: DJNezz ($100 in chips) 
Seat 4: xxxZeka ($100 in chips) 
Seat 5: I TAKE IT 85 ($199.41 in chips) 
Seat 6: peter76255 ($180.13 in chips) 
I TAKE IT 85: posts small blind $0.50
peter76255: posts big blind $1
*** HOLE CARDS ***
BoyLoc0: folds 
K.Antagonist: folds 
DJNezz: raises $2 to $3
xxxZeka: folds 
I TAKE IT 85: folds 
peter76255: folds 
Uncalled bet ($2) returned to DJNezz
DJNezz collected $2.50 from pot
*** SUMMARY ***
Total pot $2.50 | Rake $0 
Seat 1: BoyLoc0 folded before Flop (didn't bet)
Seat 2: K.Antagonist folded before Flop (didn't bet)
Seat 3: DJNezz collected ($2.50)
Seat 4: xxxZeka (button) folded before Flop (didn't bet)
Seat 5: I TAKE IT 85 (small blind) folded before Flop
Seat 6: peter76255 (big blind) folded before Flop



PokerStars Hand #254551638987:  Hold'em No Limit ($0.50/$1.00 USD) - 2025/01/25 20:46:56 WET [2025/01/25 15:46:56 ET]
Table 'Poincare IV' 6-max Seat #5 is the button
Seat 1: BoyLoc0 ($101.50 in chips) 
Seat 2: K.Antagonist ($129.12 in chips) 
Seat 3: DJNezz ($101.50 in chips) 
Seat 4: xxxZeka ($100 in chips) 
Seat 5: I TAKE IT 85 ($198.91 in chips) 
Seat 6: peter76255 ($179.13 in chips) 
peter76255: posts small blind $0.50
BoyLoc0: posts big blind $1
*** HOLE CARDS ***
K.Antagonist: raises $1.50 to $2.50
DJNezz: folds 
xxxZeka: folds 
I TAKE IT 85: folds 
peter76255: calls $2
BoyLoc0: folds 
*** FLOP *** [3s 4c As]
peter76255: checks 
K.Antagonist: bets $5.02
peter76255: calls $5.02
*** TURN *** [3s 4c As] [4s]
peter76255: checks 
K.Antagonist: bets $11.50
peter76255: calls $11.50
*** RIVER *** [3s 4c As 4s] [7c]
peter76255: bets $37.09
K.Antagonist: folds 
Uncalled bet ($37.09) returned to peter76255
peter76255 collected $37.09 from pot
*** SUMMARY ***
Total pot $39.04 | Rake $1.95 
Board [3s 4c As 4s 7c]
Seat 1: BoyLoc0 (big blind) folded before Flop
Seat 2: K.Antagonist folded on the River
Seat 3: DJNezz folded before Flop (didn't bet)
Seat 4: xxxZeka folded before Flop (didn't bet)
Seat 5: I TAKE IT 85 (button) folded before Flop (didn't bet)
Seat 6: peter76255 (small blind) collected ($37.09)



PokerStars Hand #254551662702:  Hold'em No Limit ($0.50/$1.00 USD) - 2025/01/25 20:48:16 WET [2025/01/25 15:48:16 ET]
Table 'Poincare IV' 6-max Seat #6 is the button
Seat 1: BoyLoc0 ($100.50 in chips) 
Seat 2: K.Antagonist ($110.10 in chips) 
Seat 3: DJNezz ($101.50 in chips) 
Seat 4: xxxZeka ($100 in chips) 
Seat 5: I TAKE IT 85 ($198.91 in chips) 
Seat 6: peter76255 ($197.20 in chips) 
BoyLoc0: posts small blind $0.50
K.Antagonist: posts big blind $1
*** HOLE CARDS ***
DJNezz: folds 
xxxZeka: folds 
I TAKE IT 85: folds 
peter76255: raises $2 to $3
BoyLoc0: folds 
K.Antagonist: folds 
Uncalled bet ($2) returned to peter76255
peter76255 collected $2.50 from pot
*** SUMMARY ***
Total pot $2.50 | Rake $0 
Seat 1: BoyLoc0 (small blind) folded before Flop
Seat 2: K.Antagonist (big blind) folded before Flop
Seat 3: DJNezz folded before Flop (didn't bet)
Seat 4: xxxZeka folded before Flop (didn't bet)
Seat 5: I TAKE IT 85 folded before Flop (didn't bet)
Seat 6: peter76255 (button) collected ($2.50)



PokerStars Hand #254551668370:  Hold'em No Limit ($0.50/$1.00 USD) - 2025/01/25 20:48:35 WET [2025/01/25 15:48:35 ET]
Table 'Poincare IV' 6-max Seat #1 is the button
Seat 1: BoyLoc0 ($100 in chips) 
Seat 2: K.Antagonist ($109.10 in chips) 
Seat 3: DJNezz ($101.50 in chips) 
Seat 4: xxxZeka ($100 in chips) 
Seat 5: I TAKE IT 85 ($198.91 in chips) 
Seat 6: peter76255 ($198.70 in chips) 
K.Antagonist: posts small blind $0.50
DJNezz: posts big blind $1
*** HOLE CARDS ***
xxxZeka: raises $1.50 to $2.50
I TAKE IT 85: folds 
peter76255: folds 
BoyLoc0: folds 
K.Antagonist: folds 
DJNezz: folds 
Uncalled bet ($1.50) returned to xxxZeka
xxxZeka collected $2.50 from pot
xxxZeka: doesn't show hand 
*** SUMMARY ***
Total pot $2.50 | Rake $0 
Seat 1: BoyLoc0 (button) folded before Flop (didn't bet)
Seat 2: K.Antagonist (small blind) folded before Flop
Seat 3: DJNezz (big blind) folded before Flop
Seat 4: xxxZeka collected ($2.50)
Seat 5: I TAKE IT 85 folded before Flop (didn't bet)
Seat 6: peter76255 folded before Flop (didn't bet)



PokerStars Hand #254551677429:  Hold'em No Limit ($0.50/$1.00 USD) - 2025/01/25 20:49:07 WET [2025/01/25 15:49:07 ET]
Table 'Poincare IV' 6-max Seat #2 is the button
Seat 1: BoyLoc0 ($100 in chips) 
Seat 2: K.Antagonist ($108.60 in chips) 
Seat 3: DJNezz ($100.50 in chips) 
Seat 4: xxxZeka ($101.50 in chips) 
Seat 5: I TAKE IT 85 ($198.91 in chips) 
Seat 6: peter76255 ($198.70 in chips) 
DJNezz: posts small blind $0.50
xxxZeka: posts big blind $1
*** HOLE CARDS ***
I TAKE IT 85: folds 
peter76255: folds 
BoyLoc0: folds 
K.Antagonist: raises $1.50 to $2.50
DJNezz: folds 
xxxZeka: folds 
Uncalled bet ($1.50) returned to K.Antagonist
K.Antagonist collected $2.50 from pot
K.Antagonist: doesn't show hand 
*** SUMMARY ***
Total pot $2.50 | Rake $0 
Seat 1: BoyLoc0 folded before Flop (didn't bet)
Seat 2: K.Antagonist (button) collected ($2.50)
Seat 3: DJNezz (small blind) folded before Flop
Seat 4: xxxZeka (big blind) folded before Flop
Seat 5: I TAKE IT 85 folded before Flop (didn't bet)
Seat 6: peter76255 folded before Flop (didn't bet)



PokerStars Hand #254551685543:  Hold'em No Limit ($0.50/$1.00 USD) - 2025/01/25 20:49:35 WET [2025/01/25 15:49:35 ET]
Table 'Poincare IV' 6-max Seat #3 is the button
Seat 1: BoyLoc0 ($100 in chips) 
Seat 2: K.Antagonist ($110.10 in chips) 
Seat 3: DJNezz ($100 in chips) 
Seat 4: xxxZeka ($100.50 in chips) 
Seat 5: I TAKE IT 85 ($198.91 in chips) 
Seat 6: peter76255 ($198.70 in chips) 
xxxZeka: posts small blind $0.50
I TAKE IT 85: posts big blind $1
*** HOLE CARDS ***
peter76255: folds 
BoyLoc0: raises $1.50 to $2.50
K.Antagonist: raises $5.50 to $8
DJNezz: folds 
xxxZeka: folds 
I TAKE IT 85: folds 
BoyLoc0: folds 
Uncalled bet ($5.50) returned to K.Antagonist
K.Antagonist collected $6.50 from pot
K.Antagonist: doesn't show hand 
*** SUMMARY ***
Total pot $6.50 | Rake $0 
Seat 1: BoyLoc0 folded before Flop
Seat 2: K.Antagonist collected ($6.50)
Seat 3: DJNezz (button) folded before Flop (didn't bet)
Seat 4: xxxZeka (small blind) folded before Flop
Seat 5: I TAKE IT 85 (big blind) folded before Flop
Seat 6: peter76255 folded before Flop (didn't bet)



PokerStars Hand #254551690520:  Hold'em No Limit ($0.50/$1.00 USD) - 2025/01/25 20:49:51 WET [2025/01/25 15:49:51 ET]
Table 'Poincare IV' 6-max Seat #4 is the button
Seat 1: BoyLoc0 ($100 in chips) 
Seat 2: K.Antagonist ($114.10 in chips) 
Seat 3: DJNezz ($100 in chips) 
Seat 4: xxxZeka ($100 in chips) 
Seat 5: I TAKE IT 85 ($197.91 in chips) 
Seat 6: peter76255 ($198.70 in chips) 
I TAKE IT 85: posts small blind $0.50
peter76255: posts big blind $1
*** HOLE CARDS ***
BoyLoc0: folds 
K.Antagonist: folds 
DJNezz: raises $1.20 to $2.20
xxxZeka: folds 
I TAKE IT 85: folds 
peter76255: folds 
Uncalled bet ($1.20) returned to DJNezz
DJNezz collected $2.50 from pot
*** SUMMARY ***
Total pot $2.50 | Rake $0 
Seat 1: BoyLoc0 folded before Flop (didn't bet)
Seat 2: K.Antagonist folded before Flop (didn't bet)
Seat 3: DJNezz collected ($2.50)
Seat 4: xxxZeka (button) folded before Flop (didn't bet)
Seat 5: I TAKE IT 85 (small blind) folded before Flop
Seat 6: peter76255 (big blind) folded before Flop



PokerStars Hand #254551696382:  Hold'em No Limit ($0.50/$1.00 USD) - 2025/01/25 20:50:12 WET [2025/01/25 15:50:12 ET]
Table 'Poincare IV' 6-max Seat #5 is the button
Seat 1: BoyLoc0 ($100 in chips) 
Seat 2: K.Antagonist ($114.10 in chips) 
Seat 3: DJNezz ($101.50 in chips) 
Seat 4: xxxZeka ($100 in chips) 
Seat 5: I TAKE IT 85 ($197.41 in chips) 
Seat 6: peter76255 ($197.70 in chips) 
peter76255: posts small blind $0.50
BoyLoc0: posts big blind $1
*** HOLE CARDS ***
K.Antagonist: folds 
DJNezz: folds 
xxxZeka: folds 
I TAKE IT 85: raises $1.05 to $2.05
peter76255: calls $1.55
BoyLoc0: calls $1.05
*** FLOP *** [Ah Qs 8d]
peter76255: checks 
BoyLoc0: checks 
I TAKE IT 85: checks 
*** TURN *** [Ah Qs 8d] [Jh]
peter76255: checks 
BoyLoc0: checks 
I TAKE IT 85: checks 
*** RIVER *** [Ah Qs 8d Jh] [7h]
peter76255: bets $5.84
BoyLoc0: folds 
I TAKE IT 85: folds 
Uncalled bet ($5.84) returned to peter76255
peter76255 collected $5.84 from pot
*** SUMMARY ***
Total pot $6.15 | Rake $0.31 
Board [Ah Qs 8d Jh 7h]
Seat 1: BoyLoc0 (big blind) folded on the River
Seat 2: K.Antagonist folded before Flop (didn't bet)
Seat 3: DJNezz folded before Flop (didn't bet)
Seat 4: xxxZeka folded before Flop (didn't bet)
Seat 5: I TAKE IT 85 (button) folded on the River
Seat 6: peter76255 (small blind) collected ($5.84)



PokerStars Hand #254551715432:  Hold'em No Limit ($0.50/$1.00 USD) - 2025/01/25 20:51:16 WET [2025/01/25 15:51:16 ET]
Table 'Poincare IV' 6-max Seat #6 is the button
Seat 1: BoyLoc0 ($100 in chips) 
Seat 2: K.Antagonist ($114.10 in chips) 
Seat 3: DJNezz ($101.50 in chips) 
Seat 4: xxxZeka ($100 in chips) 
Seat 5: I TAKE IT 85 ($195.36 in chips) 
Seat 6: peter76255 ($201.49 in chips) 
BoyLoc0: posts small blind $0.50
K.Antagonist: posts big blind $1
*** HOLE CARDS ***
DJNezz: folds 
xxxZeka: folds 
I TAKE IT 85: folds 
peter76255: raises $2.50 to $3.50
BoyLoc0: folds 
K.Antagonist: calls $2.50
*** FLOP *** [7c Ac 6s]
K.Antagonist: checks 
peter76255: bets $4.56
K.Antagonist: folds 
Uncalled bet ($4.56) returned to peter76255
peter76255 collected $7.12 from pot
*** SUMMARY ***
Total pot $7.50 | Rake $0.38 
Board [7c Ac 6s]
Seat 1: BoyLoc0 (small blind) folded before Flop
Seat 2: K.Antagonist (big blind) folded on the Flop
Seat 3: DJNezz folded before Flop (didn't bet)
Seat 4: xxxZeka folded before Flop (didn't bet)
Seat 5: I TAKE IT 85 folded before Flop (didn't bet)
Seat 6: peter76255 (button) collected ($7.12)



PokerStars Hand #254551724919:  Hold'em No Limit ($0.50/$1.00 USD) - 2025/01/25 20:51:48 WET [2025/01/25 15:51:48 ET]
Table 'Poincare IV' 6-max Seat #1 is the button
Seat 1: BoyLoc0 ($100 in chips) 
Seat 2: K.Antagonist ($110.60 in chips) 
Seat 3: DJNezz ($101.50 in chips) 
Seat 4: xxxZeka ($100 in chips) 
Seat 5: I TAKE IT 85 ($195.36 in chips) 
Seat 6: peter76255 ($205.11 in chips) 
K.Antagonist: posts small blind $0.50
DJNezz: posts big blind $1
*** HOLE CARDS ***
xxxZeka: raises $1.50 to $2.50
I TAKE IT 85: folds 
peter76255: folds 
BoyLoc0: folds 
K.Antagonist: folds 
DJNezz: folds 
Uncalled bet ($1.50) returned to xxxZeka
xxxZeka collected $2.50 from pot
xxxZeka: doesn't show hand 
*** SUMMARY ***
Total pot $2.50 | Rake $0 
Seat 1: BoyLoc0 (button) folded before Flop (didn't bet)
Seat 2: K.Antagonist (small blind) folded before Flop
Seat 3: DJNezz (big blind) folded before Flop
Seat 4: xxxZeka collected ($2.50)
Seat 5: I TAKE IT 85 folded before Flop (didn't bet)
Seat 6: peter76255 folded before Flop (didn't bet)



PokerStars Hand #254551731747:  Hold'em No Limit ($0.50/$1.00 USD) - 2025/01/25 20:52:11 WET [2025/01/25 15:52:11 ET]
Table 'Poincare IV' 6-max Seat #2 is the button
Seat 4: xxxZeka ($101.50 in chips) is sitting out
Seat 1: BoyLoc0 ($100 in chips) 
Seat 2: K.Antagonist ($110.10 in chips) 
Seat 3: DJNezz ($100.50 in chips) 
Seat 5: I TAKE IT 85 ($195.36 in chips) 
Seat 6: peter76255 ($205.11 in chips) 
DJNezz: posts small blind $0.50
I TAKE IT 85: posts big blind $1
*** HOLE CARDS ***
peter76255: calls $1
BoyLoc0: folds 
K.Antagonist: folds 
DJNezz: calls $0.50
I TAKE IT 85: checks 
*** FLOP *** [8c 4h 8h]
DJNezz: checks 
I TAKE IT 85: checks 
peter76255: bets $1
DJNezz: calls $1
I TAKE IT 85: folds 
*** TURN *** [8c 4h 8h] [Kh]
DJNezz: checks 
peter76255: checks 
*** RIVER *** [8c 4h 8h Kh] [2s]
DJNezz: checks 
peter76255: checks 
*** SHOW DOWN ***
DJNezz: shows [As Td] (a pair of Eights)
peter76255: mucks hand 
DJNezz collected $4.75 from pot
*** SUMMARY ***
Total pot $5 | Rake $0.25 
Board [8c 4h 8h Kh 2s]
Seat 4: xxxZeka
Seat 1: BoyLoc0 folded before Flop (didn't bet)
Seat 2: K.Antagonist (button) folded before Flop (didn't bet)
Seat 3: DJNezz (small blind) showed [As Td] and won ($4.75) with a pair of Eights
Seat 5: I TAKE IT 85 (big blind) folded on the Flop
Seat 6: peter76255 mucked



PokerStars Hand #254551748561:  Hold'em No Limit ($0.50/$1.00 USD) - 2025/01/25 20:53:08 WET [2025/01/25 15:53:08 ET]
Table 'Poincare IV' 6-max Seat #3 is the button
Seat 4: xxxZeka ($101.50 in chips) is sitting out
Seat 1: BoyLoc0 ($100 in chips) 
Seat 2: K.Antagonist ($110.10 in chips) 
Seat 3: DJNezz ($103.25 in chips) 
Seat 5: I TAKE IT 85 ($194.36 in chips) 
Seat 6: peter76255 ($203.11 in chips) 
I TAKE IT 85: posts small blind $0.50
peter76255: posts big blind $1
*** HOLE CARDS ***
BoyLoc0: folds 
K.Antagonist: folds 
DJNezz: folds 
I TAKE IT 85: raises $2 to $3
peter76255: calls $2
*** FLOP *** [Kc As 8c]
I TAKE IT 85: checks 
peter76255: checks 
*** TURN *** [Kc As 8c] [Qc]
I TAKE IT 85: bets $5.99
peter76255: calls $5.99
*** RIVER *** [Kc As 8c Qc] [6s]
I TAKE IT 85: bets $25.62
peter76255: calls $25.62
*** SHOW DOWN ***
I TAKE IT 85: shows [4c Tc] (a flush, King high)
peter76255: mucks hand 
I TAKE IT 85 collected $66.72 from pot
*** SUMMARY ***
Total pot $69.22 | Rake $2.50 
Board [Kc As 8c Qc 6s]
Seat 4: xxxZeka
Seat 1: BoyLoc0 folded before Flop (didn't bet)
Seat 2: K.Antagonist folded before Flop (didn't bet)
Seat 3: DJNezz (button) folded before Flop (didn't bet)
Seat 5: I TAKE IT 85 (small blind) showed [4c Tc] and won ($66.72) with a flush, King high
Seat 6: peter76255 (big blind) mucked



PokerStars Hand #254551766277:  Hold'em No Limit ($0.50/$1.00 USD) - 2025/01/25 20:54:07 WET [2025/01/25 15:54:07 ET]
Table 'Poincare IV' 6-max Seat #5 is the button
Seat 4: xxxZeka ($101.50 in chips) is sitting out
Seat 1: BoyLoc0 ($100 in chips) 
Seat 2: K.Antagonist ($110.10 in chips) 
Seat 3: DJNezz ($103.25 in chips) 
Seat 5: I TAKE IT 85 ($226.47 in chips) 
Seat 6: peter76255 ($168.50 in chips) 
peter76255: posts small blind $0.50
BoyLoc0: posts big blind $1
xxxZeka: sits out 
*** HOLE CARDS ***
K.Antagonist: raises $1.50 to $2.50
DJNezz: folds 
I TAKE IT 85: folds 
peter76255: folds 
BoyLoc0: folds 
Uncalled bet ($1.50) returned to K.Antagonist
K.Antagonist collected $2.50 from pot
K.Antagonist: doesn't show hand 
*** SUMMARY ***
Total pot $2.50 | Rake $0 
Seat 4: xxxZeka
Seat 1: BoyLoc0 (big blind) folded before Flop
Seat 2: K.Antagonist collected ($2.50)
Seat 3: DJNezz folded before Flop (didn't bet)
Seat 5: I TAKE IT 85 (button) folded before Flop (didn't bet)
Seat 6: peter76255 (small blind) folded before Flop



PokerStars Hand #254551770165:  Hold'em No Limit ($0.50/$1.00 USD) - 2025/01/25 20:54:20 WET [2025/01/25 15:54:20 ET]
Table 'Poincare IV' 6-max Seat #6 is the button
Seat 4: xxxZeka ($101.50 in chips) is sitting out
Seat 1: BoyLoc0 ($100 in chips) 
Seat 2: K.Antagonist ($111.60 in chips) 
Seat 3: DJNezz ($103.25 in chips) 
Seat 5: I TAKE IT 85 ($226.47 in chips) 
Seat 6: peter76255 ($168 in chips) 
BoyLoc0: posts small blind $0.50
K.Antagonist: posts big blind $1
xxxZeka: sits out 
*** HOLE CARDS ***
DJNezz: folds 
I TAKE IT 85: folds 
peter76255: folds 
BoyLoc0: folds 
Uncalled bet ($0.50) returned to K.Antagonist
K.Antagonist collected $1 from pot
K.Antagonist: doesn't show hand 
*** SUMMARY ***
Total pot $1 | Rake $0 
Seat 4: xxxZeka
Seat 1: BoyLoc0 (small blind) folded before Flop
Seat 2: K.Antagonist (big blind) collected ($1)
Seat 3: DJNezz folded before Flop (didn't bet)
Seat 5: I TAKE IT 85 folded before Flop (didn't bet)
Seat 6: peter76255 (button) folded before Flop (didn't bet)



PokerStars Hand #254551773650:  Hold'em No Limit ($0.50/$1.00 USD) - 2025/01/25 20:54:32 WET [2025/01/25 15:54:32 ET]
Table 'Poincare IV' 6-max Seat #1 is the button
Seat 4: xxxZeka ($101.50 in chips) is sitting out
Seat 1: BoyLoc0 ($100 in chips) 
Seat 2: K.Antagonist ($112.10 in chips) 
Seat 3: DJNezz ($103.25 in chips) 
Seat 5: I TAKE IT 85 ($226.47 in chips) 
Seat 6: peter76255 ($168 in chips) 
K.Antagonist: posts small blind $0.50
DJNezz: posts big blind $1
xxxZeka: sits out 
*** HOLE CARDS ***
I TAKE IT 85: folds 
peter76255: calls $1
BoyLoc0: raises $3 to $4
K.Antagonist: folds 
DJNezz: folds 
peter76255: calls $3
*** FLOP *** [7s 2d 2s]
peter76255: bets $4.51
BoyLoc0: calls $4.51
*** TURN *** [7s 2d 2s] [3d]
peter76255: bets $8.80
BoyLoc0: folds 
Uncalled bet ($8.80) returned to peter76255
peter76255 collected $17.59 from pot
*** SUMMARY ***
Total pot $18.52 | Rake $0.93 
Board [7s 2d 2s 3d]
Seat 4: xxxZeka
Seat 1: BoyLoc0 (button) folded on the Turn
Seat 2: K.Antagonist (small blind) folded before Flop
Seat 3: DJNezz (big blind) folded before Flop
Seat 5: I TAKE IT 85 folded before Flop (didn't bet)
Seat 6: peter76255 collected ($17.59)



PokerStars Hand #254551788533:  Hold'em No Limit ($0.50/$1.00 USD) - 2025/01/25 20:55:28 WET [2025/01/25 15:55:28 ET]
Table 'Poincare IV' 6-max Seat #2 is the button
Seat 1: BoyLoc0 ($100 in chips) 
Seat 2: K.Antagonist ($111.60 in chips) 
Seat 3: DJNezz ($102.25 in chips) 
Seat 4: xxxZeka ($101.50 in chips) 
Seat 5: I TAKE IT 85 ($226.47 in chips) 
Seat 6: peter76255 ($177.08 in chips) 
DJNezz: posts small blind $0.50
xxxZeka: posts big blind $1
*** HOLE CARDS ***
I TAKE IT 85: folds 
peter76255: folds 
BoyLoc0: folds 
K.Antagonist: folds 
DJNezz: raises $2 to $3
xxxZeka: folds 
Uncalled bet ($2) returned to DJNezz
DJNezz collected $2 from pot
*** SUMMARY ***
Total pot $2 | Rake $0 
Seat 1: BoyLoc0 folded before Flop (didn't bet)
Seat 2: K.Antagonist (button) folded before Flop (didn't bet)
Seat 3: DJNezz (small blind) collected ($2)
Seat 4: xxxZeka (big blind) folded before Flop
Seat 5: I TAKE IT 85 folded before Flop (didn't bet)
Seat 6: peter76255 folded before Flop (didn't bet)



PokerStars Hand #254551792756:  Hold'em No Limit ($0.50/$1.00 USD) - 2025/01/25 20:55:49 WET [2025/01/25 15:55:49 ET]
Table 'Poincare IV' 6-max Seat #3 is the button
Seat 1: BoyLoc0 ($100 in chips) 
Seat 2: K.Antagonist ($111.60 in chips) 
Seat 3: DJNezz ($103.25 in chips) 
Seat 4: xxxZeka ($100.50 in chips) 
Seat 5: I TAKE IT 85 ($226.47 in chips) 
Seat 6: peter76255 ($177.08 in chips) 
xxxZeka: posts small blind $0.50
I TAKE IT 85: posts big blind $1
*** HOLE CARDS ***
peter76255: calls $1
BoyLoc0: folds 
K.Antagonist: folds 
DJNezz: folds 
xxxZeka: folds 
I TAKE IT 85: checks 
*** FLOP *** [2d Th Qc]
I TAKE IT 85: checks 
peter76255: bets $2.38
I TAKE IT 85: folds 
Uncalled bet ($2.38) returned to peter76255
peter76255 collected $2.38 from pot
*** SUMMARY ***
Total pot $2.50 | Rake $0.12 
Board [2d Th Qc]
Seat 1: BoyLoc0 folded before Flop (didn't bet)
Seat 2: K.Antagonist folded before Flop (didn't bet)
Seat 3: DJNezz (button) folded before Flop (didn't bet)
Seat 4: xxxZeka (small blind) folded before Flop
Seat 5: I TAKE IT 85 (big blind) folded on the Flop
Seat 6: peter76255 collected ($2.38)



PokerStars Hand #254551799780:  Hold'em No Limit ($0.50/$1.00 USD) - 2025/01/25 20:56:24 WET [2025/01/25 15:56:24 ET]
Table 'Poincare IV' 6-max Seat #4 is the button
Seat 1: BoyLoc0 ($100 in chips) 
Seat 2: K.Antagonist ($111.60 in chips) 
Seat 3: DJNezz ($103.25 in chips) 
Seat 4: xxxZeka ($100 in chips) 
Seat 5: I TAKE IT 85 ($225.47 in chips) 
Seat 6: peter76255 ($178.46 in chips) 
I TAKE IT 85: posts small blind $0.50
peter76255: posts big blind $1
*** HOLE CARDS ***
BoyLoc0: folds 
K.Antagonist: raises $1.50 to $2.50
DJNezz: folds 
xxxZeka: folds 
I TAKE IT 85: folds 
peter76255: calls $1.50
*** FLOP *** [Th As Kd]
peter76255: checks 
K.Antagonist: bets $1.72
peter76255: calls $1.72
*** TURN *** [Th As Kd] [5h]
peter76255: checks 
K.Antagonist: bets $5.66
peter76255: calls $5.66
*** RIVER *** [Th As Kd 5h] [7s]
peter76255: bets $9.63
K.Antagonist: folds 
Uncalled bet ($9.63) returned to peter76255
peter76255 collected $19.25 from pot
*** SUMMARY ***
Total pot $20.26 | Rake $1.01 
Board [Th As Kd 5h 7s]
Seat 1: BoyLoc0 folded before Flop (didn't bet)
Seat 2: K.Antagonist folded on the River
Seat 3: DJNezz folded before Flop (didn't bet)
Seat 4: xxxZeka (button) folded before Flop (didn't bet)
Seat 5: I TAKE IT 85 (small blind) folded before Flop
Seat 6: peter76255 (big blind) collected ($19.25)



PokerStars Hand #254551816189:  Hold'em No Limit ($0.50/$1.00 USD) - 2025/01/25 20:57:43 WET [2025/01/25 15:57:43 ET]
Table 'Poincare IV' 6-max Seat #5 is the button
Seat 1: BoyLoc0 ($100 in chips) 
Seat 2: K.Antagonist ($101.72 in chips) 
Seat 3: DJNezz ($103.25 in chips) 
Seat 4: xxxZeka ($100 in chips) 
Seat 5: I TAKE IT 85 ($224.97 in chips) 
Seat 6: peter76255 ($187.83 in chips) 
peter76255: posts small blind $0.50
BoyLoc0: posts big blind $1
*** HOLE CARDS ***
K.Antagonist: folds 
DJNezz: folds 
xxxZeka: folds 
I TAKE IT 85: folds 
peter76255: folds 
Uncalled bet ($0.50) returned to BoyLoc0
BoyLoc0 collected $1 from pot
BoyLoc0: doesn't show hand 
*** SUMMARY ***
Total pot $1 | Rake $0 
Seat 1: BoyLoc0 (big blind) collected ($1)
Seat 2: K.Antagonist folded before Flop (didn't bet)
Seat 3: DJNezz folded before Flop (didn't bet)
Seat 4: xxxZeka folded before Flop (didn't bet)
Seat 5: I TAKE IT 85 (button) folded before Flop (didn't bet)
Seat 6: peter76255 (small blind) folded before Flop



PokerStars Hand #254551819224:  Hold'em No Limit ($0.50/$1.00 USD) - 2025/01/25 20:57:58 WET [2025/01/25 15:57:58 ET]
Table 'Poincare IV' 6-max Seat #6 is the button
Seat 1: BoyLoc0 ($100.50 in chips) 
Seat 2: K.Antagonist ($101.72 in chips) 
Seat 3: DJNezz ($103.25 in chips) 
Seat 4: xxxZeka ($100 in chips) 
Seat 5: I TAKE IT 85 ($224.97 in chips) 
Seat 6: peter76255 ($187.33 in chips) 
BoyLoc0: posts small blind $0.50
K.Antagonist: posts big blind $1
*** HOLE CARDS ***
DJNezz: folds 
xxxZeka: folds 
I TAKE IT 85: folds 
peter76255: folds 
BoyLoc0: folds 
Uncalled bet ($0.50) returned to K.Antagonist
K.Antagonist collected $1 from pot
K.Antagonist: doesn't show hand 
*** SUMMARY ***
Total pot $1 | Rake $0 
Seat 1: BoyLoc0 (small blind) folded before Flop
Seat 2: K.Antagonist (big blind) collected ($1)
Seat 3: DJNezz folded before Flop (didn't bet)
Seat 4: xxxZeka folded before Flop (didn't bet)
Seat 5: I TAKE IT 85 folded before Flop (didn't bet)
Seat 6: peter76255 (button) folded before Flop (didn't bet)



PokerStars Hand #254551822029:  Hold'em No Limit ($0.50/$1.00 USD) - 2025/01/25 20:58:11 WET [2025/01/25 15:58:11 ET]
Table 'Poincare IV' 6-max Seat #1 is the button
Seat 1: BoyLoc0 ($100 in chips) 
Seat 2: K.Antagonist ($102.22 in chips) 
Seat 3: DJNezz ($103.25 in chips) 
Seat 4: xxxZeka ($100 in chips) 
Seat 5: I TAKE IT 85 ($224.97 in chips) 
Seat 6: peter76255 ($187.33 in chips) 
K.Antagonist: posts small blind $0.50
DJNezz: posts big blind $1
*** HOLE CARDS ***
xxxZeka: folds 
I TAKE IT 85: folds 
peter76255: raises $2.50 to $3.50
BoyLoc0: folds 
K.Antagonist: folds 
DJNezz: folds 
Uncalled bet ($2.50) returned to peter76255
peter76255 collected $2.50 from pot
*** SUMMARY ***
Total pot $2.50 | Rake $0 
Seat 1: BoyLoc0 (button) folded before Flop (didn't bet)
Seat 2: K.Antagonist (small blind) folded before Flop
Seat 3: DJNezz (big blind) folded before Flop
Seat 4: xxxZeka folded before Flop (didn't bet)
Seat 5: I TAKE IT 85 folded before Flop (didn't bet)
Seat 6: peter76255 collected ($2.50)



PokerStars Hand #254551826963:  Hold'em No Limit ($0.50/$1.00 USD) - 2025/01/25 20:58:35 WET [2025/01/25 15:58:35 ET]
Table 'Poincare IV' 6-max Seat #2 is the button
Seat 1: BoyLoc0 ($100 in chips) 
Seat 2: K.Antagonist ($101.72 in chips) 
Seat 3: DJNezz ($102.25 in chips) 
Seat 4: xxxZeka ($100 in chips) 
Seat 5: I TAKE IT 85 ($224.97 in chips) 
Seat 6: peter76255 ($188.83 in chips) 
DJNezz: posts small blind $0.50
xxxZeka: posts big blind $1
*** HOLE CARDS ***
I TAKE IT 85: folds 
peter76255: folds 
BoyLoc0: folds 
K.Antagonist: folds 
DJNezz: raises $2 to $3
xxxZeka: calls $2
*** FLOP *** [3c 9d Th]
DJNezz: bets $4.28
xxxZeka: calls $4.28
*** TURN *** [3c 9d Th] [6s]
DJNezz: checks 
xxxZeka: checks 
*** RIVER *** [3c 9d Th 6s] [5h]
DJNezz: bets $10.37
xxxZeka: folds 
Uncalled bet ($10.37) returned to DJNezz
DJNezz collected $13.83 from pot
*** SUMMARY ***
Total pot $14.56 | Rake $0.73 
Board [3c 9d Th 6s 5h]
Seat 1: BoyLoc0 folded before Flop (didn't bet)
Seat 2: K.Antagonist (button) folded before Flop (didn't bet)
Seat 3: DJNezz (small blind) collected ($13.83)
Seat 4: xxxZeka (big blind) folded on the River
Seat 5: I TAKE IT 85 folded before Flop (didn't bet)
Seat 6: peter76255 folded before Flop (didn't bet)



