PokerStars Hand #254546374827:  Hold'em No Limit ($0.50/$1.00 USD) - 2025/01/25 15:41:32 WET [2025/01/25 10:41:32 ET]
Table 'Hathor IV' 6-max Seat #2 is the button
Seat 3: janarr5 ($100 in chips) is sitting out
Seat 4: yalnif86 ($100 in chips) is sitting out
Seat 1: AIien Hand ($105.87 in chips) 
Seat 2: elcutez ($116.37 in chips) 
Seat 5: poker_soul11 ($100 in chips) 
poker_soul11: posts small blind $0.50
AIien Hand: posts big blind $1
*** HOLE CARDS ***
elcutez: folds 
poker_soul11: folds 
Uncalled bet ($0.50) returned to AIien Hand
AIien Hand collected $1 from pot
AIien Hand: doesn't show hand 
*** SUMMARY ***
Total pot $1 | Rake $0 
Seat 3: janarr5
Seat 4: yalnif86
Seat 1: AIien Hand (big blind) collected ($1)
Seat 2: elcutez (button) folded before Flop (didn't bet)
Seat 5: poker_soul11 (small blind) folded before Flop



PokerStars Hand #254546376455:  Hold'em No Limit ($0.50/$1.00 USD) - 2025/01/25 15:41:39 WET [2025/01/25 10:41:39 ET]
Table 'Hathor IV' 6-max Seat #5 is the button
Seat 3: janarr5 ($100 in chips) is sitting out
Seat 1: AIien Hand ($106.37 in chips) 
Seat 2: elcutez ($116.37 in chips) 
Seat 4: yalnif86 ($100 in chips) 
Seat 5: poker_soul11 ($100 in chips) 
AIien Hand: posts small blind $0.50
elcutez: posts big blind $1
janarr5: sits out 
yalnif86: posts big blind $1
*** HOLE CARDS ***
magija 11 joins the table at seat #6 
magija 11 is disconnected 
yalnif86: checks 
poker_soul11: raises $3 to $4
AIien Hand: folds 
elcutez: folds 
yalnif86: folds 
Uncalled bet ($3) returned to poker_soul11
poker_soul11 collected $3.50 from pot
poker_soul11: doesn't show hand 
*** SUMMARY ***
Total pot $3.50 | Rake $0 
Seat 3: janarr5
Seat 1: AIien Hand (small blind) folded before Flop
Seat 2: elcutez (big blind) folded before Flop
Seat 4: yalnif86 folded before Flop (didn't bet)
Seat 5: poker_soul11 (button) collected ($3.50)



PokerStars Hand #254546380620:  Hold'em No Limit ($0.50/$1.00 USD) - 2025/01/25 15:41:57 WET [2025/01/25 10:41:57 ET]
Table 'Hathor IV' 6-max Seat #1 is the button
Seat 1: AIien Hand ($105.87 in chips) 
Seat 2: elcutez ($115.37 in chips) 
Seat 3: janarr5 ($100 in chips) 
Seat 4: yalnif86 ($99 in chips) 
Seat 5: poker_soul11 ($102.50 in chips) 
Seat 6: magija 11 ($58.30 in chips) 
elcutez: posts small blind $0.50
janarr5: posts big blind $1
magija 11: posts big blind $1
*** HOLE CARDS ***
yalnif86: folds 
poker_soul11: folds 
magija 11: raises $1.70 to $2.70
AIien Hand: raises $4.50 to $7.20
elcutez: folds 
janarr5: folds 
magija 11: calls $4.50
*** FLOP *** [6h 5d 5c]
magija 11: checks 
AIien Hand: checks 
*** TURN *** [6h 5d 5c] [8h]
magija 11: checks 
AIien Hand: checks 
*** RIVER *** [6h 5d 5c 8h] [Qc]
magija 11: checks 
AIien Hand: bets $10.87
magija 11: folds 
Uncalled bet ($10.87) returned to AIien Hand
AIien Hand collected $15.10 from pot
AIien Hand: doesn't show hand 
*** SUMMARY ***
Total pot $15.90 | Rake $0.80 
Board [6h 5d 5c 8h Qc]
Seat 1: AIien Hand (button) collected ($15.10)
Seat 2: elcutez (small blind) folded before Flop
Seat 3: janarr5 (big blind) folded before Flop
Seat 4: yalnif86 folded before Flop (didn't bet)
Seat 5: poker_soul11 folded before Flop (didn't bet)
Seat 6: magija 11 folded on the River



PokerStars Hand #254546403061:  Hold'em No Limit ($0.50/$1.00 USD) - 2025/01/25 15:43:34 WET [2025/01/25 10:43:34 ET]
Table 'Hathor IV' 6-max Seat #2 is the button
Seat 1: AIien Hand ($113.77 in chips) 
Seat 2: elcutez ($114.87 in chips) 
Seat 3: janarr5 ($100 in chips) 
Seat 4: yalnif86 ($99 in chips) 
Seat 5: poker_soul11 ($102.50 in chips) 
Seat 6: magija 11 ($51.10 in chips) 
janarr5: posts small blind $0.50
yalnif86: posts big blind $1
*** HOLE CARDS ***
poker_soul11: folds 
magija 11: folds 
AIien Hand: folds 
elcutez: raises $2 to $3
janarr5: folds 
yalnif86: folds 
Uncalled bet ($2) returned to elcutez
elcutez collected $2.50 from pot
*** SUMMARY ***
Total pot $2.50 | Rake $0 
Seat 1: AIien Hand folded before Flop (didn't bet)
Seat 2: elcutez (button) collected ($2.50)
Seat 3: janarr5 (small blind) folded before Flop
Seat 4: yalnif86 (big blind) folded before Flop
Seat 5: poker_soul11 folded before Flop (didn't bet)
Seat 6: magija 11 folded before Flop (didn't bet)



PokerStars Hand #254546406789:  Hold'em No Limit ($0.50/$1.00 USD) - 2025/01/25 15:43:51 WET [2025/01/25 10:43:51 ET]
Table 'Hathor IV' 6-max Seat #3 is the button
Seat 1: AIien Hand ($113.77 in chips) 
Seat 2: elcutez ($116.37 in chips) 
Seat 3: janarr5 ($100 in chips) 
Seat 4: yalnif86 ($98 in chips) 
Seat 5: poker_soul11 ($102.50 in chips) 
Seat 6: magija 11 ($51.10 in chips) 
yalnif86: posts small blind $0.50
poker_soul11: posts big blind $1
*** HOLE CARDS ***
magija 11: folds 
AIien Hand: raises $1.20 to $2.20
elcutez: folds 
janarr5: raises $5.30 to $7.50
yalnif86: folds 
poker_soul11: folds 
AIien Hand: folds 
Uncalled bet ($5.30) returned to janarr5
janarr5 collected $5.90 from pot
janarr5: doesn't show hand 
*** SUMMARY ***
Total pot $5.90 | Rake $0 
Seat 1: AIien Hand folded before Flop
Seat 2: elcutez folded before Flop (didn't bet)
Seat 3: janarr5 (button) collected ($5.90)
Seat 4: yalnif86 (small blind) folded before Flop
Seat 5: poker_soul11 (big blind) folded before Flop
Seat 6: magija 11 folded before Flop (didn't bet)



PokerStars Hand #254546412088:  Hold'em No Limit ($0.50/$1.00 USD) - 2025/01/25 15:44:14 WET [2025/01/25 10:44:14 ET]
Table 'Hathor IV' 6-max Seat #4 is the button
Seat 1: AIien Hand ($111.57 in chips) 
Seat 2: elcutez ($116.37 in chips) 
Seat 3: janarr5 ($103.70 in chips) 
Seat 4: yalnif86 ($97.50 in chips) 
Seat 5: poker_soul11 ($101.50 in chips) 
Seat 6: magija 11 ($51.10 in chips) 
poker_soul11: posts small blind $0.50
magija 11: posts big blind $1
*** HOLE CARDS ***
AIien Hand: folds 
elcutez: folds 
janarr5: folds 
yalnif86: raises $2 to $3
poker_soul11: raises $7 to $10
magija 11: folds 
yalnif86: calls $7
*** FLOP *** [2h 6d 6s]
poker_soul11: bets $4.99
yalnif86: raises $8.99 to $13.98
poker_soul11: calls $8.99
*** TURN *** [2h 6d 6s] [Ah]
magija 11 is disconnected 
poker_soul11: checks 
yalnif86: bets $15.26
poker_soul11: folds 
Uncalled bet ($15.26) returned to yalnif86
yalnif86 collected $46.51 from pot
*** SUMMARY ***
Total pot $48.96 | Rake $2.45 
Board [2h 6d 6s Ah]
Seat 1: AIien Hand folded before Flop (didn't bet)
Seat 2: elcutez folded before Flop (didn't bet)
Seat 3: janarr5 folded before Flop (didn't bet)
Seat 4: yalnif86 (button) collected ($46.51)
Seat 5: poker_soul11 (small blind) folded on the Turn
Seat 6: magija 11 (big blind) folded before Flop



PokerStars Hand #254546459252:  Hold'em No Limit ($0.50/$1.00 USD) - 2025/01/25 15:47:38 WET [2025/01/25 10:47:38 ET]
Table 'Hathor IV' 6-max Seat #1 is the button
Seat 3: janarr5 ($103.70 in chips) is sitting out
Seat 4: yalnif86 ($20.03 in chips) is sitting out
Seat 1: AIien Hand ($125.31 in chips) 
Seat 2: elcutez ($115.37 in chips) 
Seat 5: poker_soul11 ($186 in chips) 
Seat 6: magija 11 ($47.40 in chips) 
elcutez: posts small blind $0.50
yalnif86 has timed out while disconnected
yalnif86: is sitting out 
poker_soul11: posts big blind $1
*** HOLE CARDS ***
magija 11: folds 
AIien Hand: raises $1.50 to $2.50
elcutez: folds 
poker_soul11: folds 
Uncalled bet ($1.50) returned to AIien Hand
AIien Hand collected $2.50 from pot
AIien Hand: doesn't show hand 
*** SUMMARY ***
Total pot $2.50 | Rake $0 
Seat 3: janarr5
Seat 4: yalnif86
Seat 1: AIien Hand (button) collected ($2.50)
Seat 2: elcutez (small blind) folded before Flop
Seat 5: poker_soul11 (big blind) folded before Flop
Seat 6: magija 11 folded before Flop (didn't bet)



PokerStars Hand #254546464780:  Hold'em No Limit ($0.50/$1.00 USD) - 2025/01/25 15:48:01 WET [2025/01/25 10:48:01 ET]
Table 'Hathor IV' 6-max Seat #2 is the button
Seat 3: janarr5 ($103.70 in chips) is sitting out
Seat 4: yalnif86 ($20.03 in chips) is sitting out
Seat 1: AIien Hand ($126.81 in chips) 
Seat 2: elcutez ($114.87 in chips) 
Seat 5: poker_soul11 ($185 in chips) 
Seat 6: magija 11 ($47.40 in chips) 
poker_soul11: posts small blind $0.50
magija 11: posts big blind $1
*** HOLE CARDS ***
AIien Hand: folds 
elcutez: folds 
poker_soul11: raises $2 to $3
magija 11: calls $2
*** FLOP *** [Ac Qh 7c]
poker_soul11: checks 
magija 11: checks 
*** TURN *** [Ac Qh 7c] [9c]
poker_soul11: checks 
magija 11: bets $3.85
poker_soul11: folds 
Uncalled bet ($3.85) returned to magija 11
magija 11 collected $5.70 from pot
*** SUMMARY ***
Total pot $6 | Rake $0.30 
Board [Ac Qh 7c 9c]
Seat 3: janarr5
Seat 4: yalnif86
Seat 1: AIien Hand folded before Flop (didn't bet)
Seat 2: elcutez (button) folded before Flop (didn't bet)
Seat 5: poker_soul11 (small blind) folded on the Turn
Seat 6: magija 11 (big blind) collected ($5.70)



PokerStars Hand #254546482546:  Hold'em No Limit ($0.50/$1.00 USD) - 2025/01/25 15:49:17 WET [2025/01/25 10:49:17 ET]
Table 'Hathor IV' 6-max Seat #5 is the button
Seat 3: janarr5 ($103.70 in chips) is sitting out
Seat 4: yalnif86 ($20.03 in chips) is sitting out
Seat 1: AIien Hand ($126.81 in chips) 
Seat 2: elcutez ($114.87 in chips) 
Seat 5: poker_soul11 ($182 in chips) 
Seat 6: magija 11 ($50.10 in chips) 
magija 11: posts small blind $0.50
AIien Hand: posts big blind $1
*** HOLE CARDS ***
elcutez: folds 
poker_soul11: folds 
magija 11: calls $0.50
AIien Hand: raises $2.50 to $3.50
magija 11: calls $2.50
*** FLOP *** [4h 5s Kc]
magija 11: checks 
AIien Hand: bets $1.53
magija 11: calls $1.53
*** TURN *** [4h 5s Kc] [Qd]
magija 11: checks 
AIien Hand: bets $12
magija 11: folds 
Uncalled bet ($12) returned to AIien Hand
AIien Hand collected $9.56 from pot
AIien Hand: doesn't show hand 
*** SUMMARY ***
Total pot $10.06 | Rake $0.50 
Board [4h 5s Kc Qd]
Seat 3: janarr5
Seat 4: yalnif86
Seat 1: AIien Hand (big blind) collected ($9.56)
Seat 2: elcutez folded before Flop (didn't bet)
Seat 5: poker_soul11 (button) folded before Flop (didn't bet)
Seat 6: magija 11 (small blind) folded on the Turn



PokerStars Hand #254546498751:  Hold'em No Limit ($0.50/$1.00 USD) - 2025/01/25 15:50:27 WET [2025/01/25 10:50:27 ET]
Table 'Hathor IV' 6-max Seat #6 is the button
Seat 3: janarr5 ($103.70 in chips) is sitting out
Seat 4: yalnif86 ($20.03 in chips) is sitting out
Seat 1: AIien Hand ($131.34 in chips) 
Seat 2: elcutez ($114.87 in chips) 
Seat 5: poker_soul11 ($182 in chips) 
Seat 6: magija 11 ($45.07 in chips) 
AIien Hand: posts small blind $0.50
elcutez: posts big blind $1
janarr5: sits out 
*** HOLE CARDS ***
poker_soul11: folds 
magija 11: raises $1 to $2
AIien Hand: folds 
elcutez: folds 
Uncalled bet ($1) returned to magija 11
magija 11 collected $2.50 from pot
*** SUMMARY ***
Total pot $2.50 | Rake $0 
Seat 3: janarr5
Seat 4: yalnif86
Seat 1: AIien Hand (small blind) folded before Flop
Seat 2: elcutez (big blind) folded before Flop
Seat 5: poker_soul11 folded before Flop (didn't bet)
Seat 6: magija 11 (button) collected ($2.50)



PokerStars Hand #254546502103:  Hold'em No Limit ($0.50/$1.00 USD) - 2025/01/25 15:50:41 WET [2025/01/25 10:50:41 ET]
Table 'Hathor IV' 6-max Seat #1 is the button
Seat 4: yalnif86 ($20.03 in chips) is sitting out
Seat 1: AIien Hand ($130.84 in chips) 
Seat 2: elcutez ($113.87 in chips) 
Seat 3: janarr5 ($103.70 in chips) 
Seat 5: poker_soul11 ($182 in chips) 
Seat 6: magija 11 ($46.57 in chips) 
elcutez: posts small blind $0.50
janarr5: posts big blind $1
*** HOLE CARDS ***
poker_soul11: folds 
magija 11: raises $1.50 to $2.50
AIien Hand: folds 
elcutez: folds 
janarr5: folds 
Uncalled bet ($1.50) returned to magija 11
magija 11 collected $2.50 from pot
*** SUMMARY ***
Total pot $2.50 | Rake $0 
Seat 4: yalnif86
Seat 1: AIien Hand (button) folded before Flop (didn't bet)
Seat 2: elcutez (small blind) folded before Flop
Seat 3: janarr5 (big blind) folded before Flop
Seat 5: poker_soul11 folded before Flop (didn't bet)
Seat 6: magija 11 collected ($2.50)



PokerStars Hand #254546507154:  Hold'em No Limit ($0.50/$1.00 USD) - 2025/01/25 15:51:03 WET [2025/01/25 10:51:03 ET]
Table 'Hathor IV' 6-max Seat #2 is the button
Seat 4: yalnif86 ($20.03 in chips) is sitting out
Seat 1: AIien Hand ($130.84 in chips) 
Seat 2: elcutez ($113.37 in chips) 
Seat 3: janarr5 ($102.70 in chips) 
Seat 5: poker_soul11 ($182 in chips) 
Seat 6: magija 11 ($48.07 in chips) 
janarr5: posts small blind $0.50
poker_soul11: posts big blind $1
*** HOLE CARDS ***
magija 11: folds 
AIien Hand: folds 
elcutez: folds 
janarr5: folds 
Uncalled bet ($0.50) returned to poker_soul11
poker_soul11 collected $1 from pot
poker_soul11: doesn't show hand 
*** SUMMARY ***
Total pot $1 | Rake $0 
Seat 4: yalnif86
Seat 1: AIien Hand folded before Flop (didn't bet)
Seat 2: elcutez (button) folded before Flop (didn't bet)
Seat 3: janarr5 (small blind) folded before Flop
Seat 5: poker_soul11 (big blind) collected ($1)
Seat 6: magija 11 folded before Flop (didn't bet)



PokerStars Hand #254546510266:  Hold'em No Limit ($0.50/$1.00 USD) - 2025/01/25 15:51:17 WET [2025/01/25 10:51:17 ET]
Table 'Hathor IV' 6-max Seat #3 is the button
Seat 4: yalnif86 ($20.03 in chips) is sitting out
Seat 1: AIien Hand ($130.84 in chips) 
Seat 2: elcutez ($113.37 in chips) 
Seat 3: janarr5 ($102.20 in chips) 
Seat 5: poker_soul11 ($182.50 in chips) 
Seat 6: magija 11 ($48.07 in chips) 
poker_soul11: posts small blind $0.50
magija 11: posts big blind $1
*** HOLE CARDS ***
AIien Hand: folds 
elcutez: folds 
janarr5: raises $1.50 to $2.50
poker_soul11: raises $9.50 to $12
magija 11: folds 
janarr5: folds 
Uncalled bet ($9.50) returned to poker_soul11
poker_soul11 collected $6 from pot
poker_soul11: doesn't show hand 
*** SUMMARY ***
Total pot $6 | Rake $0 
Seat 4: yalnif86
Seat 1: AIien Hand folded before Flop (didn't bet)
Seat 2: elcutez folded before Flop (didn't bet)
Seat 3: janarr5 (button) folded before Flop
Seat 5: poker_soul11 (small blind) collected ($6)
Seat 6: magija 11 (big blind) folded before Flop



PokerStars Hand #254546516259:  Hold'em No Limit ($0.50/$1.00 USD) - 2025/01/25 15:51:43 WET [2025/01/25 10:51:43 ET]
Table 'Hathor IV' 6-max Seat #5 is the button
Seat 4: yalnif86 ($20.03 in chips) is sitting out
Seat 1: AIien Hand ($130.84 in chips) 
Seat 2: elcutez ($113.37 in chips) 
Seat 3: janarr5 ($100 in chips) 
Seat 5: poker_soul11 ($186 in chips) 
Seat 6: magija 11 ($47.07 in chips) 
magija 11: posts small blind $0.50
AIien Hand: posts big blind $1
*** HOLE CARDS ***
elcutez: folds 
janarr5: raises $1.25 to $2.25
poker_soul11: folds 
magija 11: folds 
AIien Hand: folds 
Uncalled bet ($1.25) returned to janarr5
janarr5 collected $2.50 from pot
janarr5: doesn't show hand 
*** SUMMARY ***
Total pot $2.50 | Rake $0 
Seat 4: yalnif86
Seat 1: AIien Hand (big blind) folded before Flop
Seat 2: elcutez folded before Flop (didn't bet)
Seat 3: janarr5 collected ($2.50)
Seat 5: poker_soul11 (button) folded before Flop (didn't bet)
Seat 6: magija 11 (small blind) folded before Flop



PokerStars Hand #254546521793:  Hold'em No Limit ($0.50/$1.00 USD) - 2025/01/25 15:52:07 WET [2025/01/25 10:52:07 ET]
Table 'Hathor IV' 6-max Seat #6 is the button
Seat 4: yalnif86 ($20.03 in chips) is sitting out
Seat 1: AIien Hand ($129.84 in chips) 
Seat 2: elcutez ($113.37 in chips) 
Seat 3: janarr5 ($101.50 in chips) 
Seat 5: poker_soul11 ($186 in chips) 
Seat 6: magija 11 ($46.57 in chips) 
AIien Hand: posts small blind $0.50
elcutez: posts big blind $1
*** HOLE CARDS ***
janarr5: folds 
poker_soul11: folds 
magija 11: raises $1.85 to $2.85
AIien Hand: folds 
elcutez: calls $1.85
*** FLOP *** [Qh 6c 4s]
elcutez: checks 
magija 11: checks 
*** TURN *** [Qh 6c 4s] [3s]
elcutez: checks 
magija 11: bets $3.86
elcutez: folds 
Uncalled bet ($3.86) returned to magija 11
magija 11 collected $5.89 from pot
*** SUMMARY ***
Total pot $6.20 | Rake $0.31 
Board [Qh 6c 4s 3s]
Seat 4: yalnif86
Seat 1: AIien Hand (small blind) folded before Flop
Seat 2: elcutez (big blind) folded on the Turn
Seat 3: janarr5 folded before Flop (didn't bet)
Seat 5: poker_soul11 folded before Flop (didn't bet)
Seat 6: magija 11 (button) collected ($5.89)



PokerStars Hand #254546531255:  Hold'em No Limit ($0.50/$1.00 USD) - 2025/01/25 15:52:49 WET [2025/01/25 10:52:49 ET]
Table 'Hathor IV' 6-max Seat #1 is the button
Seat 4: yalnif86 ($20.03 in chips) is sitting out
Seat 1: AIien Hand ($129.34 in chips) 
Seat 2: elcutez ($110.52 in chips) 
Seat 3: janarr5 ($101.50 in chips) 
Seat 5: poker_soul11 ($186 in chips) 
Seat 6: magija 11 ($49.61 in chips) 
elcutez: posts small blind $0.50
janarr5: posts big blind $1
*** HOLE CARDS ***
poker_soul11: folds 
magija 11: folds 
AIien Hand: folds 
elcutez: folds 
Uncalled bet ($0.50) returned to janarr5
janarr5 collected $1 from pot
janarr5: doesn't show hand 
*** SUMMARY ***
Total pot $1 | Rake $0 
Seat 4: yalnif86
Seat 1: AIien Hand (button) folded before Flop (didn't bet)
Seat 2: elcutez (small blind) folded before Flop
Seat 3: janarr5 (big blind) collected ($1)
Seat 5: poker_soul11 folded before Flop (didn't bet)
Seat 6: magija 11 folded before Flop (didn't bet)



PokerStars Hand #254546535204:  Hold'em No Limit ($0.50/$1.00 USD) - 2025/01/25 15:53:06 WET [2025/01/25 10:53:06 ET]
Table 'Hathor IV' 6-max Seat #2 is the button
Seat 4: yalnif86 ($20.03 in chips) is sitting out
Seat 1: AIien Hand ($129.34 in chips) 
Seat 2: elcutez ($110.02 in chips) 
Seat 3: janarr5 ($102 in chips) 
Seat 5: poker_soul11 ($186 in chips) 
Seat 6: magija 11 ($49.61 in chips) 
janarr5: posts small blind $0.50
poker_soul11: posts big blind $1
*** HOLE CARDS ***
magija 11: folds 
AIien Hand: folds 
elcutez: raises $2 to $3
janarr5: folds 
poker_soul11: calls $2
*** FLOP *** [Kc 3c 6d]
poker_soul11: checks 
elcutez: bets $4.20
poker_soul11: folds 
Uncalled bet ($4.20) returned to elcutez
elcutez collected $6.18 from pot
*** SUMMARY ***
Total pot $6.50 | Rake $0.32 
Board [Kc 3c 6d]
Seat 4: yalnif86
Seat 1: AIien Hand folded before Flop (didn't bet)
Seat 2: elcutez (button) collected ($6.18)
Seat 3: janarr5 (small blind) folded before Flop
Seat 5: poker_soul11 (big blind) folded on the Flop
Seat 6: magija 11 folded before Flop (didn't bet)



PokerStars Hand #254546546870:  Hold'em No Limit ($0.50/$1.00 USD) - 2025/01/25 15:53:57 WET [2025/01/25 10:53:57 ET]
Table 'Hathor IV' 6-max Seat #3 is the button
Seat 4: yalnif86 ($20.03 in chips) is sitting out
Seat 1: AIien Hand ($129.34 in chips) 
Seat 2: elcutez ($113.20 in chips) 
Seat 3: janarr5 ($101.50 in chips) 
Seat 5: poker_soul11 ($183 in chips) 
Seat 6: magija 11 ($49.61 in chips) 
poker_soul11: posts small blind $0.50
magija 11: posts big blind $1
*** HOLE CARDS ***
AIien Hand: folds 
elcutez: folds 
janarr5: folds 
poker_soul11: folds 
Uncalled bet ($0.50) returned to magija 11
magija 11 collected $1 from pot
*** SUMMARY ***
Total pot $1 | Rake $0 
Seat 4: yalnif86
Seat 1: AIien Hand folded before Flop (didn't bet)
Seat 2: elcutez folded before Flop (didn't bet)
Seat 3: janarr5 (button) folded before Flop (didn't bet)
Seat 5: poker_soul11 (small blind) folded before Flop
Seat 6: magija 11 (big blind) collected ($1)



PokerStars Hand #254546549556:  Hold'em No Limit ($0.50/$1.00 USD) - 2025/01/25 15:54:09 WET [2025/01/25 10:54:09 ET]
Table 'Hathor IV' 6-max Seat #5 is the button
Seat 4: yalnif86 ($20.03 in chips) is sitting out
Seat 1: AIien Hand ($129.34 in chips) 
Seat 2: elcutez ($113.20 in chips) 
Seat 3: janarr5 ($101.50 in chips) 
Seat 5: poker_soul11 ($182.50 in chips) 
Seat 6: magija 11 ($50.11 in chips) 
magija 11: posts small blind $0.50
AIien Hand: posts big blind $1
*** HOLE CARDS ***
elcutez: raises $2 to $3
janarr5: folds 
poker_soul11: folds 
magija 11: folds 
AIien Hand: folds 
Uncalled bet ($2) returned to elcutez
elcutez collected $2.50 from pot
*** SUMMARY ***
Total pot $2.50 | Rake $0 
Seat 4: yalnif86
Seat 1: AIien Hand (big blind) folded before Flop
Seat 2: elcutez collected ($2.50)
Seat 3: janarr5 folded before Flop (didn't bet)
Seat 5: poker_soul11 (button) folded before Flop (didn't bet)
Seat 6: magija 11 (small blind) folded before Flop



PokerStars Hand #254546553403:  Hold'em No Limit ($0.50/$1.00 USD) - 2025/01/25 15:54:26 WET [2025/01/25 10:54:26 ET]
Table 'Hathor IV' 6-max Seat #6 is the button
Seat 4: yalnif86 ($20.03 in chips) is sitting out
Seat 1: AIien Hand ($128.34 in chips) 
Seat 2: elcutez ($114.70 in chips) 
Seat 3: janarr5 ($101.50 in chips) 
Seat 5: poker_soul11 ($182.50 in chips) 
Seat 6: magija 11 ($49.61 in chips) 
AIien Hand: posts small blind $0.50
elcutez: posts big blind $1
*** HOLE CARDS ***
janarr5: folds 
poker_soul11: folds 
magija 11: folds 
AIien Hand: folds 
Uncalled bet ($0.50) returned to elcutez
elcutez collected $1 from pot
*** SUMMARY ***
Total pot $1 | Rake $0 
Seat 4: yalnif86
Seat 1: AIien Hand (small blind) folded before Flop
Seat 2: elcutez (big blind) collected ($1)
Seat 3: janarr5 folded before Flop (didn't bet)
Seat 5: poker_soul11 folded before Flop (didn't bet)
Seat 6: magija 11 (button) folded before Flop (didn't bet)



PokerStars Hand #254546556349:  Hold'em No Limit ($0.50/$1.00 USD) - 2025/01/25 15:54:38 WET [2025/01/25 10:54:38 ET]
Table 'Hathor IV' 6-max Seat #1 is the button
Seat 4: yalnif86 ($20.03 in chips) is sitting out
Seat 1: AIien Hand ($127.84 in chips) 
Seat 2: elcutez ($115.20 in chips) 
Seat 3: janarr5 ($101.50 in chips) 
Seat 5: poker_soul11 ($182.50 in chips) 
Seat 6: magija 11 ($49.61 in chips) 
elcutez: posts small blind $0.50
janarr5: posts big blind $1
*** HOLE CARDS ***
poker_soul11: folds 
magija 11: raises $1.28 to $2.28
AIien Hand: calls $2.28
elcutez: raises $7.72 to $10
janarr5: folds 
magija 11: calls $7.72
AIien Hand: calls $7.72
*** FLOP *** [8c 8d Tc]
elcutez: bets $29.45
magija 11: raises $10.16 to $39.61 and is all-in
AIien Hand: folds 
elcutez: calls $10.16
magija 11 has timed out
*** TURN *** [8c 8d Tc] [Js]
*** RIVER *** [8c 8d Tc Js] [Qd]
*** SHOW DOWN ***
elcutez: shows [Kc Ks] (two pair, Kings and Eights)
magija 11: shows [Qc 9c] (a straight, Eight to Queen)
magija 11 collected $107.72 from pot
*** SUMMARY ***
Total pot $110.22 | Rake $2.50 
Board [8c 8d Tc Js Qd]
Seat 4: yalnif86
Seat 1: AIien Hand (button) folded on the Flop
Seat 2: elcutez (small blind) showed [Kc Ks] and lost with two pair, Kings and Eights
Seat 3: janarr5 (big blind) folded before Flop
Seat 5: poker_soul11 folded before Flop (didn't bet)
Seat 6: magija 11 showed [Qc 9c] and won ($107.72) with a straight, Eight to Queen



PokerStars Hand #254546572079:  Hold'em No Limit ($0.50/$1.00 USD) - 2025/01/25 15:56:00 WET [2025/01/25 10:56:00 ET]
Table 'Hathor IV' 6-max Seat #2 is the button
Seat 4: yalnif86 ($20.03 in chips) is sitting out
Seat 1: AIien Hand ($117.84 in chips) 
Seat 2: elcutez ($65.59 in chips) 
Seat 3: janarr5 ($100.50 in chips) 
Seat 5: poker_soul11 ($182.50 in chips) 
Seat 6: magija 11 ($107.72 in chips) 
janarr5: posts small blind $0.50
poker_soul11: posts big blind $1
*** HOLE CARDS ***
magija 11: raises $1.80 to $2.80
AIien Hand: raises $4.70 to $7.50
elcutez: folds 
elcutez leaves the table
janarr5: folds 
poker_soul11: folds 
yalnif86 leaves the table
RAidakCo joins the table at seat #2 
magija 11: calls $4.70
*** FLOP *** [Qh 7s 3h]
magija 11: checks 
Unipoker11 joins the table at seat #4 
AIien Hand: checks 
*** TURN *** [Qh 7s 3h] [2s]
magija 11: bets $7.50
AIien Hand: calls $7.50
*** RIVER *** [Qh 7s 3h 2s] [2d]
magija 11: bets $18.93
AIien Hand: folds 
Uncalled bet ($18.93) returned to magija 11
magija 11 collected $29.92 from pot
*** SUMMARY ***
Total pot $31.50 | Rake $1.58 
Board [Qh 7s 3h 2s 2d]
Seat 4: yalnif86
Seat 1: AIien Hand folded on the River
Seat 2: elcutez (button) folded before Flop (didn't bet)
Seat 3: janarr5 (small blind) folded before Flop
Seat 5: poker_soul11 (big blind) folded before Flop
Seat 6: magija 11 collected ($29.92)



PokerStars Hand #254546590708:  Hold'em No Limit ($0.50/$1.00 USD) - 2025/01/25 15:57:50 WET [2025/01/25 10:57:50 ET]
Table 'Hathor IV' 6-max Seat #3 is the button
Seat 2: RAidakCo ($100 in chips) is sitting out
Seat 4: Unipoker11 ($100 in chips) is sitting out
Seat 1: AIien Hand ($102.84 in chips) 
Seat 3: janarr5 ($100 in chips) 
Seat 5: poker_soul11 ($181.50 in chips) 
Seat 6: magija 11 ($122.64 in chips) 
poker_soul11: posts small blind $0.50
magija 11: posts big blind $1
RAidakCo: sits out 
*** HOLE CARDS ***
AIien Hand: folds 
janarr5: raises $1.50 to $2.50
poker_soul11: folds 
magija 11: calls $1.50
*** FLOP *** [5h As 6d]
magija 11: checks 
janarr5: checks 
*** TURN *** [5h As 6d] [Kd]
magija 11: checks 
janarr5: checks 
*** RIVER *** [5h As 6d Kd] [3h]
magija 11: bets $5.22
janarr5: folds 
Uncalled bet ($5.22) returned to magija 11
magija 11 collected $5.22 from pot
*** SUMMARY ***
Total pot $5.50 | Rake $0.28 
Board [5h As 6d Kd 3h]
Seat 2: RAidakCo
Seat 4: Unipoker11
Seat 1: AIien Hand folded before Flop (didn't bet)
Seat 3: janarr5 (button) folded on the River
Seat 5: poker_soul11 (small blind) folded before Flop
Seat 6: magija 11 (big blind) collected ($5.22)



PokerStars Hand #254546597648:  Hold'em No Limit ($0.50/$1.00 USD) - 2025/01/25 15:58:31 WET [2025/01/25 10:58:31 ET]
Table 'Hathor IV' 6-max Seat #5 is the button
Seat 2: RAidakCo ($100 in chips) is sitting out
Seat 4: Unipoker11 ($100 in chips) is sitting out
Seat 1: AIien Hand ($102.84 in chips) 
Seat 3: janarr5 ($100 in chips) 
Seat 5: poker_soul11 ($181 in chips) 
Seat 6: magija 11 ($125.36 in chips) 
magija 11: posts small blind $0.50
AIien Hand: posts big blind $1
RAidakCo: sits out 
Unipoker11: sits out 
*** HOLE CARDS ***
janarr5: folds 
poker_soul11: folds 
magija 11: folds 
Uncalled bet ($0.50) returned to AIien Hand
AIien Hand collected $1 from pot
AIien Hand: doesn't show hand 
*** SUMMARY ***
Total pot $1 | Rake $0 
Seat 2: RAidakCo
Seat 4: Unipoker11
Seat 1: AIien Hand (big blind) collected ($1)
Seat 3: janarr5 folded before Flop (didn't bet)
Seat 5: poker_soul11 (button) folded before Flop (didn't bet)
Seat 6: magija 11 (small blind) folded before Flop



PokerStars Hand #254546600060:  Hold'em No Limit ($0.50/$1.00 USD) - 2025/01/25 15:58:45 WET [2025/01/25 10:58:45 ET]
Table 'Hathor IV' 6-max Seat #6 is the button
Seat 4: Unipoker11 ($100 in chips) is sitting out
Seat 1: AIien Hand ($103.34 in chips) 
Seat 2: RAidakCo ($100 in chips) 
Seat 3: janarr5 ($100 in chips) 
Seat 5: poker_soul11 ($181 in chips) 
Seat 6: magija 11 ($124.86 in chips) 
AIien Hand: posts small blind $0.50
RAidakCo: posts big blind $1
Unipoker11: sits out 
*** HOLE CARDS ***
janarr5: raises $1.25 to $2.25
poker_soul11: folds 
magija 11: folds 
AIien Hand: folds 
RAidakCo: folds 
Uncalled bet ($1.25) returned to janarr5
janarr5 collected $2.50 from pot
janarr5: doesn't show hand 
*** SUMMARY ***
Total pot $2.50 | Rake $0 
Seat 4: Unipoker11
Seat 1: AIien Hand (small blind) folded before Flop
Seat 2: RAidakCo (big blind) folded before Flop
Seat 3: janarr5 collected ($2.50)
Seat 5: poker_soul11 folded before Flop (didn't bet)
Seat 6: magija 11 (button) folded before Flop (didn't bet)



PokerStars Hand #254546602738:  Hold'em No Limit ($0.50/$1.00 USD) - 2025/01/25 15:59:01 WET [2025/01/25 10:59:01 ET]
Table 'Hathor IV' 6-max Seat #1 is the button
Seat 4: Unipoker11 ($100 in chips) is sitting out
Seat 1: AIien Hand ($102.84 in chips) 
Seat 2: RAidakCo ($100 in chips) 
Seat 3: janarr5 ($101.50 in chips) 
Seat 5: poker_soul11 ($181 in chips) 
Seat 6: magija 11 ($124.86 in chips) 
RAidakCo: posts small blind $0.50
janarr5: posts big blind $1
Unipoker11: sits out 
*** HOLE CARDS ***
poker_soul11: folds 
magija 11: raises $1.80 to $2.80
AIien Hand: folds 
RAidakCo: folds 
janarr5: calls $1.80
*** FLOP *** [Kc Ac 3d]
janarr5: checks 
magija 11: bets $3.84
janarr5: calls $3.84
*** TURN *** [Kc Ac 3d] [7d]
janarr5: checks 
magija 11: bets $13.07
janarr5: calls $13.07
*** RIVER *** [Kc Ac 3d 7d] [Qh]
janarr5: checks 
magija 11: bets $28.96
janarr5: calls $28.96
*** SHOW DOWN ***
magija 11: shows [Ad 7h] (two pair, Aces and Sevens)
janarr5: mucks hand 
magija 11 collected $95.34 from pot
*** SUMMARY ***
Total pot $97.84 | Rake $2.50 
Board [Kc Ac 3d 7d Qh]
Seat 4: Unipoker11
Seat 1: AIien Hand (button) folded before Flop (didn't bet)
Seat 2: RAidakCo (small blind) folded before Flop
Seat 3: janarr5 (big blind) mucked
Seat 5: poker_soul11 folded before Flop (didn't bet)
Seat 6: magija 11 showed [Ad 7h] and won ($95.34) with two pair, Aces and Sevens



PokerStars Hand #254546618944:  Hold'em No Limit ($0.50/$1.00 USD) - 2025/01/25 16:00:34 WET [2025/01/25 11:00:34 ET]
Table 'Hathor IV' 6-max Seat #2 is the button
Seat 1: AIien Hand ($102.84 in chips) 
Seat 2: RAidakCo ($100 in chips) 
Seat 3: janarr5 ($100 in chips) 
Seat 4: Unipoker11 ($100 in chips) 
Seat 5: poker_soul11 ($181 in chips) 
Seat 6: magija 11 ($171.53 in chips) 
janarr5: posts small blind $0.50
Unipoker11: posts big blind $1
*** HOLE CARDS ***
poker_soul11: raises $1.20 to $2.20
magija 11: folds 
AIien Hand: folds 
RAidakCo: raises $4.80 to $7
janarr5: folds 
Unipoker11: folds 
poker_soul11: calls $4.80
*** FLOP *** [3c 2s 3h]
poker_soul11: checks 
RAidakCo: bets $11.04
poker_soul11: folds 
Uncalled bet ($11.04) returned to RAidakCo
RAidakCo collected $14.72 from pot
RAidakCo: doesn't show hand 
magija 11 is disconnected 
*** SUMMARY ***
Total pot $15.50 | Rake $0.78 
Board [3c 2s 3h]
Seat 1: AIien Hand folded before Flop (didn't bet)
Seat 2: RAidakCo (button) collected ($14.72)
Seat 3: janarr5 (small blind) folded before Flop
Seat 4: Unipoker11 (big blind) folded before Flop
Seat 5: poker_soul11 folded on the Flop
Seat 6: magija 11 folded before Flop (didn't bet)



PokerStars Hand #254546628383:  Hold'em No Limit ($0.50/$1.00 USD) - 2025/01/25 16:01:22 WET [2025/01/25 11:01:22 ET]
Table 'Hathor IV' 6-max Seat #3 is the button
Seat 1: AIien Hand ($102.84 in chips) 
Seat 2: RAidakCo ($107.72 in chips) 
Seat 3: janarr5 ($100 in chips) 
Seat 4: Unipoker11 ($100 in chips) 
Seat 5: poker_soul11 ($174 in chips) 
Seat 6: magija 11 ($171.53 in chips) 
Unipoker11: posts small blind $0.50
poker_soul11: posts big blind $1
*** HOLE CARDS ***
magija 11 has timed out while disconnected
magija 11: folds 
AIien Hand: folds 
RAidakCo: folds 
janarr5: raises $1.50 to $2.50
Unipoker11: folds 
poker_soul11: folds 
Uncalled bet ($1.50) returned to janarr5
janarr5 collected $2.50 from pot
janarr5: doesn't show hand 
*** SUMMARY ***
Total pot $2.50 | Rake $0 
Seat 1: AIien Hand folded before Flop (didn't bet)
Seat 2: RAidakCo folded before Flop (didn't bet)
Seat 3: janarr5 (button) collected ($2.50)
Seat 4: Unipoker11 (small blind) folded before Flop
Seat 5: poker_soul11 (big blind) folded before Flop
Seat 6: magija 11 folded before Flop (didn't bet)



PokerStars Hand #254546636821:  Hold'em No Limit ($0.50/$1.00 USD) - 2025/01/25 16:02:00 WET [2025/01/25 11:02:00 ET]
Table 'Hathor IV' 6-max Seat #4 is the button
Seat 1: AIien Hand ($102.84 in chips) 
Seat 2: RAidakCo ($107.72 in chips) 
Seat 3: janarr5 ($101.50 in chips) 
Seat 4: Unipoker11 ($100 in chips) 
Seat 5: poker_soul11 ($173 in chips) 
Seat 6: magija 11 ($171.53 in chips) 
poker_soul11: posts small blind $0.50
magija 11: posts big blind $1
*** HOLE CARDS ***
AIien Hand: folds 
RAidakCo: raises $1.20 to $2.20
janarr5: folds 
Unipoker11: folds 
poker_soul11: folds 
magija 11: folds 
Uncalled bet ($1.20) returned to RAidakCo
RAidakCo collected $2.50 from pot
RAidakCo: doesn't show hand 
*** SUMMARY ***
Total pot $2.50 | Rake $0 
Seat 1: AIien Hand folded before Flop (didn't bet)
Seat 2: RAidakCo collected ($2.50)
Seat 3: janarr5 folded before Flop (didn't bet)
Seat 4: Unipoker11 (button) folded before Flop (didn't bet)
Seat 5: poker_soul11 (small blind) folded before Flop
Seat 6: magija 11 (big blind) folded before Flop



PokerStars Hand #254546646402:  Hold'em No Limit ($0.50/$1.00 USD) - 2025/01/25 16:02:42 WET [2025/01/25 11:02:42 ET]
Table 'Hathor IV' 6-max Seat #5 is the button
Seat 1: AIien Hand ($102.84 in chips) 
Seat 2: RAidakCo ($109.22 in chips) 
Seat 3: janarr5 ($101.50 in chips) 
Seat 4: Unipoker11 ($100 in chips) 
Seat 5: poker_soul11 ($172.50 in chips) 
Seat 6: magija 11 ($170.53 in chips) 
magija 11: posts small blind $0.50
AIien Hand: posts big blind $1
*** HOLE CARDS ***
RAidakCo: folds 
janarr5: folds 
Unipoker11: folds 
poker_soul11: raises $1.20 to $2.20
magija 11: folds 
AIien Hand: calls $1.20
*** FLOP *** [3s Js 2s]
AIien Hand: checks 
poker_soul11: checks 
*** TURN *** [3s Js 2s] [4d]
AIien Hand: bets $1.86
poker_soul11: raises $4.19 to $6.05
AIien Hand: raises $16.45 to $22.50
poker_soul11: calls $16.45
*** RIVER *** [3s Js 2s 4d] [3c]
AIien Hand: bets $78.14 and is all-in
poker_soul11: calls $78.14
*** SHOW DOWN ***
AIien Hand: shows [As 7s] (a flush, Ace high)
poker_soul11: shows [Kh Ks] (two pair, Kings and Threes)
AIien Hand collected $203.68 from pot
*** SUMMARY ***
Total pot $206.18 | Rake $2.50 
Board [3s Js 2s 4d 3c]
Seat 1: AIien Hand (big blind) showed [As 7s] and won ($203.68) with a flush, Ace high
Seat 2: RAidakCo folded before Flop (didn't bet)
Seat 3: janarr5 folded before Flop (didn't bet)
Seat 4: Unipoker11 folded before Flop (didn't bet)
Seat 5: poker_soul11 (button) showed [Kh Ks] and lost with two pair, Kings and Threes
Seat 6: magija 11 (small blind) folded before Flop



PokerStars Hand #254546671646:  Hold'em No Limit ($0.50/$1.00 USD) - 2025/01/25 16:04:31 WET [2025/01/25 11:04:31 ET]
Table 'Hathor IV' 6-max Seat #6 is the button
Seat 1: AIien Hand ($203.68 in chips) 
Seat 2: RAidakCo ($109.22 in chips) 
Seat 3: janarr5 ($101.50 in chips) 
Seat 4: Unipoker11 ($100 in chips) 
Seat 5: poker_soul11 ($100 in chips) 
Seat 6: magija 11 ($170.03 in chips) 
AIien Hand: posts small blind $0.50
RAidakCo: posts big blind $1
*** HOLE CARDS ***
janarr5: folds 
Unipoker11: folds 
poker_soul11: folds 
magija 11: raises $1.80 to $2.80
AIien Hand: folds 
RAidakCo: calls $1.80
*** FLOP *** [9c 8c Qd]
RAidakCo: checks 
magija 11: bets $3.87
RAidakCo: calls $3.87
*** TURN *** [9c 8c Qd] [5d]
RAidakCo: checks 
magija 11: checks 
*** RIVER *** [9c 8c Qd 5d] [Ah]
RAidakCo: checks 
magija 11: checks 
*** SHOW DOWN ***
RAidakCo: shows [3d 8d] (a pair of Eights)
magija 11: mucks hand 
RAidakCo collected $13.15 from pot
*** SUMMARY ***
Total pot $13.84 | Rake $0.69 
Board [9c 8c Qd 5d Ah]
Seat 1: AIien Hand (small blind) folded before Flop
Seat 2: RAidakCo (big blind) showed [3d 8d] and won ($13.15) with a pair of Eights
Seat 3: janarr5 folded before Flop (didn't bet)
Seat 4: Unipoker11 folded before Flop (didn't bet)
Seat 5: poker_soul11 folded before Flop (didn't bet)
Seat 6: magija 11 (button) mucked



PokerStars Hand #254546690190:  Hold'em No Limit ($0.50/$1.00 USD) - 2025/01/25 16:05:49 WET [2025/01/25 11:05:49 ET]
Table 'Hathor IV' 6-max Seat #1 is the button
Seat 1: AIien Hand ($203.18 in chips) 
Seat 2: RAidakCo ($115.70 in chips) 
Seat 3: janarr5 ($101.50 in chips) 
Seat 4: Unipoker11 ($100 in chips) 
Seat 5: poker_soul11 ($100 in chips) 
Seat 6: magija 11 ($163.36 in chips) 
RAidakCo: posts small blind $0.50
janarr5: posts big blind $1
*** HOLE CARDS ***
Unipoker11: folds 
poker_soul11: raises $1.20 to $2.20
magija 11: folds 
AIien Hand: folds 
RAidakCo: folds 
janarr5: calls $1.20
*** FLOP *** [Kh 9c 5s]
janarr5: checks 
poker_soul11: bets $1.54
janarr5: calls $1.54
*** TURN *** [Kh 9c 5s] [7c]
janarr5: checks 
poker_soul11: bets $5
janarr5: calls $5
*** RIVER *** [Kh 9c 5s 7c] [8h]
janarr5: checks 
poker_soul11: checks 
*** SHOW DOWN ***
janarr5: shows [Jc Ac] (high card Ace)
poker_soul11: shows [Kc Qs] (a pair of Kings)
poker_soul11 collected $17.08 from pot
*** SUMMARY ***
Total pot $17.98 | Rake $0.90 
Board [Kh 9c 5s 7c 8h]
Seat 1: AIien Hand (button) folded before Flop (didn't bet)
Seat 2: RAidakCo (small blind) folded before Flop
Seat 3: janarr5 (big blind) showed [Jc Ac] and lost with high card Ace
Seat 4: Unipoker11 folded before Flop (didn't bet)
Seat 5: poker_soul11 showed [Kc Qs] and won ($17.08) with a pair of Kings
Seat 6: magija 11 folded before Flop (didn't bet)



PokerStars Hand #254546703287:  Hold'em No Limit ($0.50/$1.00 USD) - 2025/01/25 16:06:45 WET [2025/01/25 11:06:45 ET]
Table 'Hathor IV' 6-max Seat #2 is the button
Seat 1: AIien Hand ($203.18 in chips) 
Seat 2: RAidakCo ($115.20 in chips) 
Seat 3: janarr5 ($100 in chips) 
Seat 4: Unipoker11 ($100 in chips) 
Seat 5: poker_soul11 ($108.34 in chips) 
Seat 6: magija 11 ($163.36 in chips) 
janarr5: posts small blind $0.50
Unipoker11: posts big blind $1
*** HOLE CARDS ***
poker_soul11: folds 
magija 11: folds 
AIien Hand: folds 
RAidakCo: raises $1.50 to $2.50
janarr5: folds 
Unipoker11: folds 
Uncalled bet ($1.50) returned to RAidakCo
RAidakCo collected $2.50 from pot
RAidakCo: doesn't show hand 
*** SUMMARY ***
Total pot $2.50 | Rake $0 
Seat 1: AIien Hand folded before Flop (didn't bet)
Seat 2: RAidakCo (button) collected ($2.50)
Seat 3: janarr5 (small blind) folded before Flop
Seat 4: Unipoker11 (big blind) folded before Flop
Seat 5: poker_soul11 folded before Flop (didn't bet)
Seat 6: magija 11 folded before Flop (didn't bet)



PokerStars Hand #254546709088:  Hold'em No Limit ($0.50/$1.00 USD) - 2025/01/25 16:07:09 WET [2025/01/25 11:07:09 ET]
Table 'Hathor IV' 6-max Seat #3 is the button
Seat 5: poker_soul11 ($108.34 in chips) is sitting out
Seat 1: AIien Hand ($203.18 in chips) 
Seat 2: RAidakCo ($116.70 in chips) 
Seat 3: janarr5 ($100 in chips) 
Seat 4: Unipoker11 ($100 in chips) 
Seat 6: magija 11 ($163.36 in chips) 
Unipoker11: posts small blind $0.50
poker_soul11: is sitting out 
magija 11: posts big blind $1
*** HOLE CARDS ***
poker_soul11 leaves the table
AIien Hand: folds 
RAidakCo: folds 
raiseinthedarkk joins the table at seat #5 
janarr5: raises $1.50 to $2.50
Unipoker11: folds 
magija 11: folds 
Uncalled bet ($1.50) returned to janarr5
janarr5 collected $2.50 from pot
janarr5: doesn't show hand 
*** SUMMARY ***
Total pot $2.50 | Rake $0 
Seat 5: poker_soul11
Seat 1: AIien Hand folded before Flop (didn't bet)
Seat 2: RAidakCo folded before Flop (didn't bet)
Seat 3: janarr5 (button) collected ($2.50)
Seat 4: Unipoker11 (small blind) folded before Flop
Seat 6: magija 11 (big blind) folded before Flop



PokerStars Hand #254546713806:  Hold'em No Limit ($0.50/$1.00 USD) - 2025/01/25 16:07:29 WET [2025/01/25 11:07:29 ET]
Table 'Hathor IV' 6-max Seat #4 is the button
Seat 5: raiseinthedarkk ($100 in chips) is sitting out
Seat 1: AIien Hand ($203.18 in chips) 
Seat 2: RAidakCo ($116.70 in chips) 
Seat 3: janarr5 ($101.50 in chips) 
Seat 4: Unipoker11 ($100 in chips) 
Seat 6: magija 11 ($162.36 in chips) 
magija 11: posts small blind $0.50
AIien Hand: posts big blind $1
*** HOLE CARDS ***
RAidakCo: folds 
janarr5: folds 
Unipoker11: folds 
magija 11: folds 
Uncalled bet ($0.50) returned to AIien Hand
AIien Hand collected $1 from pot
AIien Hand: doesn't show hand 
*** SUMMARY ***
Total pot $1 | Rake $0 
Seat 5: raiseinthedarkk
Seat 1: AIien Hand (big blind) collected ($1)
Seat 2: RAidakCo folded before Flop (didn't bet)
Seat 3: janarr5 folded before Flop (didn't bet)
Seat 4: Unipoker11 (button) folded before Flop (didn't bet)
Seat 6: magija 11 (small blind) folded before Flop



PokerStars Hand #254546716897:  Hold'em No Limit ($0.50/$1.00 USD) - 2025/01/25 16:07:43 WET [2025/01/25 11:07:43 ET]
Table 'Hathor IV' 6-max Seat #6 is the button
Seat 5: raiseinthedarkk ($100 in chips) is sitting out
Seat 1: AIien Hand ($203.68 in chips) 
Seat 2: RAidakCo ($116.70 in chips) 
Seat 3: janarr5 ($101.50 in chips) 
Seat 4: Unipoker11 ($100 in chips) 
Seat 6: magija 11 ($161.86 in chips) 
AIien Hand: posts small blind $0.50
RAidakCo: posts big blind $1
raiseinthedarkk: sits out 
*** HOLE CARDS ***
janarr5: raises $1.25 to $2.25
Unipoker11: folds 
magija 11: folds 
AIien Hand: folds 
RAidakCo: calls $1.25
*** FLOP *** [Qd 5s 9d]
RAidakCo: checks 
janarr5: bets $1.57
RAidakCo: raises $6.43 to $8
janarr5: calls $6.43
*** TURN *** [Qd 5s 9d] [Ah]
RAidakCo: bets $14.96
janarr5: calls $14.96
*** RIVER *** [Qd 5s 9d Ah] [Kd]
RAidakCo: checks 
janarr5: checks 
*** SHOW DOWN ***
RAidakCo: shows [8s Ad] (a pair of Aces)
janarr5: shows [Ks Qc] (two pair, Kings and Queens)
janarr5 collected $48.42 from pot
*** SUMMARY ***
Total pot $50.92 | Rake $2.50 
Board [Qd 5s 9d Ah Kd]
Seat 5: raiseinthedarkk
Seat 1: AIien Hand (small blind) folded before Flop
Seat 2: RAidakCo (big blind) showed [8s Ad] and lost with a pair of Aces
Seat 3: janarr5 showed [Ks Qc] and won ($48.42) with two pair, Kings and Queens
Seat 4: Unipoker11 folded before Flop (didn't bet)
Seat 6: magija 11 (button) folded before Flop (didn't bet)



PokerStars Hand #254546731457:  Hold'em No Limit ($0.50/$1.00 USD) - 2025/01/25 16:08:45 WET [2025/01/25 11:08:45 ET]
Table 'Hathor IV' 6-max Seat #1 is the button
Seat 3: janarr5 ($124.71 in chips) is sitting out
Seat 5: raiseinthedarkk ($100 in chips) is sitting out
Seat 1: AIien Hand ($203.18 in chips) 
Seat 2: RAidakCo ($100 in chips) 
Seat 4: Unipoker11 ($100 in chips) 
Seat 6: magija 11 ($161.86 in chips) 
RAidakCo: posts small blind $0.50
janarr5: is sitting out 
Unipoker11: posts big blind $1
raiseinthedarkk: sits out 
*** HOLE CARDS ***
janarr5 leaves the table
magija 11: folds 
AIien Hand: raises $1.50 to $2.50
RAidakCo: raises $8.50 to $11
Unipoker11: folds 
AIien Hand: calls $8.50
*** FLOP *** [Qc 4s 6c]
RAidakCo: bets $7.26
AIien Hand: calls $7.26
*** TURN *** [Qc 4s 6c] [2s]
BGS013 joins the table at seat #3 
RAidakCo: checks 
AIien Hand: bets $10.95
RAidakCo: calls $10.95
*** RIVER *** [Qc 4s 6c 2s] [2d]
RAidakCo: checks 
AIien Hand: bets $173.97 and is all-in
RAidakCo: calls $70.79 and is all-in
Uncalled bet ($103.18) returned to AIien Hand
*** SHOW DOWN ***
AIien Hand: shows [Jd Qd] (two pair, Queens and Deuces)
RAidakCo: shows [Jh Jc] (two pair, Jacks and Deuces)
AIien Hand collected $200 from pot
*** SUMMARY ***
Total pot $201 | Rake $1 
Board [Qc 4s 6c 2s 2d]
Seat 3: janarr5
Seat 5: raiseinthedarkk
Seat 1: AIien Hand (button) showed [Jd Qd] and won ($200) with two pair, Queens and Deuces
Seat 2: RAidakCo (small blind) showed [Jh Jc] and lost with two pair, Jacks and Deuces
Seat 4: Unipoker11 (big blind) folded before Flop
Seat 6: magija 11 folded before Flop (didn't bet)



PokerStars Hand #254546756880:  Hold'em No Limit ($0.50/$1.00 USD) - 2025/01/25 16:10:34 WET [2025/01/25 11:10:34 ET]
Table 'Hathor IV' 6-max Seat #2 is the button
Seat 3: BGS013 ($100 in chips) is sitting out
Seat 1: AIien Hand ($303.18 in chips) 
Seat 2: RAidakCo ($100 in chips) 
Seat 4: Unipoker11 ($100 in chips) 
Seat 5: raiseinthedarkk ($100 in chips) 
Seat 6: magija 11 ($161.86 in chips) 
Unipoker11: posts small blind $0.50
raiseinthedarkk: posts big blind $1
*** HOLE CARDS ***
magija 11: raises $1.80 to $2.80
AIien Hand: raises $5.20 to $8
RAidakCo: folds 
Unipoker11: folds 
raiseinthedarkk: folds 
magija 11: calls $5.20
*** FLOP *** [2d 7h As]
magija 11: checks 
AIien Hand: bets $4
magija 11: calls $4
*** TURN *** [2d 7h As] [7s]
magija 11: checks 
AIien Hand: checks 
*** RIVER *** [2d 7h As 7s] [Kc]
magija 11: bets $13.11
AIien Hand: folds 
Uncalled bet ($13.11) returned to magija 11
magija 11 collected $24.22 from pot
*** SUMMARY ***
Total pot $25.50 | Rake $1.28 
Board [2d 7h As 7s Kc]
Seat 3: BGS013
Seat 1: AIien Hand folded on the River
Seat 2: RAidakCo (button) folded before Flop (didn't bet)
Seat 4: Unipoker11 (small blind) folded before Flop
Seat 5: raiseinthedarkk (big blind) folded before Flop
Seat 6: magija 11 collected ($24.22)



PokerStars Hand #254546774070:  Hold'em No Limit ($0.50/$1.00 USD) - 2025/01/25 16:11:47 WET [2025/01/25 11:11:47 ET]
Table 'Hathor IV' 6-max Seat #4 is the button
Seat 3: BGS013 ($100 in chips) is sitting out
Seat 1: AIien Hand ($291.18 in chips) 
Seat 2: RAidakCo ($100 in chips) 
Seat 4: Unipoker11 ($100 in chips) 
Seat 5: raiseinthedarkk ($100 in chips) 
Seat 6: magija 11 ($174.08 in chips) 
raiseinthedarkk: posts small blind $0.50
magija 11: posts big blind $1
BGS013: sits out 
*** HOLE CARDS ***
AIien Hand: raises $1.20 to $2.20
RAidakCo: raises $4.80 to $7
Unipoker11: folds 
raiseinthedarkk: folds 
magija 11: calls $6
AIien Hand: folds 
*** FLOP *** [5s 9c 9h]
magija 11: checks 
RAidakCo: bets $7.93
magija 11: folds 
Uncalled bet ($7.93) returned to RAidakCo
RAidakCo collected $15.86 from pot
RAidakCo: doesn't show hand 
*** SUMMARY ***
Total pot $16.70 | Rake $0.84 
Board [5s 9c 9h]
Seat 3: BGS013
Seat 1: AIien Hand folded before Flop
Seat 2: RAidakCo collected ($15.86)
Seat 4: Unipoker11 (button) folded before Flop (didn't bet)
Seat 5: raiseinthedarkk (small blind) folded before Flop
Seat 6: magija 11 (big blind) folded on the Flop



PokerStars Hand #254546783987:  Hold'em No Limit ($0.50/$1.00 USD) - 2025/01/25 16:12:28 WET [2025/01/25 11:12:28 ET]
Table 'Hathor IV' 6-max Seat #5 is the button
Seat 3: BGS013 ($100 in chips) is sitting out
Seat 1: AIien Hand ($288.98 in chips) 
Seat 2: RAidakCo ($108.86 in chips) 
Seat 4: Unipoker11 ($100 in chips) 
Seat 5: raiseinthedarkk ($100 in chips) 
Seat 6: magija 11 ($167.08 in chips) 
magija 11: posts small blind $0.50
AIien Hand: posts big blind $1
BGS013: sits out 
*** HOLE CARDS ***
RAidakCo: folds 
Unipoker11: folds 
raiseinthedarkk: raises $1.50 to $2.50
magija 11: folds 
AIien Hand: calls $1.50
*** FLOP *** [Kc Jd Ks]
AIien Hand: checks 
raiseinthedarkk: bets $1.31
AIien Hand: folds 
Uncalled bet ($1.31) returned to raiseinthedarkk
raiseinthedarkk collected $5.22 from pot
raiseinthedarkk: doesn't show hand 
*** SUMMARY ***
Total pot $5.50 | Rake $0.28 
Board [Kc Jd Ks]
Seat 3: BGS013
Seat 1: AIien Hand (big blind) folded on the Flop
Seat 2: RAidakCo folded before Flop (didn't bet)
Seat 4: Unipoker11 folded before Flop (didn't bet)
Seat 5: raiseinthedarkk (button) collected ($5.22)
Seat 6: magija 11 (small blind) folded before Flop



PokerStars Hand #254546790347:  Hold'em No Limit ($0.50/$1.00 USD) - 2025/01/25 16:12:56 WET [2025/01/25 11:12:56 ET]
Table 'Hathor IV' 6-max Seat #6 is the button
Seat 3: BGS013 ($100 in chips) is sitting out
Seat 1: AIien Hand ($286.48 in chips) 
Seat 2: RAidakCo ($108.86 in chips) 
Seat 4: Unipoker11 ($100 in chips) 
Seat 5: raiseinthedarkk ($102.72 in chips) 
Seat 6: magija 11 ($166.58 in chips) 
AIien Hand: posts small blind $0.50
RAidakCo: posts big blind $1
BGS013: sits out 
*** HOLE CARDS ***
Unipoker11: folds 
raiseinthedarkk: raises $1 to $2
magija 11: folds 
AIien Hand: folds 
RAidakCo: folds 
Uncalled bet ($1) returned to raiseinthedarkk
raiseinthedarkk collected $2.50 from pot
raiseinthedarkk: doesn't show hand 
*** SUMMARY ***
Total pot $2.50 | Rake $0 
Seat 3: BGS013
Seat 1: AIien Hand (small blind) folded before Flop
Seat 2: RAidakCo (big blind) folded before Flop
Seat 4: Unipoker11 folded before Flop (didn't bet)
Seat 5: raiseinthedarkk collected ($2.50)
Seat 6: magija 11 (button) folded before Flop (didn't bet)



PokerStars Hand #254546793987:  Hold'em No Limit ($0.50/$1.00 USD) - 2025/01/25 16:13:11 WET [2025/01/25 11:13:11 ET]
Table 'Hathor IV' 6-max Seat #1 is the button
Seat 1: AIien Hand ($285.98 in chips) 
Seat 2: RAidakCo ($107.86 in chips) 
Seat 3: BGS013 ($100 in chips) 
Seat 4: Unipoker11 ($100 in chips) 
Seat 5: raiseinthedarkk ($104.22 in chips) 
Seat 6: magija 11 ($166.58 in chips) 
RAidakCo: posts small blind $0.50
BGS013: posts big blind $1
*** HOLE CARDS ***
Unipoker11: raises $1 to $2
raiseinthedarkk: folds 
magija 11: calls $2
AIien Hand: calls $2
RAidakCo: folds 
BGS013: folds 
*** FLOP *** [5s Ks 7s]
Unipoker11: checks 
magija 11: checks 
AIien Hand: bets $1.64
Unipoker11: folds 
magija 11: folds 
Uncalled bet ($1.64) returned to AIien Hand
AIien Hand collected $7.12 from pot
AIien Hand: doesn't show hand 
*** SUMMARY ***
Total pot $7.50 | Rake $0.38 
Board [5s Ks 7s]
Seat 1: AIien Hand (button) collected ($7.12)
Seat 2: RAidakCo (small blind) folded before Flop
Seat 3: BGS013 (big blind) folded before Flop
Seat 4: Unipoker11 folded on the Flop
Seat 5: raiseinthedarkk folded before Flop (didn't bet)
Seat 6: magija 11 folded on the Flop



PokerStars Hand #254546805132:  Hold'em No Limit ($0.50/$1.00 USD) - 2025/01/25 16:13:58 WET [2025/01/25 11:13:58 ET]
Table 'Hathor IV' 6-max Seat #2 is the button
Seat 1: AIien Hand ($291.10 in chips) 
Seat 2: RAidakCo ($107.36 in chips) 
Seat 3: BGS013 ($100 in chips) 
Seat 4: Unipoker11 ($100 in chips) 
Seat 5: raiseinthedarkk ($104.22 in chips) 
Seat 6: magija 11 ($164.58 in chips) 
BGS013: posts small blind $0.50
Unipoker11: posts big blind $1
*** HOLE CARDS ***
raiseinthedarkk: folds 
magija 11: folds 
AIien Hand: folds 
RAidakCo: raises $1.50 to $2.50
BGS013: raises $8.50 to $11
Unipoker11: folds 
RAidakCo: calls $8.50
*** FLOP *** [Ts Td Jc]
BGS013: bets $6
RAidakCo: calls $6
*** TURN *** [Ts Td Jc] [6s]
BGS013: bets $11.50
RAidakCo: raises $20.50 to $32
BGS013: folds 
Uncalled bet ($20.50) returned to RAidakCo
RAidakCo collected $55.50 from pot
RAidakCo: doesn't show hand 
*** SUMMARY ***
Total pot $58 | Rake $2.50 
Board [Ts Td Jc 6s]
Seat 1: AIien Hand folded before Flop (didn't bet)
Seat 2: RAidakCo (button) collected ($55.50)
Seat 3: BGS013 (small blind) folded on the Turn
Seat 4: Unipoker11 (big blind) folded before Flop
Seat 5: raiseinthedarkk folded before Flop (didn't bet)
Seat 6: magija 11 folded before Flop (didn't bet)



PokerStars Hand #254546821948:  Hold'em No Limit ($0.50/$1.00 USD) - 2025/01/25 16:15:08 WET [2025/01/25 11:15:08 ET]
Table 'Hathor IV' 6-max Seat #3 is the button
Seat 1: AIien Hand ($291.10 in chips) 
Seat 2: RAidakCo ($134.36 in chips) 
Seat 3: BGS013 ($100 in chips) 
Seat 4: Unipoker11 ($100 in chips) 
Seat 5: raiseinthedarkk ($104.22 in chips) 
Seat 6: magija 11 ($164.58 in chips) 
Unipoker11: posts small blind $0.50
raiseinthedarkk: posts big blind $1
*** HOLE CARDS ***
magija 11: folds 
AIien Hand: folds 
RAidakCo: folds 
BGS013: raises $1.50 to $2.50
Unipoker11: folds 
raiseinthedarkk: folds 
Uncalled bet ($1.50) returned to BGS013
BGS013 collected $2.50 from pot
BGS013: doesn't show hand 
*** SUMMARY ***
Total pot $2.50 | Rake $0 
Seat 1: AIien Hand folded before Flop (didn't bet)
Seat 2: RAidakCo folded before Flop (didn't bet)
Seat 3: BGS013 (button) collected ($2.50)
Seat 4: Unipoker11 (small blind) folded before Flop
Seat 5: raiseinthedarkk (big blind) folded before Flop
Seat 6: magija 11 folded before Flop (didn't bet)



PokerStars Hand #254546827668:  Hold'em No Limit ($0.50/$1.00 USD) - 2025/01/25 16:15:32 WET [2025/01/25 11:15:32 ET]
Table 'Hathor IV' 6-max Seat #4 is the button
Seat 1: AIien Hand ($291.10 in chips) 
Seat 2: RAidakCo ($134.36 in chips) 
Seat 3: BGS013 ($101.50 in chips) 
Seat 4: Unipoker11 ($100 in chips) 
Seat 5: raiseinthedarkk ($103.22 in chips) 
Seat 6: magija 11 ($164.58 in chips) 
raiseinthedarkk: posts small blind $0.50
magija 11: posts big blind $1
*** HOLE CARDS ***
AIien Hand: folds 
RAidakCo: folds 
BGS013: folds 
Unipoker11: folds 
raiseinthedarkk: folds 
Uncalled bet ($0.50) returned to magija 11
magija 11 collected $1 from pot
*** SUMMARY ***
Total pot $1 | Rake $0 
Seat 1: AIien Hand folded before Flop (didn't bet)
Seat 2: RAidakCo folded before Flop (didn't bet)
Seat 3: BGS013 folded before Flop (didn't bet)
Seat 4: Unipoker11 (button) folded before Flop (didn't bet)
Seat 5: raiseinthedarkk (small blind) folded before Flop
Seat 6: magija 11 (big blind) collected ($1)



PokerStars Hand #254546832274:  Hold'em No Limit ($0.50/$1.00 USD) - 2025/01/25 16:15:51 WET [2025/01/25 11:15:51 ET]
Table 'Hathor IV' 6-max Seat #5 is the button
Seat 1: AIien Hand ($291.10 in chips) 
Seat 2: RAidakCo ($134.36 in chips) 
Seat 3: BGS013 ($101.50 in chips) 
Seat 4: Unipoker11 ($100 in chips) 
Seat 5: raiseinthedarkk ($102.72 in chips) 
Seat 6: magija 11 ($165.08 in chips) 
magija 11: posts small blind $0.50
AIien Hand: posts big blind $1
*** HOLE CARDS ***
RAidakCo: raises $1.20 to $2.20
BGS013: folds 
Unipoker11: raises $4.80 to $7
raiseinthedarkk: folds 
magija 11: calls $6.50
AIien Hand: folds 
RAidakCo: folds 
*** FLOP *** [7d 4d 3c]
magija 11: checks 
Unipoker11: bets $4.08
magija 11: calls $4.08
*** TURN *** [7d 4d 3c] [Kc]
magija 11: checks 
Unipoker11: bets $12.04
magija 11: calls $12.04
*** RIVER *** [7d 4d 3c Kc] [Jc]
magija 11: bets $33.76
Unipoker11: folds 
Uncalled bet ($33.76) returned to magija 11
magija 11 collected $46.97 from pot
*** SUMMARY ***
Total pot $49.44 | Rake $2.47 
Board [7d 4d 3c Kc Jc]
Seat 1: AIien Hand (big blind) folded before Flop
Seat 2: RAidakCo folded before Flop
Seat 3: BGS013 folded before Flop (didn't bet)
Seat 4: Unipoker11 folded on the River
Seat 5: raiseinthedarkk (button) folded before Flop (didn't bet)
Seat 6: magija 11 (small blind) collected ($46.97)



PokerStars Hand #254546860253:  Hold'em No Limit ($0.50/$1.00 USD) - 2025/01/25 16:17:49 WET [2025/01/25 11:17:49 ET]
Table 'Hathor IV' 6-max Seat #6 is the button
Seat 1: AIien Hand ($290.10 in chips) 
Seat 2: RAidakCo ($132.16 in chips) 
Seat 3: BGS013 ($101.50 in chips) 
Seat 4: Unipoker11 ($100 in chips) 
Seat 5: raiseinthedarkk ($102.72 in chips) 
Seat 6: magija 11 ($188.93 in chips) 
AIien Hand: posts small blind $0.50
RAidakCo: posts big blind $1
*** HOLE CARDS ***
BGS013: folds 
Unipoker11: raises $1 to $2
raiseinthedarkk: folds 
magija 11: raises $6 to $8
AIien Hand: folds 
RAidakCo: folds 
Unipoker11: calls $6
*** FLOP *** [Qs 4c 5h]
Unipoker11: checks 
magija 11: checks 
*** TURN *** [Qs 4c 5h] [Jd]
Unipoker11: bets $5.48
magija 11: calls $5.48
*** RIVER *** [Qs 4c 5h Jd] [Kh]
Unipoker11: bets $24.34
magija 11: folds 
Uncalled bet ($24.34) returned to Unipoker11
Unipoker11 collected $27.04 from pot
Unipoker11: doesn't show hand 
*** SUMMARY ***
Total pot $28.46 | Rake $1.42 
Board [Qs 4c 5h Jd Kh]
Seat 1: AIien Hand (small blind) folded before Flop
Seat 2: RAidakCo (big blind) folded before Flop
Seat 3: BGS013 folded before Flop (didn't bet)
Seat 4: Unipoker11 collected ($27.04)
Seat 5: raiseinthedarkk folded before Flop (didn't bet)
Seat 6: magija 11 (button) folded on the River



PokerStars Hand #254546882936:  Hold'em No Limit ($0.50/$1.00 USD) - 2025/01/25 16:19:24 WET [2025/01/25 11:19:24 ET]
Table 'Hathor IV' 6-max Seat #1 is the button
Seat 1: AIien Hand ($289.60 in chips) 
Seat 2: RAidakCo ($131.16 in chips) 
Seat 3: BGS013 ($101.50 in chips) 
Seat 4: Unipoker11 ($113.56 in chips) 
Seat 5: raiseinthedarkk ($102.72 in chips) 
Seat 6: magija 11 ($175.45 in chips) 
RAidakCo: posts small blind $0.50
BGS013: posts big blind $1
*** HOLE CARDS ***
Unipoker11: raises $1 to $2
raiseinthedarkk: folds 
magija 11: folds 
AIien Hand: folds 
RAidakCo: folds 
BGS013: folds 
Uncalled bet ($1) returned to Unipoker11
magija 11 leaves the table
Unipoker11 collected $2.50 from pot
Unipoker11: doesn't show hand 
*** SUMMARY ***
Total pot $2.50 | Rake $0 
Seat 1: AIien Hand (button) folded before Flop (didn't bet)
Seat 2: RAidakCo (small blind) folded before Flop
Seat 3: BGS013 (big blind) folded before Flop
Seat 4: Unipoker11 collected ($2.50)
Seat 5: raiseinthedarkk folded before Flop (didn't bet)
Seat 6: magija 11 folded before Flop (didn't bet)



PokerStars Hand #254546885729:  Hold'em No Limit ($0.50/$1.00 USD) - 2025/01/25 16:19:35 WET [2025/01/25 11:19:35 ET]
Table 'Hathor IV' 6-max Seat #2 is the button
Seat 1: AIien Hand ($289.60 in chips) 
Seat 2: RAidakCo ($130.66 in chips) 
Seat 3: BGS013 ($100.50 in chips) 
Seat 4: Unipoker11 ($115.06 in chips) 
Seat 5: raiseinthedarkk ($102.72 in chips) 
BGS013: posts small blind $0.50
Unipoker11: posts big blind $1
*** HOLE CARDS ***
raiseinthedarkk: folds 
AIien Hand: folds 
RAidakCo: folds 
BGS013: raises $2 to $3
Unipoker11: folds 
Uncalled bet ($2) returned to BGS013
BGS013 collected $2 from pot
BGS013: doesn't show hand 
*** SUMMARY ***
Total pot $2 | Rake $0 
Seat 1: AIien Hand folded before Flop (didn't bet)
Seat 2: RAidakCo (button) folded before Flop (didn't bet)
Seat 3: BGS013 (small blind) collected ($2)
Seat 4: Unipoker11 (big blind) folded before Flop
Seat 5: raiseinthedarkk folded before Flop (didn't bet)



PokerStars Hand #254546889444:  Hold'em No Limit ($0.50/$1.00 USD) - 2025/01/25 16:19:51 WET [2025/01/25 11:19:51 ET]
Table 'Hathor IV' 6-max Seat #3 is the button
Seat 1: AIien Hand ($289.60 in chips) 
Seat 2: RAidakCo ($130.66 in chips) 
Seat 3: BGS013 ($101.50 in chips) 
Seat 4: Unipoker11 ($114.06 in chips) 
Seat 5: raiseinthedarkk ($102.72 in chips) 
Unipoker11: posts small blind $0.50
raiseinthedarkk: posts big blind $1
*** HOLE CARDS ***
derekpom joins the table at seat #6 
derekpom is disconnected 
AIien Hand: folds 
RAidakCo: folds 
BGS013: folds 
Unipoker11: folds 
Uncalled bet ($0.50) returned to raiseinthedarkk
raiseinthedarkk collected $1 from pot
raiseinthedarkk: doesn't show hand 
*** SUMMARY ***
Total pot $1 | Rake $0 
Seat 1: AIien Hand folded before Flop (didn't bet)
Seat 2: RAidakCo folded before Flop (didn't bet)
Seat 3: BGS013 (button) folded before Flop (didn't bet)
Seat 4: Unipoker11 (small blind) folded before Flop
Seat 5: raiseinthedarkk (big blind) collected ($1)



PokerStars Hand #254546893818:  Hold'em No Limit ($0.50/$1.00 USD) - 2025/01/25 16:20:09 WET [2025/01/25 11:20:09 ET]
Table 'Hathor IV' 6-max Seat #4 is the button
Seat 1: AIien Hand ($289.60 in chips) 
Seat 2: RAidakCo ($130.66 in chips) 
Seat 3: BGS013 ($101.50 in chips) 
Seat 4: Unipoker11 ($113.56 in chips) 
Seat 5: raiseinthedarkk ($103.22 in chips) 
Seat 6: derekpom ($65.41 in chips) 
raiseinthedarkk: posts small blind $0.50
derekpom: posts big blind $1
*** HOLE CARDS ***
AIien Hand: folds 
RAidakCo: raises $1.20 to $2.20
BGS013: folds 
Unipoker11: folds 
raiseinthedarkk: folds 
derekpom: folds 
Uncalled bet ($1.20) returned to RAidakCo
RAidakCo collected $2.50 from pot
RAidakCo: doesn't show hand 
*** SUMMARY ***
Total pot $2.50 | Rake $0 
Seat 1: AIien Hand folded before Flop (didn't bet)
Seat 2: RAidakCo collected ($2.50)
Seat 3: BGS013 folded before Flop (didn't bet)
Seat 4: Unipoker11 (button) folded before Flop (didn't bet)
Seat 5: raiseinthedarkk (small blind) folded before Flop
Seat 6: derekpom (big blind) folded before Flop



PokerStars Hand #254546898079:  Hold'em No Limit ($0.50/$1.00 USD) - 2025/01/25 16:20:27 WET [2025/01/25 11:20:27 ET]
Table 'Hathor IV' 6-max Seat #5 is the button
Seat 1: AIien Hand ($289.60 in chips) 
Seat 2: RAidakCo ($132.16 in chips) 
Seat 3: BGS013 ($101.50 in chips) 
Seat 4: Unipoker11 ($113.56 in chips) 
Seat 5: raiseinthedarkk ($102.72 in chips) 
Seat 6: derekpom ($64.41 in chips) 
derekpom: posts small blind $0.50
AIien Hand: posts big blind $1
*** HOLE CARDS ***
RAidakCo: raises $1 to $2
BGS013: folds 
Unipoker11: folds 
raiseinthedarkk: folds 
derekpom: folds 
AIien Hand: folds 
Uncalled bet ($1) returned to RAidakCo
RAidakCo collected $2.50 from pot
RAidakCo: doesn't show hand 
*** SUMMARY ***
Total pot $2.50 | Rake $0 
Seat 1: AIien Hand (big blind) folded before Flop
Seat 2: RAidakCo collected ($2.50)
Seat 3: BGS013 folded before Flop (didn't bet)
Seat 4: Unipoker11 folded before Flop (didn't bet)
Seat 5: raiseinthedarkk (button) folded before Flop (didn't bet)
Seat 6: derekpom (small blind) folded before Flop



PokerStars Hand #254546901884:  Hold'em No Limit ($0.50/$1.00 USD) - 2025/01/25 16:20:43 WET [2025/01/25 11:20:43 ET]
Table 'Hathor IV' 6-max Seat #6 is the button
Seat 1: AIien Hand ($288.60 in chips) 
Seat 2: RAidakCo ($133.66 in chips) 
Seat 3: BGS013 ($101.50 in chips) 
Seat 4: Unipoker11 ($113.56 in chips) 
Seat 5: raiseinthedarkk ($102.72 in chips) 
Seat 6: derekpom ($63.91 in chips) 
AIien Hand: posts small blind $0.50
RAidakCo: posts big blind $1
*** HOLE CARDS ***
BGS013: folds 
Unipoker11: folds 
raiseinthedarkk: folds 
derekpom: folds 
AIien Hand: folds 
Uncalled bet ($0.50) returned to RAidakCo
RAidakCo collected $1 from pot
RAidakCo: doesn't show hand 
*** SUMMARY ***
Total pot $1 | Rake $0 
Seat 1: AIien Hand (small blind) folded before Flop
Seat 2: RAidakCo (big blind) collected ($1)
Seat 3: BGS013 folded before Flop (didn't bet)
Seat 4: Unipoker11 folded before Flop (didn't bet)
Seat 5: raiseinthedarkk folded before Flop (didn't bet)
Seat 6: derekpom (button) folded before Flop (didn't bet)



PokerStars Hand #254546904976:  Hold'em No Limit ($0.50/$1.00 USD) - 2025/01/25 16:20:56 WET [2025/01/25 11:20:56 ET]
Table 'Hathor IV' 6-max Seat #1 is the button
Seat 1: AIien Hand ($288.10 in chips) 
Seat 2: RAidakCo ($134.16 in chips) 
Seat 3: BGS013 ($101.50 in chips) 
Seat 4: Unipoker11 ($113.56 in chips) 
Seat 5: raiseinthedarkk ($102.72 in chips) 
Seat 6: derekpom ($63.91 in chips) 
RAidakCo: posts small blind $0.50
BGS013: posts big blind $1
*** HOLE CARDS ***
Unipoker11: folds 
raiseinthedarkk: folds 
derekpom: folds 
AIien Hand: folds 
RAidakCo: folds 
Uncalled bet ($0.50) returned to BGS013
BGS013 collected $1 from pot
BGS013: doesn't show hand 
*** SUMMARY ***
Total pot $1 | Rake $0 
Seat 1: AIien Hand (button) folded before Flop (didn't bet)
Seat 2: RAidakCo (small blind) folded before Flop
Seat 3: BGS013 (big blind) collected ($1)
Seat 4: Unipoker11 folded before Flop (didn't bet)
Seat 5: raiseinthedarkk folded before Flop (didn't bet)
Seat 6: derekpom folded before Flop (didn't bet)



PokerStars Hand #254546910234:  Hold'em No Limit ($0.50/$1.00 USD) - 2025/01/25 16:21:18 WET [2025/01/25 11:21:18 ET]
Table 'Hathor IV' 6-max Seat #2 is the button
Seat 1: AIien Hand ($288.10 in chips) 
Seat 2: RAidakCo ($133.66 in chips) 
Seat 3: BGS013 ($102 in chips) 
Seat 4: Unipoker11 ($113.56 in chips) 
Seat 5: raiseinthedarkk ($102.72 in chips) 
Seat 6: derekpom ($63.91 in chips) 
BGS013: posts small blind $0.50
Unipoker11: posts big blind $1
*** HOLE CARDS ***
raiseinthedarkk: folds 
derekpom: folds 
AIien Hand: raises $1.20 to $2.20
RAidakCo: folds 
BGS013: folds 
Unipoker11: calls $1.20
*** FLOP *** [2d 8s 6h]
Unipoker11: checks 
AIien Hand: bets $4.99
Unipoker11: calls $4.99
*** TURN *** [2d 8s 6h] [5c]
Unipoker11: checks 
AIien Hand: checks 
*** RIVER *** [2d 8s 6h 5c] [3s]
Unipoker11: checks 
AIien Hand: checks 
*** SHOW DOWN ***
Unipoker11: shows [As 8d] (a pair of Eights)
AIien Hand: mucks hand 
Unipoker11 collected $14.14 from pot
*** SUMMARY ***
Total pot $14.88 | Rake $0.74 
Board [2d 8s 6h 5c 3s]
Seat 1: AIien Hand mucked
Seat 2: RAidakCo (button) folded before Flop (didn't bet)
Seat 3: BGS013 (small blind) folded before Flop
Seat 4: Unipoker11 (big blind) showed [As 8d] and won ($14.14) with a pair of Eights
Seat 5: raiseinthedarkk folded before Flop (didn't bet)
Seat 6: derekpom folded before Flop (didn't bet)



PokerStars Hand #254546928838:  Hold'em No Limit ($0.50/$1.00 USD) - 2025/01/25 16:22:37 WET [2025/01/25 11:22:37 ET]
Table 'Hathor IV' 6-max Seat #3 is the button
Seat 1: AIien Hand ($280.91 in chips) 
Seat 2: RAidakCo ($133.66 in chips) 
Seat 3: BGS013 ($101.50 in chips) 
Seat 4: Unipoker11 ($120.51 in chips) 
Seat 5: raiseinthedarkk ($102.72 in chips) 
Seat 6: derekpom ($63.91 in chips) 
Unipoker11: posts small blind $0.50
raiseinthedarkk: posts big blind $1
*** HOLE CARDS ***
derekpom: folds 
derekpom leaves the table
AIien Hand: raises $1.20 to $2.20
RAidakCo: folds 
BGS013: folds 
Unipoker11: folds 
raiseinthedarkk: folds 
Uncalled bet ($1.20) returned to AIien Hand
AIien Hand collected $2.50 from pot
AIien Hand: doesn't show hand 
*** SUMMARY ***
Total pot $2.50 | Rake $0 
Seat 1: AIien Hand collected ($2.50)
Seat 2: RAidakCo folded before Flop (didn't bet)
Seat 3: BGS013 (button) folded before Flop (didn't bet)
Seat 4: Unipoker11 (small blind) folded before Flop
Seat 5: raiseinthedarkk (big blind) folded before Flop
Seat 6: derekpom folded before Flop (didn't bet)



PokerStars Hand #254546935343:  Hold'em No Limit ($0.50/$1.00 USD) - 2025/01/25 16:23:04 WET [2025/01/25 11:23:04 ET]
Table 'Hathor IV' 6-max Seat #4 is the button
Seat 1: AIien Hand ($282.41 in chips) 
Seat 2: RAidakCo ($133.66 in chips) 
Seat 3: BGS013 ($101.50 in chips) 
Seat 4: Unipoker11 ($120.01 in chips) 
Seat 5: raiseinthedarkk ($101.72 in chips) 
raiseinthedarkk: posts small blind $0.50
AIien Hand: posts big blind $1
*** HOLE CARDS ***
RAidakCo: folds 
BGS013: folds 
Unipoker11: folds 
raiseinthedarkk: raises $2 to $3
AIien Hand: calls $2
*** FLOP *** [7d Kh 3h]
BrilliantDawn84 joins the table at seat #6 
RAidakCo leaves the table
raiseinthedarkk: bets $1.43
BGS013 leaves the table
AIien Hand: raises $4.71 to $6.14
raiseinthedarkk: folds 
Uncalled bet ($4.71) returned to AIien Hand
AIien Hand collected $8.42 from pot
AIien Hand: doesn't show hand 
*** SUMMARY ***
Total pot $8.86 | Rake $0.44 
Board [7d Kh 3h]
Seat 1: AIien Hand (big blind) collected ($8.42)
Seat 2: RAidakCo folded before Flop (didn't bet)
Seat 3: BGS013 folded before Flop (didn't bet)
Seat 4: Unipoker11 (button) folded before Flop (didn't bet)
Seat 5: raiseinthedarkk (small blind) folded on the Flop



PokerStars Hand #254546950654:  Hold'em No Limit ($0.50/$1.00 USD) - 2025/01/25 16:24:09 WET [2025/01/25 11:24:09 ET]
Table 'Hathor IV' 6-max Seat #5 is the button
Seat 6: BrilliantDawn84 ($100 in chips) is sitting out
Seat 1: AIien Hand ($286.40 in chips) 
Seat 4: Unipoker11 ($120.01 in chips) 
Seat 5: raiseinthedarkk ($100 in chips) 
AIien Hand: posts small blind $0.50
Unipoker11: posts big blind $1
*** HOLE CARDS ***
raiseinthedarkk: folds 
AIien Hand: raises $2 to $3
Unipoker11: folds 
Uncalled bet ($2) returned to AIien Hand
DJNezz joins the table at seat #2 
AIien Hand collected $2 from pot
AIien Hand: doesn't show hand 
*** SUMMARY ***
Total pot $2 | Rake $0 
Seat 6: BrilliantDawn84
Seat 1: AIien Hand (small blind) collected ($2)
Seat 4: Unipoker11 (big blind) folded before Flop
Seat 5: raiseinthedarkk (button) folded before Flop (didn't bet)



PokerStars Hand #254546953237:  Hold'em No Limit ($0.50/$1.00 USD) - 2025/01/25 16:24:20 WET [2025/01/25 11:24:20 ET]
Table 'Hathor IV' 6-max Seat #1 is the button
Seat 2: DJNezz ($100 in chips) is sitting out
Seat 5: raiseinthedarkk ($100 in chips) is sitting out
Seat 1: AIien Hand ($287.40 in chips) 
Seat 4: Unipoker11 ($119.01 in chips) 
Seat 6: BrilliantDawn84 ($100 in chips) 
Unipoker11: posts small blind $0.50
raiseinthedarkk: is sitting out 
BrilliantDawn84: posts big blind $1
*** HOLE CARDS ***
AIien Hand: folds 
raiseinthedarkk leaves the table
Unipoker11: raises $2 to $3
BrilliantDawn84: calls $2
*** FLOP *** [Qc 3c Js]
Unipoker11: bets $1.43
BrilliantDawn84: calls $1.43
*** TURN *** [Qc 3c Js] [7d]
elcutez joins the table at seat #3 
elcutez is disconnected 
Unipoker11: bets $12.63
BrilliantDawn84: folds 
Uncalled bet ($12.63) returned to Unipoker11
Unipoker11 collected $8.42 from pot
Unipoker11: doesn't show hand 
*** SUMMARY ***
Total pot $8.86 | Rake $0.44 
Board [Qc 3c Js 7d]
Seat 2: DJNezz
Seat 5: raiseinthedarkk
Seat 1: AIien Hand (button) folded before Flop (didn't bet)
Seat 4: Unipoker11 (small blind) collected ($8.42)
Seat 6: BrilliantDawn84 (big blind) folded on the Turn



PokerStars Hand #254546967508:  Hold'em No Limit ($0.50/$1.00 USD) - 2025/01/25 16:25:21 WET [2025/01/25 11:25:21 ET]
Table 'Hathor IV' 6-max Seat #4 is the button
Seat 2: DJNezz ($100 in chips) is sitting out
Seat 1: AIien Hand ($287.40 in chips) 
Seat 3: elcutez ($100 in chips) 
Seat 4: Unipoker11 ($123 in chips) 
Seat 6: BrilliantDawn84 ($95.57 in chips) 
BrilliantDawn84: posts small blind $0.50
AIien Hand: posts big blind $1
DJNezz: sits out 
elcutez: posts big blind $1
*** HOLE CARDS ***
elcutez: checks 
Unipoker11: raises $3 to $4
BrilliantDawn84: raises $10 to $14
AIien Hand: folds 
elcutez: folds 
Unipoker11: folds 
Uncalled bet ($10) returned to BrilliantDawn84
BrilliantDawn84 collected $10 from pot
BrilliantDawn84: doesn't show hand 
*** SUMMARY ***
Total pot $10 | Rake $0 
Seat 2: DJNezz
Seat 1: AIien Hand (big blind) folded before Flop
Seat 3: elcutez folded before Flop (didn't bet)
Seat 4: Unipoker11 (button) folded before Flop
Seat 6: BrilliantDawn84 (small blind) collected ($10)



PokerStars Hand #254546977093:  Hold'em No Limit ($0.50/$1.00 USD) - 2025/01/25 16:26:02 WET [2025/01/25 11:26:02 ET]
Table 'Hathor IV' 6-max Seat #6 is the button
Seat 1: AIien Hand ($286.40 in chips) 
Seat 2: DJNezz ($100 in chips) 
Seat 3: elcutez ($99 in chips) 
Seat 4: Unipoker11 ($119 in chips) 
Seat 6: BrilliantDawn84 ($101.57 in chips) 
AIien Hand: posts small blind $0.50
DJNezz: posts big blind $1
*** HOLE CARDS ***
elcutez: folds 
Unipoker11: folds 
BrilliantDawn84: folds 
AIien Hand: folds 
Uncalled bet ($0.50) returned to DJNezz
DJNezz collected $1 from pot
*** SUMMARY ***
Total pot $1 | Rake $0 
Seat 1: AIien Hand (small blind) folded before Flop
Seat 2: DJNezz (big blind) collected ($1)
Seat 3: elcutez folded before Flop (didn't bet)
Seat 4: Unipoker11 folded before Flop (didn't bet)
Seat 6: BrilliantDawn84 (button) folded before Flop (didn't bet)



PokerStars Hand #254546979974:  Hold'em No Limit ($0.50/$1.00 USD) - 2025/01/25 16:26:14 WET [2025/01/25 11:26:14 ET]
Table 'Hathor IV' 6-max Seat #1 is the button
Seat 1: AIien Hand ($285.90 in chips) 
Seat 2: DJNezz ($100.50 in chips) 
Seat 3: elcutez ($99 in chips) 
Seat 4: Unipoker11 ($119 in chips) 
Seat 6: BrilliantDawn84 ($101.57 in chips) 
DJNezz: posts small blind $0.50
elcutez: posts big blind $1
*** HOLE CARDS ***
Unipoker11: folds 
BrilliantDawn84: raises $1.50 to $2.50
AIien Hand: folds 
DJNezz: folds 
elcutez: calls $1.50
*** FLOP *** [Ah 7d 2c]
elcutez: checks 
tejrathor joins the table at seat #5 
BrilliantDawn84: bets $2.61
elcutez: calls $2.61
*** TURN *** [Ah 7d 2c] [4d]
tejrathor leaves the table
elcutez: checks 
BrilliantDawn84: bets $10.18
elcutez: raises $10.18 to $20.36
BrilliantDawn84: raises $76.10 to $96.46 and is all-in
elcutez: calls $73.53 and is all-in
Uncalled bet ($2.57) returned to BrilliantDawn84
*** RIVER *** [Ah 7d 2c 4d] [Th]
*** SHOW DOWN ***
elcutez: shows [4s 4c] (three of a kind, Fours)
BrilliantDawn84: shows [5d 3d] (a straight, Ace to Five)
BrilliantDawn84 cashed out the hand for $148.42 | Cash Out Fee $3.03
*** SUMMARY ***
Total pot $198.50 | Rake $2.50 
Board [Ah 7d 2c 4d Th]
Seat 1: AIien Hand (button) folded before Flop (didn't bet)
Seat 2: DJNezz (small blind) folded before Flop
Seat 3: elcutez (big blind) showed [4s 4c] and lost with three of a kind, Fours
Seat 4: Unipoker11 folded before Flop (didn't bet)
Seat 6: BrilliantDawn84 showed [5d 3d] and won ($196) with a straight, Ace to Five (pot not awarded as player cashed out)



PokerStars Hand #254546993663:  Hold'em No Limit ($0.50/$1.00 USD) - 2025/01/25 16:27:13 WET [2025/01/25 11:27:13 ET]
Table 'Hathor IV' 6-max Seat #2 is the button
Seat 3: elcutez ($0 in chips) is sitting out
Seat 1: AIien Hand ($285.90 in chips) 
Seat 2: DJNezz ($100 in chips) 
Seat 4: Unipoker11 ($119 in chips) 
Seat 6: BrilliantDawn84 ($150.99 in chips) 
Unipoker11: posts small blind $0.50
BrilliantDawn84: posts big blind $1
*** HOLE CARDS ***
AIien Hand: folds 
DJNezz: folds 
Unipoker11: raises $2 to $3
elcutez leaves the table
BrilliantDawn84: folds 
Uncalled bet ($2) returned to Unipoker11
Unipoker11 collected $2 from pot
Unipoker11: doesn't show hand 
*** SUMMARY ***
Total pot $2 | Rake $0 
Seat 3: elcutez
Seat 1: AIien Hand folded before Flop (didn't bet)
Seat 2: DJNezz (button) folded before Flop (didn't bet)
Seat 4: Unipoker11 (small blind) collected ($2)
Seat 6: BrilliantDawn84 (big blind) folded before Flop



PokerStars Hand #254546996895:  Hold'em No Limit ($0.50/$1.00 USD) - 2025/01/25 16:27:27 WET [2025/01/25 11:27:27 ET]
Table 'Hathor IV' 6-max Seat #4 is the button
Seat 1: AIien Hand ($285.90 in chips) 
Seat 2: DJNezz ($100 in chips) 
Seat 4: Unipoker11 ($120 in chips) 
Seat 6: BrilliantDawn84 ($149.99 in chips) 
BrilliantDawn84: posts small blind $0.50
AIien Hand: posts big blind $1
*** HOLE CARDS ***
DJNezz: folds 
Unipoker11: raises $1.50 to $2.50
BrilliantDawn84: calls $2
AIien Hand: folds 
*** FLOP *** [Qc 2h 6c]
BrilliantDawn84: checks 
Unipoker11: bets $1.43
BrilliantDawn84: calls $1.43
*** TURN *** [Qc 2h 6c] [9c]
BrilliantDawn84: checks 
Unipoker11: bets $5.64
BrilliantDawn84: calls $5.64
*** RIVER *** [Qc 2h 6c 9c] [Qh]
BrilliantDawn84: checks 
Unipoker11: checks 
*** SHOW DOWN ***
BrilliantDawn84: shows [Ad 6d] (two pair, Queens and Sixes)
Unipoker11: mucks hand 
BrilliantDawn84 collected $19.14 from pot
*** SUMMARY ***
Total pot $20.14 | Rake $1 
Board [Qc 2h 6c 9c Qh]
Seat 1: AIien Hand (big blind) folded before Flop
Seat 2: DJNezz folded before Flop (didn't bet)
Seat 4: Unipoker11 (button) mucked
Seat 6: BrilliantDawn84 (small blind) showed [Ad 6d] and won ($19.14) with two pair, Queens and Sixes



PokerStars Hand #254547013218:  Hold'em No Limit ($0.50/$1.00 USD) - 2025/01/25 16:28:37 WET [2025/01/25 11:28:37 ET]
Table 'Hathor IV' 6-max Seat #6 is the button
Seat 1: AIien Hand ($284.90 in chips) 
Seat 2: DJNezz ($100 in chips) 
Seat 4: Unipoker11 ($110.43 in chips) 
Seat 6: BrilliantDawn84 ($159.56 in chips) 
AIien Hand: posts small blind $0.50
DJNezz: posts big blind $1
*** HOLE CARDS ***
Unipoker11: folds 
BrilliantDawn84: folds 
AIien Hand: raises $2 to $3
DJNezz: calls $2
*** FLOP *** [4d Js Kc]
AIien Hand: checks 
DJNezz: bets $7.13
AIien Hand: folds 
Uncalled bet ($7.13) returned to DJNezz
DJNezz collected $5.70 from pot
*** SUMMARY ***
Total pot $6 | Rake $0.30 
Board [4d Js Kc]
Seat 1: AIien Hand (small blind) folded on the Flop
Seat 2: DJNezz (big blind) collected ($5.70)
Seat 4: Unipoker11 folded before Flop (didn't bet)
Seat 6: BrilliantDawn84 (button) folded before Flop (didn't bet)



PokerStars Hand #254547028571:  Hold'em No Limit ($0.50/$1.00 USD) - 2025/01/25 16:29:43 WET [2025/01/25 11:29:43 ET]
Table 'Hathor IV' 6-max Seat #1 is the button
Seat 1: AIien Hand ($281.90 in chips) 
Seat 2: DJNezz ($102.70 in chips) 
Seat 4: Unipoker11 ($110.43 in chips) 
Seat 6: BrilliantDawn84 ($159.56 in chips) 
DJNezz: posts small blind $0.50
Unipoker11: posts big blind $1
*** HOLE CARDS ***
BrilliantDawn84: folds 
AIien Hand: folds 
DJNezz: raises $2 to $3
Unipoker11: folds 
Uncalled bet ($2) returned to DJNezz
DJNezz collected $2 from pot
*** SUMMARY ***
Total pot $2 | Rake $0 
Seat 1: AIien Hand (button) folded before Flop (didn't bet)
Seat 2: DJNezz (small blind) collected ($2)
Seat 4: Unipoker11 (big blind) folded before Flop
Seat 6: BrilliantDawn84 folded before Flop (didn't bet)



PokerStars Hand #254547034183:  Hold'em No Limit ($0.50/$1.00 USD) - 2025/01/25 16:30:05 WET [2025/01/25 11:30:05 ET]
Table 'Hathor IV' 6-max Seat #2 is the button
Seat 1: AIien Hand ($281.90 in chips) 
Seat 2: DJNezz ($103.70 in chips) 
Seat 4: Unipoker11 ($109.43 in chips) 
Seat 6: BrilliantDawn84 ($159.56 in chips) 
Unipoker11: posts small blind $0.50
BrilliantDawn84: posts big blind $1
*** HOLE CARDS ***
AIien Hand: folds 
DJNezz: folds 
Unipoker11: folds 
Uncalled bet ($0.50) returned to BrilliantDawn84
BrilliantDawn84 collected $1 from pot
BrilliantDawn84: doesn't show hand 
*** SUMMARY ***
Total pot $1 | Rake $0 
Seat 1: AIien Hand folded before Flop (didn't bet)
Seat 2: DJNezz (button) folded before Flop (didn't bet)
Seat 4: Unipoker11 (small blind) folded before Flop
Seat 6: BrilliantDawn84 (big blind) collected ($1)



PokerStars Hand #254547036333:  Hold'em No Limit ($0.50/$1.00 USD) - 2025/01/25 16:30:14 WET [2025/01/25 11:30:14 ET]
Table 'Hathor IV' 6-max Seat #4 is the button
Seat 1: AIien Hand ($281.90 in chips) 
Seat 2: DJNezz ($103.70 in chips) 
Seat 4: Unipoker11 ($108.93 in chips) 
Seat 6: BrilliantDawn84 ($160.06 in chips) 
BrilliantDawn84: posts small blind $0.50
AIien Hand: posts big blind $1
*** HOLE CARDS ***
DJNezz: folds 
Unipoker11: folds 
BrilliantDawn84: folds 
Uncalled bet ($0.50) returned to AIien Hand
AIien Hand collected $1 from pot
AIien Hand: doesn't show hand 
nastja336 joins the table at seat #5 
oio1000 joins the table at seat #3 
*** SUMMARY ***
Total pot $1 | Rake $0 
Seat 1: AIien Hand (big blind) collected ($1)
Seat 2: DJNezz folded before Flop (didn't bet)
Seat 4: Unipoker11 (button) folded before Flop (didn't bet)
Seat 6: BrilliantDawn84 (small blind) folded before Flop



PokerStars Hand #254547039755:  Hold'em No Limit ($0.50/$1.00 USD) - 2025/01/25 16:30:29 WET [2025/01/25 11:30:29 ET]
Table 'Hathor IV' 6-max Seat #6 is the button
Seat 3: oio1000 ($78.85 in chips) is sitting out
Seat 5: nastja336 ($100 in chips) is sitting out
Seat 1: AIien Hand ($282.40 in chips) 
Seat 2: DJNezz ($103.70 in chips) 
Seat 4: Unipoker11 ($108.93 in chips) 
Seat 6: BrilliantDawn84 ($159.56 in chips) 
AIien Hand: posts small blind $0.50
oio1000 is disconnected 
DJNezz: posts big blind $1
oio1000 is connected 
oio1000: sits out 
*** HOLE CARDS ***
Unipoker11: raises $1.30 to $2.30
BrilliantDawn84: folds 
AIien Hand: folds 
DJNezz: calls $1.30
*** FLOP *** [3s 4d Qc]
DJNezz: checks 
Unipoker11: bets $1.21
DJNezz: folds 
Uncalled bet ($1.21) returned to Unipoker11
Unipoker11 collected $4.84 from pot
Unipoker11: doesn't show hand 
*** SUMMARY ***
Total pot $5.10 | Rake $0.26 
Board [3s 4d Qc]
Seat 3: oio1000
Seat 5: nastja336
Seat 1: AIien Hand (small blind) folded before Flop
Seat 2: DJNezz (big blind) folded on the Flop
Seat 4: Unipoker11 collected ($4.84)
Seat 6: BrilliantDawn84 (button) folded before Flop (didn't bet)



PokerStars Hand #254547051954:  Hold'em No Limit ($0.50/$1.00 USD) - 2025/01/25 16:31:19 WET [2025/01/25 11:31:19 ET]
Table 'Hathor IV' 6-max Seat #1 is the button
Seat 5: nastja336 ($100 in chips) is sitting out
Seat 1: AIien Hand ($281.90 in chips) 
Seat 2: DJNezz ($101.40 in chips) 
Seat 3: oio1000 ($78.85 in chips) 
Seat 4: Unipoker11 ($111.47 in chips) 
Seat 6: BrilliantDawn84 ($159.56 in chips) 
DJNezz: posts small blind $0.50
oio1000: posts big blind $1
nastja336: sits out 
*** HOLE CARDS ***
Unipoker11: folds 
BrilliantDawn84: folds 
AIien Hand: raises $1.50 to $2.50
DJNezz: raises $9.50 to $12
oio1000: folds 
AIien Hand: folds 
Uncalled bet ($9.50) returned to DJNezz
DJNezz collected $6 from pot
*** SUMMARY ***
Total pot $6 | Rake $0 
Seat 5: nastja336
Seat 1: AIien Hand (button) folded before Flop
Seat 2: DJNezz (small blind) collected ($6)
Seat 3: oio1000 (big blind) folded before Flop
Seat 4: Unipoker11 folded before Flop (didn't bet)
Seat 6: BrilliantDawn84 folded before Flop (didn't bet)



PokerStars Hand #254547058345:  Hold'em No Limit ($0.50/$1.00 USD) - 2025/01/25 16:31:45 WET [2025/01/25 11:31:45 ET]
Table 'Hathor IV' 6-max Seat #2 is the button
Seat 5: nastja336 ($100 in chips) is sitting out
Seat 1: AIien Hand ($279.40 in chips) 
Seat 2: DJNezz ($104.90 in chips) 
Seat 3: oio1000 ($77.85 in chips) 
Seat 4: Unipoker11 ($111.47 in chips) 
Seat 6: BrilliantDawn84 ($159.56 in chips) 
oio1000: posts small blind $0.50
Unipoker11: posts big blind $1
nastja336: sits out 
*** HOLE CARDS ***
BrilliantDawn84: folds 
AIien Hand: folds 
DJNezz: folds 
oio1000: folds 
Uncalled bet ($0.50) returned to Unipoker11
Unipoker11 collected $1 from pot
Unipoker11: doesn't show hand 
*** SUMMARY ***
Total pot $1 | Rake $0 
Seat 5: nastja336
Seat 1: AIien Hand folded before Flop (didn't bet)
Seat 2: DJNezz (button) folded before Flop (didn't bet)
Seat 3: oio1000 (small blind) folded before Flop
Seat 4: Unipoker11 (big blind) collected ($1)
Seat 6: BrilliantDawn84 folded before Flop (didn't bet)



PokerStars Hand #254547060796:  Hold'em No Limit ($0.50/$1.00 USD) - 2025/01/25 16:31:55 WET [2025/01/25 11:31:55 ET]
Table 'Hathor IV' 6-max Seat #3 is the button
Seat 1: AIien Hand ($279.40 in chips) 
Seat 2: DJNezz ($104.90 in chips) 
Seat 3: oio1000 ($77.35 in chips) 
Seat 4: Unipoker11 ($111.97 in chips) 
Seat 5: nastja336 ($100 in chips) 
Seat 6: BrilliantDawn84 ($159.56 in chips) 
Unipoker11: posts small blind $0.50
nastja336: posts big blind $1
*** HOLE CARDS ***
BrilliantDawn84: raises $1.50 to $2.50
AIien Hand: folds 
DJNezz: folds 
oio1000: folds 
Unipoker11: folds 
nastja336: folds 
Uncalled bet ($1.50) returned to BrilliantDawn84
BrilliantDawn84 collected $2.50 from pot
BrilliantDawn84: doesn't show hand 
*** SUMMARY ***
Total pot $2.50 | Rake $0 
Seat 1: AIien Hand folded before Flop (didn't bet)
Seat 2: DJNezz folded before Flop (didn't bet)
Seat 3: oio1000 (button) folded before Flop (didn't bet)
Seat 4: Unipoker11 (small blind) folded before Flop
Seat 5: nastja336 (big blind) folded before Flop
Seat 6: BrilliantDawn84 collected ($2.50)



PokerStars Hand #254547064331:  Hold'em No Limit ($0.50/$1.00 USD) - 2025/01/25 16:32:10 WET [2025/01/25 11:32:10 ET]
Table 'Hathor IV' 6-max Seat #4 is the button
Seat 1: AIien Hand ($279.40 in chips) 
Seat 2: DJNezz ($104.90 in chips) 
Seat 3: oio1000 ($77.35 in chips) 
Seat 4: Unipoker11 ($111.47 in chips) 
Seat 5: nastja336 ($100 in chips) 
Seat 6: BrilliantDawn84 ($161.06 in chips) 
nastja336: posts small blind $0.50
BrilliantDawn84: posts big blind $1
*** HOLE CARDS ***
AIien Hand: folds 
DJNezz: raises $1.20 to $2.20
oio1000: folds 
Unipoker11: folds 
nastja336: folds 
BrilliantDawn84: calls $1.20
*** FLOP *** [Qc 3s 8h]
BrilliantDawn84: checks 
DJNezz: bets $1.54
BrilliantDawn84: raises $3.87 to $5.41
DJNezz: calls $3.87
*** TURN *** [Qc 3s 8h] [5s]
Unipoker11 leaves the table
tintin641 joins the table at seat #4 
BrilliantDawn84: bets $7.47
DJNezz: folds 
Uncalled bet ($7.47) returned to BrilliantDawn84
BrilliantDawn84 collected $14.93 from pot
BrilliantDawn84: doesn't show hand 
*** SUMMARY ***
Total pot $15.72 | Rake $0.79 
Board [Qc 3s 8h 5s]
Seat 1: AIien Hand folded before Flop (didn't bet)
Seat 2: DJNezz folded on the Turn
Seat 3: oio1000 folded before Flop (didn't bet)
Seat 4: Unipoker11 (button) folded before Flop (didn't bet)
Seat 5: nastja336 (small blind) folded before Flop
Seat 6: BrilliantDawn84 (big blind) collected ($14.93)



PokerStars Hand #254547088676:  Hold'em No Limit ($0.50/$1.00 USD) - 2025/01/25 16:33:51 WET [2025/01/25 11:33:51 ET]
Table 'Hathor IV' 6-max Seat #5 is the button
Seat 4: tintin641 ($100 in chips) is sitting out
Seat 1: AIien Hand ($279.40 in chips) 
Seat 2: DJNezz ($100 in chips) 
Seat 3: oio1000 ($77.35 in chips) 
Seat 5: nastja336 ($100 in chips) 
Seat 6: BrilliantDawn84 ($168.38 in chips) 
BrilliantDawn84: posts small blind $0.50
AIien Hand: posts big blind $1
tintin641: sits out 
*** HOLE CARDS ***
DJNezz: folds 
oio1000: raises $2 to $3
nastja336: folds 
BrilliantDawn84: folds 
AIien Hand: folds 
Uncalled bet ($2) returned to oio1000
oio1000 collected $2.50 from pot
*** SUMMARY ***
Total pot $2.50 | Rake $0 
Seat 4: tintin641
Seat 1: AIien Hand (big blind) folded before Flop
Seat 2: DJNezz folded before Flop (didn't bet)
Seat 3: oio1000 collected ($2.50)
Seat 5: nastja336 (button) folded before Flop (didn't bet)
Seat 6: BrilliantDawn84 (small blind) folded before Flop



PokerStars Hand #254547094623:  Hold'em No Limit ($0.50/$1.00 USD) - 2025/01/25 16:34:15 WET [2025/01/25 11:34:15 ET]
Table 'Hathor IV' 6-max Seat #6 is the button
Seat 4: tintin641 ($100 in chips) is sitting out
Seat 1: AIien Hand ($278.40 in chips) 
Seat 2: DJNezz ($100 in chips) 
Seat 3: oio1000 ($78.85 in chips) 
Seat 5: nastja336 ($100 in chips) 
Seat 6: BrilliantDawn84 ($167.88 in chips) 
AIien Hand: posts small blind $0.50
DJNezz: posts big blind $1
tintin641: sits out 
*** HOLE CARDS ***
oio1000: folds 
nastja336: raises $1.50 to $2.50
BrilliantDawn84: folds 
AIien Hand: folds 
DJNezz: folds 
Uncalled bet ($1.50) returned to nastja336
nastja336 collected $2.50 from pot
nastja336: doesn't show hand 
*** SUMMARY ***
Total pot $2.50 | Rake $0 
Seat 4: tintin641
Seat 1: AIien Hand (small blind) folded before Flop
Seat 2: DJNezz (big blind) folded before Flop
Seat 3: oio1000 folded before Flop (didn't bet)
Seat 5: nastja336 collected ($2.50)
Seat 6: BrilliantDawn84 (button) folded before Flop (didn't bet)



PokerStars Hand #254547098512:  Hold'em No Limit ($0.50/$1.00 USD) - 2025/01/25 16:34:31 WET [2025/01/25 11:34:31 ET]
Table 'Hathor IV' 6-max Seat #1 is the button
Seat 4: tintin641 ($100 in chips) is sitting out
Seat 1: AIien Hand ($277.90 in chips) 
Seat 2: DJNezz ($100 in chips) 
Seat 3: oio1000 ($78.85 in chips) 
Seat 5: nastja336 ($101.50 in chips) 
Seat 6: BrilliantDawn84 ($167.88 in chips) 
DJNezz: posts small blind $0.50
oio1000: posts big blind $1
tintin641: sits out 
*** HOLE CARDS ***
nastja336: folds 
BrilliantDawn84: folds 
AIien Hand: folds 
DJNezz: folds 
Uncalled bet ($0.50) returned to oio1000
oio1000 collected $1 from pot
*** SUMMARY ***
Total pot $1 | Rake $0 
Seat 4: tintin641
Seat 1: AIien Hand (button) folded before Flop (didn't bet)
Seat 2: DJNezz (small blind) folded before Flop
Seat 3: oio1000 (big blind) collected ($1)
Seat 5: nastja336 folded before Flop (didn't bet)
Seat 6: BrilliantDawn84 folded before Flop (didn't bet)



PokerStars Hand #254547102331:  Hold'em No Limit ($0.50/$1.00 USD) - 2025/01/25 16:34:47 WET [2025/01/25 11:34:47 ET]
Table 'Hathor IV' 6-max Seat #2 is the button
Seat 1: AIien Hand ($277.90 in chips) 
Seat 2: DJNezz ($100 in chips) 
Seat 3: oio1000 ($79.35 in chips) 
Seat 4: tintin641 ($100 in chips) 
Seat 5: nastja336 ($101.50 in chips) 
Seat 6: BrilliantDawn84 ($167.88 in chips) 
oio1000: posts small blind $0.50
tintin641: posts big blind $1
*** HOLE CARDS ***
nastja336: folds 
BrilliantDawn84: raises $1.50 to $2.50
AIien Hand: folds 
DJNezz: folds 
oio1000: folds 
tintin641: folds 
Uncalled bet ($1.50) returned to BrilliantDawn84
BrilliantDawn84 collected $2.50 from pot
BrilliantDawn84: doesn't show hand 
*** SUMMARY ***
Total pot $2.50 | Rake $0 
Seat 1: AIien Hand folded before Flop (didn't bet)
Seat 2: DJNezz (button) folded before Flop (didn't bet)
Seat 3: oio1000 (small blind) folded before Flop
Seat 4: tintin641 (big blind) folded before Flop
Seat 5: nastja336 folded before Flop (didn't bet)
Seat 6: BrilliantDawn84 collected ($2.50)



PokerStars Hand #254547106924:  Hold'em No Limit ($0.50/$1.00 USD) - 2025/01/25 16:35:06 WET [2025/01/25 11:35:06 ET]
Table 'Hathor IV' 6-max Seat #3 is the button
Seat 5: nastja336 ($101.50 in chips) is sitting out
Seat 1: AIien Hand ($277.90 in chips) 
Seat 2: DJNezz ($100 in chips) 
Seat 3: oio1000 ($78.85 in chips) 
Seat 4: tintin641 ($100 in chips) 
Seat 6: BrilliantDawn84 ($169.38 in chips) 
tintin641: posts small blind $0.50
nastja336: is sitting out 
BrilliantDawn84: posts big blind $1
*** HOLE CARDS ***
nastja336 leaves the table
AIien Hand: raises $1.20 to $2.20
DJNezz: folds 
oio1000: folds 
tintin641: folds 
BrilliantDawn84: calls $1.20
*** FLOP *** [6d Td 3c]
BrilliantDawn84: checks 
BGS013 joins the table at seat #5 
AIien Hand: bets $3.87
BrilliantDawn84: calls $3.87
*** TURN *** [6d Td 3c] [4s]
BrilliantDawn84: checks 
AIien Hand: bets $16.50
BrilliantDawn84: folds 
Uncalled bet ($16.50) returned to AIien Hand
AIien Hand collected $12.01 from pot
AIien Hand: doesn't show hand 
*** SUMMARY ***
Total pot $12.64 | Rake $0.63 
Board [6d Td 3c 4s]
Seat 5: nastja336
Seat 1: AIien Hand collected ($12.01)
Seat 2: DJNezz folded before Flop (didn't bet)
Seat 3: oio1000 (button) folded before Flop (didn't bet)
Seat 4: tintin641 (small blind) folded before Flop
Seat 6: BrilliantDawn84 (big blind) folded on the Turn



PokerStars Hand #254547118929:  Hold'em No Limit ($0.50/$1.00 USD) - 2025/01/25 16:35:56 WET [2025/01/25 11:35:56 ET]
Table 'Hathor IV' 6-max Seat #4 is the button
Seat 5: BGS013 ($101.50 in chips) is sitting out
Seat 1: AIien Hand ($283.84 in chips) 
Seat 2: DJNezz ($100 in chips) 
Seat 3: oio1000 ($78.85 in chips) 
Seat 4: tintin641 ($100 in chips) 
Seat 6: BrilliantDawn84 ($163.31 in chips) 
BrilliantDawn84: posts small blind $0.50
AIien Hand: posts big blind $1
*** HOLE CARDS ***
DJNezz: folds 
oio1000: folds 
tintin641: raises $1.50 to $2.50
BrilliantDawn84: folds 
AIien Hand: folds 
Uncalled bet ($1.50) returned to tintin641
tintin641 collected $2.50 from pot
tintin641: doesn't show hand 
*** SUMMARY ***
Total pot $2.50 | Rake $0 
Seat 5: BGS013
Seat 1: AIien Hand (big blind) folded before Flop
Seat 2: DJNezz folded before Flop (didn't bet)
Seat 3: oio1000 folded before Flop (didn't bet)
Seat 4: tintin641 (button) collected ($2.50)
Seat 6: BrilliantDawn84 (small blind) folded before Flop



PokerStars Hand #254547125653:  Hold'em No Limit ($0.50/$1.00 USD) - 2025/01/25 16:36:23 WET [2025/01/25 11:36:23 ET]
Table 'Hathor IV' 6-max Seat #6 is the button
Seat 5: BGS013 ($101.50 in chips) is sitting out
Seat 1: AIien Hand ($282.84 in chips) 
Seat 2: DJNezz ($100 in chips) 
Seat 3: oio1000 ($78.85 in chips) 
Seat 4: tintin641 ($101.50 in chips) 
Seat 6: BrilliantDawn84 ($162.81 in chips) 
AIien Hand: posts small blind $0.50
DJNezz: posts big blind $1
BGS013: sits out 
*** HOLE CARDS ***
oio1000: folds 
tintin641: folds 
BrilliantDawn84: folds 
oio1000 leaves the table
AIien Hand: raises $2 to $3
DJNezz: folds 
Uncalled bet ($2) returned to AIien Hand
AIien Hand collected $2 from pot
AIien Hand: doesn't show hand 
*** SUMMARY ***
Total pot $2 | Rake $0 
Seat 5: BGS013
Seat 1: AIien Hand (small blind) collected ($2)
Seat 2: DJNezz (big blind) folded before Flop
Seat 3: oio1000 folded before Flop (didn't bet)
Seat 4: tintin641 folded before Flop (didn't bet)
Seat 6: BrilliantDawn84 (button) folded before Flop (didn't bet)



PokerStars Hand #254547129784:  Hold'em No Limit ($0.50/$1.00 USD) - 2025/01/25 16:36:41 WET [2025/01/25 11:36:41 ET]
Table 'Hathor IV' 6-max Seat #1 is the button
Seat 5: BGS013 ($101.50 in chips) is sitting out
Seat 1: AIien Hand ($283.84 in chips) 
Seat 2: DJNezz ($100 in chips) 
Seat 4: tintin641 ($101.50 in chips) 
Seat 6: BrilliantDawn84 ($162.81 in chips) 
DJNezz: posts small blind $0.50
tintin641: posts big blind $1
BGS013: sits out 
*** HOLE CARDS ***
BrilliantDawn84: raises $1.50 to $2.50
AIien Hand: folds 
DJNezz: folds 
tintin641: folds 
Uncalled bet ($1.50) returned to BrilliantDawn84
BrilliantDawn84 collected $2.50 from pot
BrilliantDawn84: doesn't show hand 
*** SUMMARY ***
Total pot $2.50 | Rake $0 
Seat 5: BGS013
Seat 1: AIien Hand (button) folded before Flop (didn't bet)
Seat 2: DJNezz (small blind) folded before Flop
Seat 4: tintin641 (big blind) folded before Flop
Seat 6: BrilliantDawn84 collected ($2.50)



PokerStars Hand #254547133594:  Hold'em No Limit ($0.50/$1.00 USD) - 2025/01/25 16:36:56 WET [2025/01/25 11:36:56 ET]
Table 'Hathor IV' 6-max Seat #2 is the button
Seat 1: AIien Hand ($283.84 in chips) 
Seat 2: DJNezz ($100 in chips) 
Seat 4: tintin641 ($100.50 in chips) 
Seat 5: BGS013 ($101.50 in chips) 
Seat 6: BrilliantDawn84 ($164.31 in chips) 
tintin641: posts small blind $0.50
BGS013: posts big blind $1
*** HOLE CARDS ***
BrilliantDawn84: folds 
AIien Hand: folds 
DJNezz: folds 
tintin641: raises $2 to $3
BGS013: raises $6.50 to $9.50
oio1000 joins the table at seat #3 
oio1000 is disconnected 
tintin641: raises $12.50 to $22
BGS013: folds 
Uncalled bet ($12.50) returned to tintin641
tintin641 collected $19 from pot
tintin641: doesn't show hand 
*** SUMMARY ***
Total pot $19 | Rake $0 
Seat 1: AIien Hand folded before Flop (didn't bet)
Seat 2: DJNezz (button) folded before Flop (didn't bet)
Seat 4: tintin641 (small blind) collected ($19)
Seat 5: BGS013 (big blind) folded before Flop
Seat 6: BrilliantDawn84 folded before Flop (didn't bet)



PokerStars Hand #254547139889:  Hold'em No Limit ($0.50/$1.00 USD) - 2025/01/25 16:37:22 WET [2025/01/25 11:37:22 ET]
Table 'Hathor IV' 6-max Seat #4 is the button
Seat 3: oio1000 ($78.85 in chips) is sitting out
Seat 1: AIien Hand ($283.84 in chips) 
Seat 2: DJNezz ($100 in chips) 
Seat 4: tintin641 ($110 in chips) 
Seat 5: BGS013 ($100 in chips) 
Seat 6: BrilliantDawn84 ($164.31 in chips) 
BGS013: posts small blind $0.50
BrilliantDawn84: posts big blind $1
oio1000: sits out 
*** HOLE CARDS ***
AIien Hand: folds 
DJNezz: folds 
tintin641: folds 
BGS013: raises $2 to $3
BrilliantDawn84: folds 
Uncalled bet ($2) returned to BGS013
BGS013 collected $2 from pot
BGS013: doesn't show hand 
*** SUMMARY ***
Total pot $2 | Rake $0 
Seat 3: oio1000
Seat 1: AIien Hand folded before Flop (didn't bet)
Seat 2: DJNezz folded before Flop (didn't bet)
Seat 4: tintin641 (button) folded before Flop (didn't bet)
Seat 5: BGS013 (small blind) collected ($2)
Seat 6: BrilliantDawn84 (big blind) folded before Flop



PokerStars Hand #254547145813:  Hold'em No Limit ($0.50/$1.00 USD) - 2025/01/25 16:37:46 WET [2025/01/25 11:37:46 ET]
Table 'Hathor IV' 6-max Seat #5 is the button
Seat 3: oio1000 ($78.85 in chips) is sitting out
Seat 1: AIien Hand ($283.84 in chips) 
Seat 2: DJNezz ($100 in chips) 
Seat 4: tintin641 ($110 in chips) 
Seat 5: BGS013 ($101 in chips) 
Seat 6: BrilliantDawn84 ($163.31 in chips) 
BrilliantDawn84: posts small blind $0.50
AIien Hand: posts big blind $1
oio1000: sits out 
*** HOLE CARDS ***
DJNezz: folds 
tintin641: raises $1.50 to $2.50
BGS013: folds 
BrilliantDawn84: raises $6 to $8.50
AIien Hand: folds 
tintin641: calls $6
*** FLOP *** [Qd 4h 5s]
BrilliantDawn84: bets $8.55
tintin641: folds 
Uncalled bet ($8.55) returned to BrilliantDawn84
BrilliantDawn84 collected $17.10 from pot
BrilliantDawn84: doesn't show hand 
*** SUMMARY ***
Total pot $18 | Rake $0.90 
Board [Qd 4h 5s]
Seat 3: oio1000
Seat 1: AIien Hand (big blind) folded before Flop
Seat 2: DJNezz folded before Flop (didn't bet)
Seat 4: tintin641 folded on the Flop
Seat 5: BGS013 (button) folded before Flop (didn't bet)
Seat 6: BrilliantDawn84 (small blind) collected ($17.10)



PokerStars Hand #254547155996:  Hold'em No Limit ($0.50/$1.00 USD) - 2025/01/25 16:38:29 WET [2025/01/25 11:38:29 ET]
Table 'Hathor IV' 6-max Seat #6 is the button
Seat 3: oio1000 ($78.85 in chips) is sitting out
Seat 1: AIien Hand ($282.84 in chips) 
Seat 2: DJNezz ($100 in chips) 
Seat 4: tintin641 ($101.50 in chips) 
Seat 5: BGS013 ($101 in chips) 
Seat 6: BrilliantDawn84 ($171.91 in chips) 
AIien Hand: posts small blind $0.50
DJNezz: posts big blind $1
oio1000: sits out 
*** HOLE CARDS ***
tintin641: raises $1.50 to $2.50
BGS013: folds 
BrilliantDawn84: folds 
AIien Hand: folds 
DJNezz: calls $1.50
*** FLOP *** [9c Ks 4d]
DJNezz: checks 
tintin641: bets $1.72
DJNezz: calls $1.72
*** TURN *** [9c Ks 4d] [Qd]
DJNezz: checks 
tintin641: bets $6.37
DJNezz: calls $6.37
*** RIVER *** [9c Ks 4d Qd] [6c]
DJNezz: checks 
tintin641: bets $30.90
DJNezz: folds 
Uncalled bet ($30.90) returned to tintin641
tintin641 collected $20.60 from pot
tintin641: doesn't show hand 
*** SUMMARY ***
Total pot $21.68 | Rake $1.08 
Board [9c Ks 4d Qd 6c]
Seat 3: oio1000
Seat 1: AIien Hand (small blind) folded before Flop
Seat 2: DJNezz (big blind) folded on the River
Seat 4: tintin641 collected ($20.60)
Seat 5: BGS013 folded before Flop (didn't bet)
Seat 6: BrilliantDawn84 (button) folded before Flop (didn't bet)



PokerStars Hand #254547180851:  Hold'em No Limit ($0.50/$1.00 USD) - 2025/01/25 16:40:12 WET [2025/01/25 11:40:12 ET]
Table 'Hathor IV' 6-max Seat #1 is the button
Seat 1: AIien Hand ($282.34 in chips) 
Seat 2: DJNezz ($100 in chips) 
Seat 3: oio1000 ($78.85 in chips) 
Seat 4: tintin641 ($111.51 in chips) 
Seat 5: BGS013 ($101 in chips) 
Seat 6: BrilliantDawn84 ($171.91 in chips) 
DJNezz: posts small blind $0.50
oio1000: posts big blind $1
*** HOLE CARDS ***
tintin641: raises $1.50 to $2.50
BGS013: folds 
BrilliantDawn84: folds 
AIien Hand: folds 
DJNezz: folds 
oio1000: calls $1.50
*** FLOP *** [5h 4s 7s]
oio1000: checks 
tintin641: checks 
*** TURN *** [5h 4s 7s] [Ad]
oio1000: bets $2.61
tintin641: folds 
Uncalled bet ($2.61) returned to oio1000
oio1000 collected $5.22 from pot
*** SUMMARY ***
Total pot $5.50 | Rake $0.28 
Board [5h 4s 7s Ad]
Seat 1: AIien Hand (button) folded before Flop (didn't bet)
Seat 2: DJNezz (small blind) folded before Flop
Seat 3: oio1000 (big blind) collected ($5.22)
Seat 4: tintin641 folded on the Turn
Seat 5: BGS013 folded before Flop (didn't bet)
Seat 6: BrilliantDawn84 folded before Flop (didn't bet)



PokerStars Hand #254547192347:  Hold'em No Limit ($0.50/$1.00 USD) - 2025/01/25 16:40:59 WET [2025/01/25 11:40:59 ET]
Table 'Hathor IV' 6-max Seat #2 is the button
Seat 1: AIien Hand ($282.34 in chips) 
Seat 2: DJNezz ($100 in chips) 
Seat 3: oio1000 ($81.57 in chips) 
Seat 4: tintin641 ($109.01 in chips) 
Seat 5: BGS013 ($101 in chips) 
Seat 6: BrilliantDawn84 ($171.91 in chips) 
oio1000: posts small blind $0.50
tintin641: posts big blind $1
*** HOLE CARDS ***
BGS013 has timed out
BGS013: folds 
BrilliantDawn84: folds 
AIien Hand: folds 
DJNezz: folds 
oio1000: folds 
Uncalled bet ($0.50) returned to tintin641
oio1000 leaves the table
tintin641 collected $1 from pot
tintin641: doesn't show hand 
jreddish33 joins the table at seat #3 
jreddish33 is disconnected 
*** SUMMARY ***
Total pot $1 | Rake $0 
Seat 1: AIien Hand folded before Flop (didn't bet)
Seat 2: DJNezz (button) folded before Flop (didn't bet)
Seat 3: oio1000 (small blind) folded before Flop
Seat 4: tintin641 (big blind) collected ($1)
Seat 5: BGS013 folded before Flop (didn't bet)
Seat 6: BrilliantDawn84 folded before Flop (didn't bet)



PokerStars Hand #254547197783:  Hold'em No Limit ($0.50/$1.00 USD) - 2025/01/25 16:41:22 WET [2025/01/25 11:41:22 ET]
Table 'Hathor IV' 6-max Seat #4 is the button
Seat 3: jreddish33 ($41.81 in chips) is sitting out
Seat 1: AIien Hand ($282.34 in chips) 
Seat 2: DJNezz ($100 in chips) 
Seat 4: tintin641 ($109.51 in chips) 
Seat 5: BGS013 ($101 in chips) 
Seat 6: BrilliantDawn84 ($171.91 in chips) 
BGS013: posts small blind $0.50
BrilliantDawn84: posts big blind $1
jreddish33: sits out 
*** HOLE CARDS ***
AIien Hand: folds 
DJNezz: folds 
tintin641: raises $1.50 to $2.50
BGS013: folds 
BrilliantDawn84: raises $6.50 to $9
tintin641: folds 
Uncalled bet ($6.50) returned to BrilliantDawn84
BrilliantDawn84 collected $5.50 from pot
BrilliantDawn84: doesn't show hand 
*** SUMMARY ***
Total pot $5.50 | Rake $0 
Seat 3: jreddish33
Seat 1: AIien Hand folded before Flop (didn't bet)
Seat 2: DJNezz folded before Flop (didn't bet)
Seat 4: tintin641 (button) folded before Flop
Seat 5: BGS013 (small blind) folded before Flop
Seat 6: BrilliantDawn84 (big blind) collected ($5.50)



PokerStars Hand #254547204506:  Hold'em No Limit ($0.50/$1.00 USD) - 2025/01/25 16:41:49 WET [2025/01/25 11:41:49 ET]
Table 'Hathor IV' 6-max Seat #5 is the button
Seat 1: AIien Hand ($282.34 in chips) 
Seat 2: DJNezz ($100 in chips) 
Seat 3: jreddish33 ($41.81 in chips) 
Seat 4: tintin641 ($107.01 in chips) 
Seat 5: BGS013 ($100.50 in chips) 
Seat 6: BrilliantDawn84 ($174.91 in chips) 
BrilliantDawn84: posts small blind $0.50
AIien Hand: posts big blind $1
jreddish33: posts big blind $1
*** HOLE CARDS ***
DJNezz: folds 
jreddish33: checks 
tintin641: folds 
BGS013: folds 
BrilliantDawn84: calls $0.50
AIien Hand: checks 
*** FLOP *** [9c 6c Jh]
BrilliantDawn84: checks 
AIien Hand: checks 
jreddish33: bets $2
BrilliantDawn84: folds 
AIien Hand: folds 
Uncalled bet ($2) returned to jreddish33
jreddish33 collected $2.85 from pot
*** SUMMARY ***
Total pot $3 | Rake $0.15 
Board [9c 6c Jh]
Seat 1: AIien Hand (big blind) folded on the Flop
Seat 2: DJNezz folded before Flop (didn't bet)
Seat 3: jreddish33 collected ($2.85)
Seat 4: tintin641 folded before Flop (didn't bet)
Seat 5: BGS013 (button) folded before Flop (didn't bet)
Seat 6: BrilliantDawn84 (small blind) folded on the Flop



PokerStars Hand #254547213973:  Hold'em No Limit ($0.50/$1.00 USD) - 2025/01/25 16:42:29 WET [2025/01/25 11:42:29 ET]
Table 'Hathor IV' 6-max Seat #6 is the button
Seat 1: AIien Hand ($281.34 in chips) 
Seat 2: DJNezz ($100 in chips) 
Seat 3: jreddish33 ($43.66 in chips) 
Seat 4: tintin641 ($107.01 in chips) 
Seat 5: BGS013 ($100.50 in chips) 
Seat 6: BrilliantDawn84 ($173.91 in chips) 
AIien Hand: posts small blind $0.50
DJNezz: posts big blind $1
*** HOLE CARDS ***
jreddish33: calls $1
tintin641: folds 
BGS013: folds 
BrilliantDawn84: folds 
AIien Hand: folds 
DJNezz: checks 
*** FLOP *** [Js 3s Qh]
DJNezz: checks 
jreddish33: checks 
*** TURN *** [Js 3s Qh] [7c]
DJNezz: bets $2.98
jreddish33: calls $2.98
*** RIVER *** [Js 3s Qh 7c] [Td]
DJNezz: bets $16.05
jreddish33: raises $23.63 to $39.68 and is all-in
DJNezz: folds 
Uncalled bet ($23.63) returned to jreddish33
jreddish33 collected $38.53 from pot
*** SUMMARY ***
Total pot $40.56 | Rake $2.03 
Board [Js 3s Qh 7c Td]
Seat 1: AIien Hand (small blind) folded before Flop
Seat 2: DJNezz (big blind) folded on the River
Seat 3: jreddish33 collected ($38.53)
Seat 4: tintin641 folded before Flop (didn't bet)
Seat 5: BGS013 folded before Flop (didn't bet)
Seat 6: BrilliantDawn84 (button) folded before Flop (didn't bet)



PokerStars Hand #254547237972:  Hold'em No Limit ($0.50/$1.00 USD) - 2025/01/25 16:44:08 WET [2025/01/25 11:44:08 ET]
Table 'Hathor IV' 6-max Seat #1 is the button
Seat 1: AIien Hand ($280.84 in chips) 
Seat 2: DJNezz ($100 in chips) 
Seat 3: jreddish33 ($62.16 in chips) 
Seat 4: tintin641 ($107.01 in chips) 
Seat 5: BGS013 ($100.50 in chips) 
Seat 6: BrilliantDawn84 ($173.91 in chips) 
DJNezz: posts small blind $0.50
jreddish33: posts big blind $1
*** HOLE CARDS ***
tintin641: folds 
BGS013: raises $1 to $2
BrilliantDawn84: folds 
AIien Hand: calls $2
DJNezz: folds 
jreddish33: calls $1
*** FLOP *** [As 8d Qs]
jreddish33: checks 
BGS013: checks 
AIien Hand: checks 
*** TURN *** [As 8d Qs] [Qc]
jreddish33: checks 
BGS013: checks 
AIien Hand: bets $1.42
jreddish33: folds 
BGS013: folds 
Uncalled bet ($1.42) returned to AIien Hand
AIien Hand collected $6.18 from pot
AIien Hand: doesn't show hand 
*** SUMMARY ***
Total pot $6.50 | Rake $0.32 
Board [As 8d Qs Qc]
Seat 1: AIien Hand (button) collected ($6.18)
Seat 2: DJNezz (small blind) folded before Flop
Seat 3: jreddish33 (big blind) folded on the Turn
Seat 4: tintin641 folded before Flop (didn't bet)
Seat 5: BGS013 folded on the Turn
Seat 6: BrilliantDawn84 folded before Flop (didn't bet)



PokerStars Hand #254547250360:  Hold'em No Limit ($0.50/$1.00 USD) - 2025/01/25 16:45:00 WET [2025/01/25 11:45:00 ET]
Table 'Hathor IV' 6-max Seat #2 is the button
Seat 1: AIien Hand ($285.02 in chips) 
Seat 2: DJNezz ($100 in chips) 
Seat 3: jreddish33 ($60.16 in chips) 
Seat 4: tintin641 ($107.01 in chips) 
Seat 5: BGS013 ($100 in chips) 
Seat 6: BrilliantDawn84 ($173.91 in chips) 
jreddish33: posts small blind $0.50
tintin641: posts big blind $1
*** HOLE CARDS ***
BGS013: folds 
BrilliantDawn84: raises $1.50 to $2.50
AIien Hand: folds 
DJNezz: folds 
jreddish33: folds 
tintin641: folds 
Uncalled bet ($1.50) returned to BrilliantDawn84
BrilliantDawn84 collected $2.50 from pot
BrilliantDawn84: doesn't show hand 
*** SUMMARY ***
Total pot $2.50 | Rake $0 
Seat 1: AIien Hand folded before Flop (didn't bet)
Seat 2: DJNezz (button) folded before Flop (didn't bet)
Seat 3: jreddish33 (small blind) folded before Flop
Seat 4: tintin641 (big blind) folded before Flop
Seat 5: BGS013 folded before Flop (didn't bet)
Seat 6: BrilliantDawn84 collected ($2.50)



PokerStars Hand #254547282496:  Hold'em No Limit ($0.50/$1.00 USD) - 2025/01/25 16:47:16 WET [2025/01/25 11:47:16 ET]
Table 'Hathor IV' 6-max Seat #5 is the button
Seat 3: sta$igk ($100 in chips) is sitting out
Seat 1: AIien Hand ($285.02 in chips) 
Seat 2: DJNezz ($100 in chips) 
Seat 4: tintin641 ($105.51 in chips) 
Seat 5: BGS013 ($100 in chips) 
Seat 6: BrilliantDawn84 ($199.93 in chips) 
BrilliantDawn84: posts small blind $0.50
AIien Hand: posts big blind $1
sta$igk: sits out 
*** HOLE CARDS ***
DJNezz: folds 
tintin641: folds 
BGS013: folds 
BrilliantDawn84: folds 
Uncalled bet ($0.50) returned to AIien Hand
AIien Hand collected $1 from pot
AIien Hand: doesn't show hand 
*** SUMMARY ***
Total pot $1 | Rake $0 
Seat 3: sta$igk
Seat 1: AIien Hand (big blind) collected ($1)
Seat 2: DJNezz folded before Flop (didn't bet)
Seat 4: tintin641 folded before Flop (didn't bet)
Seat 5: BGS013 (button) folded before Flop (didn't bet)
Seat 6: BrilliantDawn84 (small blind) folded before Flop



PokerStars Hand #254547285827:  Hold'em No Limit ($0.50/$1.00 USD) - 2025/01/25 16:47:30 WET [2025/01/25 11:47:30 ET]
Table 'Hathor IV' 6-max Seat #6 is the button
Seat 3: sta$igk ($100 in chips) is sitting out
Seat 1: AIien Hand ($285.52 in chips) 
Seat 2: DJNezz ($100 in chips) 
Seat 4: tintin641 ($105.51 in chips) 
Seat 5: BGS013 ($100 in chips) 
Seat 6: BrilliantDawn84 ($199.43 in chips) 
AIien Hand: posts small blind $0.50
DJNezz: posts big blind $1
sta$igk: sits out 
*** HOLE CARDS ***
tintin641: raises $1.50 to $2.50
BGS013: folds 
BrilliantDawn84: folds 
AIien Hand: folds 
DJNezz: folds 
Uncalled bet ($1.50) returned to tintin641
tintin641 collected $2.50 from pot
tintin641: doesn't show hand 
*** SUMMARY ***
Total pot $2.50 | Rake $0 
Seat 3: sta$igk
Seat 1: AIien Hand (small blind) folded before Flop
Seat 2: DJNezz (big blind) folded before Flop
Seat 4: tintin641 collected ($2.50)
Seat 5: BGS013 folded before Flop (didn't bet)
Seat 6: BrilliantDawn84 (button) folded before Flop (didn't bet)



PokerStars Hand #254547288539:  Hold'em No Limit ($0.50/$1.00 USD) - 2025/01/25 16:47:41 WET [2025/01/25 11:47:41 ET]
Table 'Hathor IV' 6-max Seat #1 is the button
Seat 1: AIien Hand ($285.02 in chips) 
Seat 2: DJNezz ($100 in chips) 
Seat 3: sta$igk ($100 in chips) 
Seat 4: tintin641 ($107.01 in chips) 
Seat 5: BGS013 ($100 in chips) 
Seat 6: BrilliantDawn84 ($199.43 in chips) 
DJNezz: posts small blind $0.50
sta$igk: posts big blind $1
*** HOLE CARDS ***
tintin641: folds 
BGS013: folds 
BrilliantDawn84: folds 
AIien Hand: folds 
DJNezz: folds 
Uncalled bet ($0.50) returned to sta$igk
sta$igk collected $1 from pot
sta$igk: doesn't show hand 
*** SUMMARY ***
Total pot $1 | Rake $0 
Seat 1: AIien Hand (button) folded before Flop (didn't bet)
Seat 2: DJNezz (small blind) folded before Flop
Seat 3: sta$igk (big blind) collected ($1)
Seat 4: tintin641 folded before Flop (didn't bet)
Seat 5: BGS013 folded before Flop (didn't bet)
Seat 6: BrilliantDawn84 folded before Flop (didn't bet)



PokerStars Hand #254547292061:  Hold'em No Limit ($0.50/$1.00 USD) - 2025/01/25 16:47:56 WET [2025/01/25 11:47:56 ET]
Table 'Hathor IV' 6-max Seat #2 is the button
Seat 1: AIien Hand ($285.02 in chips) 
Seat 2: DJNezz ($100 in chips) 
Seat 3: sta$igk ($100.50 in chips) 
Seat 4: tintin641 ($107.01 in chips) 
Seat 5: BGS013 ($100 in chips) 
Seat 6: BrilliantDawn84 ($199.43 in chips) 
sta$igk: posts small blind $0.50
tintin641: posts big blind $1
*** HOLE CARDS ***
BGS013: raises $1 to $2
BrilliantDawn84: raises $5.50 to $7.50
AIien Hand: folds 
DJNezz: folds 
sta$igk: folds 
tintin641: folds 
BGS013: folds 
Uncalled bet ($5.50) returned to BrilliantDawn84
BGS013 leaves the table
BrilliantDawn84 collected $5.50 from pot
BrilliantDawn84: doesn't show hand 
*** SUMMARY ***
Total pot $5.50 | Rake $0 
Seat 1: AIien Hand folded before Flop (didn't bet)
Seat 2: DJNezz (button) folded before Flop (didn't bet)
Seat 3: sta$igk (small blind) folded before Flop
Seat 4: tintin641 (big blind) folded before Flop
Seat 5: BGS013 folded before Flop
Seat 6: BrilliantDawn84 collected ($5.50)



PokerStars Hand #254547297430:  Hold'em No Limit ($0.50/$1.00 USD) - 2025/01/25 16:48:18 WET [2025/01/25 11:48:18 ET]
Table 'Hathor IV' 6-max Seat #3 is the button
Seat 1: AIien Hand ($285.02 in chips) 
Seat 2: DJNezz ($100 in chips) 
Seat 3: sta$igk ($100 in chips) 
Seat 4: tintin641 ($106.01 in chips) 
Seat 6: BrilliantDawn84 ($202.93 in chips) 
tintin641: posts small blind $0.50
BrilliantDawn84: posts big blind $1
*** HOLE CARDS ***
AIien Hand: raises $1.20 to $2.20
DJNezz: folds 
sta$igk: folds 
tintin641: folds 
BrilliantDawn84: calls $1.20
*** FLOP *** [6c 3d 9c]
BrilliantDawn84: checks 
AIien Hand: bets $3.87
BrilliantDawn84: raises $6.20 to $10.07
AIien Hand: calls $6.20
*** TURN *** [6c 3d 9c] [7c]
BrilliantDawn84: bets $11.90
AIien Hand: folds 
Uncalled bet ($11.90) returned to BrilliantDawn84
BrilliantDawn84 collected $23.79 from pot
BrilliantDawn84: doesn't show hand 
*** SUMMARY ***
Total pot $25.04 | Rake $1.25 
Board [6c 3d 9c 7c]
Seat 1: AIien Hand folded on the Turn
Seat 2: DJNezz folded before Flop (didn't bet)
Seat 3: sta$igk (button) folded before Flop (didn't bet)
Seat 4: tintin641 (small blind) folded before Flop
Seat 6: BrilliantDawn84 (big blind) collected ($23.79)



PokerStars Hand #254547309292:  Hold'em No Limit ($0.50/$1.00 USD) - 2025/01/25 16:49:08 WET [2025/01/25 11:49:08 ET]
Table 'Hathor IV' 6-max Seat #4 is the button
Seat 1: AIien Hand ($272.75 in chips) 
Seat 2: DJNezz ($100 in chips) 
Seat 3: sta$igk ($100 in chips) 
Seat 4: tintin641 ($105.51 in chips) 
Seat 6: BrilliantDawn84 ($214.45 in chips) 
BrilliantDawn84: posts small blind $0.50
AIien Hand: posts big blind $1
*** HOLE CARDS ***
DJNezz: folds 
sta$igk: folds 
tintin641: raises $1.50 to $2.50
BrilliantDawn84: calls $2
AIien Hand: calls $1.50
*** FLOP *** [2h 4h 3h]
BrilliantDawn84: checks 
AIien Hand: bets $1.64
tintin641: folds 
BrilliantDawn84: folds 
Uncalled bet ($1.64) returned to AIien Hand
AIien Hand collected $7.12 from pot
AIien Hand: doesn't show hand 
*** SUMMARY ***
Total pot $7.50 | Rake $0.38 
Board [2h 4h 3h]
Seat 1: AIien Hand (big blind) collected ($7.12)
Seat 2: DJNezz folded before Flop (didn't bet)
Seat 3: sta$igk folded before Flop (didn't bet)
Seat 4: tintin641 (button) folded on the Flop
Seat 6: BrilliantDawn84 (small blind) folded on the Flop



PokerStars Hand #254547321033:  Hold'em No Limit ($0.50/$1.00 USD) - 2025/01/25 16:49:56 WET [2025/01/25 11:49:56 ET]
Table 'Hathor IV' 6-max Seat #6 is the button
Seat 1: AIien Hand ($277.37 in chips) 
Seat 2: DJNezz ($100 in chips) 
Seat 3: sta$igk ($100 in chips) 
Seat 4: tintin641 ($103.01 in chips) 
Seat 6: BrilliantDawn84 ($211.95 in chips) 
AIien Hand: posts small blind $0.50
DJNezz: posts big blind $1
*** HOLE CARDS ***
sta$igk: folds 
tintin641: raises $1.50 to $2.50
BrilliantDawn84: folds 
AIien Hand: folds 
DJNezz: folds 
Uncalled bet ($1.50) returned to tintin641
tintin641 collected $2.50 from pot
tintin641: doesn't show hand 
*** SUMMARY ***
Total pot $2.50 | Rake $0 
Seat 1: AIien Hand (small blind) folded before Flop
Seat 2: DJNezz (big blind) folded before Flop
Seat 3: sta$igk folded before Flop (didn't bet)
Seat 4: tintin641 collected ($2.50)
Seat 6: BrilliantDawn84 (button) folded before Flop (didn't bet)



PokerStars Hand #254547323944:  Hold'em No Limit ($0.50/$1.00 USD) - 2025/01/25 16:50:09 WET [2025/01/25 11:50:09 ET]
Table 'Hathor IV' 6-max Seat #1 is the button
Seat 3: sta$igk ($100 in chips) is sitting out
Seat 4: tintin641 ($104.51 in chips) is sitting out
Seat 1: AIien Hand ($276.87 in chips) 
Seat 2: DJNezz ($100 in chips) 
Seat 6: BrilliantDawn84 ($211.95 in chips) 
DJNezz: posts small blind $0.50
sta$igk: is sitting out 
tintin641: is sitting out 
BrilliantDawn84: posts big blind $1
*** HOLE CARDS ***
AIien Hand: raises $1.50 to $2.50
tintin641 leaves the table
sta$igk leaves the table
DJNezz: folds 
BrilliantDawn84: folds 
Uncalled bet ($1.50) returned to AIien Hand
AIien Hand collected $2.50 from pot
AIien Hand: doesn't show hand 
*** SUMMARY ***
Total pot $2.50 | Rake $0 
Seat 3: sta$igk
Seat 4: tintin641
Seat 1: AIien Hand (button) collected ($2.50)
Seat 2: DJNezz (small blind) folded before Flop
Seat 6: BrilliantDawn84 (big blind) folded before Flop



PokerStars Hand #254547326020:  Hold'em No Limit ($0.50/$1.00 USD) - 2025/01/25 16:50:18 WET [2025/01/25 11:50:18 ET]
Table 'Hathor IV' 6-max Seat #2 is the button
Seat 1: AIien Hand ($278.37 in chips) 
Seat 2: DJNezz ($100 in chips) 
Seat 6: BrilliantDawn84 ($210.95 in chips) 
BrilliantDawn84: posts small blind $0.50
AIien Hand: posts big blind $1
*** HOLE CARDS ***
DJNezz: folds 
BrilliantDawn84: folds 
Uncalled bet ($0.50) returned to AIien Hand
AIien Hand collected $1 from pot
AIien Hand: doesn't show hand 
*** SUMMARY ***
Total pot $1 | Rake $0 
Seat 1: AIien Hand (big blind) collected ($1)
Seat 2: DJNezz (button) folded before Flop (didn't bet)
Seat 6: BrilliantDawn84 (small blind) folded before Flop



PokerStars Hand #254547328207:  Hold'em No Limit ($0.50/$1.00 USD) - 2025/01/25 16:50:27 WET [2025/01/25 11:50:27 ET]
Table 'Hathor IV' 6-max Seat #6 is the button
Seat 1: AIien Hand ($278.87 in chips) 
Seat 2: DJNezz ($100 in chips) 
Seat 6: BrilliantDawn84 ($210.45 in chips) 
AIien Hand: posts small blind $0.50
DJNezz: posts big blind $1
*** HOLE CARDS ***
BrilliantDawn84: raises $1.50 to $2.50
AIien Hand: folds 
DJNezz: folds 
Uncalled bet ($1.50) returned to BrilliantDawn84
BrilliantDawn84 collected $2.50 from pot
BrilliantDawn84: doesn't show hand 
*** SUMMARY ***
Total pot $2.50 | Rake $0 
Seat 1: AIien Hand (small blind) folded before Flop
Seat 2: DJNezz (big blind) folded before Flop
Seat 6: BrilliantDawn84 (button) collected ($2.50)



PokerStars Hand #254547330724:  Hold'em No Limit ($0.50/$1.00 USD) - 2025/01/25 16:50:37 WET [2025/01/25 11:50:37 ET]
Table 'Hathor IV' 6-max Seat #1 is the button
Seat 1: AIien Hand ($278.37 in chips) 
Seat 2: DJNezz ($100 in chips) 
Seat 6: BrilliantDawn84 ($211.95 in chips) 
DJNezz: posts small blind $0.50
BrilliantDawn84: posts big blind $1
*** HOLE CARDS ***
AIien Hand: folds 
DJNezz: raises $2 to $3
BrilliantDawn84: folds 
Uncalled bet ($2) returned to DJNezz
DJNezz collected $2 from pot
*** SUMMARY ***
Total pot $2 | Rake $0 
Seat 1: AIien Hand (button) folded before Flop (didn't bet)
Seat 2: DJNezz (small blind) collected ($2)
Seat 6: BrilliantDawn84 (big blind) folded before Flop



PokerStars Hand #254547332936:  Hold'em No Limit ($0.50/$1.00 USD) - 2025/01/25 16:50:46 WET [2025/01/25 11:50:46 ET]
Table 'Hathor IV' 6-max Seat #2 is the button
Seat 1: AIien Hand ($278.37 in chips) 
Seat 2: DJNezz ($101 in chips) 
Seat 6: BrilliantDawn84 ($210.95 in chips) 
BrilliantDawn84: posts small blind $0.50
AIien Hand: posts big blind $1
*** HOLE CARDS ***
DJNezz: raises $1.20 to $2.20
BrilliantDawn84: raises $5.40 to $7.60
AIien Hand: folds 
DJNezz: folds 
Uncalled bet ($5.40) returned to BrilliantDawn84
BrilliantDawn84 collected $5.40 from pot
BrilliantDawn84: doesn't show hand 
*** SUMMARY ***
Total pot $5.40 | Rake $0 
Seat 1: AIien Hand (big blind) folded before Flop
Seat 2: DJNezz (button) folded before Flop
Seat 6: BrilliantDawn84 (small blind) collected ($5.40)



PokerStars Hand #254547338717:  Hold'em No Limit ($0.50/$1.00 USD) - 2025/01/25 16:51:09 WET [2025/01/25 11:51:09 ET]
Table 'Hathor IV' 6-max Seat #6 is the button
Seat 1: AIien Hand ($277.37 in chips) 
Seat 2: DJNezz ($100 in chips) 
Seat 6: BrilliantDawn84 ($214.15 in chips) 
AIien Hand: posts small blind $0.50
DJNezz: posts big blind $1
*** HOLE CARDS ***
BrilliantDawn84: folds 
AIien Hand: folds 
Uncalled bet ($0.50) returned to DJNezz
DJNezz collected $1 from pot
*** SUMMARY ***
Total pot $1 | Rake $0 
Seat 1: AIien Hand (small blind) folded before Flop
Seat 2: DJNezz (big blind) collected ($1)
Seat 6: BrilliantDawn84 (button) folded before Flop (didn't bet)



PokerStars Hand #254547341488:  Hold'em No Limit ($0.50/$1.00 USD) - 2025/01/25 16:51:21 WET [2025/01/25 11:51:21 ET]
Table 'Hathor IV' 6-max Seat #1 is the button
Seat 1: AIien Hand ($276.87 in chips) 
Seat 2: DJNezz ($100.50 in chips) 
Seat 6: BrilliantDawn84 ($214.15 in chips) 
DJNezz: posts small blind $0.50
BrilliantDawn84: posts big blind $1
*** HOLE CARDS ***
AIien Hand: raises $1.50 to $2.50
MoRsCeReBruM joins the table at seat #4 
DJNezz: folds 
BrilliantDawn84: folds 
Uncalled bet ($1.50) returned to AIien Hand
AIien Hand collected $2.50 from pot
AIien Hand: doesn't show hand 
*** SUMMARY ***
Total pot $2.50 | Rake $0 
Seat 1: AIien Hand (button) collected ($2.50)
Seat 2: DJNezz (small blind) folded before Flop
Seat 6: BrilliantDawn84 (big blind) folded before Flop



PokerStars Hand #254547344678:  Hold'em No Limit ($0.50/$1.00 USD) - 2025/01/25 16:51:34 WET [2025/01/25 11:51:34 ET]
Table 'Hathor IV' 6-max Seat #2 is the button
Seat 4: MoRsCeReBruM ($100 in chips) is sitting out
Seat 1: AIien Hand ($278.37 in chips) 
Seat 2: DJNezz ($100 in chips) 
Seat 6: BrilliantDawn84 ($213.15 in chips) 
BrilliantDawn84: posts small blind $0.50
AIien Hand: posts big blind $1
*** HOLE CARDS ***
DJNezz: folds 
BrilliantDawn84: folds 
Uncalled bet ($0.50) returned to AIien Hand
AIien Hand collected $1 from pot
AIien Hand: doesn't show hand 
*** SUMMARY ***
Total pot $1 | Rake $0 
Seat 4: MoRsCeReBruM
Seat 1: AIien Hand (big blind) collected ($1)
Seat 2: DJNezz (button) folded before Flop (didn't bet)
Seat 6: BrilliantDawn84 (small blind) folded before Flop



PokerStars Hand #254547346348:  Hold'em No Limit ($0.50/$1.00 USD) - 2025/01/25 16:51:41 WET [2025/01/25 11:51:41 ET]
Table 'Hathor IV' 6-max Seat #6 is the button
Seat 4: MoRsCeReBruM ($100 in chips) is sitting out
Seat 1: AIien Hand ($278.87 in chips) 
Seat 2: DJNezz ($100 in chips) 
Seat 6: BrilliantDawn84 ($212.65 in chips) 
AIien Hand: posts small blind $0.50
DJNezz: posts big blind $1
MoRsCeReBruM: sits out 
*** HOLE CARDS ***
BrilliantDawn84: raises $1.50 to $2.50
AIien Hand: raises $8 to $10.50
DJNezz: folds 
BrilliantDawn84: folds 
Uncalled bet ($8) returned to AIien Hand
AIien Hand collected $6 from pot
AIien Hand: doesn't show hand 
*** SUMMARY ***
Total pot $6 | Rake $0 
Seat 4: MoRsCeReBruM
Seat 1: AIien Hand (small blind) collected ($6)
Seat 2: DJNezz (big blind) folded before Flop
Seat 6: BrilliantDawn84 (button) folded before Flop



PokerStars Hand #254547351689:  Hold'em No Limit ($0.50/$1.00 USD) - 2025/01/25 16:52:03 WET [2025/01/25 11:52:03 ET]
Table 'Hathor IV' 6-max Seat #1 is the button
Seat 1: AIien Hand ($282.37 in chips) 
Seat 2: DJNezz ($100 in chips) 
Seat 4: MoRsCeReBruM ($100 in chips) 
Seat 6: BrilliantDawn84 ($210.15 in chips) 
DJNezz: posts small blind $0.50
MoRsCeReBruM: posts big blind $1
*** HOLE CARDS ***
BrilliantDawn84: folds 
AIien Hand: folds 
DJNezz: folds 
Uncalled bet ($0.50) returned to MoRsCeReBruM
MoRsCeReBruM collected $1 from pot
MoRsCeReBruM: doesn't show hand 
*** SUMMARY ***
Total pot $1 | Rake $0 
Seat 1: AIien Hand (button) folded before Flop (didn't bet)
Seat 2: DJNezz (small blind) folded before Flop
Seat 4: MoRsCeReBruM (big blind) collected ($1)
Seat 6: BrilliantDawn84 folded before Flop (didn't bet)



PokerStars Hand #254547353757:  Hold'em No Limit ($0.50/$1.00 USD) - 2025/01/25 16:52:12 WET [2025/01/25 11:52:12 ET]
Table 'Hathor IV' 6-max Seat #2 is the button
Seat 1: AIien Hand ($282.37 in chips) 
Seat 2: DJNezz ($100 in chips) 
Seat 4: MoRsCeReBruM ($100.50 in chips) 
Seat 6: BrilliantDawn84 ($210.15 in chips) 
MoRsCeReBruM: posts small blind $0.50
BrilliantDawn84: posts big blind $1
*** HOLE CARDS ***
AIien Hand: raises $1.20 to $2.20
DJNezz: folds 
MoRsCeReBruM: folds 
BrilliantDawn84: folds 
Uncalled bet ($1.20) returned to AIien Hand
AIien Hand collected $2.50 from pot
AIien Hand: doesn't show hand 
*** SUMMARY ***
Total pot $2.50 | Rake $0 
Seat 1: AIien Hand collected ($2.50)
Seat 2: DJNezz (button) folded before Flop (didn't bet)
Seat 4: MoRsCeReBruM (small blind) folded before Flop
Seat 6: BrilliantDawn84 (big blind) folded before Flop



PokerStars Hand #254547355450:  Hold'em No Limit ($0.50/$1.00 USD) - 2025/01/25 16:52:19 WET [2025/01/25 11:52:19 ET]
Table 'Hathor IV' 6-max Seat #4 is the button
Seat 1: AIien Hand ($283.87 in chips) 
Seat 2: DJNezz ($100 in chips) 
Seat 4: MoRsCeReBruM ($100 in chips) 
Seat 6: BrilliantDawn84 ($209.15 in chips) 
BrilliantDawn84: posts small blind $0.50
AIien Hand: posts big blind $1
*** HOLE CARDS ***
DJNezz: folds 
MoRsCeReBruM: folds 
BrilliantDawn84: folds 
Uncalled bet ($0.50) returned to AIien Hand
AIien Hand collected $1 from pot
AIien Hand: doesn't show hand 
*** SUMMARY ***
Total pot $1 | Rake $0 
Seat 1: AIien Hand (big blind) collected ($1)
Seat 2: DJNezz folded before Flop (didn't bet)
Seat 4: MoRsCeReBruM (button) folded before Flop (didn't bet)
Seat 6: BrilliantDawn84 (small blind) folded before Flop



PokerStars Hand #254547357529:  Hold'em No Limit ($0.50/$1.00 USD) - 2025/01/25 16:52:27 WET [2025/01/25 11:52:27 ET]
Table 'Hathor IV' 6-max Seat #6 is the button
Seat 1: AIien Hand ($284.37 in chips) 
Seat 2: DJNezz ($100 in chips) 
Seat 4: MoRsCeReBruM ($100 in chips) 
Seat 6: BrilliantDawn84 ($208.65 in chips) 
AIien Hand: posts small blind $0.50
DJNezz: posts big blind $1
*** HOLE CARDS ***
MoRsCeReBruM: folds 
BrilliantDawn84: folds 
AIien Hand: folds 
Uncalled bet ($0.50) returned to DJNezz
DJNezz collected $1 from pot
*** SUMMARY ***
Total pot $1 | Rake $0 
Seat 1: AIien Hand (small blind) folded before Flop
Seat 2: DJNezz (big blind) collected ($1)
Seat 4: MoRsCeReBruM folded before Flop (didn't bet)
Seat 6: BrilliantDawn84 (button) folded before Flop (didn't bet)



PokerStars Hand #254547360430:  Hold'em No Limit ($0.50/$1.00 USD) - 2025/01/25 16:52:39 WET [2025/01/25 11:52:39 ET]
Table 'Hathor IV' 6-max Seat #1 is the button
Seat 4: MoRsCeReBruM ($100 in chips) is sitting out
Seat 1: AIien Hand ($283.87 in chips) 
Seat 2: DJNezz ($100.50 in chips) 
Seat 6: BrilliantDawn84 ($208.65 in chips) 
DJNezz: posts small blind $0.50
MoRsCeReBruM: is sitting out 
BrilliantDawn84: posts big blind $1
*** HOLE CARDS ***
AIien Hand: folds 
DJNezz: folds 
Uncalled bet ($0.50) returned to BrilliantDawn84
BrilliantDawn84 collected $1 from pot
BrilliantDawn84: doesn't show hand 
*** SUMMARY ***
Total pot $1 | Rake $0 
Seat 4: MoRsCeReBruM
Seat 1: AIien Hand (button) folded before Flop (didn't bet)
Seat 2: DJNezz (small blind) folded before Flop
Seat 6: BrilliantDawn84 (big blind) collected ($1)



PokerStars Hand #254547361957:  Hold'em No Limit ($0.50/$1.00 USD) - 2025/01/25 16:52:45 WET [2025/01/25 11:52:45 ET]
Table 'Hathor IV' 6-max Seat #2 is the button
Seat 4: MoRsCeReBruM ($100 in chips) is sitting out
Seat 1: AIien Hand ($283.87 in chips) 
Seat 2: DJNezz ($100 in chips) 
Seat 6: BrilliantDawn84 ($209.15 in chips) 
BrilliantDawn84: posts small blind $0.50
AIien Hand: posts big blind $1
*** HOLE CARDS ***
MoRsCeReBruM leaves the table
DJNezz: folds 
BrilliantDawn84: raises $1.50 to $2.50
AIien Hand: calls $1.50
*** FLOP *** [8d 2h 6c]
BrilliantDawn84: bets $2.38
AIien Hand: raises $5.23 to $7.61
BrilliantDawn84: folds 
Uncalled bet ($5.23) returned to AIien Hand
AIien Hand collected $9.27 from pot
AIien Hand: doesn't show hand 
*** SUMMARY ***
Total pot $9.76 | Rake $0.49 
Board [8d 2h 6c]
Seat 4: MoRsCeReBruM
Seat 1: AIien Hand (big blind) collected ($9.27)
Seat 2: DJNezz (button) folded before Flop (didn't bet)
Seat 6: BrilliantDawn84 (small blind) folded on the Flop



PokerStars Hand #254547370576:  Hold'em No Limit ($0.50/$1.00 USD) - 2025/01/25 16:53:21 WET [2025/01/25 11:53:21 ET]
Table 'Hathor IV' 6-max Seat #1 is the button
Seat 6: BrilliantDawn84 ($204.27 in chips) is sitting out
Seat 1: AIien Hand ($288.26 in chips) 
Seat 2: DJNezz ($100 in chips) 
MoRsCeReBruM joins the table at seat #4 
AIien Hand: posts small blind $0.50
DJNezz: posts big blind $1
*** HOLE CARDS ***
BrilliantDawn84 leaves the table
Espada Fish joins the table at seat #5 
AIien Hand: folds 
Uncalled bet ($0.50) returned to DJNezz
Espada Fish leaves the table
DJNezz collected $1 from pot
*** SUMMARY ***
Total pot $1 | Rake $0 
Seat 6: BrilliantDawn84
Seat 1: AIien Hand (button) (small blind) folded before Flop
Seat 2: DJNezz (big blind) collected ($1)



PokerStars Hand #254547372450:  Hold'em No Limit ($0.50/$1.00 USD) - 2025/01/25 16:53:28 WET [2025/01/25 11:53:28 ET]
Table 'Hathor IV' 6-max Seat #1 is the button
Seat 1: AIien Hand ($287.76 in chips) 
Seat 2: DJNezz ($100.50 in chips) 
Seat 4: MoRsCeReBruM ($100 in chips) 
DJNezz: posts small blind $0.50
MoRsCeReBruM: posts big blind $1
*** HOLE CARDS ***
AIien Hand: raises $1.50 to $2.50
DJNezz: folds 
MoRsCeReBruM: calls $1.50
*** FLOP *** [Kh 6c 2h]
MoRsCeReBruM: checks 
AIien Hand: checks 
*** TURN *** [Kh 6c 2h] [Td]
MoRsCeReBruM: checks 
AIien Hand: bets $7.52
MoRsCeReBruM: folds 
Uncalled bet ($7.52) returned to AIien Hand
AIien Hand collected $5.22 from pot
AIien Hand: doesn't show hand 
*** SUMMARY ***
Total pot $5.50 | Rake $0.28 
Board [Kh 6c 2h Td]
Seat 1: AIien Hand (button) collected ($5.22)
Seat 2: DJNezz (small blind) folded before Flop
Seat 4: MoRsCeReBruM (big blind) folded on the Turn



PokerStars Hand #254547390045:  Hold'em No Limit ($0.50/$1.00 USD) - 2025/01/25 16:54:41 WET [2025/01/25 11:54:41 ET]
Table 'Hathor IV' 6-max Seat #2 is the button
Seat 1: AIien Hand ($290.48 in chips) 
Seat 2: DJNezz ($100 in chips) 
Seat 4: MoRsCeReBruM ($100 in chips) 
MoRsCeReBruM: posts small blind $0.50
AIien Hand: posts big blind $1
*** HOLE CARDS ***
DJNezz: folds 
MoRsCeReBruM: raises $2 to $3
AIien Hand: calls $2
*** FLOP *** [5h 9s Qh]
MoRsCeReBruM: bets $2.28
AIien Hand: calls $2.28
*** TURN *** [5h 9s Qh] [4h]
MoRsCeReBruM: bets $4.01
AIien Hand: calls $4.01
*** RIVER *** [5h 9s Qh 4h] [Ts]
MoRsCeReBruM: bets $7.06
AIien Hand: folds 
Uncalled bet ($7.06) returned to MoRsCeReBruM
MoRsCeReBruM collected $17.65 from pot
MoRsCeReBruM: doesn't show hand 
*** SUMMARY ***
Total pot $18.58 | Rake $0.93 
Board [5h 9s Qh 4h Ts]
Seat 1: AIien Hand (big blind) folded on the River
Seat 2: DJNezz (button) folded before Flop (didn't bet)
Seat 4: MoRsCeReBruM (small blind) collected ($17.65)



PokerStars Hand #254547407716:  Hold'em No Limit ($0.50/$1.00 USD) - 2025/01/25 16:56:10 WET [2025/01/25 11:56:10 ET]
Table 'Hathor IV' 6-max Seat #4 is the button
Seat 1: AIien Hand ($281.19 in chips) 
Seat 2: DJNezz ($100 in chips) 
Seat 4: MoRsCeReBruM ($108.36 in chips) 
AIien Hand: posts small blind $0.50
DJNezz: posts big blind $1
*** HOLE CARDS ***
MoRsCeReBruM: folds 
AIien Hand: raises $2 to $3
DJNezz: folds 
Uncalled bet ($2) returned to AIien Hand
AIien Hand collected $2 from pot
AIien Hand: doesn't show hand 
*** SUMMARY ***
Total pot $2 | Rake $0 
Seat 1: AIien Hand (small blind) collected ($2)
Seat 2: DJNezz (big blind) folded before Flop
Seat 4: MoRsCeReBruM (button) folded before Flop (didn't bet)



PokerStars Hand #254547409670:  Hold'em No Limit ($0.50/$1.00 USD) - 2025/01/25 16:56:21 WET [2025/01/25 11:56:21 ET]
Table 'Hathor IV' 6-max Seat #2 is the button
Seat 4: MoRsCeReBruM ($108.36 in chips) is sitting out
Seat 1: AIien Hand ($282.19 in chips) 
Seat 2: DJNezz ($100 in chips) 
DJNezz: posts small blind $0.50
MoRsCeReBruM: is sitting out 
AIien Hand: posts big blind $1
*** HOLE CARDS ***
MoRsCeReBruM leaves the table
DJNezz: folds 
Uncalled bet ($0.50) returned to AIien Hand
AIien Hand collected $1 from pot
AIien Hand: doesn't show hand 
*** SUMMARY ***
Total pot $1 | Rake $0 
Seat 4: MoRsCeReBruM
Seat 1: AIien Hand (big blind) collected ($1)
Seat 2: DJNezz (button) (small blind) folded before Flop



PokerStars Hand #254547481106:  Hold'em No Limit ($0.50/$1.00 USD) - 2025/01/25 17:02:30 WET [2025/01/25 12:02:30 ET]
Table 'Hathor IV' 6-max Seat #6 is the button
Seat 2: bella0810 ($14.41 in chips) 
Seat 3: sta$igk ($100 in chips) 
Seat 5: steelNike ($10 in chips) 
Seat 6: elcutez ($104.39 in chips) 
bella0810: posts small blind $0.50
sta$igk: posts big blind $1
*** HOLE CARDS ***
steelNike: raises $1 to $2
elcutez: calls $2
bella0810: folds 
sta$igk: folds 
*** FLOP *** [8d 9h 2h]
steelNike: bets $8 and is all-in
elcutez: calls $8
*** TURN *** [8d 9h 2h] [Kd]
*** RIVER *** [8d 9h 2h Kd] [4h]
*** SHOW DOWN ***
steelNike: shows [Kh Kc] (three of a kind, Kings)
elcutez: shows [9c 9d] (three of a kind, Nines)
steelNike collected $20.50 from pot
*** SUMMARY ***
Total pot $21.50 | Rake $1 
Board [8d 9h 2h Kd 4h]
Seat 2: bella0810 (small blind) folded before Flop
Seat 3: sta$igk (big blind) folded before Flop
Seat 5: steelNike showed [Kh Kc] and won ($20.50) with three of a kind, Kings
Seat 6: elcutez (button) showed [9c 9d] and lost with three of a kind, Nines



PokerStars Hand #254547492317:  Hold'em No Limit ($0.50/$1.00 USD) - 2025/01/25 17:03:16 WET [2025/01/25 12:03:16 ET]
Table 'Hathor IV' 6-max Seat #2 is the button
Seat 2: bella0810 ($13.91 in chips) 
Seat 3: sta$igk ($100 in chips) 
Seat 5: steelNike ($20.50 in chips) 
Seat 6: elcutez ($94.39 in chips) 
sta$igk: posts small blind $0.50
steelNike: posts big blind $1
*** HOLE CARDS ***
elcutez: folds 
bella0810: folds 
sta$igk: folds 
Uncalled bet ($0.50) returned to steelNike
steelNike collected $1 from pot
*** SUMMARY ***
Total pot $1 | Rake $0 
Seat 2: bella0810 (button) folded before Flop (didn't bet)
Seat 3: sta$igk (small blind) folded before Flop
Seat 5: steelNike (big blind) collected ($1)
Seat 6: elcutez folded before Flop (didn't bet)



PokerStars Hand #254547494358:  Hold'em No Limit ($0.50/$1.00 USD) - 2025/01/25 17:03:25 WET [2025/01/25 12:03:25 ET]
Table 'Hathor IV' 6-max Seat #3 is the button
Seat 2: bella0810 ($13.91 in chips) 
Seat 3: sta$igk ($100 in chips) 
Seat 5: steelNike ($21 in chips) 
Seat 6: elcutez ($94.39 in chips) 
steelNike: posts small blind $0.50
elcutez: posts big blind $1
*** HOLE CARDS ***
bella0810: folds 
sta$igk: folds 
steelNike is connected 
steelNike: raises $20 to $21 and is all-in
elcutez: calls $20
*** FLOP *** [Kd 4h Kc]
*** TURN *** [Kd 4h Kc] [Th]
*** RIVER *** [Kd 4h Kc Th] [2c]
*** SHOW DOWN ***
steelNike: shows [5d 5h] (two pair, Kings and Fives)
elcutez: shows [Ks Ah] (three of a kind, Kings)
elcutez collected $41 from pot
*** SUMMARY ***
Total pot $42 | Rake $1 
Board [Kd 4h Kc Th 2c]
Seat 2: bella0810 folded before Flop (didn't bet)
Seat 3: sta$igk (button) folded before Flop (didn't bet)
Seat 5: steelNike (small blind) showed [5d 5h] and lost with two pair, Kings and Fives
Seat 6: elcutez (big blind) showed [Ks Ah] and won ($41) with three of a kind, Kings



PokerStars Hand #254547500486:  Hold'em No Limit ($0.50/$1.00 USD) - 2025/01/25 17:03:51 WET [2025/01/25 12:03:51 ET]
Table 'Hathor IV' 6-max Seat #5 is the button
Seat 2: bella0810 ($13.91 in chips) 
Seat 3: sta$igk ($100 in chips) 
Seat 5: steelNike ($10 in chips) 
Seat 6: elcutez ($114.39 in chips) 
elcutez: posts small blind $0.50
bella0810: posts big blind $1
*** HOLE CARDS ***
sta$igk: raises $1 to $2
steelNike: folds 
elcutez: folds 
bella0810: folds 
Uncalled bet ($1) returned to sta$igk
sta$igk collected $2.50 from pot
sta$igk: doesn't show hand 
*** SUMMARY ***
Total pot $2.50 | Rake $0 
Seat 2: bella0810 (big blind) folded before Flop
Seat 3: sta$igk collected ($2.50)
Seat 5: steelNike (button) folded before Flop (didn't bet)
Seat 6: elcutez (small blind) folded before Flop



PokerStars Hand #254547502598:  Hold'em No Limit ($0.50/$1.00 USD) - 2025/01/25 17:04:00 WET [2025/01/25 12:04:00 ET]
Table 'Hathor IV' 6-max Seat #6 is the button
Seat 2: bella0810 ($12.91 in chips) 
Seat 3: sta$igk ($101.50 in chips) 
Seat 5: steelNike ($10 in chips) 
Seat 6: elcutez ($113.89 in chips) 
bella0810: posts small blind $0.50
sta$igk: posts big blind $1
*** HOLE CARDS ***
steelNike: folds 
elcutez: folds 
steelNike leaves the table
bella0810: calls $0.50
sta$igk: checks 
*** FLOP *** [4c 3c 9c]
bella0810: checks 
sta$igk: bets $1
bella0810: folds 
Uncalled bet ($1) returned to sta$igk
sta$igk collected $1.90 from pot
sta$igk: doesn't show hand 
*** SUMMARY ***
Total pot $2 | Rake $0.10 
Board [4c 3c 9c]
Seat 2: bella0810 (small blind) folded on the Flop
Seat 3: sta$igk (big blind) collected ($1.90)
Seat 5: steelNike folded before Flop (didn't bet)
Seat 6: elcutez (button) folded before Flop (didn't bet)



PokerStars Hand #254547506833:  Hold'em No Limit ($0.50/$1.00 USD) - 2025/01/25 17:04:18 WET [2025/01/25 12:04:18 ET]
Table 'Hathor IV' 6-max Seat #2 is the button
Seat 2: bella0810 ($11.91 in chips) 
Seat 3: sta$igk ($102.40 in chips) 
Seat 6: elcutez ($113.89 in chips) 
sta$igk: posts small blind $0.50
elcutez: posts big blind $1
*** HOLE CARDS ***
bella0810: raises $1 to $2
sta$igk: raises $10 to $12
elcutez: folds 
bella0810: calls $9.91 and is all-in
Uncalled bet ($0.09) returned to sta$igk
*** FLOP *** [4c Qd Tc]
*** TURN *** [4c Qd Tc] [5s]
*** RIVER *** [4c Qd Tc 5s] [Td]
*** SHOW DOWN ***
sta$igk: shows [Ad 9h] (a pair of Tens)
bella0810: shows [Jh Js] (two pair, Jacks and Tens)
bella0810 collected $23.82 from pot
*** SUMMARY ***
Total pot $24.82 | Rake $1 
Board [4c Qd Tc 5s Td]
Seat 2: bella0810 (button) showed [Jh Js] and won ($23.82) with two pair, Jacks and Tens
Seat 3: sta$igk (small blind) showed [Ad 9h] and lost with a pair of Tens
Seat 6: elcutez (big blind) folded before Flop



PokerStars Hand #254547512826:  Hold'em No Limit ($0.50/$1.00 USD) - 2025/01/25 17:04:43 WET [2025/01/25 12:04:43 ET]
Table 'Hathor IV' 6-max Seat #3 is the button
Seat 6: elcutez ($112.89 in chips) is sitting out
Seat 2: bella0810 ($23.82 in chips) 
Seat 3: sta$igk ($100 in chips) 
sta$igk: posts small blind $0.50
bella0810: posts big blind $1
*** HOLE CARDS ***
sta$igk: raises $99 to $100 and is all-in
bella0810: folds 
Uncalled bet ($99) returned to sta$igk
sta$igk collected $2 from pot
sta$igk: doesn't show hand 
*** SUMMARY ***
Total pot $2 | Rake $0 
Seat 6: elcutez
Seat 2: bella0810 (big blind) folded before Flop
Seat 3: sta$igk (button) (small blind) collected ($2)



PokerStars Hand #254547515273:  Hold'em No Limit ($0.50/$1.00 USD) - 2025/01/25 17:04:53 WET [2025/01/25 12:04:53 ET]
Table 'Hathor IV' 6-max Seat #2 is the button
Seat 6: elcutez ($112.89 in chips) is sitting out
Seat 2: bella0810 ($22.82 in chips) 
Seat 3: sta$igk ($101 in chips) 
bella0810: posts small blind $0.50
sta$igk: posts big blind $1
*** HOLE CARDS ***
bella0810: raises $1 to $2
sta$igk: folds 
Uncalled bet ($1) returned to bella0810
bella0810 collected $2 from pot
*** SUMMARY ***
Total pot $2 | Rake $0 
Seat 6: elcutez
Seat 2: bella0810 (button) (small blind) collected ($2)
Seat 3: sta$igk (big blind) folded before Flop



PokerStars Hand #254547517335:  Hold'em No Limit ($0.50/$1.00 USD) - 2025/01/25 17:05:01 WET [2025/01/25 12:05:01 ET]
Table 'Hathor IV' 6-max Seat #3 is the button
Seat 6: elcutez ($112.89 in chips) is sitting out
Seat 2: bella0810 ($23.82 in chips) 
Seat 3: sta$igk ($100 in chips) 
sta$igk: posts small blind $0.50
bella0810: posts big blind $1
*** HOLE CARDS ***
sta$igk: folds 
Uncalled bet ($0.50) returned to bella0810
bella0810 collected $1 from pot
*** SUMMARY ***
Total pot $1 | Rake $0 
Seat 6: elcutez
Seat 2: bella0810 (big blind) collected ($1)
Seat 3: sta$igk (button) (small blind) folded before Flop



PokerStars Hand #254547518652:  Hold'em No Limit ($0.50/$1.00 USD) - 2025/01/25 17:05:07 WET [2025/01/25 12:05:07 ET]
Table 'Hathor IV' 6-max Seat #2 is the button
Seat 6: elcutez ($112.89 in chips) is sitting out
Seat 2: bella0810 ($24.32 in chips) 
Seat 3: sta$igk ($100 in chips) 
bella0810: posts small blind $0.50
sta$igk: posts big blind $1
*** HOLE CARDS ***
elcutez is disconnected 
bella0810: calls $0.50
sta$igk: checks 
*** FLOP *** [3d 4d 7h]
sta$igk: checks 
bella0810: checks 
*** TURN *** [3d 4d 7h] [Qc]
sta$igk: bets $1.14
bella0810: folds 
Uncalled bet ($1.14) returned to sta$igk
sta$igk collected $1.90 from pot
sta$igk: doesn't show hand 
*** SUMMARY ***
Total pot $2 | Rake $0.10 
Board [3d 4d 7h Qc]
Seat 6: elcutez
Seat 2: bella0810 (button) (small blind) folded on the Turn
Seat 3: sta$igk (big blind) collected ($1.90)



PokerStars Hand #254547524883:  Hold'em No Limit ($0.50/$1.00 USD) - 2025/01/25 17:05:32 WET [2025/01/25 12:05:32 ET]
Table 'Hathor IV' 6-max Seat #3 is the button
Seat 6: elcutez ($112.89 in chips) is sitting out
Seat 2: bella0810 ($23.32 in chips) 
Seat 3: sta$igk ($100.90 in chips) 
sta$igk: posts small blind $0.50
bella0810: posts big blind $1
*** HOLE CARDS ***
sta$igk: raises $1 to $2
bella0810: calls $1
*** FLOP *** [Ts 3c 7s]
bella0810: checks 
EvilReality joins the table at seat #5 
KarP93 joins the table at seat #4 
sta$igk: bets $1.90
bella0810: calls $1.90
*** TURN *** [Ts 3c 7s] [Tc]
bella0810: checks 
sta$igk: bets $2.96
bella0810: calls $2.96
*** RIVER *** [Ts 3c 7s Tc] [8s]
bella0810: checks 
sta$igk: checks 
*** SHOW DOWN ***
bella0810: shows [5c 6h] (a pair of Tens)
sta$igk: shows [3d Kd] (two pair, Tens and Threes)
sta$igk collected $13.03 from pot
*** SUMMARY ***
Total pot $13.72 | Rake $0.69 
Board [Ts 3c 7s Tc 8s]
Seat 6: elcutez
Seat 2: bella0810 (big blind) showed [5c 6h] and lost with a pair of Tens
Seat 3: sta$igk (button) (small blind) showed [3d Kd] and won ($13.03) with two pair, Tens and Threes



PokerStars Hand #254547533803:  Hold'em No Limit ($0.50/$1.00 USD) - 2025/01/25 17:06:09 WET [2025/01/25 12:06:09 ET]
Table 'Hathor IV' 6-max Seat #2 is the button
Seat 5: EvilReality ($100 in chips) is sitting out
Seat 6: elcutez ($112.89 in chips) is sitting out
Seat 2: bella0810 ($16.46 in chips) 
Seat 3: sta$igk ($107.07 in chips) 
Seat 4: KarP93 ($100 in chips) 
sta$igk: posts small blind $0.50
KarP93: posts big blind $1
EvilReality: sits out 
*** HOLE CARDS ***
bella0810: folds 
sta$igk: folds 
Uncalled bet ($0.50) returned to KarP93
KarP93 collected $1 from pot
KarP93: doesn't show hand 
*** SUMMARY ***
Total pot $1 | Rake $0 
Seat 5: EvilReality
Seat 6: elcutez
Seat 2: bella0810 (button) folded before Flop (didn't bet)
Seat 3: sta$igk (small blind) folded before Flop
Seat 4: KarP93 (big blind) collected ($1)



PokerStars Hand #254547536037:  Hold'em No Limit ($0.50/$1.00 USD) - 2025/01/25 17:06:18 WET [2025/01/25 12:06:18 ET]
Table 'Hathor IV' 6-max Seat #3 is the button
Seat 6: elcutez ($112.89 in chips) is sitting out
Seat 2: bella0810 ($16.46 in chips) 
Seat 3: sta$igk ($106.57 in chips) 
Seat 4: KarP93 ($100.50 in chips) 
Seat 5: EvilReality ($100 in chips) 
KarP93: posts small blind $0.50
EvilReality: posts big blind $1
*** HOLE CARDS ***
bella0810: folds 
sta$igk: folds 
KarP93: folds 
Uncalled bet ($0.50) returned to EvilReality
EvilReality collected $1 from pot
EvilReality: doesn't show hand 
*** SUMMARY ***
Total pot $1 | Rake $0 
Seat 6: elcutez
Seat 2: bella0810 folded before Flop (didn't bet)
Seat 3: sta$igk (button) folded before Flop (didn't bet)
Seat 4: KarP93 (small blind) folded before Flop
Seat 5: EvilReality (big blind) collected ($1)



PokerStars Hand #254547538180:  Hold'em No Limit ($0.50/$1.00 USD) - 2025/01/25 17:06:27 WET [2025/01/25 12:06:27 ET]
Table 'Hathor IV' 6-max Seat #4 is the button
Seat 6: elcutez ($112.89 in chips) is sitting out
Seat 2: bella0810 ($16.46 in chips) 
Seat 3: sta$igk ($106.57 in chips) 
Seat 4: KarP93 ($100 in chips) 
Seat 5: EvilReality ($100.50 in chips) 
EvilReality: posts small blind $0.50
bella0810: posts big blind $1
*** HOLE CARDS ***
sta$igk: folds 
KarP93: folds 
EvilReality: folds 
Uncalled bet ($0.50) returned to bella0810
bella0810 collected $1 from pot
*** SUMMARY ***
Total pot $1 | Rake $0 
Seat 6: elcutez
Seat 2: bella0810 (big blind) collected ($1)
Seat 3: sta$igk folded before Flop (didn't bet)
Seat 4: KarP93 (button) folded before Flop (didn't bet)
Seat 5: EvilReality (small blind) folded before Flop



PokerStars Hand #254547540847:  Hold'em No Limit ($0.50/$1.00 USD) - 2025/01/25 17:06:37 WET [2025/01/25 12:06:37 ET]
Table 'Hathor IV' 6-max Seat #5 is the button
Seat 6: elcutez ($112.89 in chips) is sitting out
Seat 2: bella0810 ($16.96 in chips) 
Seat 3: sta$igk ($106.57 in chips) 
Seat 4: KarP93 ($100 in chips) 
Seat 5: EvilReality ($100 in chips) 
bella0810: posts small blind $0.50
sta$igk: posts big blind $1
*** HOLE CARDS ***
KarP93: folds 
EvilReality: raises $1.50 to $2.50
bella0810: folds 
sta$igk: folds 
Uncalled bet ($1.50) returned to EvilReality
EvilReality collected $2.50 from pot
EvilReality: doesn't show hand 
*** SUMMARY ***
Total pot $2.50 | Rake $0 
Seat 6: elcutez
Seat 2: bella0810 (small blind) folded before Flop
Seat 3: sta$igk (big blind) folded before Flop
Seat 4: KarP93 folded before Flop (didn't bet)
Seat 5: EvilReality (button) collected ($2.50)



PokerStars Hand #254547543690:  Hold'em No Limit ($0.50/$1.00 USD) - 2025/01/25 17:06:49 WET [2025/01/25 12:06:49 ET]
Table 'Hathor IV' 6-max Seat #2 is the button
Seat 6: elcutez ($112.89 in chips) is sitting out
Seat 2: bella0810 ($16.46 in chips) 
Seat 3: sta$igk ($105.57 in chips) 
Seat 4: KarP93 ($100 in chips) 
Seat 5: EvilReality ($101.50 in chips) 
sta$igk: posts small blind $0.50
KarP93: posts big blind $1
*** HOLE CARDS ***
EvilReality: folds 
bella0810: raises $1 to $2
sta$igk: raises $14.50 to $16.50
KarP93: folds 
bella0810: folds 
Uncalled bet ($14.50) returned to sta$igk
sta$igk collected $5 from pot
sta$igk: doesn't show hand 
*** SUMMARY ***
Total pot $5 | Rake $0 
Seat 6: elcutez
Seat 2: bella0810 (button) folded before Flop
Seat 3: sta$igk (small blind) collected ($5)
Seat 4: KarP93 (big blind) folded before Flop
Seat 5: EvilReality folded before Flop (didn't bet)



PokerStars Hand #254547550118:  Hold'em No Limit ($0.50/$1.00 USD) - 2025/01/25 17:07:15 WET [2025/01/25 12:07:15 ET]
Table 'Hathor IV' 6-max Seat #3 is the button
Seat 5: EvilReality ($101.50 in chips) is sitting out
Seat 6: elcutez ($112.89 in chips) is sitting out
Seat 2: bella0810 ($14.46 in chips) 
Seat 3: sta$igk ($108.57 in chips) 
Seat 4: KarP93 ($100 in chips) 
KarP93: posts small blind $0.50
EvilReality: is sitting out 
bella0810: posts big blind $1
*** HOLE CARDS ***
sta$igk: raises $1 to $2
EvilReality leaves the table
KarP93: folds 
bella0810: raises $1 to $3
sta$igk: calls $1
*** FLOP *** [6c Ah Jh]
bella0810: bets $2
sta$igk: folds 
Uncalled bet ($2) returned to bella0810
bella0810 collected $6.18 from pot
*** SUMMARY ***
Total pot $6.50 | Rake $0.32 
Board [6c Ah Jh]
Seat 5: EvilReality
Seat 6: elcutez
Seat 2: bella0810 (big blind) collected ($6.18)
Seat 3: sta$igk (button) folded on the Flop
Seat 4: KarP93 (small blind) folded before Flop



PokerStars Hand #254547555580:  Hold'em No Limit ($0.50/$1.00 USD) - 2025/01/25 17:07:38 WET [2025/01/25 12:07:38 ET]
Table 'Hathor IV' 6-max Seat #4 is the button
Seat 6: elcutez ($112.89 in chips) is sitting out
Seat 2: bella0810 ($17.64 in chips) 
Seat 3: sta$igk ($105.57 in chips) 
Seat 4: KarP93 ($100 in chips) 
bella0810: posts small blind $0.50
sta$igk: posts big blind $1
*** HOLE CARDS ***
KarP93: folds 
bella0810: folds 
Uncalled bet ($0.50) returned to sta$igk
sta$igk collected $1 from pot
sta$igk: doesn't show hand 
*** SUMMARY ***
Total pot $1 | Rake $0 
Seat 6: elcutez
Seat 2: bella0810 (small blind) folded before Flop
Seat 3: sta$igk (big blind) collected ($1)
Seat 4: KarP93 (button) folded before Flop (didn't bet)



PokerStars Hand #254547587639:  Hold'em No Limit ($0.50/$1.00 USD) - 2025/01/25 17:09:49 WET [2025/01/25 12:09:49 ET]
Table 'Hathor IV' 6-max Seat #3 is the button
Seat 6: elcutez ($112.89 in chips) is sitting out
Seat 2: bella0810 ($19 in chips) 
Seat 3: sta$igk ($100 in chips) 
sta$igk: posts small blind $0.50
bella0810: posts big blind $1
*** HOLE CARDS ***
sta$igk: folds 
Uncalled bet ($0.50) returned to bella0810
bella0810 collected $1 from pot
*** SUMMARY ***
Total pot $1 | Rake $0 
Seat 6: elcutez
Seat 2: bella0810 (big blind) collected ($1)
Seat 3: sta$igk (button) (small blind) folded before Flop



PokerStars Hand #254547589017:  Hold'em No Limit ($0.50/$1.00 USD) - 2025/01/25 17:09:55 WET [2025/01/25 12:09:55 ET]
Table 'Hathor IV' 6-max Seat #2 is the button
Seat 6: elcutez ($112.89 in chips) is sitting out
Seat 2: bella0810 ($19.50 in chips) 
Seat 3: sta$igk ($100 in chips) 
bella0810: posts small blind $0.50
sta$igk: posts big blind $1
*** HOLE CARDS ***
bella0810: raises $1 to $2
sta$igk: calls $1
*** FLOP *** [4h Ts 7c]
sta$igk: checks 
bella0810: checks 
*** TURN *** [4h Ts 7c] [Js]
sta$igk: bets $1.90
bella0810: folds 
Uncalled bet ($1.90) returned to sta$igk
sta$igk collected $3.80 from pot
sta$igk: doesn't show hand 
*** SUMMARY ***
Total pot $4 | Rake $0.20 
Board [4h Ts 7c Js]
Seat 6: elcutez
Seat 2: bella0810 (button) (small blind) folded on the Turn
Seat 3: sta$igk (big blind) collected ($3.80)



PokerStars Hand #254547598419:  Hold'em No Limit ($0.50/$1.00 USD) - 2025/01/25 17:10:33 WET [2025/01/25 12:10:33 ET]
Table 'Hathor IV' 6-max Seat #3 is the button
Seat 6: elcutez ($112.89 in chips) is sitting out
Seat 2: bella0810 ($17.50 in chips) 
Seat 3: sta$igk ($101.80 in chips) 
sta$igk: posts small blind $0.50
bella0810: posts big blind $1
*** HOLE CARDS ***
sta$igk: raises $100.80 to $101.80 and is all-in
bella0810: folds 
Uncalled bet ($100.80) returned to sta$igk
sta$igk collected $2 from pot
sta$igk: doesn't show hand 
*** SUMMARY ***
Total pot $2 | Rake $0 
Seat 6: elcutez
Seat 2: bella0810 (big blind) folded before Flop
Seat 3: sta$igk (button) (small blind) collected ($2)



PokerStars Hand #254547601431:  Hold'em No Limit ($0.50/$1.00 USD) - 2025/01/25 17:10:45 WET [2025/01/25 12:10:45 ET]
Table 'Hathor IV' 6-max Seat #2 is the button
Seat 6: elcutez ($112.89 in chips) is sitting out
Seat 2: bella0810 ($16.50 in chips) 
Seat 3: sta$igk ($102.80 in chips) 
bella0810: posts small blind $0.50
sta$igk: posts big blind $1
*** HOLE CARDS ***
bella0810: folds 
Uncalled bet ($0.50) returned to sta$igk
sta$igk collected $1 from pot
sta$igk: doesn't show hand 
*** SUMMARY ***
Total pot $1 | Rake $0 
Seat 6: elcutez
Seat 2: bella0810 (button) (small blind) folded before Flop
Seat 3: sta$igk (big blind) collected ($1)



PokerStars Hand #254547603560:  Hold'em No Limit ($0.50/$1.00 USD) - 2025/01/25 17:10:54 WET [2025/01/25 12:10:54 ET]
Table 'Hathor IV' 6-max Seat #3 is the button
Seat 6: elcutez ($112.89 in chips) is sitting out
Seat 2: bella0810 ($16 in chips) 
Seat 3: sta$igk ($103.30 in chips) 
sta$igk: posts small blind $0.50
bella0810: posts big blind $1
*** HOLE CARDS ***
sta$igk: raises $102.30 to $103.30 and is all-in
bella0810: folds 
Uncalled bet ($102.30) returned to sta$igk
sta$igk collected $2 from pot
sta$igk: doesn't show hand 
*** SUMMARY ***
Total pot $2 | Rake $0 
Seat 6: elcutez
Seat 2: bella0810 (big blind) folded before Flop
Seat 3: sta$igk (button) (small blind) collected ($2)



PokerStars Hand #254547605902:  Hold'em No Limit ($0.50/$1.00 USD) - 2025/01/25 17:11:03 WET [2025/01/25 12:11:03 ET]
Table 'Hathor IV' 6-max Seat #2 is the button
Seat 6: elcutez ($112.89 in chips) is sitting out
Seat 2: bella0810 ($15 in chips) 
Seat 3: sta$igk ($104.30 in chips) 
bella0810: posts small blind $0.50
sta$igk: posts big blind $1
*** HOLE CARDS ***
bella0810: folds 
Uncalled bet ($0.50) returned to sta$igk
sta$igk collected $1 from pot
sta$igk: doesn't show hand 
*** SUMMARY ***
Total pot $1 | Rake $0 
Seat 6: elcutez
Seat 2: bella0810 (button) (small blind) folded before Flop
Seat 3: sta$igk (big blind) collected ($1)



PokerStars Hand #254547607488:  Hold'em No Limit ($0.50/$1.00 USD) - 2025/01/25 17:11:10 WET [2025/01/25 12:11:10 ET]
Table 'Hathor IV' 6-max Seat #3 is the button
Seat 6: elcutez ($112.89 in chips) is sitting out
Seat 2: bella0810 ($14.50 in chips) 
Seat 3: sta$igk ($104.80 in chips) 
sta$igk: posts small blind $0.50
bella0810: posts big blind $1
*** HOLE CARDS ***
sta$igk: folds 
Uncalled bet ($0.50) returned to bella0810
bella0810 collected $1 from pot
*** SUMMARY ***
Total pot $1 | Rake $0 
Seat 6: elcutez
Seat 2: bella0810 (big blind) collected ($1)
Seat 3: sta$igk (button) (small blind) folded before Flop



PokerStars Hand #254547609024:  Hold'em No Limit ($0.50/$1.00 USD) - 2025/01/25 17:11:16 WET [2025/01/25 12:11:16 ET]
Table 'Hathor IV' 6-max Seat #2 is the button
Seat 6: elcutez ($112.89 in chips) is sitting out
Seat 2: bella0810 ($15 in chips) 
Seat 3: sta$igk ($104.30 in chips) 
bella0810: posts small blind $0.50
sta$igk: posts big blind $1
*** HOLE CARDS ***
bella0810: folds 
Uncalled bet ($0.50) returned to sta$igk
sta$igk collected $1 from pot
sta$igk: doesn't show hand 
*** SUMMARY ***
Total pot $1 | Rake $0 
Seat 6: elcutez
Seat 2: bella0810 (button) (small blind) folded before Flop
Seat 3: sta$igk (big blind) collected ($1)



PokerStars Hand #254547610607:  Hold'em No Limit ($0.50/$1.00 USD) - 2025/01/25 17:11:22 WET [2025/01/25 12:11:22 ET]
Table 'Hathor IV' 6-max Seat #3 is the button
Seat 6: elcutez ($112.89 in chips) is sitting out
Seat 2: bella0810 ($14.50 in chips) 
Seat 3: sta$igk ($104.80 in chips) 
sta$igk: posts small blind $0.50
bella0810: posts big blind $1
*** HOLE CARDS ***
sta$igk: folds 
Uncalled bet ($0.50) returned to bella0810
bella0810 collected $1 from pot
*** SUMMARY ***
Total pot $1 | Rake $0 
Seat 6: elcutez
Seat 2: bella0810 (big blind) collected ($1)
Seat 3: sta$igk (button) (small blind) folded before Flop



PokerStars Hand #254547612008:  Hold'em No Limit ($0.50/$1.00 USD) - 2025/01/25 17:11:28 WET [2025/01/25 12:11:28 ET]
Table 'Hathor IV' 6-max Seat #2 is the button
Seat 6: elcutez ($112.89 in chips) is sitting out
Seat 2: bella0810 ($15 in chips) 
Seat 3: sta$igk ($104.30 in chips) 
bella0810: posts small blind $0.50
sta$igk: posts big blind $1
*** HOLE CARDS ***
bella0810: raises $1 to $2
sta$igk: calls $1
*** FLOP *** [2h 8c Th]
sta$igk: checks 
bella0810: bets $1.90
sta$igk: raises $100.40 to $102.30 and is all-in
bella0810: calls $11.10 and is all-in
Uncalled bet ($89.30) returned to sta$igk
*** TURN *** [2h 8c Th] [6s]
*** RIVER *** [2h 8c Th 6s] [3c]
*** SHOW DOWN ***
sta$igk: shows [Ah 8h] (a pair of Eights)
bella0810: shows [Js Qd] (high card Queen)
sta$igk collected $29 from pot
*** SUMMARY ***
Total pot $30 | Rake $1 
Board [2h 8c Th 6s 3c]
Seat 6: elcutez
Seat 2: bella0810 (button) (small blind) showed [Js Qd] and lost with high card Queen
Seat 3: sta$igk (big blind) showed [Ah 8h] and won ($29) with a pair of Eights



PokerStars Hand #254547557508:  Hold'em No Limit ($0.50/$1.00 USD) - 2025/01/25 17:07:45 WET [2025/01/25 12:07:45 ET]
Table 'Hathor IV' 6-max Seat #2 is the button
Seat 6: elcutez ($112.89 in chips) is sitting out
Seat 2: bella0810 ($17.14 in chips) 
Seat 3: sta$igk ($106.07 in chips) 
Seat 4: KarP93 ($100 in chips) 
sta$igk: posts small blind $0.50
KarP93: posts big blind $1
*** HOLE CARDS ***
bella0810: raises $1 to $2
sta$igk: folds 
KarP93: folds 
Uncalled bet ($1) returned to bella0810
bella0810 collected $2.50 from pot
*** SUMMARY ***
Total pot $2.50 | Rake $0 
Seat 6: elcutez
Seat 2: bella0810 (button) collected ($2.50)
Seat 3: sta$igk (small blind) folded before Flop
Seat 4: KarP93 (big blind) folded before Flop



PokerStars Hand #254547559717:  Hold'em No Limit ($0.50/$1.00 USD) - 2025/01/25 17:07:55 WET [2025/01/25 12:07:55 ET]
Table 'Hathor IV' 6-max Seat #3 is the button
Seat 6: elcutez ($112.89 in chips) is sitting out
Seat 2: bella0810 ($18.64 in chips) 
Seat 3: sta$igk ($105.57 in chips) 
Seat 4: KarP93 ($100 in chips) 
KarP93: posts small blind $0.50
bella0810: posts big blind $1
*** HOLE CARDS ***
sta$igk: folds 
KarP93: raises $2 to $3
bella0810: folds 
Uncalled bet ($2) returned to KarP93
KarP93 collected $2 from pot
KarP93: doesn't show hand 
*** SUMMARY ***
Total pot $2 | Rake $0 
Seat 6: elcutez
Seat 2: bella0810 (big blind) folded before Flop
Seat 3: sta$igk (button) folded before Flop (didn't bet)
Seat 4: KarP93 (small blind) collected ($2)



PokerStars Hand #254547562039:  Hold'em No Limit ($0.50/$1.00 USD) - 2025/01/25 17:08:04 WET [2025/01/25 12:08:04 ET]
Table 'Hathor IV' 6-max Seat #4 is the button
Seat 6: elcutez ($112.89 in chips) is sitting out
Seat 2: bella0810 ($17.64 in chips) 
Seat 3: sta$igk ($105.57 in chips) 
Seat 4: KarP93 ($101 in chips) 
bella0810: posts small blind $0.50
sta$igk: posts big blind $1
*** HOLE CARDS ***
KarP93: raises $1.50 to $2.50
bella0810: folds 
sta$igk: folds 
Uncalled bet ($1.50) returned to KarP93
KarP93 collected $2.50 from pot
KarP93: doesn't show hand 
*** SUMMARY ***
Total pot $2.50 | Rake $0 
Seat 6: elcutez
Seat 2: bella0810 (small blind) folded before Flop
Seat 3: sta$igk (big blind) folded before Flop
Seat 4: KarP93 (button) collected ($2.50)



PokerStars Hand #254547563921:  Hold'em No Limit ($0.50/$1.00 USD) - 2025/01/25 17:08:12 WET [2025/01/25 12:08:12 ET]
Table 'Hathor IV' 6-max Seat #2 is the button
Seat 6: elcutez ($112.89 in chips) is sitting out
Seat 2: bella0810 ($17.14 in chips) 
Seat 3: sta$igk ($104.57 in chips) 
Seat 4: KarP93 ($102.50 in chips) 
sta$igk: posts small blind $0.50
KarP93: posts big blind $1
*** HOLE CARDS ***
bella0810: raises $1 to $2
sta$igk: folds 
KarP93: calls $1
*** FLOP *** [Js 8c 8d]
KarP93: checks 
bella0810: bets $2.14
KarP93: calls $2.14
*** TURN *** [Js 8c 8d] [Qc]
KarP93: checks 
bella0810: checks 
*** RIVER *** [Js 8c 8d Qc] [6h]
KarP93: bets $6.26
bella0810: folds 
Uncalled bet ($6.26) returned to KarP93
KarP93 collected $8.34 from pot
KarP93: doesn't show hand 
*** SUMMARY ***
Total pot $8.78 | Rake $0.44 
Board [Js 8c 8d Qc 6h]
Seat 6: elcutez
Seat 2: bella0810 (button) folded on the River
Seat 3: sta$igk (small blind) folded before Flop
Seat 4: KarP93 (big blind) collected ($8.34)



PokerStars Hand #254547571980:  Hold'em No Limit ($0.50/$1.00 USD) - 2025/01/25 17:08:45 WET [2025/01/25 12:08:45 ET]
Table 'Hathor IV' 6-max Seat #3 is the button
Seat 6: elcutez ($112.89 in chips) is sitting out
Seat 2: bella0810 ($13 in chips) 
Seat 3: sta$igk ($104.07 in chips) 
Seat 4: KarP93 ($106.70 in chips) 
KarP93: posts small blind $0.50
bella0810: posts big blind $1
*** HOLE CARDS ***
sta$igk: folds 
KarP93: raises $2 to $3
bella0810: calls $2
*** FLOP *** [7d 3h 7s]
KarP93: checks 
bella0810: checks 
*** TURN *** [7d 3h 7s] [Ts]
KarP93: bets $2.85
bella0810: folds 
Uncalled bet ($2.85) returned to KarP93
KarP93 collected $5.70 from pot
KarP93: doesn't show hand 
*** SUMMARY ***
Total pot $6 | Rake $0.30 
Board [7d 3h 7s Ts]
Seat 6: elcutez
Seat 2: bella0810 (big blind) folded on the Turn
Seat 3: sta$igk (button) folded before Flop (didn't bet)
Seat 4: KarP93 (small blind) collected ($5.70)



PokerStars Hand #254547578212:  Hold'em No Limit ($0.50/$1.00 USD) - 2025/01/25 17:09:10 WET [2025/01/25 12:09:10 ET]
Table 'Hathor IV' 6-max Seat #4 is the button
Seat 6: elcutez ($112.89 in chips) is sitting out
Seat 2: bella0810 ($10 in chips) 
Seat 3: sta$igk ($104.07 in chips) 
Seat 4: KarP93 ($109.40 in chips) 
bella0810: posts small blind $0.50
sta$igk: posts big blind $1
*** HOLE CARDS ***
KarP93: raises $1.50 to $2.50
bella0810: folds 
sta$igk: folds 
Uncalled bet ($1.50) returned to KarP93
KarP93 collected $2.50 from pot
KarP93: doesn't show hand 
*** SUMMARY ***
Total pot $2.50 | Rake $0 
Seat 6: elcutez
Seat 2: bella0810 (small blind) folded before Flop
Seat 3: sta$igk (big blind) folded before Flop
Seat 4: KarP93 (button) collected ($2.50)



PokerStars Hand #254547580551:  Hold'em No Limit ($0.50/$1.00 USD) - 2025/01/25 17:09:20 WET [2025/01/25 12:09:20 ET]
Table 'Hathor IV' 6-max Seat #3 is the button
Seat 4: KarP93 ($110.90 in chips) is sitting out
Seat 6: elcutez ($112.89 in chips) is sitting out
Seat 2: bella0810 ($9.50 in chips) 
Seat 3: sta$igk ($103.07 in chips) 
sta$igk: posts small blind $0.50
KarP93: is sitting out 
bella0810: posts big blind $1
*** HOLE CARDS ***
sta$igk: folds 
Uncalled bet ($0.50) returned to bella0810
bella0810 collected $1 from pot
KarP93 leaves the table
*** SUMMARY ***
Total pot $1 | Rake $0 
Seat 4: KarP93
Seat 6: elcutez
Seat 2: bella0810 (big blind) collected ($1)
Seat 3: sta$igk (button) (small blind) folded before Flop



PokerStars Hand #254547582143:  Hold'em No Limit ($0.50/$1.00 USD) - 2025/01/25 17:09:27 WET [2025/01/25 12:09:27 ET]
Table 'Hathor IV' 6-max Seat #2 is the button
Seat 6: elcutez ($112.89 in chips) is sitting out
Seat 2: bella0810 ($10 in chips) 
Seat 3: sta$igk ($102.57 in chips) 
bella0810: posts small blind $0.50
sta$igk: posts big blind $1
*** HOLE CARDS ***
bella0810: raises $1 to $2
sta$igk: raises $100.57 to $102.57 and is all-in
bella0810: calls $8 and is all-in
Uncalled bet ($92.57) returned to sta$igk
*** FLOP *** [Ac 8d 5s]
*** TURN *** [Ac 8d 5s] [9h]
*** RIVER *** [Ac 8d 5s 9h] [Jd]
*** SHOW DOWN ***
sta$igk: shows [2c 2d] (a pair of Deuces)
bella0810: shows [6c Ad] (a pair of Aces)
bella0810 collected $19 from pot
*** SUMMARY ***
Total pot $20 | Rake $1 
Board [Ac 8d 5s 9h Jd]
Seat 6: elcutez
Seat 2: bella0810 (button) (small blind) showed [6c Ad] and won ($19) with a pair of Aces
Seat 3: sta$igk (big blind) showed [2c 2d] and lost with a pair of Deuces



