PokerStars Hand #254542443894:  Hold'em No Limit ($0.50/$1.00 USD) - 2025/01/25 8:03:10 WET [2025/01/25 3:03:10 ET]
Table 'Asplinda IV' 6-max Seat #6 is the button
Seat 2: B1GBankroll ($101.50 in chips) is sitting out
Seat 1: 7bekon7 ($100 in chips) 
Seat 5: Pigumelis ($102.50 in chips) 
Seat 6: Ysiven ($101 in chips) 
7bekon7: posts small blind $0.50
B1GBankroll: is sitting out 
Pigumelis: posts big blind $1
*** HOLE CARDS ***
B1GBankroll leaves the table
Ysiven: raises $1.50 to $2.50
7bekon7: folds 
Pigumelis: folds 
Uncalled bet ($1.50) returned to Ysiven
Ysiven collected $2.50 from pot
Ysiven: doesn't show hand 
*** SUMMARY ***
Total pot $2.50 | Rake $0 
Seat 2: B1GBankroll
Seat 1: 7bekon7 (small blind) folded before Flop
Seat 5: Pigumelis (big blind) folded before Flop
Seat 6: Ysiven (button) collected ($2.50)



PokerStars Hand #254542444835:  Hold'em No Limit ($0.50/$1.00 USD) - 2025/01/25 8:03:21 WET [2025/01/25 3:03:21 ET]
Table 'Asplinda IV' 6-max Seat #1 is the button
Seat 1: 7bekon7 ($100 in chips) 
Seat 5: Pigumelis ($101.50 in chips) 
Seat 6: Ysiven ($102.50 in chips) 
Pigumelis: posts small blind $0.50
Ysiven: posts big blind $1
*** HOLE CARDS ***
7bekon7: folds 
Pigumelis: folds 
Uncalled bet ($0.50) returned to Ysiven
Ysiven collected $1 from pot
Ysiven: doesn't show hand 
*** SUMMARY ***
Total pot $1 | Rake $0 
Seat 1: 7bekon7 (button) folded before Flop (didn't bet)
Seat 5: Pigumelis (small blind) folded before Flop
Seat 6: Ysiven (big blind) collected ($1)



PokerStars Hand #254542445358:  Hold'em No Limit ($0.50/$1.00 USD) - 2025/01/25 8:03:28 WET [2025/01/25 3:03:28 ET]
Table 'Asplinda IV' 6-max Seat #5 is the button
Seat 1: 7bekon7 ($100 in chips) 
Seat 5: Pigumelis ($101 in chips) 
Seat 6: Ysiven ($103 in chips) 
Ysiven: posts small blind $0.50
7bekon7: posts big blind $1
*** HOLE CARDS ***
Pigumelis: raises $1.50 to $2.50
Ysiven: folds 
7bekon7: calls $1.50
*** FLOP *** [Kh 5h Qh]
7bekon7: checks 
Pigumelis: bets $1.31
7bekon7: raises $1.96 to $3.27
Pigumelis: calls $1.96
*** TURN *** [Kh 5h Qh] [6c]
7bekon7: bets $11.44
Pigumelis: folds 
Uncalled bet ($11.44) returned to 7bekon7
7bekon7 collected $11.44 from pot
7bekon7: doesn't show hand 
*** SUMMARY ***
Total pot $12.04 | Rake $0.60 
Board [Kh 5h Qh 6c]
Seat 1: 7bekon7 (big blind) collected ($11.44)
Seat 5: Pigumelis (button) folded on the Turn
Seat 6: Ysiven (small blind) folded before Flop



PokerStars Hand #254542449432:  Hold'em No Limit ($0.50/$1.00 USD) - 2025/01/25 8:04:14 WET [2025/01/25 3:04:14 ET]
Table 'Asplinda IV' 6-max Seat #6 is the button
Seat 1: 7bekon7 ($105.67 in chips) 
Seat 5: Pigumelis ($100 in chips) 
Seat 6: Ysiven ($102.50 in chips) 
7bekon7: posts small blind $0.50
Pigumelis: posts big blind $1
*** HOLE CARDS ***
Ysiven: folds 
7bekon7: raises $2 to $3
Pigumelis: folds 
Uncalled bet ($2) returned to 7bekon7
7bekon7 collected $2 from pot
7bekon7: doesn't show hand 
*** SUMMARY ***
Total pot $2 | Rake $0 
Seat 1: 7bekon7 (small blind) collected ($2)
Seat 5: Pigumelis (big blind) folded before Flop
Seat 6: Ysiven (button) folded before Flop (didn't bet)



PokerStars Hand #254542450308:  Hold'em No Limit ($0.50/$1.00 USD) - 2025/01/25 8:04:24 WET [2025/01/25 3:04:24 ET]
Table 'Asplinda IV' 6-max Seat #1 is the button
Seat 1: 7bekon7 ($106.67 in chips) 
Seat 5: Pigumelis ($100 in chips) 
Seat 6: Ysiven ($102.50 in chips) 
Pigumelis: posts small blind $0.50
Ysiven: posts big blind $1
*** HOLE CARDS ***
7bekon7: raises $1.25 to $2.25
Pigumelis: raises $7.75 to $10
Ysiven: folds 
7bekon7: folds 
Uncalled bet ($7.75) returned to Pigumelis
Pigumelis collected $5.50 from pot
Pigumelis: doesn't show hand 
7bekon7 leaves the table
*** SUMMARY ***
Total pot $5.50 | Rake $0 
Seat 1: 7bekon7 (button) folded before Flop
Seat 5: Pigumelis (small blind) collected ($5.50)
Seat 6: Ysiven (big blind) folded before Flop



PokerStars Hand #254542451506:  Hold'em No Limit ($0.50/$1.00 USD) - 2025/01/25 8:04:38 WET [2025/01/25 3:04:38 ET]
Table 'Asplinda IV' 6-max Seat #6 is the button
Seat 5: Pigumelis ($103.25 in chips) 
Seat 6: Ysiven ($101.50 in chips) 
Ysiven: posts small blind $0.50
Pigumelis: posts big blind $1
*** HOLE CARDS ***
Ysiven: folds 
Uncalled bet ($0.50) returned to Pigumelis
Pigumelis collected $1 from pot
Pigumelis: doesn't show hand 
*** SUMMARY ***
Total pot $1 | Rake $0 
Seat 5: Pigumelis (big blind) collected ($1)
Seat 6: Ysiven (button) (small blind) folded before Flop



PokerStars Hand #254542452070:  Hold'em No Limit ($0.50/$1.00 USD) - 2025/01/25 8:04:45 WET [2025/01/25 3:04:45 ET]
Table 'Asplinda IV' 6-max Seat #5 is the button
Seat 5: Pigumelis ($103.75 in chips) 
Seat 6: Ysiven ($101 in chips) 
Pigumelis: posts small blind $0.50
Ysiven: posts big blind $1
*** HOLE CARDS ***
Pigumelis: folds 
Uncalled bet ($0.50) returned to Ysiven
Ysiven collected $1 from pot
Ysiven: doesn't show hand 
*** SUMMARY ***
Total pot $1 | Rake $0 
Seat 5: Pigumelis (button) (small blind) folded before Flop
Seat 6: Ysiven (big blind) collected ($1)



PokerStars Hand #254542452705:  Hold'em No Limit ($0.50/$1.00 USD) - 2025/01/25 8:04:52 WET [2025/01/25 3:04:52 ET]
Table 'Asplinda IV' 6-max Seat #6 is the button
Seat 5: Pigumelis ($103.25 in chips) 
Seat 6: Ysiven ($101.50 in chips) 
Ysiven: posts small blind $0.50
Pigumelis: posts big blind $1
*** HOLE CARDS ***
Ysiven: raises $1.50 to $2.50
Pigumelis: folds 
Uncalled bet ($1.50) returned to Ysiven
Ysiven collected $2 from pot
Ysiven: doesn't show hand 
*** SUMMARY ***
Total pot $2 | Rake $0 
Seat 5: Pigumelis (big blind) folded before Flop
Seat 6: Ysiven (button) (small blind) collected ($2)



