PokerStars Hand #254544823389:  Hold'em No Limit ($0.50/$1.00 USD) - 2025/01/25 13:30:21 WET [2025/01/25 8:30:21 ET]
Table 'Hameenlinna IV' 6-max Seat #1 is the button
Seat 5: equilibrium_tv ($35 in chips) is sitting out
Seat 6: Kreayshawn ($100 in chips) is sitting out
Seat 1: Tiktak8025 ($77.99 in chips) 
Seat 2: 3EPH ($100 in chips) 
Seat 3: Burlica2013 ($100 in chips) 
Seat 4: Semaj88 ($48.84 in chips) 
3EPH: posts small blind $0.50
Burlica2013: posts big blind $1
equilibrium_tv: sits out 
Kreayshawn: sits out 
*** HOLE CARDS ***
Semaj88: folds 
Tiktak8025: raises $1 to $2
3EPH: folds 
Burlica2013: calls $1
*** FLOP *** [7s 3c 2h]
Burlica2013: checks 
Tiktak8025: checks 
*** TURN *** [7s 3c 2h] [As]
Burlica2013: bets $2.14
Tiktak8025: calls $2.14
*** RIVER *** [7s 3c 2h As] [3s]
Burlica2013: checks 
Tiktak8025: checks 
*** SHOW DOWN ***
Burlica2013: shows [Kh Td] (a pair of Threes)
Tiktak8025: mucks hand 
Burlica2013 collected $8.34 from pot
*** SUMMARY ***
Total pot $8.78 | Rake $0.44 
Board [7s 3c 2h As 3s]
Seat 5: equilibrium_tv
Seat 6: Kreayshawn
Seat 1: Tiktak8025 (button) mucked
Seat 2: 3EPH (small blind) folded before Flop
Seat 3: Burlica2013 (big blind) showed [Kh Td] and won ($8.34) with a pair of Threes
Seat 4: Semaj88 folded before Flop (didn't bet)



PokerStars Hand #254544828779:  Hold'em No Limit ($0.50/$1.00 USD) - 2025/01/25 13:30:50 WET [2025/01/25 8:30:50 ET]
Table 'Hameenlinna IV' 6-max Seat #2 is the button
Seat 5: equilibrium_tv ($35 in chips) is sitting out
Seat 6: Kreayshawn ($100 in chips) is sitting out
Seat 1: Tiktak8025 ($73.85 in chips) 
Seat 2: 3EPH ($100 in chips) 
Seat 3: Burlica2013 ($104.20 in chips) 
Seat 4: Semaj88 ($48.84 in chips) 
Burlica2013: posts small blind $0.50
Semaj88: posts big blind $1
equilibrium_tv: sits out 
Kreayshawn: sits out 
*** HOLE CARDS ***
Tiktak8025: folds 
3EPH: raises $1.50 to $2.50
Burlica2013: folds 
Semaj88: calls $1.50
*** FLOP *** [3c 2h As]
Semaj88: checks 
3EPH: bets $1.72
Semaj88: folds 
Uncalled bet ($1.72) returned to 3EPH
3EPH collected $5.22 from pot
3EPH: doesn't show hand 
*** SUMMARY ***
Total pot $5.50 | Rake $0.28 
Board [3c 2h As]
Seat 5: equilibrium_tv
Seat 6: Kreayshawn
Seat 1: Tiktak8025 folded before Flop (didn't bet)
Seat 2: 3EPH (button) collected ($5.22)
Seat 3: Burlica2013 (small blind) folded before Flop
Seat 4: Semaj88 (big blind) folded on the Flop



PokerStars Hand #254544833641:  Hold'em No Limit ($0.50/$1.00 USD) - 2025/01/25 13:31:18 WET [2025/01/25 8:31:18 ET]
Table 'Hameenlinna IV' 6-max Seat #3 is the button
Seat 6: Kreayshawn ($100 in chips) is sitting out
Seat 1: Tiktak8025 ($73.85 in chips) 
Seat 2: 3EPH ($102.72 in chips) 
Seat 3: Burlica2013 ($103.70 in chips) 
Seat 4: Semaj88 ($46.34 in chips) 
Seat 5: equilibrium_tv ($35 in chips) 
Semaj88: posts small blind $0.50
equilibrium_tv: posts big blind $1
Kreayshawn: sits out 
*** HOLE CARDS ***
Tiktak8025: folds 
3EPH: raises $1.50 to $2.50
Burlica2013: folds 
Semaj88: folds 
equilibrium_tv: folds 
Uncalled bet ($1.50) returned to 3EPH
3EPH collected $2.50 from pot
3EPH: doesn't show hand 
*** SUMMARY ***
Total pot $2.50 | Rake $0 
Seat 6: Kreayshawn
Seat 1: Tiktak8025 folded before Flop (didn't bet)
Seat 2: 3EPH collected ($2.50)
Seat 3: Burlica2013 (button) folded before Flop (didn't bet)
Seat 4: Semaj88 (small blind) folded before Flop
Seat 5: equilibrium_tv (big blind) folded before Flop



PokerStars Hand #254544835946:  Hold'em No Limit ($0.50/$1.00 USD) - 2025/01/25 13:31:30 WET [2025/01/25 8:31:30 ET]
Table 'Hameenlinna IV' 6-max Seat #4 is the button
Seat 1: Tiktak8025 ($73.85 in chips) 
Seat 2: 3EPH ($104.22 in chips) 
Seat 3: Burlica2013 ($103.70 in chips) 
Seat 4: Semaj88 ($45.84 in chips) 
Seat 5: equilibrium_tv ($46 in chips) 
Seat 6: Kreayshawn ($100 in chips) 
equilibrium_tv: posts small blind $0.50
Kreayshawn: posts big blind $1
*** HOLE CARDS ***
Tiktak8025: folds 
3EPH: folds 
Burlica2013: folds 
Semaj88: folds 
equilibrium_tv: folds 
Uncalled bet ($0.50) returned to Kreayshawn
Kreayshawn collected $1 from pot
*** SUMMARY ***
Total pot $1 | Rake $0 
Seat 1: Tiktak8025 folded before Flop (didn't bet)
Seat 2: 3EPH folded before Flop (didn't bet)
Seat 3: Burlica2013 folded before Flop (didn't bet)
Seat 4: Semaj88 (button) folded before Flop (didn't bet)
Seat 5: equilibrium_tv (small blind) folded before Flop
Seat 6: Kreayshawn (big blind) collected ($1)



PokerStars Hand #254544837490:  Hold'em No Limit ($0.50/$1.00 USD) - 2025/01/25 13:31:39 WET [2025/01/25 8:31:39 ET]
Table 'Hameenlinna IV' 6-max Seat #5 is the button
Seat 1: Tiktak8025 ($73.85 in chips) 
Seat 2: 3EPH ($104.22 in chips) 
Seat 3: Burlica2013 ($103.70 in chips) 
Seat 4: Semaj88 ($45.84 in chips) 
Seat 5: equilibrium_tv ($45.50 in chips) 
Seat 6: Kreayshawn ($100.50 in chips) 
Kreayshawn: posts small blind $0.50
Tiktak8025: posts big blind $1
*** HOLE CARDS ***
3EPH: folds 
Burlica2013: folds 
Semaj88: raises $2 to $3
equilibrium_tv: folds 
Kreayshawn: calls $2.50
Tiktak8025: folds 
*** FLOP *** [Ts Qs 7h]
Kreayshawn: checks 
Semaj88: bets $8.65
Kreayshawn: calls $8.65
*** TURN *** [Ts Qs 7h] [Ah]
Kreayshawn: checks 
Semaj88: checks 
*** RIVER *** [Ts Qs 7h Ah] [Tc]
Kreayshawn: bets $35
Semaj88: calls $34.19 and is all-in
Uncalled bet ($0.81) returned to Kreayshawn
*** SHOW DOWN ***
Kreayshawn: shows [Kd Jd] (a straight, Ten to Ace)
Semaj88: shows [9d 9h] (two pair, Tens and Nines)
Kreayshawn collected $90.18 from pot
*** SUMMARY ***
Total pot $92.68 | Rake $2.50 
Board [Ts Qs 7h Ah Tc]
Seat 1: Tiktak8025 (big blind) folded before Flop
Seat 2: 3EPH folded before Flop (didn't bet)
Seat 3: Burlica2013 folded before Flop (didn't bet)
Seat 4: Semaj88 showed [9d 9h] and lost with two pair, Tens and Nines
Seat 5: equilibrium_tv (button) folded before Flop (didn't bet)
Seat 6: Kreayshawn (small blind) showed [Kd Jd] and won ($90.18) with a straight, Ten to Ace



PokerStars Hand #254544848833:  Hold'em No Limit ($0.50/$1.00 USD) - 2025/01/25 13:32:42 WET [2025/01/25 8:32:42 ET]
Table 'Hameenlinna IV' 6-max Seat #6 is the button
Seat 4: Semaj88 ($0 in chips) is sitting out
Seat 1: Tiktak8025 ($72.85 in chips) 
Seat 2: 3EPH ($104.22 in chips) 
Seat 3: Burlica2013 ($103.70 in chips) 
Seat 5: equilibrium_tv ($45.50 in chips) 
Seat 6: Kreayshawn ($144.84 in chips) 
Tiktak8025: posts small blind $0.50
3EPH: posts big blind $1
*** HOLE CARDS ***
Burlica2013: folds 
equilibrium_tv: folds 
Kreayshawn: raises $1.50 to $2.50
Tiktak8025: folds 
3EPH: folds 
Uncalled bet ($1.50) returned to Kreayshawn
Kreayshawn collected $2.50 from pot
*** SUMMARY ***
Total pot $2.50 | Rake $0 
Seat 4: Semaj88
Seat 1: Tiktak8025 (small blind) folded before Flop
Seat 2: 3EPH (big blind) folded before Flop
Seat 3: Burlica2013 folded before Flop (didn't bet)
Seat 5: equilibrium_tv folded before Flop (didn't bet)
Seat 6: Kreayshawn (button) collected ($2.50)



PokerStars Hand #254544852530:  Hold'em No Limit ($0.50/$1.00 USD) - 2025/01/25 13:33:02 WET [2025/01/25 8:33:02 ET]
Table 'Hameenlinna IV' 6-max Seat #1 is the button
Seat 4: Semaj88 ($0 in chips) is sitting out
Seat 1: Tiktak8025 ($72.35 in chips) 
Seat 2: 3EPH ($103.22 in chips) 
Seat 3: Burlica2013 ($103.70 in chips) 
Seat 5: equilibrium_tv ($45.50 in chips) 
Seat 6: Kreayshawn ($146.34 in chips) 
3EPH: posts small blind $0.50
Burlica2013: posts big blind $1
*** HOLE CARDS ***
equilibrium_tv: folds 
Kreayshawn: raises $1.50 to $2.50
Tiktak8025: folds 
3EPH: folds 
Burlica2013: calls $1.50
*** FLOP *** [3s Qs Qd]
Burlica2013: checks 
Kreayshawn: checks 
*** TURN *** [3s Qs Qd] [Ks]
Semaj88 is disconnected 
Burlica2013: bets $1.72
Kreayshawn: folds 
Uncalled bet ($1.72) returned to Burlica2013
Burlica2013 collected $5.22 from pot
Burlica2013: doesn't show hand 
*** SUMMARY ***
Total pot $5.50 | Rake $0.28 
Board [3s Qs Qd Ks]
Seat 4: Semaj88
Seat 1: Tiktak8025 (button) folded before Flop (didn't bet)
Seat 2: 3EPH (small blind) folded before Flop
Seat 3: Burlica2013 (big blind) collected ($5.22)
Seat 5: equilibrium_tv folded before Flop (didn't bet)
Seat 6: Kreayshawn folded on the Turn



PokerStars Hand #254544857853:  Hold'em No Limit ($0.50/$1.00 USD) - 2025/01/25 13:33:31 WET [2025/01/25 8:33:31 ET]
Table 'Hameenlinna IV' 6-max Seat #2 is the button
Seat 4: Semaj88 ($0 in chips) is sitting out
Seat 5: equilibrium_tv ($45.50 in chips) is sitting out
Seat 6: Kreayshawn ($143.84 in chips) is sitting out
Seat 1: Tiktak8025 ($72.35 in chips) 
Seat 2: 3EPH ($102.72 in chips) 
Seat 3: Burlica2013 ($106.42 in chips) 
Burlica2013: posts small blind $0.50
equilibrium_tv: is sitting out 
Kreayshawn: is sitting out 
Tiktak8025: posts big blind $1
*** HOLE CARDS ***
3EPH: folds 
Burlica2013: raises $2 to $3
Tiktak8025: folds 
Uncalled bet ($2) returned to Burlica2013
Burlica2013 collected $2 from pot
Burlica2013: doesn't show hand 
Kreayshawn leaves the table
*** SUMMARY ***
Total pot $2 | Rake $0 
Seat 4: Semaj88
Seat 5: equilibrium_tv
Seat 6: Kreayshawn
Seat 1: Tiktak8025 (big blind) folded before Flop
Seat 2: 3EPH (button) folded before Flop (didn't bet)
Seat 3: Burlica2013 (small blind) collected ($2)



PokerStars Hand #254544859607:  Hold'em No Limit ($0.50/$1.00 USD) - 2025/01/25 13:33:41 WET [2025/01/25 8:33:41 ET]
Table 'Hameenlinna IV' 6-max Seat #1 is the button
Seat 2: 3EPH ($102.72 in chips) is sitting out
Seat 4: Semaj88 ($0 in chips) is sitting out
Seat 5: equilibrium_tv ($45.50 in chips) is sitting out
Seat 1: Tiktak8025 ($71.35 in chips) 
Seat 3: Burlica2013 ($107.42 in chips) 
Tiktak8025: posts small blind $0.50
3EPH: is sitting out 
Burlica2013: posts big blind $1
*** HOLE CARDS ***
Tiktak8025: folds 
Uncalled bet ($0.50) returned to Burlica2013
Burlica2013 collected $1 from pot
Burlica2013: doesn't show hand 
equilibrium_tv leaves the table
*** SUMMARY ***
Total pot $1 | Rake $0 
Seat 2: 3EPH
Seat 4: Semaj88
Seat 5: equilibrium_tv
Seat 1: Tiktak8025 (button) (small blind) folded before Flop
Seat 3: Burlica2013 (big blind) collected ($1)



PokerStars Hand #254544860807:  Hold'em No Limit ($0.50/$1.00 USD) - 2025/01/25 13:33:48 WET [2025/01/25 8:33:48 ET]
Table 'Hameenlinna IV' 6-max Seat #3 is the button
Seat 2: 3EPH ($102.72 in chips) is sitting out
Seat 4: Semaj88 ($0 in chips) is sitting out
Seat 1: Tiktak8025 ($70.85 in chips) 
Seat 3: Burlica2013 ($107.92 in chips) 
Burlica2013: posts small blind $0.50
Tiktak8025: posts big blind $1
*** HOLE CARDS ***
3EPH leaves the table
Burlica2013: raises $2 to $3
Tiktak8025: folds 
Uncalled bet ($2) returned to Burlica2013
Burlica2013 collected $2 from pot
Burlica2013: doesn't show hand 
*** SUMMARY ***
Total pot $2 | Rake $0 
Seat 2: 3EPH
Seat 4: Semaj88
Seat 1: Tiktak8025 (big blind) folded before Flop
Seat 3: Burlica2013 (button) (small blind) collected ($2)



PokerStars Hand #254544862523:  Hold'em No Limit ($0.50/$1.00 USD) - 2025/01/25 13:33:57 WET [2025/01/25 8:33:57 ET]
Table 'Hameenlinna IV' 6-max Seat #1 is the button
Seat 4: Semaj88 ($0 in chips) is sitting out
Seat 1: Tiktak8025 ($69.85 in chips) 
Seat 3: Burlica2013 ($108.92 in chips) 
Tiktak8025: posts small blind $0.50
Burlica2013: posts big blind $1
*** HOLE CARDS ***
Tiktak8025: calls $0.50
whlzor joins the table at seat #2 
Burlica2013: raises $2 to $3
Tiktak8025: calls $2
*** FLOP *** [7d Ks As]
Burlica2013: bets $1.88
Tiktak8025: raises $1.88 to $3.76
Burlica2013: calls $1.88
*** TURN *** [7d Ks As] [Tc]
Burlica2013: checks 
Tiktak8025: checks 
*** RIVER *** [7d Ks As Tc] [Qh]
Burlica2013: checks 
Tiktak8025: checks 
*** SHOW DOWN ***
Burlica2013: shows [Ad Th] (two pair, Aces and Tens)
Tiktak8025: mucks hand 
Burlica2013 collected $12.84 from pot
*** SUMMARY ***
Total pot $13.52 | Rake $0.68 
Board [7d Ks As Tc Qh]
Seat 4: Semaj88
Seat 1: Tiktak8025 (button) (small blind) mucked
Seat 3: Burlica2013 (big blind) showed [Ad Th] and won ($12.84) with two pair, Aces and Tens



PokerStars Hand #254544869614:  Hold'em No Limit ($0.50/$1.00 USD) - 2025/01/25 13:34:37 WET [2025/01/25 8:34:37 ET]
Table 'Hameenlinna IV' 6-max Seat #3 is the button
Seat 4: Semaj88 ($0 in chips) is sitting out
Seat 1: Tiktak8025 ($63.09 in chips) 
Seat 2: whlzor ($100 in chips) 
Seat 3: Burlica2013 ($115 in chips) 
Tiktak8025: posts small blind $0.50
whlzor: posts big blind $1
*** HOLE CARDS ***
Burlica2013: folds 
Tiktak8025: folds 
Uncalled bet ($0.50) returned to whlzor
whlzor collected $1 from pot
whlzor: doesn't show hand 
*** SUMMARY ***
Total pot $1 | Rake $0 
Seat 4: Semaj88
Seat 1: Tiktak8025 (small blind) folded before Flop
Seat 2: whlzor (big blind) collected ($1)
Seat 3: Burlica2013 (button) folded before Flop (didn't bet)



PokerStars Hand #254544870982:  Hold'em No Limit ($0.50/$1.00 USD) - 2025/01/25 13:34:44 WET [2025/01/25 8:34:44 ET]
Table 'Hameenlinna IV' 6-max Seat #1 is the button
Seat 4: Semaj88 ($0 in chips) is sitting out
Seat 1: Tiktak8025 ($62.59 in chips) 
Seat 2: whlzor ($100.50 in chips) 
Seat 3: Burlica2013 ($115 in chips) 
whlzor: posts small blind $0.50
Burlica2013: posts big blind $1
*** HOLE CARDS ***
Tiktak8025: folds 
whlzor: raises $2 to $3
BronsonJC joins the table at seat #5 
Burlica2013: raises $6 to $9
whlzor: folds 
Uncalled bet ($6) returned to Burlica2013
Burlica2013 collected $6 from pot
Burlica2013: doesn't show hand 
*** SUMMARY ***
Total pot $6 | Rake $0 
Seat 4: Semaj88
Seat 1: Tiktak8025 (button) folded before Flop (didn't bet)
Seat 2: whlzor (small blind) folded before Flop
Seat 3: Burlica2013 (big blind) collected ($6)



PokerStars Hand #254544874822:  Hold'em No Limit ($0.50/$1.00 USD) - 2025/01/25 13:35:05 WET [2025/01/25 8:35:05 ET]
Table 'Hameenlinna IV' 6-max Seat #2 is the button
Seat 4: Semaj88 ($0 in chips) is sitting out
Seat 1: Tiktak8025 ($62.59 in chips) 
Seat 2: whlzor ($100 in chips) 
Seat 3: Burlica2013 ($118 in chips) 
Seat 5: BronsonJC ($100 in chips) 
Burlica2013: posts small blind $0.50
BronsonJC: posts big blind $1
*** HOLE CARDS ***
Tiktak8025: raises $1 to $2
whlzor: folds 
Burlica2013: calls $1.50
BronsonJC: folds 
*** FLOP *** [2s 9d 5h]
Burlica2013: checks 
Tiktak8025: checks 
*** TURN *** [2s 9d 5h] [6c]
Burlica2013: bets $1.57
Tiktak8025: calls $1.57
*** RIVER *** [2s 9d 5h 6c] [Qc]
Burlica2013: checks 
Tiktak8025: checks 
*** SHOW DOWN ***
Burlica2013: shows [4s 4d] (a pair of Fours)
Tiktak8025: mucks hand 
Burlica2013 collected $7.73 from pot
*** SUMMARY ***
Total pot $8.14 | Rake $0.41 
Board [2s 9d 5h 6c Qc]
Seat 4: Semaj88
Seat 1: Tiktak8025 mucked
Seat 2: whlzor (button) folded before Flop (didn't bet)
Seat 3: Burlica2013 (small blind) showed [4s 4d] and won ($7.73) with a pair of Fours
Seat 5: BronsonJC (big blind) folded before Flop



PokerStars Hand #254544878709:  Hold'em No Limit ($0.50/$1.00 USD) - 2025/01/25 13:35:27 WET [2025/01/25 8:35:27 ET]
Table 'Hameenlinna IV' 6-max Seat #3 is the button
Seat 4: Semaj88 ($0 in chips) is sitting out
Seat 1: Tiktak8025 ($59.02 in chips) 
Seat 2: whlzor ($100 in chips) 
Seat 3: Burlica2013 ($122.16 in chips) 
Seat 5: BronsonJC ($100 in chips) 
BronsonJC: posts small blind $0.50
Tiktak8025: posts big blind $1
*** HOLE CARDS ***
whlzor: raises $1.50 to $2.50
Burlica2013: folds 
BronsonJC: folds 
Tiktak8025: folds 
Uncalled bet ($1.50) returned to whlzor
whlzor collected $2.50 from pot
whlzor: doesn't show hand 
*** SUMMARY ***
Total pot $2.50 | Rake $0 
Seat 4: Semaj88
Seat 1: Tiktak8025 (big blind) folded before Flop
Seat 2: whlzor collected ($2.50)
Seat 3: Burlica2013 (button) folded before Flop (didn't bet)
Seat 5: BronsonJC (small blind) folded before Flop



PokerStars Hand #254544880910:  Hold'em No Limit ($0.50/$1.00 USD) - 2025/01/25 13:35:39 WET [2025/01/25 8:35:39 ET]
Table 'Hameenlinna IV' 6-max Seat #5 is the button
Seat 2: whlzor ($101.50 in chips) is sitting out
Seat 4: Semaj88 ($0 in chips) is sitting out
Seat 1: Tiktak8025 ($58.02 in chips) 
Seat 3: Burlica2013 ($122.16 in chips) 
Seat 5: BronsonJC ($100 in chips) 
Tiktak8025: posts small blind $0.50
whlzor: is sitting out 
Burlica2013: posts big blind $1
*** HOLE CARDS ***
BronsonJC: folds 
Tiktak8025: folds 
Uncalled bet ($0.50) returned to Burlica2013
Burlica2013 collected $1 from pot
Burlica2013: doesn't show hand 
*** SUMMARY ***
Total pot $1 | Rake $0 
Seat 2: whlzor
Seat 4: Semaj88
Seat 1: Tiktak8025 (small blind) folded before Flop
Seat 3: Burlica2013 (big blind) collected ($1)
Seat 5: BronsonJC (button) folded before Flop (didn't bet)



PokerStars Hand #254544881967:  Hold'em No Limit ($0.50/$1.00 USD) - 2025/01/25 13:35:45 WET [2025/01/25 8:35:45 ET]
Table 'Hameenlinna IV' 6-max Seat #1 is the button
Seat 2: whlzor ($101.50 in chips) is sitting out
Seat 4: Semaj88 ($0 in chips) is sitting out
Seat 1: Tiktak8025 ($57.52 in chips) 
Seat 3: Burlica2013 ($122.66 in chips) 
Seat 5: BronsonJC ($100 in chips) 
Burlica2013: posts small blind $0.50
BronsonJC: posts big blind $1
*** HOLE CARDS ***
Cythian182 joins the table at seat #6 
Tiktak8025: folds 
Cythian182 is disconnected 
whlzor leaves the table
Nicedaymybro joins the table at seat #2 
Burlica2013: raises $2 to $3
BronsonJC: calls $2
*** FLOP *** [9s As 3s]
Burlica2013: checks 
BronsonJC: checks 
*** TURN *** [9s As 3s] [2h]
Burlica2013: checks 
BronsonJC: bets $4.39
Burlica2013: calls $4.39
*** RIVER *** [9s As 3s 2h] [Qd]
Burlica2013: checks 
BronsonJC: bets $10.81
Burlica2013: calls $10.81
*** SHOW DOWN ***
BronsonJC: shows [Ad Jh] (a pair of Aces)
Burlica2013: mucks hand 
BronsonJC collected $35.40 from pot
Semaj88 leaves the table
*** SUMMARY ***
Total pot $36.40 | Rake $1 
Board [9s As 3s 2h Qd]
Seat 2: whlzor
Seat 4: Semaj88
Seat 1: Tiktak8025 (button) folded before Flop (didn't bet)
Seat 3: Burlica2013 (small blind) mucked
Seat 5: BronsonJC (big blind) showed [Ad Jh] and won ($35.40) with a pair of Aces



PokerStars Hand #254544889287:  Hold'em No Limit ($0.50/$1.00 USD) - 2025/01/25 13:36:24 WET [2025/01/25 8:36:24 ET]
Table 'Hameenlinna IV' 6-max Seat #3 is the button
Seat 2: Nicedaymybro ($100 in chips) is sitting out
Seat 1: Tiktak8025 ($57.52 in chips) 
Seat 3: Burlica2013 ($104.46 in chips) 
Seat 5: BronsonJC ($117.20 in chips) 
Seat 6: Cythian182 ($100 in chips) 
BronsonJC: posts small blind $0.50
Cythian182: posts big blind $1
Nicedaymybro: sits out 
*** HOLE CARDS ***
Tiktak8025: folds 
Burlica2013: folds 
BronsonJC: folds 
Uncalled bet ($0.50) returned to Cythian182
Cythian182 collected $1 from pot
Cythian182: shows [Ah Ad] (a pair of Aces)
*** SUMMARY ***
Total pot $1 | Rake $0 
Seat 2: Nicedaymybro
Seat 1: Tiktak8025 folded before Flop (didn't bet)
Seat 3: Burlica2013 (button) folded before Flop (didn't bet)
Seat 5: BronsonJC (small blind) folded before Flop
Seat 6: Cythian182 (big blind) collected ($1)



PokerStars Hand #254544891470:  Hold'em No Limit ($0.50/$1.00 USD) - 2025/01/25 13:36:36 WET [2025/01/25 8:36:36 ET]
Table 'Hameenlinna IV' 6-max Seat #5 is the button
Seat 2: Nicedaymybro ($100 in chips) is sitting out
Seat 1: Tiktak8025 ($57.52 in chips) 
Seat 3: Burlica2013 ($104.46 in chips) 
Seat 5: BronsonJC ($116.70 in chips) 
Seat 6: Cythian182 ($100.50 in chips) 
Cythian182: posts small blind $0.50
Tiktak8025: posts big blind $1
Nicedaymybro: sits out 
*** HOLE CARDS ***
Burlica2013: folds 
BronsonJC: raises $1.50 to $2.50
Cythian182: folds 
Tiktak8025: folds 
Uncalled bet ($1.50) returned to BronsonJC
BronsonJC collected $2.50 from pot
BronsonJC: doesn't show hand 
*** SUMMARY ***
Total pot $2.50 | Rake $0 
Seat 2: Nicedaymybro
Seat 1: Tiktak8025 (big blind) folded before Flop
Seat 3: Burlica2013 folded before Flop (didn't bet)
Seat 5: BronsonJC (button) collected ($2.50)
Seat 6: Cythian182 (small blind) folded before Flop



PokerStars Hand #254544894560:  Hold'em No Limit ($0.50/$1.00 USD) - 2025/01/25 13:36:53 WET [2025/01/25 8:36:53 ET]
Table 'Hameenlinna IV' 6-max Seat #6 is the button
Seat 1: Tiktak8025 ($56.52 in chips) 
Seat 2: Nicedaymybro ($100 in chips) 
Seat 3: Burlica2013 ($104.46 in chips) 
Seat 5: BronsonJC ($118.20 in chips) 
Seat 6: Cythian182 ($100 in chips) 
Tiktak8025: posts small blind $0.50
Nicedaymybro: posts big blind $1
*** HOLE CARDS ***
Burlica2013: folds 
BronsonJC: folds 
Rdalonso joins the table at seat #4 
Cythian182: folds 
Tiktak8025: calls $0.50
Nicedaymybro: checks 
*** FLOP *** [2c 2d Ac]
Tiktak8025: checks 
Nicedaymybro: bets $1.43
Tiktak8025: folds 
Uncalled bet ($1.43) returned to Nicedaymybro
Nicedaymybro collected $1.90 from pot
Nicedaymybro: doesn't show hand 
*** SUMMARY ***
Total pot $2 | Rake $0.10 
Board [2c 2d Ac]
Seat 1: Tiktak8025 (small blind) folded on the Flop
Seat 2: Nicedaymybro (big blind) collected ($1.90)
Seat 3: Burlica2013 folded before Flop (didn't bet)
Seat 5: BronsonJC folded before Flop (didn't bet)
Seat 6: Cythian182 (button) folded before Flop (didn't bet)



PokerStars Hand #254544897916:  Hold'em No Limit ($0.50/$1.00 USD) - 2025/01/25 13:37:11 WET [2025/01/25 8:37:11 ET]
Table 'Hameenlinna IV' 6-max Seat #1 is the button
Seat 4: Rdalonso ($100 in chips) is sitting out
Seat 1: Tiktak8025 ($55.52 in chips) 
Seat 2: Nicedaymybro ($100.90 in chips) 
Seat 3: Burlica2013 ($104.46 in chips) 
Seat 5: BronsonJC ($118.20 in chips) 
Seat 6: Cythian182 ($100 in chips) 
Nicedaymybro: posts small blind $0.50
Burlica2013: posts big blind $1
Rdalonso: sits out 
*** HOLE CARDS ***
BronsonJC: folds 
Cythian182: raises $2 to $3
Tiktak8025: folds 
Nicedaymybro: raises $9 to $12
Burlica2013: folds 
Cythian182: raises $88 to $100 and is all-in
Nicedaymybro: folds 
Uncalled bet ($88) returned to Cythian182
Cythian182 collected $25 from pot
*** SUMMARY ***
Total pot $25 | Rake $0 
Seat 4: Rdalonso
Seat 1: Tiktak8025 (button) folded before Flop (didn't bet)
Seat 2: Nicedaymybro (small blind) folded before Flop
Seat 3: Burlica2013 (big blind) folded before Flop
Seat 5: BronsonJC folded before Flop (didn't bet)
Seat 6: Cythian182 collected ($25)



PokerStars Hand #254544903855:  Hold'em No Limit ($0.50/$1.00 USD) - 2025/01/25 13:37:43 WET [2025/01/25 8:37:43 ET]
Table 'Hameenlinna IV' 6-max Seat #2 is the button
Seat 1: Tiktak8025 ($55.52 in chips) 
Seat 2: Nicedaymybro ($100 in chips) 
Seat 3: Burlica2013 ($103.46 in chips) 
Seat 4: Rdalonso ($100 in chips) 
Seat 5: BronsonJC ($118.20 in chips) 
Seat 6: Cythian182 ($113 in chips) 
Burlica2013: posts small blind $0.50
Rdalonso: posts big blind $1
*** HOLE CARDS ***
BronsonJC: folds 
Cythian182: folds 
Tiktak8025: folds 
Nicedaymybro: folds 
Burlica2013: folds 
Uncalled bet ($0.50) returned to Rdalonso
BronsonJC leaves the table
Rdalonso collected $1 from pot
Rdalonso: doesn't show hand 
*** SUMMARY ***
Total pot $1 | Rake $0 
Seat 1: Tiktak8025 folded before Flop (didn't bet)
Seat 2: Nicedaymybro (button) folded before Flop (didn't bet)
Seat 3: Burlica2013 (small blind) folded before Flop
Seat 4: Rdalonso (big blind) collected ($1)
Seat 5: BronsonJC folded before Flop (didn't bet)
Seat 6: Cythian182 folded before Flop (didn't bet)



PokerStars Hand #254544905454:  Hold'em No Limit ($0.50/$1.00 USD) - 2025/01/25 13:37:52 WET [2025/01/25 8:37:52 ET]
Table 'Hameenlinna IV' 6-max Seat #3 is the button
Seat 1: Tiktak8025 ($55.52 in chips) 
Seat 2: Nicedaymybro ($100 in chips) 
Seat 3: Burlica2013 ($102.96 in chips) 
Seat 4: Rdalonso ($100.50 in chips) 
Seat 6: Cythian182 ($113 in chips) 
Rdalonso: posts small blind $0.50
Cythian182: posts big blind $1
*** HOLE CARDS ***
Tiktak8025: folds 
Nicedaymybro: raises $1.50 to $2.50
Burlica2013: folds 
Rdalonso: folds 
Cythian182: folds 
Uncalled bet ($1.50) returned to Nicedaymybro
Nicedaymybro collected $2.50 from pot
Nicedaymybro: doesn't show hand 
*** SUMMARY ***
Total pot $2.50 | Rake $0 
Seat 1: Tiktak8025 folded before Flop (didn't bet)
Seat 2: Nicedaymybro collected ($2.50)
Seat 3: Burlica2013 (button) folded before Flop (didn't bet)
Seat 4: Rdalonso (small blind) folded before Flop
Seat 6: Cythian182 (big blind) folded before Flop



PokerStars Hand #254544907904:  Hold'em No Limit ($0.50/$1.00 USD) - 2025/01/25 13:38:05 WET [2025/01/25 8:38:05 ET]
Table 'Hameenlinna IV' 6-max Seat #4 is the button
Seat 1: Tiktak8025 ($55.52 in chips) 
Seat 2: Nicedaymybro ($101.50 in chips) 
Seat 3: Burlica2013 ($102.96 in chips) 
Seat 4: Rdalonso ($100 in chips) 
Seat 6: Cythian182 ($112 in chips) 
Cythian182: posts small blind $0.50
Tiktak8025: posts big blind $1
*** HOLE CARDS ***
Nicedaymybro: folds 
Burlica2013: raises $1.25 to $2.25
Rdalonso: folds 
Cythian182: folds 
Tiktak8025: folds 
Uncalled bet ($1.25) returned to Burlica2013
Burlica2013 collected $2.50 from pot
Burlica2013: doesn't show hand 
*** SUMMARY ***
Total pot $2.50 | Rake $0 
Seat 1: Tiktak8025 (big blind) folded before Flop
Seat 2: Nicedaymybro folded before Flop (didn't bet)
Seat 3: Burlica2013 collected ($2.50)
Seat 4: Rdalonso (button) folded before Flop (didn't bet)
Seat 6: Cythian182 (small blind) folded before Flop



PokerStars Hand #254544910098:  Hold'em No Limit ($0.50/$1.00 USD) - 2025/01/25 13:38:17 WET [2025/01/25 8:38:17 ET]
Table 'Hameenlinna IV' 6-max Seat #6 is the button
Seat 1: Tiktak8025 ($54.52 in chips) 
Seat 2: Nicedaymybro ($101.50 in chips) 
Seat 3: Burlica2013 ($104.46 in chips) 
Seat 4: Rdalonso ($100 in chips) 
Seat 6: Cythian182 ($111.50 in chips) 
Tiktak8025: posts small blind $0.50
Nicedaymybro: posts big blind $1
*** HOLE CARDS ***
Burlica2013: folds 
Rdalonso: raises $1.50 to $2.50
gohome78 joins the table at seat #5 
Cythian182: raises $7.50 to $10
Tiktak8025: folds 
Nicedaymybro: folds 
Rdalonso: folds 
Uncalled bet ($7.50) returned to Cythian182
Cythian182 collected $6.50 from pot
*** SUMMARY ***
Total pot $6.50 | Rake $0 
Seat 1: Tiktak8025 (small blind) folded before Flop
Seat 2: Nicedaymybro (big blind) folded before Flop
Seat 3: Burlica2013 folded before Flop (didn't bet)
Seat 4: Rdalonso folded before Flop
Seat 6: Cythian182 (button) collected ($6.50)



PokerStars Hand #254544915828:  Hold'em No Limit ($0.50/$1.00 USD) - 2025/01/25 13:38:48 WET [2025/01/25 8:38:48 ET]
Table 'Hameenlinna IV' 6-max Seat #1 is the button
Seat 5: gohome78 ($10 in chips) is sitting out
Seat 1: Tiktak8025 ($54.02 in chips) 
Seat 2: Nicedaymybro ($100.50 in chips) 
Seat 3: Burlica2013 ($104.46 in chips) 
Seat 4: Rdalonso ($100 in chips) 
Seat 6: Cythian182 ($115.50 in chips) 
Nicedaymybro: posts small blind $0.50
Burlica2013: posts big blind $1
gohome78: sits out 
*** HOLE CARDS ***
Rdalonso: folds 
Cythian182: folds 
Tiktak8025: raises $1 to $2
Nicedaymybro: raises $7 to $9
Burlica2013: folds 
Tiktak8025: calls $7
*** FLOP *** [2c 3d 6d]
Nicedaymybro: bets $18.05
Tiktak8025: folds 
Uncalled bet ($18.05) returned to Nicedaymybro
Nicedaymybro collected $18.05 from pot
Nicedaymybro: doesn't show hand 
*** SUMMARY ***
Total pot $19 | Rake $0.95 
Board [2c 3d 6d]
Seat 5: gohome78
Seat 1: Tiktak8025 (button) folded on the Flop
Seat 2: Nicedaymybro (small blind) collected ($18.05)
Seat 3: Burlica2013 (big blind) folded before Flop
Seat 4: Rdalonso folded before Flop (didn't bet)
Seat 6: Cythian182 folded before Flop (didn't bet)



PokerStars Hand #254544920201:  Hold'em No Limit ($0.50/$1.00 USD) - 2025/01/25 13:39:12 WET [2025/01/25 8:39:12 ET]
Table 'Hameenlinna IV' 6-max Seat #2 is the button
Seat 5: gohome78 ($10 in chips) is sitting out
Seat 1: Tiktak8025 ($45.02 in chips) 
Seat 2: Nicedaymybro ($109.55 in chips) 
Seat 3: Burlica2013 ($103.46 in chips) 
Seat 4: Rdalonso ($100 in chips) 
Seat 6: Cythian182 ($115.50 in chips) 
Burlica2013: posts small blind $0.50
Rdalonso: posts big blind $1
gohome78: sits out 
*** HOLE CARDS ***
Cythian182: folds 
Tiktak8025: folds 
Nicedaymybro: raises $1.50 to $2.50
Burlica2013: raises $9.50 to $12
Rdalonso: folds 
Nicedaymybro: folds 
Uncalled bet ($9.50) returned to Burlica2013
Burlica2013 collected $6 from pot
Burlica2013: doesn't show hand 
*** SUMMARY ***
Total pot $6 | Rake $0 
Seat 5: gohome78
Seat 1: Tiktak8025 folded before Flop (didn't bet)
Seat 2: Nicedaymybro (button) folded before Flop
Seat 3: Burlica2013 (small blind) collected ($6)
Seat 4: Rdalonso (big blind) folded before Flop
Seat 6: Cythian182 folded before Flop (didn't bet)



PokerStars Hand #254544924692:  Hold'em No Limit ($0.50/$1.00 USD) - 2025/01/25 13:39:36 WET [2025/01/25 8:39:36 ET]
Table 'Hameenlinna IV' 6-max Seat #3 is the button
Seat 1: Tiktak8025 ($45.02 in chips) 
Seat 2: Nicedaymybro ($107.05 in chips) 
Seat 3: Burlica2013 ($106.96 in chips) 
Seat 4: Rdalonso ($100 in chips) 
Seat 5: gohome78 ($10 in chips) 
Seat 6: Cythian182 ($115.50 in chips) 
Rdalonso: posts small blind $0.50
gohome78: posts big blind $1
*** HOLE CARDS ***
Cythian182: raises $2 to $3
Tiktak8025: calls $3
Nicedaymybro: folds 
Burlica2013: folds 
Rdalonso: folds 
gohome78: folds 
*** FLOP *** [Jd 8s Kc]
Cythian182: bets $2.20
Tiktak8025: calls $2.20
*** TURN *** [Jd 8s Kc] [6d]
Cythian182: bets $9
Tiktak8025: folds 
Uncalled bet ($9) returned to Cythian182
Burlica2013 leaves the table
Cythian182 collected $11.30 from pot
*** SUMMARY ***
Total pot $11.90 | Rake $0.60 
Board [Jd 8s Kc 6d]
Seat 1: Tiktak8025 folded on the Turn
Seat 2: Nicedaymybro folded before Flop (didn't bet)
Seat 3: Burlica2013 (button) folded before Flop (didn't bet)
Seat 4: Rdalonso (small blind) folded before Flop
Seat 5: gohome78 (big blind) folded before Flop
Seat 6: Cythian182 collected ($11.30)



PokerStars Hand #254544931822:  Hold'em No Limit ($0.50/$1.00 USD) - 2025/01/25 13:40:15 WET [2025/01/25 8:40:15 ET]
Table 'Hameenlinna IV' 6-max Seat #4 is the button
Seat 1: Tiktak8025 ($39.82 in chips) 
Seat 2: Nicedaymybro ($107.05 in chips) 
Seat 4: Rdalonso ($100 in chips) 
Seat 5: gohome78 ($9 in chips) 
Seat 6: Cythian182 ($121.60 in chips) 
gohome78: posts small blind $0.50
Cythian182: posts big blind $1
*** HOLE CARDS ***
Tiktak8025: folds 
Nicedaymybro: folds 
Rdalonso: folds 
gohome78: folds 
Uncalled bet ($0.50) returned to Cythian182
Cythian182 collected $1 from pot
*** SUMMARY ***
Total pot $1 | Rake $0 
Seat 1: Tiktak8025 folded before Flop (didn't bet)
Seat 2: Nicedaymybro folded before Flop (didn't bet)
Seat 4: Rdalonso (button) folded before Flop (didn't bet)
Seat 5: gohome78 (small blind) folded before Flop
Seat 6: Cythian182 (big blind) collected ($1)



PokerStars Hand #254544933586:  Hold'em No Limit ($0.50/$1.00 USD) - 2025/01/25 13:40:24 WET [2025/01/25 8:40:24 ET]
Table 'Hameenlinna IV' 6-max Seat #5 is the button
Seat 1: Tiktak8025 ($39.82 in chips) 
Seat 2: Nicedaymybro ($107.05 in chips) 
Seat 4: Rdalonso ($100 in chips) 
Seat 5: gohome78 ($8.50 in chips) 
Seat 6: Cythian182 ($122.10 in chips) 
Cythian182: posts small blind $0.50
Tiktak8025: posts big blind $1
*** HOLE CARDS ***
Nicedaymybro: raises $1.50 to $2.50
Rdalonso: folds 
gohome78: folds 
Cythian182: folds 
Tiktak8025: calls $1.50
*** FLOP *** [Js Ts 4d]
Unipoker11 joins the table at seat #3 
Tiktak8025: checks 
Nicedaymybro: checks 
*** TURN *** [Js Ts 4d] [Qc]
Tiktak8025: bets $2.61
Nicedaymybro: folds 
Uncalled bet ($2.61) returned to Tiktak8025
Tiktak8025 collected $5.15 from pot
Tiktak8025: doesn't show hand 
*** SUMMARY ***
Total pot $5.50 | Rake $0.35 
Board [Js Ts 4d Qc]
Seat 1: Tiktak8025 (big blind) collected ($5.15)
Seat 2: Nicedaymybro folded on the Turn
Seat 4: Rdalonso folded before Flop (didn't bet)
Seat 5: gohome78 (button) folded before Flop (didn't bet)
Seat 6: Cythian182 (small blind) folded before Flop



PokerStars Hand #254544939831:  Hold'em No Limit ($0.50/$1.00 USD) - 2025/01/25 13:40:58 WET [2025/01/25 8:40:58 ET]
Table 'Hameenlinna IV' 6-max Seat #6 is the button
Seat 3: Unipoker11 ($100 in chips) is sitting out
Seat 1: Tiktak8025 ($42.47 in chips) 
Seat 2: Nicedaymybro ($104.55 in chips) 
Seat 4: Rdalonso ($100 in chips) 
Seat 5: gohome78 ($8.50 in chips) 
Seat 6: Cythian182 ($121.60 in chips) 
Tiktak8025: posts small blind $0.50
Nicedaymybro: posts big blind $1
Unipoker11: sits out 
*** HOLE CARDS ***
Rdalonso: folds 
gohome78: raises $7.50 to $8.50 and is all-in
Cythian182: folds 
Tiktak8025: folds 
Nicedaymybro: calls $7.50
*** FLOP *** [6s Ac Th]
*** TURN *** [6s Ac Th] [9h]
*** RIVER *** [6s Ac Th 9h] [3d]
*** SHOW DOWN ***
Nicedaymybro: shows [8c 8d] (a pair of Eights)
gohome78: shows [Jh As] (a pair of Aces)
gohome78 collected $16.62 from pot
*** SUMMARY ***
Total pot $17.50 | Rake $0.88 
Board [6s Ac Th 9h 3d]
Seat 3: Unipoker11
Seat 1: Tiktak8025 (small blind) folded before Flop
Seat 2: Nicedaymybro (big blind) showed [8c 8d] and lost with a pair of Eights
Seat 4: Rdalonso folded before Flop (didn't bet)
Seat 5: gohome78 showed [Jh As] and won ($16.62) with a pair of Aces
Seat 6: Cythian182 (button) folded before Flop (didn't bet)



PokerStars Hand #254544945329:  Hold'em No Limit ($0.50/$1.00 USD) - 2025/01/25 13:41:28 WET [2025/01/25 8:41:28 ET]
Table 'Hameenlinna IV' 6-max Seat #1 is the button
Seat 1: Tiktak8025 ($41.97 in chips) 
Seat 2: Nicedaymybro ($100 in chips) 
Seat 3: Unipoker11 ($100 in chips) 
Seat 4: Rdalonso ($100 in chips) 
Seat 5: gohome78 ($16.62 in chips) 
Seat 6: Cythian182 ($121.60 in chips) 
Nicedaymybro: posts small blind $0.50
Unipoker11: posts big blind $1
*** HOLE CARDS ***
Rdalonso: folds 
gohome78: folds 
Cythian182: folds 
Tiktak8025: folds 
Nicedaymybro: folds 
Uncalled bet ($0.50) returned to Unipoker11
Unipoker11 collected $1 from pot
Unipoker11: doesn't show hand 
*** SUMMARY ***
Total pot $1 | Rake $0 
Seat 1: Tiktak8025 (button) folded before Flop (didn't bet)
Seat 2: Nicedaymybro (small blind) folded before Flop
Seat 3: Unipoker11 (big blind) collected ($1)
Seat 4: Rdalonso folded before Flop (didn't bet)
Seat 5: gohome78 folded before Flop (didn't bet)
Seat 6: Cythian182 folded before Flop (didn't bet)



PokerStars Hand #254544947155:  Hold'em No Limit ($0.50/$1.00 USD) - 2025/01/25 13:41:38 WET [2025/01/25 8:41:38 ET]
Table 'Hameenlinna IV' 6-max Seat #2 is the button
Seat 1: Tiktak8025 ($41.97 in chips) 
Seat 2: Nicedaymybro ($100 in chips) 
Seat 3: Unipoker11 ($100.50 in chips) 
Seat 4: Rdalonso ($100 in chips) 
Seat 5: gohome78 ($16.62 in chips) 
Seat 6: Cythian182 ($121.60 in chips) 
Unipoker11: posts small blind $0.50
Rdalonso: posts big blind $1
*** HOLE CARDS ***
gohome78: folds 
Cythian182: folds 
Tiktak8025: folds 
Nicedaymybro: folds 
gohome78 leaves the table
Unipoker11: raises $2 to $3
Burlica2013 joins the table at seat #5 
Rdalonso: folds 
Uncalled bet ($2) returned to Unipoker11
Unipoker11 collected $2 from pot
Unipoker11: doesn't show hand 
*** SUMMARY ***
Total pot $2 | Rake $0 
Seat 1: Tiktak8025 folded before Flop (didn't bet)
Seat 2: Nicedaymybro (button) folded before Flop (didn't bet)
Seat 3: Unipoker11 (small blind) collected ($2)
Seat 4: Rdalonso (big blind) folded before Flop
Seat 5: gohome78 folded before Flop (didn't bet)
Seat 6: Cythian182 folded before Flop (didn't bet)



PokerStars Hand #254544951233:  Hold'em No Limit ($0.50/$1.00 USD) - 2025/01/25 13:42:01 WET [2025/01/25 8:42:01 ET]
Table 'Hameenlinna IV' 6-max Seat #3 is the button
Seat 1: Tiktak8025 ($41.97 in chips) 
Seat 2: Nicedaymybro ($100 in chips) 
Seat 3: Unipoker11 ($101.50 in chips) 
Seat 4: Rdalonso ($100 in chips) 
Seat 5: Burlica2013 ($106.96 in chips) 
Seat 6: Cythian182 ($121.60 in chips) 
Rdalonso: posts small blind $0.50
Burlica2013: posts big blind $1
*** HOLE CARDS ***
Cythian182: folds 
Tiktak8025: raises $1 to $2
Nicedaymybro: raises $3.50 to $5.50
Unipoker11: folds 
Rdalonso: folds 
Burlica2013: folds 
Tiktak8025: calls $3.50
*** FLOP *** [4d Ad 5d]
Tiktak8025: checks 
Nicedaymybro: bets $2.98
Tiktak8025: calls $2.98
*** TURN *** [4d Ad 5d] [Qs]
Tiktak8025: checks 
Nicedaymybro: bets $8.75
Tiktak8025: calls $8.75
*** RIVER *** [4d Ad 5d Qs] [9s]
Tiktak8025: checks 
Nicedaymybro: bets $25.65
Tiktak8025: calls $24.74 and is all-in
Uncalled bet ($0.91) returned to Nicedaymybro
*** SHOW DOWN ***
Nicedaymybro: shows [Ac Qh] (two pair, Aces and Queens)
Tiktak8025: shows [As Jc] (a pair of Aces)
Nicedaymybro collected $82.94 from pot
*** SUMMARY ***
Total pot $85.44 | Rake $2.50 
Board [4d Ad 5d Qs 9s]
Seat 1: Tiktak8025 showed [As Jc] and lost with a pair of Aces
Seat 2: Nicedaymybro showed [Ac Qh] and won ($82.94) with two pair, Aces and Queens
Seat 3: Unipoker11 (button) folded before Flop (didn't bet)
Seat 4: Rdalonso (small blind) folded before Flop
Seat 5: Burlica2013 (big blind) folded before Flop
Seat 6: Cythian182 folded before Flop (didn't bet)



PokerStars Hand #254544961604:  Hold'em No Limit ($0.50/$1.00 USD) - 2025/01/25 13:42:58 WET [2025/01/25 8:42:58 ET]
Table 'Hameenlinna IV' 6-max Seat #4 is the button
Seat 1: Tiktak8025 ($0 in chips) is sitting out
Seat 2: Nicedaymybro ($140.97 in chips) 
Seat 3: Unipoker11 ($101.50 in chips) 
Seat 4: Rdalonso ($100 in chips) 
Seat 5: Burlica2013 ($105.96 in chips) 
Seat 6: Cythian182 ($121.60 in chips) 
Burlica2013: posts small blind $0.50
Cythian182: posts big blind $1
*** HOLE CARDS ***
Nicedaymybro: folds 
Unipoker11: folds 
Rdalonso: folds 
Tiktak8025 leaves the table
Burlica2013: raises $2 to $3
Cythian182: folds 
Uncalled bet ($2) returned to Burlica2013
Burlica2013 collected $2 from pot
Burlica2013: doesn't show hand 
*** SUMMARY ***
Total pot $2 | Rake $0 
Seat 1: Tiktak8025
Seat 2: Nicedaymybro folded before Flop (didn't bet)
Seat 3: Unipoker11 folded before Flop (didn't bet)
Seat 4: Rdalonso (button) folded before Flop (didn't bet)
Seat 5: Burlica2013 (small blind) collected ($2)
Seat 6: Cythian182 (big blind) folded before Flop



PokerStars Hand #254544965374:  Hold'em No Limit ($0.50/$1.00 USD) - 2025/01/25 13:43:18 WET [2025/01/25 8:43:18 ET]
Table 'Hameenlinna IV' 6-max Seat #5 is the button
Seat 2: Nicedaymybro ($140.97 in chips) 
Seat 3: Unipoker11 ($101.50 in chips) 
Seat 4: Rdalonso ($100 in chips) 
Seat 5: Burlica2013 ($106.96 in chips) 
Seat 6: Cythian182 ($120.60 in chips) 
Cythian182: posts small blind $0.50
Nicedaymybro: posts big blind $1
*** HOLE CARDS ***
Unipoker11: raises $1 to $2
Tiktak8025 joins the table at seat #1 
Tiktak8025 is disconnected 
Rdalonso: folds 
Burlica2013: folds 
Tiktak8025 leaves the table
Cythian182: calls $1.50
Nicedaymybro: folds 
*** FLOP *** [6d Qd 4d]
Cythian182: checks 
Burlica2013 leaves the table
Unipoker11: bets $1.19
Cythian182: raises $4.81 to $6
Unipoker11: folds 
Uncalled bet ($4.81) returned to Cythian182
Cythian182 collected $7.01 from pot
*** SUMMARY ***
Total pot $7.38 | Rake $0.37 
Board [6d Qd 4d]
Seat 2: Nicedaymybro (big blind) folded before Flop
Seat 3: Unipoker11 folded on the Flop
Seat 4: Rdalonso folded before Flop (didn't bet)
Seat 5: Burlica2013 (button) folded before Flop (didn't bet)
Seat 6: Cythian182 (small blind) collected ($7.01)



PokerStars Hand #254544974677:  Hold'em No Limit ($0.50/$1.00 USD) - 2025/01/25 13:44:09 WET [2025/01/25 8:44:09 ET]
Table 'Hameenlinna IV' 6-max Seat #6 is the button
Seat 2: Nicedaymybro ($139.97 in chips) 
Seat 3: Unipoker11 ($100 in chips) 
Seat 4: Rdalonso ($100 in chips) 
Seat 6: Cythian182 ($124.42 in chips) 
Nicedaymybro: posts small blind $0.50
Unipoker11: posts big blind $1
*** HOLE CARDS ***
Rdalonso: folds 
Cythian182: folds 
Nicedaymybro: folds 
Uncalled bet ($0.50) returned to Unipoker11
Unipoker11 collected $1 from pot
Unipoker11: doesn't show hand 
*** SUMMARY ***
Total pot $1 | Rake $0 
Seat 2: Nicedaymybro (small blind) folded before Flop
Seat 3: Unipoker11 (big blind) collected ($1)
Seat 4: Rdalonso folded before Flop (didn't bet)
Seat 6: Cythian182 (button) folded before Flop (didn't bet)



PokerStars Hand #254544977184:  Hold'em No Limit ($0.50/$1.00 USD) - 2025/01/25 13:44:23 WET [2025/01/25 8:44:23 ET]
Table 'Hameenlinna IV' 6-max Seat #2 is the button
Seat 2: Nicedaymybro ($139.47 in chips) 
Seat 3: Unipoker11 ($100.50 in chips) 
Seat 4: Rdalonso ($100 in chips) 
Seat 6: Cythian182 ($124.42 in chips) 
Unipoker11: posts small blind $0.50
Rdalonso: posts big blind $1
*** HOLE CARDS ***
Cythian182: folds 
Nicedaymybro: raises $1.50 to $2.50
Unipoker11: folds 
Rdalonso: folds 
Uncalled bet ($1.50) returned to Nicedaymybro
Nicedaymybro collected $2.50 from pot
Nicedaymybro: doesn't show hand 
*** SUMMARY ***
Total pot $2.50 | Rake $0 
Seat 2: Nicedaymybro (button) collected ($2.50)
Seat 3: Unipoker11 (small blind) folded before Flop
Seat 4: Rdalonso (big blind) folded before Flop
Seat 6: Cythian182 folded before Flop (didn't bet)



PokerStars Hand #254544979887:  Hold'em No Limit ($0.50/$1.00 USD) - 2025/01/25 13:44:38 WET [2025/01/25 8:44:38 ET]
Table 'Hameenlinna IV' 6-max Seat #3 is the button
Seat 2: Nicedaymybro ($140.97 in chips) 
Seat 3: Unipoker11 ($100 in chips) 
Seat 4: Rdalonso ($100 in chips) 
Seat 6: Cythian182 ($124.42 in chips) 
Rdalonso: posts small blind $0.50
Cythian182: posts big blind $1
*** HOLE CARDS ***
Nicedaymybro: folds 
Nicedaymybro leaves the table
Unipoker11: raises $1.50 to $2.50
Rdalonso: folds 
Cythian182: folds 
Uncalled bet ($1.50) returned to Unipoker11
Unipoker11 collected $2.50 from pot
Unipoker11: doesn't show hand 
*** SUMMARY ***
Total pot $2.50 | Rake $0 
Seat 2: Nicedaymybro folded before Flop (didn't bet)
Seat 3: Unipoker11 (button) collected ($2.50)
Seat 4: Rdalonso (small blind) folded before Flop
Seat 6: Cythian182 (big blind) folded before Flop



PokerStars Hand #254544983919:  Hold'em No Limit ($0.50/$1.00 USD) - 2025/01/25 13:45:00 WET [2025/01/25 8:45:00 ET]
Table 'Hameenlinna IV' 6-max Seat #4 is the button
Seat 3: Unipoker11 ($101.50 in chips) 
Seat 4: Rdalonso ($100 in chips) 
Seat 6: Cythian182 ($123.42 in chips) 
Cythian182: posts small blind $0.50
Unipoker11: posts big blind $1
*** HOLE CARDS ***
Rdalonso: folds 
Cythian182: folds 
Uncalled bet ($0.50) returned to Unipoker11
Unipoker11 collected $1 from pot
Unipoker11: doesn't show hand 
*** SUMMARY ***
Total pot $1 | Rake $0 
Seat 3: Unipoker11 (big blind) collected ($1)
Seat 4: Rdalonso (button) folded before Flop (didn't bet)
Seat 6: Cythian182 (small blind) folded before Flop



PokerStars Hand #254544986008:  Hold'em No Limit ($0.50/$1.00 USD) - 2025/01/25 13:45:12 WET [2025/01/25 8:45:12 ET]
Table 'Hameenlinna IV' 6-max Seat #3 is the button
Seat 4: Rdalonso ($100 in chips) is sitting out
Seat 3: Unipoker11 ($102 in chips) 
Seat 6: Cythian182 ($122.92 in chips) 
Unipoker11: posts small blind $0.50
Rdalonso: is sitting out 
Cythian182: posts big blind $1
*** HOLE CARDS ***
Rdalonso leaves the table
Unipoker11: raises $1.50 to $2.50
Cythian182: raises $9.50 to $12
Unipoker11: calls $9.50
*** FLOP *** [Tc 9d Kc]
Cythian182: bets $6.60
Unipoker11: folds 
Uncalled bet ($6.60) returned to Cythian182
Cythian182 collected $23 from pot
*** SUMMARY ***
Total pot $24 | Rake $1 
Board [Tc 9d Kc]
Seat 4: Rdalonso
Seat 3: Unipoker11 (button) (small blind) folded on the Flop
Seat 6: Cythian182 (big blind) collected ($23)



PokerStars Hand #254544997624:  Hold'em No Limit ($0.50/$1.00 USD) - 2025/01/25 13:46:16 WET [2025/01/25 8:46:16 ET]
Table 'Hameenlinna IV' 6-max Seat #6 is the button
Seat 3: Unipoker11 ($100 in chips) 
Seat 6: Cythian182 ($133.92 in chips) 
Cythian182: posts small blind $0.50
Unipoker11: posts big blind $1
*** HOLE CARDS ***
Cythian182: raises $2 to $3
Unipoker11: calls $2
*** FLOP *** [Js Qd Td]
Unipoker11: checks 
Cythian182: bets $2
Unipoker11: calls $2
*** TURN *** [Js Qd Td] [7h]
Unipoker11: checks 
Cythian182: checks 
*** RIVER *** [Js Qd Td 7h] [2h]
Unipoker11: bets $6.36
Cythian182: folds 
Uncalled bet ($6.36) returned to Unipoker11
Unipoker11 collected $9.50 from pot
Unipoker11: doesn't show hand 
*** SUMMARY ***
Total pot $10 | Rake $0.50 
Board [Js Qd Td 7h 2h]
Seat 3: Unipoker11 (big blind) collected ($9.50)
Seat 6: Cythian182 (button) (small blind) folded on the River



PokerStars Hand #254545008307:  Hold'em No Limit ($0.50/$1.00 USD) - 2025/01/25 13:47:15 WET [2025/01/25 8:47:15 ET]
Table 'Hameenlinna IV' 6-max Seat #3 is the button
Seat 3: Unipoker11 ($104.50 in chips) 
Seat 6: Cythian182 ($128.92 in chips) 
Unipoker11: posts small blind $0.50
Cythian182: posts big blind $1
*** HOLE CARDS ***
Unipoker11: folds 
Uncalled bet ($0.50) returned to Cythian182
Cythian182 collected $1 from pot
*** SUMMARY ***
Total pot $1 | Rake $0 
Seat 3: Unipoker11 (button) (small blind) folded before Flop
Seat 6: Cythian182 (big blind) collected ($1)



PokerStars Hand #254545009328:  Hold'em No Limit ($0.50/$1.00 USD) - 2025/01/25 13:47:21 WET [2025/01/25 8:47:21 ET]
Table 'Hameenlinna IV' 6-max Seat #6 is the button
Seat 3: Unipoker11 ($104 in chips) 
Seat 6: Cythian182 ($129.42 in chips) 
Cythian182: posts small blind $0.50
Unipoker11: posts big blind $1
*** HOLE CARDS ***
Cythian182: folds 
Uncalled bet ($0.50) returned to Unipoker11
Unipoker11 collected $1 from pot
Unipoker11: doesn't show hand 
*** SUMMARY ***
Total pot $1 | Rake $0 
Seat 3: Unipoker11 (big blind) collected ($1)
Seat 6: Cythian182 (button) (small blind) folded before Flop



PokerStars Hand #254545010467:  Hold'em No Limit ($0.50/$1.00 USD) - 2025/01/25 13:47:27 WET [2025/01/25 8:47:27 ET]
Table 'Hameenlinna IV' 6-max Seat #3 is the button
Seat 3: Unipoker11 ($104.50 in chips) 
Seat 6: Cythian182 ($128.92 in chips) 
Unipoker11: posts small blind $0.50
Cythian182: posts big blind $1
*** HOLE CARDS ***
Unipoker11: folds 
Uncalled bet ($0.50) returned to Cythian182
Cythian182 collected $1 from pot
*** SUMMARY ***
Total pot $1 | Rake $0 
Seat 3: Unipoker11 (button) (small blind) folded before Flop
Seat 6: Cythian182 (big blind) collected ($1)



PokerStars Hand #254545011432:  Hold'em No Limit ($0.50/$1.00 USD) - 2025/01/25 13:47:32 WET [2025/01/25 8:47:32 ET]
Table 'Hameenlinna IV' 6-max Seat #6 is the button
Seat 3: Unipoker11 ($104 in chips) 
Seat 6: Cythian182 ($129.42 in chips) 
Cythian182: posts small blind $0.50
Unipoker11: posts big blind $1
*** HOLE CARDS ***
Cythian182: raises $2 to $3
Unipoker11: folds 
Uncalled bet ($2) returned to Cythian182
Cythian182 collected $2 from pot
*** SUMMARY ***
Total pot $2 | Rake $0 
Seat 3: Unipoker11 (big blind) folded before Flop
Seat 6: Cythian182 (button) (small blind) collected ($2)



PokerStars Hand #254545013025:  Hold'em No Limit ($0.50/$1.00 USD) - 2025/01/25 13:47:41 WET [2025/01/25 8:47:41 ET]
Table 'Hameenlinna IV' 6-max Seat #3 is the button
Seat 3: Unipoker11 ($103 in chips) 
Seat 6: Cythian182 ($130.42 in chips) 
Unipoker11: posts small blind $0.50
Cythian182: posts big blind $1
*** HOLE CARDS ***
Unipoker11: folds 
Uncalled bet ($0.50) returned to Cythian182
Cythian182 collected $1 from pot
*** SUMMARY ***
Total pot $1 | Rake $0 
Seat 3: Unipoker11 (button) (small blind) folded before Flop
Seat 6: Cythian182 (big blind) collected ($1)



PokerStars Hand #254545014619:  Hold'em No Limit ($0.50/$1.00 USD) - 2025/01/25 13:47:50 WET [2025/01/25 8:47:50 ET]
Table 'Hameenlinna IV' 6-max Seat #6 is the button
Seat 3: Unipoker11 ($102.50 in chips) 
Seat 6: Cythian182 ($130.92 in chips) 
Cythian182: posts small blind $0.50
Unipoker11: posts big blind $1
*** HOLE CARDS ***
Cythian182: raises $2 to $3
Unipoker11: raises $9 to $12
Cythian182: folds 
Uncalled bet ($9) returned to Unipoker11
Unipoker11 collected $6 from pot
Unipoker11: doesn't show hand 
*** SUMMARY ***
Total pot $6 | Rake $0 
Seat 3: Unipoker11 (big blind) collected ($6)
Seat 6: Cythian182 (button) (small blind) folded before Flop



PokerStars Hand #254545018693:  Hold'em No Limit ($0.50/$1.00 USD) - 2025/01/25 13:48:12 WET [2025/01/25 8:48:12 ET]
Table 'Hameenlinna IV' 6-max Seat #3 is the button
Seat 3: Unipoker11 ($105.50 in chips) 
Seat 6: Cythian182 ($127.92 in chips) 
Unipoker11: posts small blind $0.50
Cythian182: posts big blind $1
*** HOLE CARDS ***
Unipoker11: folds 
Uncalled bet ($0.50) returned to Cythian182
Cythian182 collected $1 from pot
*** SUMMARY ***
Total pot $1 | Rake $0 
Seat 3: Unipoker11 (button) (small blind) folded before Flop
Seat 6: Cythian182 (big blind) collected ($1)



PokerStars Hand #254545019957:  Hold'em No Limit ($0.50/$1.00 USD) - 2025/01/25 13:48:19 WET [2025/01/25 8:48:19 ET]
Table 'Hameenlinna IV' 6-max Seat #6 is the button
Seat 3: Unipoker11 ($105 in chips) 
Seat 6: Cythian182 ($128.42 in chips) 
Cythian182: posts small blind $0.50
Unipoker11: posts big blind $1
*** HOLE CARDS ***
Cythian182: raises $2 to $3
Unipoker11: calls $2
*** FLOP *** [3h 6h 2d]
Unipoker11: checks 
Cythian182: bets $3
Unipoker11: raises $5.85 to $8.85
Cythian182: calls $5.85
*** TURN *** [3h 6h 2d] [Ad]
Unipoker11: bets $17.02
Cythian182: calls $17.02
*** RIVER *** [3h 6h 2d Ad] [9d]
Unipoker11: bets $42.55
Cythian182: raises $57 to $99.55 and is all-in
Unipoker11: calls $33.58 and is all-in
Uncalled bet ($23.42) returned to Cythian182
*** SHOW DOWN ***
Cythian182: shows [6d 8d] (a flush, Ace high)
Unipoker11: shows [5c 4c] (a straight, Deuce to Six)
Cythian182 collected $209 from pot
*** SUMMARY ***
Total pot $210 | Rake $1 
Board [3h 6h 2d Ad 9d]
Seat 3: Unipoker11 (big blind) showed [5c 4c] and lost with a straight, Deuce to Six
Seat 6: Cythian182 (button) (small blind) showed [6d 8d] and won ($209) with a flush, Ace high



PokerStars Hand #254545034434:  Hold'em No Limit ($0.50/$1.00 USD) - 2025/01/25 13:49:37 WET [2025/01/25 8:49:37 ET]
Table 'Hameenlinna IV' 6-max Seat #3 is the button
Seat 3: Unipoker11 ($100 in chips) 
Seat 6: Cythian182 ($232.42 in chips) 
Unipoker11: posts small blind $0.50
Cythian182: posts big blind $1
*** HOLE CARDS ***
Unipoker11: folds 
Uncalled bet ($0.50) returned to Cythian182
Cythian182 collected $1 from pot
*** SUMMARY ***
Total pot $1 | Rake $0 
Seat 3: Unipoker11 (button) (small blind) folded before Flop
Seat 6: Cythian182 (big blind) collected ($1)



PokerStars Hand #254545035822:  Hold'em No Limit ($0.50/$1.00 USD) - 2025/01/25 13:49:45 WET [2025/01/25 8:49:45 ET]
Table 'Hameenlinna IV' 6-max Seat #6 is the button
Seat 3: Unipoker11 ($100 in chips) 
Seat 6: Cythian182 ($232.92 in chips) 
Cythian182: posts small blind $0.50
Unipoker11: posts big blind $1
*** HOLE CARDS ***
Cythian182: raises $2 to $3
Unipoker11: calls $2
*** FLOP *** [9s 2s Jd]
Unipoker11: checks 
Cythian182: bets $1.43
Unipoker11: calls $1.43
*** TURN *** [9s 2s Jd] [3s]
Unipoker11: checks 
Cythian182: checks 
*** RIVER *** [9s 2s Jd 3s] [4s]
Unipoker11: checks 
Cythian182: checks 
*** SHOW DOWN ***
Unipoker11: shows [2c 8c] (a pair of Deuces)
Cythian182: shows [4h 5h] (a pair of Fours)
Cythian182 collected $8.42 from pot
*** SUMMARY ***
Total pot $8.86 | Rake $0.44 
Board [9s 2s Jd 3s 4s]
Seat 3: Unipoker11 (big blind) showed [2c 8c] and lost with a pair of Deuces
Seat 6: Cythian182 (button) (small blind) showed [4h 5h] and won ($8.42) with a pair of Fours



PokerStars Hand #254545042777:  Hold'em No Limit ($0.50/$1.00 USD) - 2025/01/25 13:50:23 WET [2025/01/25 8:50:23 ET]
Table 'Hameenlinna IV' 6-max Seat #3 is the button
Seat 3: Unipoker11 ($100 in chips) 
Seat 6: Cythian182 ($236.91 in chips) 
Unipoker11: posts small blind $0.50
Cythian182: posts big blind $1
*** HOLE CARDS ***
Unipoker11: folds 
Uncalled bet ($0.50) returned to Cythian182
Cythian182 collected $1 from pot
*** SUMMARY ***
Total pot $1 | Rake $0 
Seat 3: Unipoker11 (button) (small blind) folded before Flop
Seat 6: Cythian182 (big blind) collected ($1)



PokerStars Hand #254545044150:  Hold'em No Limit ($0.50/$1.00 USD) - 2025/01/25 13:50:30 WET [2025/01/25 8:50:30 ET]
Table 'Hameenlinna IV' 6-max Seat #6 is the button
Seat 3: Unipoker11 ($100 in chips) 
Seat 6: Cythian182 ($237.41 in chips) 
Cythian182: posts small blind $0.50
Unipoker11: posts big blind $1
*** HOLE CARDS ***
Cythian182: folds 
Uncalled bet ($0.50) returned to Unipoker11
Unipoker11 collected $1 from pot
Unipoker11: doesn't show hand 
*** SUMMARY ***
Total pot $1 | Rake $0 
Seat 3: Unipoker11 (big blind) collected ($1)
Seat 6: Cythian182 (button) (small blind) folded before Flop



PokerStars Hand #254545045335:  Hold'em No Limit ($0.50/$1.00 USD) - 2025/01/25 13:50:36 WET [2025/01/25 8:50:36 ET]
Table 'Hameenlinna IV' 6-max Seat #3 is the button
Seat 3: Unipoker11 ($100.50 in chips) 
Seat 6: Cythian182 ($236.91 in chips) 
Unipoker11: posts small blind $0.50
Cythian182: posts big blind $1
*** HOLE CARDS ***
Unipoker11: raises $1.50 to $2.50
Cythian182: folds 
Uncalled bet ($1.50) returned to Unipoker11
Unipoker11 collected $2 from pot
Unipoker11: doesn't show hand 
*** SUMMARY ***
Total pot $2 | Rake $0 
Seat 3: Unipoker11 (button) (small blind) collected ($2)
Seat 6: Cythian182 (big blind) folded before Flop



PokerStars Hand #254545047186:  Hold'em No Limit ($0.50/$1.00 USD) - 2025/01/25 13:50:47 WET [2025/01/25 8:50:47 ET]
Table 'Hameenlinna IV' 6-max Seat #6 is the button
Seat 3: Unipoker11 ($101.50 in chips) 
Seat 6: Cythian182 ($235.91 in chips) 
Cythian182: posts small blind $0.50
Unipoker11: posts big blind $1
*** HOLE CARDS ***
Cythian182: folds 
Uncalled bet ($0.50) returned to Unipoker11
Unipoker11 collected $1 from pot
Unipoker11: doesn't show hand 
*** SUMMARY ***
Total pot $1 | Rake $0 
Seat 3: Unipoker11 (big blind) collected ($1)
Seat 6: Cythian182 (button) (small blind) folded before Flop



PokerStars Hand #254545049067:  Hold'em No Limit ($0.50/$1.00 USD) - 2025/01/25 13:50:57 WET [2025/01/25 8:50:57 ET]
Table 'Hameenlinna IV' 6-max Seat #3 is the button
Seat 3: Unipoker11 ($102 in chips) 
Seat 6: Cythian182 ($235.41 in chips) 
Unipoker11: posts small blind $0.50
Cythian182: posts big blind $1
*** HOLE CARDS ***
Unipoker11: raises $1.50 to $2.50
Cythian182: calls $1.50
*** FLOP *** [6d Qd 5s]
Cythian182: checks 
Unipoker11: bets $1.19
Cythian182: calls $1.19
*** TURN *** [6d Qd 5s] [2d]
Cythian182: checks 
Unipoker11: bets $4.70
Cythian182: folds 
Uncalled bet ($4.70) returned to Unipoker11
Unipoker11 collected $7.01 from pot
Unipoker11: doesn't show hand 
*** SUMMARY ***
Total pot $7.38 | Rake $0.37 
Board [6d Qd 5s 2d]
Seat 3: Unipoker11 (button) (small blind) collected ($7.01)
Seat 6: Cythian182 (big blind) folded on the Turn



PokerStars Hand #254545055029:  Hold'em No Limit ($0.50/$1.00 USD) - 2025/01/25 13:51:29 WET [2025/01/25 8:51:29 ET]
Table 'Hameenlinna IV' 6-max Seat #6 is the button
Seat 3: Unipoker11 ($105.32 in chips) 
Seat 6: Cythian182 ($231.72 in chips) 
Cythian182: posts small blind $0.50
Unipoker11: posts big blind $1
*** HOLE CARDS ***
Cythian182: raises $2 to $3
Unipoker11: calls $2
*** FLOP *** [5c 7d Th]
Unipoker11: checks 
Cythian182: checks 
*** TURN *** [5c 7d Th] [8s]
Unipoker11: bets $2.85
Cythian182: calls $2.85
*** RIVER *** [5c 7d Th 8s] [4h]
Unipoker11: bets $7.45
Cythian182: folds 
Uncalled bet ($7.45) returned to Unipoker11
Unipoker11 collected $11.12 from pot
Unipoker11: doesn't show hand 
*** SUMMARY ***
Total pot $11.70 | Rake $0.58 
Board [5c 7d Th 8s 4h]
Seat 3: Unipoker11 (big blind) collected ($11.12)
Seat 6: Cythian182 (button) (small blind) folded on the River



PokerStars Hand #254545066963:  Hold'em No Limit ($0.50/$1.00 USD) - 2025/01/25 13:52:34 WET [2025/01/25 8:52:34 ET]
Table 'Hameenlinna IV' 6-max Seat #3 is the button
Seat 3: Unipoker11 ($110.59 in chips) 
Seat 6: Cythian182 ($225.87 in chips) 
Unipoker11: posts small blind $0.50
Cythian182: posts big blind $1
*** HOLE CARDS ***
Unipoker11: raises $1.50 to $2.50
Cythian182: folds 
Uncalled bet ($1.50) returned to Unipoker11
Unipoker11 collected $2 from pot
Unipoker11: doesn't show hand 
*** SUMMARY ***
Total pot $2 | Rake $0 
Seat 3: Unipoker11 (button) (small blind) collected ($2)
Seat 6: Cythian182 (big blind) folded before Flop



PokerStars Hand #254545068578:  Hold'em No Limit ($0.50/$1.00 USD) - 2025/01/25 13:52:43 WET [2025/01/25 8:52:43 ET]
Table 'Hameenlinna IV' 6-max Seat #6 is the button
Seat 3: Unipoker11 ($111.59 in chips) 
Seat 6: Cythian182 ($224.87 in chips) 
Cythian182: posts small blind $0.50
Unipoker11: posts big blind $1
*** HOLE CARDS ***
Cythian182: folds 
Uncalled bet ($0.50) returned to Unipoker11
Unipoker11 collected $1 from pot
Unipoker11: doesn't show hand 
*** SUMMARY ***
Total pot $1 | Rake $0 
Seat 3: Unipoker11 (big blind) collected ($1)
Seat 6: Cythian182 (button) (small blind) folded before Flop



PokerStars Hand #254545069805:  Hold'em No Limit ($0.50/$1.00 USD) - 2025/01/25 13:52:49 WET [2025/01/25 8:52:49 ET]
Table 'Hameenlinna IV' 6-max Seat #3 is the button
Seat 3: Unipoker11 ($112.09 in chips) 
Seat 6: Cythian182 ($224.37 in chips) 
Unipoker11: posts small blind $0.50
Cythian182: posts big blind $1
*** HOLE CARDS ***
Unipoker11: raises $1.50 to $2.50
Cythian182: folds 
Uncalled bet ($1.50) returned to Unipoker11
Unipoker11 collected $2 from pot
Unipoker11: doesn't show hand 
*** SUMMARY ***
Total pot $2 | Rake $0 
Seat 3: Unipoker11 (button) (small blind) collected ($2)
Seat 6: Cythian182 (big blind) folded before Flop



PokerStars Hand #254545071359:  Hold'em No Limit ($0.50/$1.00 USD) - 2025/01/25 13:52:58 WET [2025/01/25 8:52:58 ET]
Table 'Hameenlinna IV' 6-max Seat #6 is the button
Seat 3: Unipoker11 ($113.09 in chips) 
Seat 6: Cythian182 ($223.37 in chips) 
Cythian182: posts small blind $0.50
Unipoker11: posts big blind $1
*** HOLE CARDS ***
Cythian182: raises $2 to $3
Unipoker11: raises $9 to $12
Cythian182: folds 
Uncalled bet ($9) returned to Unipoker11
Unipoker11 collected $6 from pot
Unipoker11: doesn't show hand 
*** SUMMARY ***
Total pot $6 | Rake $0 
Seat 3: Unipoker11 (big blind) collected ($6)
Seat 6: Cythian182 (button) (small blind) folded before Flop



PokerStars Hand #254545073683:  Hold'em No Limit ($0.50/$1.00 USD) - 2025/01/25 13:53:10 WET [2025/01/25 8:53:10 ET]
Table 'Hameenlinna IV' 6-max Seat #3 is the button
Seat 3: Unipoker11 ($116.09 in chips) 
Seat 6: Cythian182 ($220.37 in chips) 
Unipoker11: posts small blind $0.50
Cythian182: posts big blind $1
*** HOLE CARDS ***
Unipoker11: raises $1.50 to $2.50
Cythian182: folds 
Uncalled bet ($1.50) returned to Unipoker11
Unipoker11 collected $2 from pot
Unipoker11: doesn't show hand 
*** SUMMARY ***
Total pot $2 | Rake $0 
Seat 3: Unipoker11 (button) (small blind) collected ($2)
Seat 6: Cythian182 (big blind) folded before Flop



PokerStars Hand #254545074981:  Hold'em No Limit ($0.50/$1.00 USD) - 2025/01/25 13:53:17 WET [2025/01/25 8:53:17 ET]
Table 'Hameenlinna IV' 6-max Seat #6 is the button
Seat 3: Unipoker11 ($117.09 in chips) 
Seat 6: Cythian182 ($219.37 in chips) 
Cythian182: posts small blind $0.50
Unipoker11: posts big blind $1
*** HOLE CARDS ***
Cythian182: raises $2 to $3
Unipoker11: folds 
Uncalled bet ($2) returned to Cythian182
Cythian182 collected $2 from pot
*** SUMMARY ***
Total pot $2 | Rake $0 
Seat 3: Unipoker11 (big blind) folded before Flop
Seat 6: Cythian182 (button) (small blind) collected ($2)



PokerStars Hand #254545079132:  Hold'em No Limit ($0.50/$1.00 USD) - 2025/01/25 13:53:40 WET [2025/01/25 8:53:40 ET]
Table 'Hameenlinna IV' 6-max Seat #3 is the button
Seat 3: Unipoker11 ($116.09 in chips) 
Seat 6: Cythian182 ($220.37 in chips) 
Unipoker11: posts small blind $0.50
Cythian182: posts big blind $1
*** HOLE CARDS ***
Unipoker11: raises $1.50 to $2.50
Cythian182: raises $6.50 to $9
Unipoker11: folds 
Uncalled bet ($6.50) returned to Cythian182
Cythian182 collected $5 from pot
*** SUMMARY ***
Total pot $5 | Rake $0 
Seat 3: Unipoker11 (button) (small blind) folded before Flop
Seat 6: Cythian182 (big blind) collected ($5)



PokerStars Hand #254545081795:  Hold'em No Limit ($0.50/$1.00 USD) - 2025/01/25 13:53:54 WET [2025/01/25 8:53:54 ET]
Table 'Hameenlinna IV' 6-max Seat #6 is the button
Seat 3: Unipoker11 ($113.59 in chips) 
Seat 6: Cythian182 ($222.87 in chips) 
Cythian182: posts small blind $0.50
Unipoker11: posts big blind $1
*** HOLE CARDS ***
Cythian182: folds 
Uncalled bet ($0.50) returned to Unipoker11
Unipoker11 collected $1 from pot
Unipoker11: doesn't show hand 
*** SUMMARY ***
Total pot $1 | Rake $0 
Seat 3: Unipoker11 (big blind) collected ($1)
Seat 6: Cythian182 (button) (small blind) folded before Flop



PokerStars Hand #254545083214:  Hold'em No Limit ($0.50/$1.00 USD) - 2025/01/25 13:54:02 WET [2025/01/25 8:54:02 ET]
Table 'Hameenlinna IV' 6-max Seat #3 is the button
Seat 3: Unipoker11 ($114.09 in chips) 
Seat 6: Cythian182 ($222.37 in chips) 
Unipoker11: posts small blind $0.50
Cythian182: posts big blind $1
*** HOLE CARDS ***
Unipoker11: folds 
Uncalled bet ($0.50) returned to Cythian182
Cythian182 collected $1 from pot
*** SUMMARY ***
Total pot $1 | Rake $0 
Seat 3: Unipoker11 (button) (small blind) folded before Flop
Seat 6: Cythian182 (big blind) collected ($1)



PokerStars Hand #254545084285:  Hold'em No Limit ($0.50/$1.00 USD) - 2025/01/25 13:54:08 WET [2025/01/25 8:54:08 ET]
Table 'Hameenlinna IV' 6-max Seat #6 is the button
Seat 3: Unipoker11 ($113.59 in chips) 
Seat 6: Cythian182 ($222.87 in chips) 
Cythian182: posts small blind $0.50
Unipoker11: posts big blind $1
*** HOLE CARDS ***
Cythian182: raises $2 to $3
Unipoker11: folds 
Uncalled bet ($2) returned to Cythian182
Cythian182 collected $2 from pot
*** SUMMARY ***
Total pot $2 | Rake $0 
Seat 3: Unipoker11 (big blind) folded before Flop
Seat 6: Cythian182 (button) (small blind) collected ($2)



PokerStars Hand #254545086641:  Hold'em No Limit ($0.50/$1.00 USD) - 2025/01/25 13:54:20 WET [2025/01/25 8:54:20 ET]
Table 'Hameenlinna IV' 6-max Seat #3 is the button
Seat 3: Unipoker11 ($112.59 in chips) 
Seat 6: Cythian182 ($223.87 in chips) 
Unipoker11: posts small blind $0.50
Cythian182: posts big blind $1
*** HOLE CARDS ***
Unipoker11: folds 
Uncalled bet ($0.50) returned to Cythian182
Cythian182 collected $1 from pot
*** SUMMARY ***
Total pot $1 | Rake $0 
Seat 3: Unipoker11 (button) (small blind) folded before Flop
Seat 6: Cythian182 (big blind) collected ($1)



PokerStars Hand #254545087916:  Hold'em No Limit ($0.50/$1.00 USD) - 2025/01/25 13:54:27 WET [2025/01/25 8:54:27 ET]
Table 'Hameenlinna IV' 6-max Seat #6 is the button
Seat 3: Unipoker11 ($112.09 in chips) 
Seat 6: Cythian182 ($224.37 in chips) 
Cythian182: posts small blind $0.50
Unipoker11: posts big blind $1
*** HOLE CARDS ***
Cythian182: folds 
Uncalled bet ($0.50) returned to Unipoker11
Unipoker11 collected $1 from pot
Unipoker11: doesn't show hand 
*** SUMMARY ***
Total pot $1 | Rake $0 
Seat 3: Unipoker11 (big blind) collected ($1)
Seat 6: Cythian182 (button) (small blind) folded before Flop



PokerStars Hand #254545089126:  Hold'em No Limit ($0.50/$1.00 USD) - 2025/01/25 13:54:34 WET [2025/01/25 8:54:34 ET]
Table 'Hameenlinna IV' 6-max Seat #3 is the button
Seat 3: Unipoker11 ($112.59 in chips) 
Seat 6: Cythian182 ($223.87 in chips) 
Unipoker11: posts small blind $0.50
Cythian182: posts big blind $1
*** HOLE CARDS ***
Unipoker11: raises $1.50 to $2.50
Cythian182: folds 
Uncalled bet ($1.50) returned to Unipoker11
Unipoker11 collected $2 from pot
Unipoker11: doesn't show hand 
*** SUMMARY ***
Total pot $2 | Rake $0 
Seat 3: Unipoker11 (button) (small blind) collected ($2)
Seat 6: Cythian182 (big blind) folded before Flop



PokerStars Hand #254545090748:  Hold'em No Limit ($0.50/$1.00 USD) - 2025/01/25 13:54:43 WET [2025/01/25 8:54:43 ET]
Table 'Hameenlinna IV' 6-max Seat #6 is the button
Seat 3: Unipoker11 ($113.59 in chips) 
Seat 6: Cythian182 ($222.87 in chips) 
Cythian182: posts small blind $0.50
Unipoker11: posts big blind $1
*** HOLE CARDS ***
Cythian182: raises $2 to $3
Unipoker11: raises $9 to $12
Cythian182: calls $9
*** FLOP *** [6s 8h 7s]
Unipoker11: checks 
Cythian182: bets $5
Unipoker11: raises $16.50 to $21.50
Cythian182: calls $16.50
*** TURN *** [6s 8h 7s] [Kc]
Unipoker11: bets $80.09 and is all-in
Cythian182: calls $80.09
*** RIVER *** [6s 8h 7s Kc] [Jd]
*** SHOW DOWN ***
Unipoker11: shows [9d 9h] (a pair of Nines)
Cythian182: shows [Ks Th] (a pair of Kings)
Cythian182 collected $226.18 from pot
*** SUMMARY ***
Total pot $227.18 | Rake $1 
Board [6s 8h 7s Kc Jd]
Seat 3: Unipoker11 (big blind) showed [9d 9h] and lost with a pair of Nines
Seat 6: Cythian182 (button) (small blind) showed [Ks Th] and won ($226.18) with a pair of Kings



PokerStars Hand #254545110424:  Hold'em No Limit ($0.50/$1.00 USD) - 2025/01/25 13:56:51 WET [2025/01/25 8:56:51 ET]
Table 'Hameenlinna IV' 6-max Seat #3 is the button
Seat 3: Unipoker11 ($100 in chips) 
Seat 6: Cythian182 ($335.46 in chips) 
Unipoker11: posts small blind $0.50
Cythian182: posts big blind $1
*** HOLE CARDS ***
Unipoker11: raises $1.50 to $2.50
Cythian182: folds 
Uncalled bet ($1.50) returned to Unipoker11
Unipoker11 collected $2 from pot
Unipoker11: doesn't show hand 
*** SUMMARY ***
Total pot $2 | Rake $0 
Seat 3: Unipoker11 (button) (small blind) collected ($2)
Seat 6: Cythian182 (big blind) folded before Flop



PokerStars Hand #254545111578:  Hold'em No Limit ($0.50/$1.00 USD) - 2025/01/25 13:56:59 WET [2025/01/25 8:56:59 ET]
Table 'Hameenlinna IV' 6-max Seat #6 is the button
Seat 3: Unipoker11 ($101 in chips) 
Seat 6: Cythian182 ($334.46 in chips) 
Cythian182: posts small blind $0.50
Unipoker11: posts big blind $1
*** HOLE CARDS ***
Cythian182: folds 
Uncalled bet ($0.50) returned to Unipoker11
Unipoker11 collected $1 from pot
Unipoker11: doesn't show hand 
*** SUMMARY ***
Total pot $1 | Rake $0 
Seat 3: Unipoker11 (big blind) collected ($1)
Seat 6: Cythian182 (button) (small blind) folded before Flop



PokerStars Hand #254545112468:  Hold'em No Limit ($0.50/$1.00 USD) - 2025/01/25 13:57:05 WET [2025/01/25 8:57:05 ET]
Table 'Hameenlinna IV' 6-max Seat #3 is the button
Seat 3: Unipoker11 ($101.50 in chips) 
Seat 6: Cythian182 ($333.96 in chips) 
Unipoker11: posts small blind $0.50
Cythian182: posts big blind $1
*** HOLE CARDS ***
Unipoker11: raises $1.50 to $2.50
Cythian182: folds 
Uncalled bet ($1.50) returned to Unipoker11
Unipoker11 collected $2 from pot
Unipoker11: doesn't show hand 
*** SUMMARY ***
Total pot $2 | Rake $0 
Seat 3: Unipoker11 (button) (small blind) collected ($2)
Seat 6: Cythian182 (big blind) folded before Flop



PokerStars Hand #254545113731:  Hold'em No Limit ($0.50/$1.00 USD) - 2025/01/25 13:57:13 WET [2025/01/25 8:57:13 ET]
Table 'Hameenlinna IV' 6-max Seat #6 is the button
Seat 3: Unipoker11 ($102.50 in chips) 
Seat 6: Cythian182 ($332.96 in chips) 
Cythian182: posts small blind $0.50
Unipoker11: posts big blind $1
*** HOLE CARDS ***
Cythian182: folds 
Uncalled bet ($0.50) returned to Unipoker11
Unipoker11 collected $1 from pot
Unipoker11: doesn't show hand 
*** SUMMARY ***
Total pot $1 | Rake $0 
Seat 3: Unipoker11 (big blind) collected ($1)
Seat 6: Cythian182 (button) (small blind) folded before Flop



PokerStars Hand #254545114638:  Hold'em No Limit ($0.50/$1.00 USD) - 2025/01/25 13:57:19 WET [2025/01/25 8:57:19 ET]
Table 'Hameenlinna IV' 6-max Seat #3 is the button
Seat 3: Unipoker11 ($103 in chips) 
Seat 6: Cythian182 ($332.46 in chips) 
Unipoker11: posts small blind $0.50
Cythian182: posts big blind $1
*** HOLE CARDS ***
Unipoker11: raises $1.50 to $2.50
Cythian182: raises $4.50 to $7
Unipoker11: calls $4.50
*** FLOP *** [6c Jc 6s]
tintin641 joins the table at seat #2 
Cythian182: bets $4
Unipoker11: folds 
Uncalled bet ($4) returned to Cythian182
Rusti1990Sieg joins the table at seat #1 
Rusti1990Sieg is disconnected 
Cythian182 collected $13.30 from pot
*** SUMMARY ***
Total pot $14 | Rake $0.70 
Board [6c Jc 6s]
Seat 3: Unipoker11 (button) (small blind) folded on the Flop
Seat 6: Cythian182 (big blind) collected ($13.30)



PokerStars Hand #254545119831:  Hold'em No Limit ($0.50/$1.00 USD) - 2025/01/25 13:57:55 WET [2025/01/25 8:57:55 ET]
Table 'Hameenlinna IV' 6-max Seat #3 is the button
Seat 2: tintin641 ($100 in chips) is sitting out
Seat 1: Rusti1990Sieg ($10.08 in chips) 
Seat 3: Unipoker11 ($100 in chips) 
Seat 6: Cythian182 ($338.76 in chips) 
Cythian182: posts small blind $0.50
Rusti1990Sieg: posts big blind $1
tintin641: sits out 
*** HOLE CARDS ***
BronsonJC joins the table at seat #4 
Unipoker11: folds 
imhungarian8 joins the table at seat #5 
Cythian182: folds 
Uncalled bet ($0.50) returned to Rusti1990Sieg
Rusti1990Sieg collected $1 from pot
*** SUMMARY ***
Total pot $1 | Rake $0 
Seat 2: tintin641
Seat 1: Rusti1990Sieg (big blind) collected ($1)
Seat 3: Unipoker11 (button) folded before Flop (didn't bet)
Seat 6: Cythian182 (small blind) folded before Flop



PokerStars Hand #254545121860:  Hold'em No Limit ($0.50/$1.00 USD) - 2025/01/25 13:58:09 WET [2025/01/25 8:58:09 ET]
Table 'Hameenlinna IV' 6-max Seat #6 is the button
Seat 4: BronsonJC ($118.20 in chips) is sitting out
Seat 5: imhungarian8 ($100 in chips) is sitting out
Seat 1: Rusti1990Sieg ($10.58 in chips) 
Seat 2: tintin641 ($100 in chips) 
Seat 3: Unipoker11 ($100 in chips) 
Seat 6: Cythian182 ($338.26 in chips) 
Rusti1990Sieg: posts small blind $0.50
tintin641: posts big blind $1
BronsonJC: sits out 
imhungarian8: sits out 
*** HOLE CARDS ***
Unipoker11: folds 
Cythian182: folds 
Rusti1990Sieg: raises $1 to $2
tintin641: calls $1
*** FLOP *** [9h Td Th]
Rusti1990Sieg: checks 
tintin641: checks 
*** TURN *** [9h Td Th] [2s]
Rusti1990Sieg: checks 
tintin641: bets $1.90
Rusti1990Sieg: folds 
Uncalled bet ($1.90) returned to tintin641
tintin641 collected $3.80 from pot
tintin641: doesn't show hand 
*** SUMMARY ***
Total pot $4 | Rake $0.20 
Board [9h Td Th 2s]
Seat 4: BronsonJC
Seat 5: imhungarian8
Seat 1: Rusti1990Sieg (small blind) folded on the Turn
Seat 2: tintin641 (big blind) collected ($3.80)
Seat 3: Unipoker11 folded before Flop (didn't bet)
Seat 6: Cythian182 (button) folded before Flop (didn't bet)



PokerStars Hand #254545128128:  Hold'em No Limit ($0.50/$1.00 USD) - 2025/01/25 13:58:51 WET [2025/01/25 8:58:51 ET]
Table 'Hameenlinna IV' 6-max Seat #1 is the button
Seat 4: BronsonJC ($118.20 in chips) is sitting out
Seat 5: imhungarian8 ($100 in chips) is sitting out
Seat 1: Rusti1990Sieg ($8.58 in chips) 
Seat 2: tintin641 ($101.80 in chips) 
Seat 3: Unipoker11 ($100 in chips) 
Seat 6: Cythian182 ($338.26 in chips) 
tintin641: posts small blind $0.50
Unipoker11: posts big blind $1
BronsonJC: sits out 
imhungarian8: sits out 
*** HOLE CARDS ***
Cythian182: raises $2 to $3
Rusti1990Sieg: folds 
tintin641: folds 
Unipoker11: calls $2
*** FLOP *** [4h 3h 7c]
Unipoker11: checks 
Cythian182: checks 
*** TURN *** [4h 3h 7c] [2d]
Unipoker11: bets $2.04
Cythian182: calls $2.04
*** RIVER *** [4h 3h 7c 2d] [7d]
Unipoker11: checks 
Cythian182: checks 
*** SHOW DOWN ***
Unipoker11: shows [Js Qc] (a pair of Sevens)
Cythian182: shows [Ac Th] (a pair of Sevens - Ace kicker)
Cythian182 collected $10.05 from pot
*** SUMMARY ***
Total pot $10.58 | Rake $0.53 
Board [4h 3h 7c 2d 7d]
Seat 4: BronsonJC
Seat 5: imhungarian8
Seat 1: Rusti1990Sieg (button) folded before Flop (didn't bet)
Seat 2: tintin641 (small blind) folded before Flop
Seat 3: Unipoker11 (big blind) showed [Js Qc] and lost with a pair of Sevens
Seat 6: Cythian182 showed [Ac Th] and won ($10.05) with a pair of Sevens



PokerStars Hand #254545177405:  Hold'em No Limit ($0.50/$1.00 USD) - 2025/01/25 14:03:42 WET [2025/01/25 9:03:42 ET]
Table 'Hameenlinna IV' 6-max Seat #6 is the button
Seat 1: Rusti1990Sieg ($0 in chips) is sitting out
Seat 2: tintin641 ($103 in chips) 
Seat 3: joaquin612 ($107.30 in chips) 
Seat 5: imhungarian8 ($102 in chips) 
Seat 6: Cythian182 ($342.77 in chips) 
tintin641: posts small blind $0.50
joaquin612: posts big blind $1
*** HOLE CARDS ***
imhungarian8: raises $1.30 to $2.30
Cythian182: folds 
tintin641: folds 
joaquin612: folds 
Uncalled bet ($1.30) returned to imhungarian8
imhungarian8 collected $2.50 from pot
imhungarian8: doesn't show hand 
*** SUMMARY ***
Total pot $2.50 | Rake $0 
Seat 1: Rusti1990Sieg
Seat 2: tintin641 (small blind) folded before Flop
Seat 3: joaquin612 (big blind) folded before Flop
Seat 5: imhungarian8 collected ($2.50)
Seat 6: Cythian182 (button) folded before Flop (didn't bet)



PokerStars Hand #254545179657:  Hold'em No Limit ($0.50/$1.00 USD) - 2025/01/25 14:03:54 WET [2025/01/25 9:03:54 ET]
Table 'Hameenlinna IV' 6-max Seat #2 is the button
Seat 1: Rusti1990Sieg ($0 in chips) is sitting out
Seat 2: tintin641 ($102.50 in chips) 
Seat 3: joaquin612 ($106.30 in chips) 
Seat 5: imhungarian8 ($103.50 in chips) 
Seat 6: Cythian182 ($342.77 in chips) 
joaquin612: posts small blind $0.50
imhungarian8: posts big blind $1
*** HOLE CARDS ***
Cythian182: folds 
tintin641: folds 
joaquin612: folds 
Uncalled bet ($0.50) returned to imhungarian8
imhungarian8 collected $1 from pot
imhungarian8: doesn't show hand 
*** SUMMARY ***
Total pot $1 | Rake $0 
Seat 1: Rusti1990Sieg
Seat 2: tintin641 (button) folded before Flop (didn't bet)
Seat 3: joaquin612 (small blind) folded before Flop
Seat 5: imhungarian8 (big blind) collected ($1)
Seat 6: Cythian182 folded before Flop (didn't bet)



PokerStars Hand #254545183713:  Hold'em No Limit ($0.50/$1.00 USD) - 2025/01/25 14:04:15 WET [2025/01/25 9:04:15 ET]
Table 'Hameenlinna IV' 6-max Seat #3 is the button
Seat 1: Rusti1990Sieg ($10 in chips) 
Seat 2: tintin641 ($102.50 in chips) 
Seat 3: joaquin612 ($105.80 in chips) 
Seat 5: imhungarian8 ($104 in chips) 
Seat 6: Cythian182 ($342.77 in chips) 
imhungarian8: posts small blind $0.50
Cythian182: posts big blind $1
Rusti1990Sieg: posts small blind $0.50
*** HOLE CARDS ***
Rusti1990Sieg: folds 
tintin641: folds 
joaquin612: folds 
imhungarian8: folds 
Uncalled bet ($0.50) returned to Cythian182
Cythian182 collected $1.50 from pot
*** SUMMARY ***
Total pot $1.50 | Rake $0 
Seat 1: Rusti1990Sieg folded before Flop (didn't bet)
Seat 2: tintin641 folded before Flop (didn't bet)
Seat 3: joaquin612 (button) folded before Flop (didn't bet)
Seat 5: imhungarian8 (small blind) folded before Flop
Seat 6: Cythian182 (big blind) collected ($1.50)



PokerStars Hand #254545186713:  Hold'em No Limit ($0.50/$1.00 USD) - 2025/01/25 14:04:32 WET [2025/01/25 9:04:32 ET]
Table 'Hameenlinna IV' 6-max Seat #5 is the button
Seat 1: Rusti1990Sieg ($9.50 in chips) 
Seat 2: tintin641 ($102.50 in chips) 
Seat 3: joaquin612 ($105.80 in chips) 
Seat 5: imhungarian8 ($103.50 in chips) 
Seat 6: Cythian182 ($343.77 in chips) 
Cythian182: posts small blind $0.50
Rusti1990Sieg: posts big blind $1
*** HOLE CARDS ***
tintin641: folds 
joaquin612: folds 
imhungarian8: raises $1.50 to $2.50
Cythian182: folds 
Rusti1990Sieg: calls $1.50
*** FLOP *** [9d As Ac]
Rusti1990Sieg: checks 
Oli3579 joins the table at seat #4 
imhungarian8: bets $1.57
Rusti1990Sieg: calls $1.57
*** TURN *** [9d As Ac] [6c]
Rusti1990Sieg: checks 
imhungarian8: checks 
*** RIVER *** [9d As Ac 6c] [2h]
Rusti1990Sieg: bets $2
imhungarian8: calls $2
*** SHOW DOWN ***
Rusti1990Sieg: shows [9h Qh] (two pair, Aces and Nines)
imhungarian8: mucks hand 
Rusti1990Sieg collected $12.01 from pot
*** SUMMARY ***
Total pot $12.64 | Rake $0.63 
Board [9d As Ac 6c 2h]
Seat 1: Rusti1990Sieg (big blind) showed [9h Qh] and won ($12.01) with two pair, Aces and Nines
Seat 2: tintin641 folded before Flop (didn't bet)
Seat 3: joaquin612 folded before Flop (didn't bet)
Seat 5: imhungarian8 (button) mucked
Seat 6: Cythian182 (small blind) folded before Flop



PokerStars Hand #254545194500:  Hold'em No Limit ($0.50/$1.00 USD) - 2025/01/25 14:05:13 WET [2025/01/25 9:05:13 ET]
Table 'Hameenlinna IV' 6-max Seat #6 is the button
Seat 2: tintin641 ($102.50 in chips) is sitting out
Seat 3: joaquin612 ($105.80 in chips) is sitting out
Seat 1: Rusti1990Sieg ($15.44 in chips) 
Seat 4: Oli3579 ($100 in chips) 
Seat 5: imhungarian8 ($100 in chips) 
Seat 6: Cythian182 ($343.27 in chips) 
Rusti1990Sieg: posts small blind $0.50
tintin641: is sitting out 
joaquin612: is sitting out 
Oli3579: posts big blind $1
*** HOLE CARDS ***
imhungarian8: folds 
joaquin612 leaves the table
Cythian182: raises $2 to $3
Rusti1990Sieg: folds 
Oli3579: raises $9 to $12
Cythian182: calls $9
*** FLOP *** [8d Kc Qd]
Oli3579: bets $11.75
Cythian182: folds 
Uncalled bet ($11.75) returned to Oli3579
Oli3579 collected $23.50 from pot
Oli3579: doesn't show hand 
*** SUMMARY ***
Total pot $24.50 | Rake $1 
Board [8d Kc Qd]
Seat 2: tintin641
Seat 3: joaquin612
Seat 1: Rusti1990Sieg (small blind) folded before Flop
Seat 4: Oli3579 (big blind) collected ($23.50)
Seat 5: imhungarian8 folded before Flop (didn't bet)
Seat 6: Cythian182 (button) folded on the Flop



PokerStars Hand #254545203207:  Hold'em No Limit ($0.50/$1.00 USD) - 2025/01/25 14:05:58 WET [2025/01/25 9:05:58 ET]
Table 'Hameenlinna IV' 6-max Seat #1 is the button
Seat 2: tintin641 ($102.50 in chips) is sitting out
Seat 1: Rusti1990Sieg ($14.94 in chips) 
Seat 4: Oli3579 ($111.50 in chips) 
Seat 5: imhungarian8 ($100 in chips) 
Seat 6: Cythian182 ($331.27 in chips) 
Oli3579: posts small blind $0.50
imhungarian8: posts big blind $1
*** HOLE CARDS ***
Cythian182: folds 
Rusti1990Sieg: folds 
Oli3579: folds 
Uncalled bet ($0.50) returned to imhungarian8
imhungarian8 collected $1 from pot
imhungarian8: doesn't show hand 
*** SUMMARY ***
Total pot $1 | Rake $0 
Seat 2: tintin641
Seat 1: Rusti1990Sieg (button) folded before Flop (didn't bet)
Seat 4: Oli3579 (small blind) folded before Flop
Seat 5: imhungarian8 (big blind) collected ($1)
Seat 6: Cythian182 folded before Flop (didn't bet)



PokerStars Hand #254545204603:  Hold'em No Limit ($0.50/$1.00 USD) - 2025/01/25 14:06:06 WET [2025/01/25 9:06:06 ET]
Table 'Hameenlinna IV' 6-max Seat #4 is the button
Seat 2: tintin641 ($102.50 in chips) is sitting out
Seat 1: Rusti1990Sieg ($14.94 in chips) 
Seat 4: Oli3579 ($111 in chips) 
Seat 5: imhungarian8 ($100.50 in chips) 
Seat 6: Cythian182 ($331.27 in chips) 
imhungarian8: posts small blind $0.50
Cythian182: posts big blind $1
*** HOLE CARDS ***
Rusti1990Sieg: calls $1
Oli3579: folds 
imhungarian8: folds 
Cythian182: checks 
*** FLOP *** [6h As 2h]
Cythian182: checks 
Rusti1990Sieg: bets $2
Cythian182: folds 
Uncalled bet ($2) returned to Rusti1990Sieg
Rusti1990Sieg collected $2.38 from pot
*** SUMMARY ***
Total pot $2.50 | Rake $0.12 
Board [6h As 2h]
Seat 2: tintin641
Seat 1: Rusti1990Sieg collected ($2.38)
Seat 4: Oli3579 (button) folded before Flop (didn't bet)
Seat 5: imhungarian8 (small blind) folded before Flop
Seat 6: Cythian182 (big blind) folded on the Flop



PokerStars Hand #254545209443:  Hold'em No Limit ($0.50/$1.00 USD) - 2025/01/25 14:06:31 WET [2025/01/25 9:06:31 ET]
Table 'Hameenlinna IV' 6-max Seat #5 is the button
Seat 2: tintin641 ($102.50 in chips) is sitting out
Seat 1: Rusti1990Sieg ($16.32 in chips) 
Seat 4: Oli3579 ($111 in chips) 
Seat 5: imhungarian8 ($100 in chips) 
Seat 6: Cythian182 ($330.27 in chips) 
Cythian182: posts small blind $0.50
Rusti1990Sieg: posts big blind $1
*** HOLE CARDS ***
Oli3579: raises $1.25 to $2.25
imhungarian8: folds 
Cythian182: calls $1.75
Rusti1990Sieg: folds 
*** FLOP *** [Jd Th 9d]
Cythian182: checks 
Oli3579: checks 
*** TURN *** [Jd Th 9d] [6h]
Cythian182: bets $2
Oli3579: calls $2
*** RIVER *** [Jd Th 9d 6h] [3s]
Cythian182: bets $15
Oli3579: folds 
Uncalled bet ($15) returned to Cythian182
Cythian182 collected $9.02 from pot
*** SUMMARY ***
Total pot $9.50 | Rake $0.48 
Board [Jd Th 9d 6h 3s]
Seat 2: tintin641
Seat 1: Rusti1990Sieg (big blind) folded before Flop
Seat 4: Oli3579 folded on the River
Seat 5: imhungarian8 (button) folded before Flop (didn't bet)
Seat 6: Cythian182 (small blind) collected ($9.02)



PokerStars Hand #254545218817:  Hold'em No Limit ($0.50/$1.00 USD) - 2025/01/25 14:07:20 WET [2025/01/25 9:07:20 ET]
Table 'Hameenlinna IV' 6-max Seat #6 is the button
Seat 2: tintin641 ($102.50 in chips) is sitting out
Seat 1: Rusti1990Sieg ($15.32 in chips) 
Seat 4: Oli3579 ($106.75 in chips) 
Seat 5: imhungarian8 ($100 in chips) 
Seat 6: Cythian182 ($335.04 in chips) 
Rusti1990Sieg: posts small blind $0.50
Oli3579: posts big blind $1
*** HOLE CARDS ***
imhungarian8: folds 
Cythian182: folds 
Rusti1990Sieg: calls $0.50
Oli3579: checks 
*** FLOP *** [Qh 6d 7s]
Rusti1990Sieg: checks 
AndreaBsAs joins the table at seat #3 
Oli3579: checks 
*** TURN *** [Qh 6d 7s] [8d]
Rusti1990Sieg: checks 
Oli3579: bets $1
Rusti1990Sieg: calls $1
*** RIVER *** [Qh 6d 7s 8d] [Js]
Rusti1990Sieg: checks 
Oli3579: bets $2.85
Rusti1990Sieg: folds 
Uncalled bet ($2.85) returned to Oli3579
Oli3579 collected $3.80 from pot
Oli3579: doesn't show hand 
*** SUMMARY ***
Total pot $4 | Rake $0.20 
Board [Qh 6d 7s 8d Js]
Seat 2: tintin641
Seat 1: Rusti1990Sieg (small blind) folded on the River
Seat 4: Oli3579 (big blind) collected ($3.80)
Seat 5: imhungarian8 folded before Flop (didn't bet)
Seat 6: Cythian182 (button) folded before Flop (didn't bet)



PokerStars Hand #254545227534:  Hold'em No Limit ($0.50/$1.00 USD) - 2025/01/25 14:08:06 WET [2025/01/25 9:08:06 ET]
Table 'Hameenlinna IV' 6-max Seat #1 is the button
Seat 2: tintin641 ($102.50 in chips) is sitting out
Seat 3: AndreaBsAs ($100 in chips) is sitting out
Seat 1: Rusti1990Sieg ($13.32 in chips) 
Seat 4: Oli3579 ($108.55 in chips) 
Seat 5: imhungarian8 ($100 in chips) 
Seat 6: Cythian182 ($335.04 in chips) 
Oli3579: posts small blind $0.50
imhungarian8: posts big blind $1
*** HOLE CARDS ***
Cythian182: folds 
Rusti1990Sieg: folds 
Oli3579: folds 
Uncalled bet ($0.50) returned to imhungarian8
imhungarian8 collected $1 from pot
imhungarian8: doesn't show hand 
*** SUMMARY ***
Total pot $1 | Rake $0 
Seat 2: tintin641
Seat 3: AndreaBsAs
Seat 1: Rusti1990Sieg (button) folded before Flop (didn't bet)
Seat 4: Oli3579 (small blind) folded before Flop
Seat 5: imhungarian8 (big blind) collected ($1)
Seat 6: Cythian182 folded before Flop (didn't bet)



PokerStars Hand #254545228788:  Hold'em No Limit ($0.50/$1.00 USD) - 2025/01/25 14:08:12 WET [2025/01/25 9:08:12 ET]
Table 'Hameenlinna IV' 6-max Seat #4 is the button
Seat 2: tintin641 ($102.50 in chips) is sitting out
Seat 3: AndreaBsAs ($100 in chips) is sitting out
Seat 1: Rusti1990Sieg ($13.32 in chips) 
Seat 4: Oli3579 ($108.05 in chips) 
Seat 5: imhungarian8 ($100.50 in chips) 
Seat 6: Cythian182 ($335.04 in chips) 
imhungarian8: posts small blind $0.50
Cythian182: posts big blind $1
AndreaBsAs: sits out 
*** HOLE CARDS ***
Rusti1990Sieg: calls $1
Oli3579: folds 
imhungarian8: raises $4 to $5
Cythian182: folds 
Rusti1990Sieg: folds 
Uncalled bet ($4) returned to imhungarian8
imhungarian8 collected $3 from pot
imhungarian8: doesn't show hand 
*** SUMMARY ***
Total pot $3 | Rake $0 
Seat 2: tintin641
Seat 3: AndreaBsAs
Seat 1: Rusti1990Sieg folded before Flop
Seat 4: Oli3579 (button) folded before Flop (didn't bet)
Seat 5: imhungarian8 (small blind) collected ($3)
Seat 6: Cythian182 (big blind) folded before Flop



PokerStars Hand #254545231711:  Hold'em No Limit ($0.50/$1.00 USD) - 2025/01/25 14:08:28 WET [2025/01/25 9:08:28 ET]
Table 'Hameenlinna IV' 6-max Seat #5 is the button
Seat 2: tintin641 ($102.50 in chips) is sitting out
Seat 3: AndreaBsAs ($100 in chips) is sitting out
Seat 1: Rusti1990Sieg ($12.32 in chips) 
Seat 4: Oli3579 ($108.05 in chips) 
Seat 5: imhungarian8 ($102.50 in chips) 
Seat 6: Cythian182 ($334.04 in chips) 
Cythian182: posts small blind $0.50
Rusti1990Sieg: posts big blind $1
AndreaBsAs: sits out 
*** HOLE CARDS ***
Oli3579: folds 
imhungarian8: folds 
Cythian182: folds 
Uncalled bet ($0.50) returned to Rusti1990Sieg
Rusti1990Sieg collected $1 from pot
*** SUMMARY ***
Total pot $1 | Rake $0 
Seat 2: tintin641
Seat 3: AndreaBsAs
Seat 1: Rusti1990Sieg (big blind) collected ($1)
Seat 4: Oli3579 folded before Flop (didn't bet)
Seat 5: imhungarian8 (button) folded before Flop (didn't bet)
Seat 6: Cythian182 (small blind) folded before Flop



PokerStars Hand #254545235037:  Hold'em No Limit ($0.50/$1.00 USD) - 2025/01/25 14:08:45 WET [2025/01/25 9:08:45 ET]
Table 'Hameenlinna IV' 6-max Seat #6 is the button
Seat 2: tintin641 ($102.50 in chips) is sitting out
Seat 1: Rusti1990Sieg ($12.82 in chips) 
Seat 3: AndreaBsAs ($100 in chips) 
Seat 4: Oli3579 ($108.05 in chips) 
Seat 5: imhungarian8 ($102.50 in chips) 
Seat 6: Cythian182 ($333.54 in chips) 
Rusti1990Sieg: posts small blind $0.50
AndreaBsAs: posts big blind $1
*** HOLE CARDS ***
Oli3579: folds 
imhungarian8: folds 
Cythian182: raises $2 to $3
Rusti1990Sieg: raises $5 to $8
AndreaBsAs: folds 
Cythian182: raises $6 to $14
Rusti1990Sieg: calls $4.82 and is all-in
Uncalled bet ($1.18) returned to Cythian182
*** FLOP *** [As 9s 8s]
*** TURN *** [As 9s 8s] [Td]
*** RIVER *** [As 9s 8s Td] [9d]
*** SHOW DOWN ***
Rusti1990Sieg: shows [Kd Ad] (two pair, Aces and Nines)
Cythian182: shows [Kh 3h] (a pair of Nines)
Rusti1990Sieg cashed out the hand for $18.27 | Cash Out Fee $0.37
*** SUMMARY ***
Total pot $26.64 | Rake $1.33 
Board [As 9s 8s Td 9d]
Seat 2: tintin641
Seat 1: Rusti1990Sieg (small blind) showed [Kd Ad] and won ($25.31) with two pair, Aces and Nines (pot not awarded as player cashed out)
Seat 3: AndreaBsAs (big blind) folded before Flop
Seat 4: Oli3579 folded before Flop (didn't bet)
Seat 5: imhungarian8 folded before Flop (didn't bet)
Seat 6: Cythian182 (button) showed [Kh 3h] and lost with a pair of Nines



PokerStars Hand #254545242995:  Hold'em No Limit ($0.50/$1.00 USD) - 2025/01/25 14:09:27 WET [2025/01/25 9:09:27 ET]
Table 'Hameenlinna IV' 6-max Seat #1 is the button
Seat 2: tintin641 ($102.50 in chips) is sitting out
Seat 1: Rusti1990Sieg ($18.27 in chips) 
Seat 3: AndreaBsAs ($100 in chips) 
Seat 4: Oli3579 ($108.05 in chips) 
Seat 5: imhungarian8 ($102.50 in chips) 
Seat 6: Cythian182 ($320.72 in chips) 
AndreaBsAs: posts small blind $0.50
Oli3579: posts big blind $1
*** HOLE CARDS ***
imhungarian8: folds 
Cythian182: folds 
Cythian182 leaves the table
Rusti1990Sieg: folds 
AndreaBsAs: folds 
Uncalled bet ($0.50) returned to Oli3579
Oli3579 collected $1 from pot
Oli3579: doesn't show hand 
*** SUMMARY ***
Total pot $1 | Rake $0 
Seat 2: tintin641
Seat 1: Rusti1990Sieg (button) folded before Flop (didn't bet)
Seat 3: AndreaBsAs (small blind) folded before Flop
Seat 4: Oli3579 (big blind) collected ($1)
Seat 5: imhungarian8 folded before Flop (didn't bet)
Seat 6: Cythian182 folded before Flop (didn't bet)



PokerStars Hand #254545245895:  Hold'em No Limit ($0.50/$1.00 USD) - 2025/01/25 14:09:42 WET [2025/01/25 9:09:42 ET]
Table 'Hameenlinna IV' 6-max Seat #3 is the button
Seat 2: tintin641 ($102.50 in chips) is sitting out
Seat 1: Rusti1990Sieg ($18.27 in chips) 
Seat 3: AndreaBsAs ($100 in chips) 
Seat 4: Oli3579 ($108.55 in chips) 
Seat 5: imhungarian8 ($102.50 in chips) 
Oli3579: posts small blind $0.50
imhungarian8: posts big blind $1
*** HOLE CARDS ***
Rusti1990Sieg: folds 
AndreaBsAs: raises $1.50 to $2.50
Oli3579: raises $8.50 to $11
imhungarian8: folds 
AndreaBsAs: calls $8.50
*** FLOP *** [4s 6d 8s]
Oli3579: checks 
AndreaBsAs: checks 
*** TURN *** [4s 6d 8s] [Kc]
avstero joins the table at seat #6 
Oli3579: checks 
AndreaBsAs: bets $14.52
Oli3579: folds 
Uncalled bet ($14.52) returned to AndreaBsAs
AndreaBsAs collected $22 from pot
*** SUMMARY ***
Total pot $23 | Rake $1 
Board [4s 6d 8s Kc]
Seat 2: tintin641
Seat 1: Rusti1990Sieg folded before Flop (didn't bet)
Seat 3: AndreaBsAs (button) collected ($22)
Seat 4: Oli3579 (small blind) folded on the Turn
Seat 5: imhungarian8 (big blind) folded before Flop



PokerStars Hand #254545258808:  Hold'em No Limit ($0.50/$1.00 USD) - 2025/01/25 14:10:49 WET [2025/01/25 9:10:49 ET]
Table 'Hameenlinna IV' 6-max Seat #4 is the button
Seat 2: tintin641 ($102.50 in chips) is sitting out
Seat 1: Rusti1990Sieg ($18.27 in chips) 
Seat 3: AndreaBsAs ($111 in chips) 
Seat 4: Oli3579 ($100 in chips) 
Seat 5: imhungarian8 ($101.50 in chips) 
Seat 6: avstero ($100 in chips) 
imhungarian8: posts small blind $0.50
avstero: posts big blind $1
*** HOLE CARDS ***
Rusti1990Sieg: folds 
AndreaBsAs: folds 
Oli3579: folds 
imhungarian8: raises $1.70 to $2.70
avstero: folds 
Uncalled bet ($1.70) returned to imhungarian8
imhungarian8 collected $2 from pot
imhungarian8: doesn't show hand 
*** SUMMARY ***
Total pot $2 | Rake $0 
Seat 2: tintin641
Seat 1: Rusti1990Sieg folded before Flop (didn't bet)
Seat 3: AndreaBsAs folded before Flop (didn't bet)
Seat 4: Oli3579 (button) folded before Flop (didn't bet)
Seat 5: imhungarian8 (small blind) collected ($2)
Seat 6: avstero (big blind) folded before Flop



PokerStars Hand #254545261880:  Hold'em No Limit ($0.50/$1.00 USD) - 2025/01/25 14:11:05 WET [2025/01/25 9:11:05 ET]
Table 'Hameenlinna IV' 6-max Seat #5 is the button
Seat 2: tintin641 ($102.50 in chips) is sitting out
Seat 1: Rusti1990Sieg ($18.27 in chips) 
Seat 3: AndreaBsAs ($111 in chips) 
Seat 4: Oli3579 ($100 in chips) 
Seat 5: imhungarian8 ($102.50 in chips) 
Seat 6: avstero ($99 in chips) 
avstero: posts small blind $0.50
Rusti1990Sieg: posts big blind $1
*** HOLE CARDS ***
AndreaBsAs: raises $1.20 to $2.20
Oli3579: folds 
imhungarian8: folds 
avstero: folds 
Rusti1990Sieg: folds 
Uncalled bet ($1.20) returned to AndreaBsAs
AndreaBsAs collected $2.50 from pot
*** SUMMARY ***
Total pot $2.50 | Rake $0 
Seat 2: tintin641
Seat 1: Rusti1990Sieg (big blind) folded before Flop
Seat 3: AndreaBsAs collected ($2.50)
Seat 4: Oli3579 folded before Flop (didn't bet)
Seat 5: imhungarian8 (button) folded before Flop (didn't bet)
Seat 6: avstero (small blind) folded before Flop



PokerStars Hand #254545264327:  Hold'em No Limit ($0.50/$1.00 USD) - 2025/01/25 14:11:18 WET [2025/01/25 9:11:18 ET]
Table 'Hameenlinna IV' 6-max Seat #6 is the button
Seat 2: tintin641 ($102.50 in chips) is sitting out
Seat 1: Rusti1990Sieg ($17.27 in chips) 
Seat 3: AndreaBsAs ($112.50 in chips) 
Seat 4: Oli3579 ($100 in chips) 
Seat 5: imhungarian8 ($102.50 in chips) 
Seat 6: avstero ($100 in chips) 
Rusti1990Sieg: posts small blind $0.50
AndreaBsAs: posts big blind $1
*** HOLE CARDS ***
Oli3579: folds 
imhungarian8: raises $1.30 to $2.30
avstero: calls $2.30
Rusti1990Sieg: folds 
AndreaBsAs: folds 
*** FLOP *** [5d 7s Ac]
imhungarian8: checks 
avstero: bets $3.55
imhungarian8: calls $3.55
*** TURN *** [5d 7s Ac] [4h]
imhungarian8: checks 
avstero: checks 
*** RIVER *** [5d 7s Ac 4h] [5c]
imhungarian8: checks 
avstero: checks 
*** SHOW DOWN ***
imhungarian8: shows [Ah Kc] (two pair, Aces and Fives)
avstero: mucks hand 
imhungarian8 collected $12.54 from pot
tintin641 leaves the table
*** SUMMARY ***
Total pot $13.20 | Rake $0.66 
Board [5d 7s Ac 4h 5c]
Seat 2: tintin641
Seat 1: Rusti1990Sieg (small blind) folded before Flop
Seat 3: AndreaBsAs (big blind) folded before Flop
Seat 4: Oli3579 folded before Flop (didn't bet)
Seat 5: imhungarian8 showed [Ah Kc] and won ($12.54) with two pair, Aces and Fives
Seat 6: avstero (button) mucked



PokerStars Hand #254545280319:  Hold'em No Limit ($0.50/$1.00 USD) - 2025/01/25 14:12:42 WET [2025/01/25 9:12:42 ET]
Table 'Hameenlinna IV' 6-max Seat #1 is the button
Seat 1: Rusti1990Sieg ($16.77 in chips) 
Seat 3: AndreaBsAs ($111.50 in chips) 
Seat 4: Oli3579 ($100 in chips) 
Seat 5: imhungarian8 ($109.19 in chips) 
Seat 6: avstero ($100 in chips) 
AndreaBsAs: posts small blind $0.50
Oli3579: posts big blind $1
*** HOLE CARDS ***
imhungarian8: folds 
avstero: folds 
Rusti1990Sieg: calls $1
AndreaBsAs: raises $4 to $5
imhungarian8 leaves the table
Oli3579: folds 
Rusti1990Sieg: folds 
Uncalled bet ($4) returned to AndreaBsAs
AndreaBsAs collected $3 from pot
*** SUMMARY ***
Total pot $3 | Rake $0 
Seat 1: Rusti1990Sieg (button) folded before Flop
Seat 3: AndreaBsAs (small blind) collected ($3)
Seat 4: Oli3579 (big blind) folded before Flop
Seat 5: imhungarian8 folded before Flop (didn't bet)
Seat 6: avstero folded before Flop (didn't bet)



PokerStars Hand #254545284855:  Hold'em No Limit ($0.50/$1.00 USD) - 2025/01/25 14:13:05 WET [2025/01/25 9:13:05 ET]
Table 'Hameenlinna IV' 6-max Seat #3 is the button
Seat 1: Rusti1990Sieg ($15.77 in chips) 
Seat 3: AndreaBsAs ($113.50 in chips) 
Seat 4: Oli3579 ($100 in chips) 
Seat 6: avstero ($100 in chips) 
Oli3579: posts small blind $0.50
avstero: posts big blind $1
*** HOLE CARDS ***
Rusti1990Sieg: folds 
AndreaBsAs: folds 
Oli3579: folds 
Uncalled bet ($0.50) returned to avstero
avstero collected $1 from pot
avstero: doesn't show hand 
*** SUMMARY ***
Total pot $1 | Rake $0 
Seat 1: Rusti1990Sieg folded before Flop (didn't bet)
Seat 3: AndreaBsAs (button) folded before Flop (didn't bet)
Seat 4: Oli3579 (small blind) folded before Flop
Seat 6: avstero (big blind) collected ($1)



PokerStars Hand #254545287526:  Hold'em No Limit ($0.50/$1.00 USD) - 2025/01/25 14:13:19 WET [2025/01/25 9:13:19 ET]
Table 'Hameenlinna IV' 6-max Seat #4 is the button
Seat 1: Rusti1990Sieg ($15.77 in chips) 
Seat 3: AndreaBsAs ($113.50 in chips) 
Seat 4: Oli3579 ($100 in chips) 
Seat 6: avstero ($100.50 in chips) 
avstero: posts small blind $0.50
Rusti1990Sieg: posts big blind $1
*** HOLE CARDS ***
AndreaBsAs: raises $1.50 to $2.50
Oli3579: folds 
avstero: folds 
Rusti1990Sieg: folds 
Uncalled bet ($1.50) returned to AndreaBsAs
AndreaBsAs collected $2.50 from pot
*** SUMMARY ***
Total pot $2.50 | Rake $0 
Seat 1: Rusti1990Sieg (big blind) folded before Flop
Seat 3: AndreaBsAs collected ($2.50)
Seat 4: Oli3579 (button) folded before Flop (didn't bet)
Seat 6: avstero (small blind) folded before Flop



PokerStars Hand #254545289911:  Hold'em No Limit ($0.50/$1.00 USD) - 2025/01/25 14:13:32 WET [2025/01/25 9:13:32 ET]
Table 'Hameenlinna IV' 6-max Seat #6 is the button
Seat 1: Rusti1990Sieg ($14.77 in chips) 
Seat 3: AndreaBsAs ($115 in chips) 
Seat 4: Oli3579 ($100 in chips) 
Seat 6: avstero ($100 in chips) 
Rusti1990Sieg: posts small blind $0.50
AndreaBsAs: posts big blind $1
*** HOLE CARDS ***
Oli3579: folds 
avstero: raises $1 to $2
Rusti1990Sieg: calls $1.50
AndreaBsAs: folds 
*** FLOP *** [Td 5d Kd]
monika3535 joins the table at seat #5 
Rusti1990Sieg: checks 
fedor0f joins the table at seat #2 
avstero: bets $1.43
Rusti1990Sieg: calls $1.43
*** TURN *** [Td 5d Kd] [9c]
Rusti1990Sieg: checks 
avstero: checks 
*** RIVER *** [Td 5d Kd 9c] [4d]
Rusti1990Sieg: checks 
avstero: bets $17.58
Rusti1990Sieg: folds 
Uncalled bet ($17.58) returned to avstero
avstero collected $7.47 from pot
avstero: doesn't show hand 
*** SUMMARY ***
Total pot $7.86 | Rake $0.39 
Board [Td 5d Kd 9c 4d]
Seat 1: Rusti1990Sieg (small blind) folded on the River
Seat 3: AndreaBsAs (big blind) folded before Flop
Seat 4: Oli3579 folded before Flop (didn't bet)
Seat 6: avstero (button) collected ($7.47)



PokerStars Hand #254545301578:  Hold'em No Limit ($0.50/$1.00 USD) - 2025/01/25 14:14:32 WET [2025/01/25 9:14:32 ET]
Table 'Hameenlinna IV' 6-max Seat #1 is the button
Seat 2: fedor0f ($100 in chips) is sitting out
Seat 5: monika3535 ($24.96 in chips) is sitting out
Seat 1: Rusti1990Sieg ($11.34 in chips) 
Seat 3: AndreaBsAs ($114 in chips) 
Seat 4: Oli3579 ($100 in chips) 
Seat 6: avstero ($104.04 in chips) 
AndreaBsAs: posts small blind $0.50
Oli3579: posts big blind $1
monika3535: sits out 
*** HOLE CARDS ***
avstero: folds 
Rusti1990Sieg: calls $1
AndreaBsAs: folds 
Oli3579: checks 
*** FLOP *** [5h 4h Jh]
Oli3579: checks 
Rusti1990Sieg: bets $1.19
Oli3579: raises $2.64 to $3.83
Rusti1990Sieg: raises $2.64 to $6.47
Oli3579: raises $11.49 to $17.96
Rusti1990Sieg: calls $3.87 and is all-in
Uncalled bet ($7.62) returned to Oli3579
*** TURN *** [5h 4h Jh] [2c]
*** RIVER *** [5h 4h Jh 2c] [6h]
*** SHOW DOWN ***
Oli3579: shows [4c Jc] (two pair, Jacks and Fours)
Rusti1990Sieg: shows [Jd Ts] (a pair of Jacks)
Oli3579 collected $22.18 from pot
Rusti1990Sieg cashed out the hand for $5.98 | Cash Out Fee $0.12
*** SUMMARY ***
Total pot $23.18 | Rake $1 
Board [5h 4h Jh 2c 6h]
Seat 2: fedor0f
Seat 5: monika3535
Seat 1: Rusti1990Sieg (button) showed [Jd Ts] and lost with a pair of Jacks (cashed out).
Seat 3: AndreaBsAs (small blind) folded before Flop
Seat 4: Oli3579 (big blind) showed [4c Jc] and won ($22.18) with two pair, Jacks and Fours
Seat 6: avstero folded before Flop (didn't bet)



PokerStars Hand #254545308208:  Hold'em No Limit ($0.50/$1.00 USD) - 2025/01/25 14:15:06 WET [2025/01/25 9:15:06 ET]
Table 'Hameenlinna IV' 6-max Seat #3 is the button
Seat 2: fedor0f ($100 in chips) is sitting out
Seat 1: Rusti1990Sieg ($5.98 in chips) 
Seat 3: AndreaBsAs ($113.50 in chips) 
Seat 4: Oli3579 ($110.84 in chips) 
Seat 5: monika3535 ($24.96 in chips) 
Seat 6: avstero ($104.04 in chips) 
Oli3579: posts small blind $0.50
monika3535: posts big blind $1
fedor0f: sits out 
*** HOLE CARDS ***
avstero: folds 
Rusti1990Sieg: raises $4.98 to $5.98 and is all-in
AndreaBsAs: folds 
Oli3579: folds 
monika3535: folds 
Uncalled bet ($4.98) returned to Rusti1990Sieg
Rusti1990Sieg collected $2.50 from pot
*** SUMMARY ***
Total pot $2.50 | Rake $0 
Seat 2: fedor0f
Seat 1: Rusti1990Sieg collected ($2.50)
Seat 3: AndreaBsAs (button) folded before Flop (didn't bet)
Seat 4: Oli3579 (small blind) folded before Flop
Seat 5: monika3535 (big blind) folded before Flop
Seat 6: avstero folded before Flop (didn't bet)



PokerStars Hand #254545311833:  Hold'em No Limit ($0.50/$1.00 USD) - 2025/01/25 14:15:25 WET [2025/01/25 9:15:25 ET]
Table 'Hameenlinna IV' 6-max Seat #4 is the button
Seat 2: fedor0f ($100 in chips) is sitting out
Seat 1: Rusti1990Sieg ($7.48 in chips) 
Seat 3: AndreaBsAs ($113.50 in chips) 
Seat 4: Oli3579 ($110.34 in chips) 
Seat 5: monika3535 ($23.96 in chips) 
Seat 6: avstero ($104.04 in chips) 
monika3535: posts small blind $0.50
avstero: posts big blind $1
fedor0f: sits out 
*** HOLE CARDS ***
Rusti1990Sieg: folds 
AndreaBsAs: folds 
Oli3579: raises $1 to $2
monika3535: folds 
avstero: folds 
Uncalled bet ($1) returned to Oli3579
Oli3579 collected $2.50 from pot
Oli3579: doesn't show hand 
*** SUMMARY ***
Total pot $2.50 | Rake $0 
Seat 2: fedor0f
Seat 1: Rusti1990Sieg folded before Flop (didn't bet)
Seat 3: AndreaBsAs folded before Flop (didn't bet)
Seat 4: Oli3579 (button) collected ($2.50)
Seat 5: monika3535 (small blind) folded before Flop
Seat 6: avstero (big blind) folded before Flop



PokerStars Hand #254545317751:  Hold'em No Limit ($0.50/$1.00 USD) - 2025/01/25 14:15:56 WET [2025/01/25 9:15:56 ET]
Table 'Hameenlinna IV' 6-max Seat #5 is the button
Seat 2: fedor0f ($100 in chips) is sitting out
Seat 1: Rusti1990Sieg ($7.48 in chips) 
Seat 3: AndreaBsAs ($113.50 in chips) 
Seat 4: Oli3579 ($111.84 in chips) 
Seat 5: monika3535 ($23.46 in chips) 
Seat 6: avstero ($103.04 in chips) 
avstero: posts small blind $0.50
Rusti1990Sieg: posts big blind $1
fedor0f: sits out 
*** HOLE CARDS ***
AndreaBsAs: raises $1.20 to $2.20
Oli3579: folds 
monika3535: folds 
avstero: folds 
Rusti1990Sieg: calls $1.20
*** FLOP *** [5d 4c Jc]
Rusti1990Sieg: checks 
AndreaBsAs: bets $2.33
Rusti1990Sieg: calls $2.33
*** TURN *** [5d 4c Jc] [Th]
Rusti1990Sieg: checks 
AndreaBsAs: bets $3.54
Rusti1990Sieg: calls $2.95 and is all-in
Uncalled bet ($0.59) returned to AndreaBsAs
AndreaBsAs has timed out
*** RIVER *** [5d 4c Jc Th] [6d]
*** SHOW DOWN ***
Rusti1990Sieg: shows [5s 4d] (two pair, Fives and Fours)
AndreaBsAs: shows [Ad Jh] (a pair of Jacks)
Rusti1990Sieg collected $14.69 from pot
*** SUMMARY ***
Total pot $15.46 | Rake $0.77 
Board [5d 4c Jc Th 6d]
Seat 2: fedor0f
Seat 1: Rusti1990Sieg (big blind) showed [5s 4d] and won ($14.69) with two pair, Fives and Fours
Seat 3: AndreaBsAs showed [Ad Jh] and lost with a pair of Jacks
Seat 4: Oli3579 folded before Flop (didn't bet)
Seat 5: monika3535 (button) folded before Flop (didn't bet)
Seat 6: avstero (small blind) folded before Flop



PokerStars Hand #254545332595:  Hold'em No Limit ($0.50/$1.00 USD) - 2025/01/25 14:17:11 WET [2025/01/25 9:17:11 ET]
Table 'Hameenlinna IV' 6-max Seat #6 is the button
Seat 1: Rusti1990Sieg ($14.69 in chips) 
Seat 2: fedor0f ($100 in chips) 
Seat 3: AndreaBsAs ($106.02 in chips) 
Seat 4: Oli3579 ($111.84 in chips) 
Seat 5: monika3535 ($23.46 in chips) 
Seat 6: avstero ($102.54 in chips) 
Rusti1990Sieg: posts small blind $0.50
fedor0f: posts big blind $1
*** HOLE CARDS ***
AndreaBsAs: folds 
Oli3579: folds 
monika3535: folds 
avstero: folds 
Rusti1990Sieg: calls $0.50
fedor0f: checks 
*** FLOP *** [Jd Tc 5c]
Rusti1990Sieg: checks 
fedor0f: checks 
*** TURN *** [Jd Tc 5c] [4h]
Rusti1990Sieg: checks 
fedor0f: checks 
*** RIVER *** [Jd Tc 5c 4h] [4c]
Rusti1990Sieg: checks 
fedor0f: checks 
*** SHOW DOWN ***
Rusti1990Sieg: shows [3s Qh] (a pair of Fours)
fedor0f: shows [5s 6d] (two pair, Fives and Fours)
fedor0f collected $1.90 from pot
*** SUMMARY ***
Total pot $2 | Rake $0.10 
Board [Jd Tc 5c 4h 4c]
Seat 1: Rusti1990Sieg (small blind) showed [3s Qh] and lost with a pair of Fours
Seat 2: fedor0f (big blind) showed [5s 6d] and won ($1.90) with two pair, Fives and Fours
Seat 3: AndreaBsAs folded before Flop (didn't bet)
Seat 4: Oli3579 folded before Flop (didn't bet)
Seat 5: monika3535 folded before Flop (didn't bet)
Seat 6: avstero (button) folded before Flop (didn't bet)



PokerStars Hand #254545341636:  Hold'em No Limit ($0.50/$1.00 USD) - 2025/01/25 14:17:58 WET [2025/01/25 9:17:58 ET]
Table 'Hameenlinna IV' 6-max Seat #1 is the button
Seat 1: Rusti1990Sieg ($13.69 in chips) 
Seat 2: fedor0f ($100.90 in chips) 
Seat 3: AndreaBsAs ($106.02 in chips) 
Seat 4: Oli3579 ($111.84 in chips) 
Seat 5: monika3535 ($23.46 in chips) 
Seat 6: avstero ($102.54 in chips) 
fedor0f: posts small blind $0.50
AndreaBsAs: posts big blind $1
*** HOLE CARDS ***
Oli3579: folds 
monika3535: calls $1
avstero: folds 
Rusti1990Sieg: folds 
fedor0f: folds 
AndreaBsAs: checks 
*** FLOP *** [9h 5s 4s]
AndreaBsAs: bets $1.19
monika3535: calls $1.19
*** TURN *** [9h 5s 4s] [Jd]
AndreaBsAs: checks 
monika3535: bets $2.32
AndreaBsAs: calls $2.32
*** RIVER *** [9h 5s 4s Jd] [4h]
AndreaBsAs: checks 
monika3535: checks 
*** SHOW DOWN ***
AndreaBsAs: shows [7s 9d] (two pair, Nines and Fours)
monika3535: shows [Js Kd] (two pair, Jacks and Fours)
monika3535 collected $9.04 from pot
*** SUMMARY ***
Total pot $9.52 | Rake $0.48 
Board [9h 5s 4s Jd 4h]
Seat 1: Rusti1990Sieg (button) folded before Flop (didn't bet)
Seat 2: fedor0f (small blind) folded before Flop
Seat 3: AndreaBsAs (big blind) showed [7s 9d] and lost with two pair, Nines and Fours
Seat 4: Oli3579 folded before Flop (didn't bet)
Seat 5: monika3535 showed [Js Kd] and won ($9.04) with two pair, Jacks and Fours
Seat 6: avstero folded before Flop (didn't bet)



PokerStars Hand #254545353102:  Hold'em No Limit ($0.50/$1.00 USD) - 2025/01/25 14:18:57 WET [2025/01/25 9:18:57 ET]
Table 'Hameenlinna IV' 6-max Seat #2 is the button
Seat 1: Rusti1990Sieg ($13.69 in chips) 
Seat 2: fedor0f ($100.40 in chips) 
Seat 3: AndreaBsAs ($101.51 in chips) 
Seat 4: Oli3579 ($111.84 in chips) 
Seat 5: monika3535 ($27.99 in chips) 
Seat 6: avstero ($102.54 in chips) 
AndreaBsAs: posts small blind $0.50
Oli3579: posts big blind $1
*** HOLE CARDS ***
monika3535: folds 
avstero: folds 
Rusti1990Sieg: calls $1
fedor0f: raises $2.50 to $3.50
AndreaBsAs: folds 
Oli3579: folds 
Rusti1990Sieg: raises $10.19 to $13.69 and is all-in
fedor0f: folds 
Uncalled bet ($10.19) returned to Rusti1990Sieg
Rusti1990Sieg collected $8.50 from pot
*** SUMMARY ***
Total pot $8.50 | Rake $0 
Seat 1: Rusti1990Sieg collected ($8.50)
Seat 2: fedor0f (button) folded before Flop
Seat 3: AndreaBsAs (small blind) folded before Flop
Seat 4: Oli3579 (big blind) folded before Flop
Seat 5: monika3535 folded before Flop (didn't bet)
Seat 6: avstero folded before Flop (didn't bet)



PokerStars Hand #254545359996:  Hold'em No Limit ($0.50/$1.00 USD) - 2025/01/25 14:19:32 WET [2025/01/25 9:19:32 ET]
Table 'Hameenlinna IV' 6-max Seat #3 is the button
Seat 1: Rusti1990Sieg ($18.69 in chips) 
Seat 2: fedor0f ($100 in chips) 
Seat 3: AndreaBsAs ($101.01 in chips) 
Seat 4: Oli3579 ($110.84 in chips) 
Seat 5: monika3535 ($27.99 in chips) 
Seat 6: avstero ($102.54 in chips) 
Oli3579: posts small blind $0.50
monika3535: posts big blind $1
*** HOLE CARDS ***
avstero: folds 
Rusti1990Sieg: calls $1
fedor0f: raises $1.50 to $2.50
AndreaBsAs: folds 
Oli3579: folds 
monika3535: folds 
Rusti1990Sieg: calls $1.50
*** FLOP *** [Kc 9d 8c]
Rusti1990Sieg: checks 
fedor0f: bets $1.24
Rusti1990Sieg: calls $1.24
*** TURN *** [Kc 9d 8c] [Ks]
Rusti1990Sieg: checks 
fedor0f: checks 
*** RIVER *** [Kc 9d 8c Ks] [Tc]
Rusti1990Sieg: bets $4.27
fedor0f: folds 
Uncalled bet ($4.27) returned to Rusti1990Sieg
Rusti1990Sieg collected $8.53 from pot
*** SUMMARY ***
Total pot $8.98 | Rake $0.45 
Board [Kc 9d 8c Ks Tc]
Seat 1: Rusti1990Sieg collected ($8.53)
Seat 2: fedor0f folded on the River
Seat 3: AndreaBsAs (button) folded before Flop (didn't bet)
Seat 4: Oli3579 (small blind) folded before Flop
Seat 5: monika3535 (big blind) folded before Flop
Seat 6: avstero folded before Flop (didn't bet)



PokerStars Hand #254545369830:  Hold'em No Limit ($0.50/$1.00 USD) - 2025/01/25 14:20:22 WET [2025/01/25 9:20:22 ET]
Table 'Hameenlinna IV' 6-max Seat #4 is the button
Seat 1: Rusti1990Sieg ($23.48 in chips) 
Seat 2: fedor0f ($100 in chips) 
Seat 3: AndreaBsAs ($101.01 in chips) 
Seat 4: Oli3579 ($110.34 in chips) 
Seat 5: monika3535 ($26.99 in chips) 
Seat 6: avstero ($102.54 in chips) 
monika3535: posts small blind $0.50
avstero: posts big blind $1
*** HOLE CARDS ***
Rusti1990Sieg: folds 
fedor0f: folds 
AndreaBsAs: folds 
Oli3579: raises $1 to $2
monika3535: calls $1.50
avstero: calls $1
*** FLOP *** [As 2d 8s]
monika3535: checks 
avstero: checks 
Oli3579: checks 
*** TURN *** [As 2d 8s] [4s]
monika3535: checks 
avstero: checks 
Oli3579: checks 
*** RIVER *** [As 2d 8s 4s] [2h]
monika3535: checks 
avstero: bets $2.60
Oli3579: folds 
monika3535: folds 
Uncalled bet ($2.60) returned to avstero
avstero collected $5.70 from pot
avstero: doesn't show hand 
*** SUMMARY ***
Total pot $6 | Rake $0.30 
Board [As 2d 8s 4s 2h]
Seat 1: Rusti1990Sieg folded before Flop (didn't bet)
Seat 2: fedor0f folded before Flop (didn't bet)
Seat 3: AndreaBsAs folded before Flop (didn't bet)
Seat 4: Oli3579 (button) folded on the River
Seat 5: monika3535 (small blind) folded on the River
Seat 6: avstero (big blind) collected ($5.70)



PokerStars Hand #254545388089:  Hold'em No Limit ($0.50/$1.00 USD) - 2025/01/25 14:21:57 WET [2025/01/25 9:21:57 ET]
Table 'Hameenlinna IV' 6-max Seat #5 is the button
Seat 1: Rusti1990Sieg ($23.48 in chips) 
Seat 2: fedor0f ($100 in chips) 
Seat 3: AndreaBsAs ($101.01 in chips) 
Seat 4: Oli3579 ($108.34 in chips) 
Seat 5: monika3535 ($24.99 in chips) 
Seat 6: avstero ($106.24 in chips) 
avstero: posts small blind $0.50
Rusti1990Sieg: posts big blind $1
*** HOLE CARDS ***
fedor0f: folds 
AndreaBsAs: raises $1.20 to $2.20
Oli3579: folds 
monika3535: folds 
avstero: folds 
monika3535 leaves the table
Rusti1990Sieg: calls $1.20
*** FLOP *** [4s As Ad]
Rusti1990Sieg: checks 
AndreaBsAs: bets $1.54
Rusti1990Sieg: calls $1.54
*** TURN *** [4s As Ad] [Kh]
Rusti1990Sieg: checks 
AndreaBsAs: bets $2.50
Cositorto joins the table at seat #5 
Rusti1990Sieg: raises $2.50 to $5
AndreaBsAs: folds 
Uncalled bet ($2.50) returned to Rusti1990Sieg
Rusti1990Sieg collected $12.33 from pot
*** SUMMARY ***
Total pot $12.98 | Rake $0.65 
Board [4s As Ad Kh]
Seat 1: Rusti1990Sieg (big blind) collected ($12.33)
Seat 2: fedor0f folded before Flop (didn't bet)
Seat 3: AndreaBsAs folded on the Turn
Seat 4: Oli3579 folded before Flop (didn't bet)
Seat 5: monika3535 (button) folded before Flop (didn't bet)
Seat 6: avstero (small blind) folded before Flop



PokerStars Hand #254545400842:  Hold'em No Limit ($0.50/$1.00 USD) - 2025/01/25 14:23:02 WET [2025/01/25 9:23:02 ET]
Table 'Hameenlinna IV' 6-max Seat #6 is the button
Seat 2: fedor0f ($100 in chips) is sitting out
Seat 3: AndreaBsAs ($100 in chips) is sitting out
Seat 5: Cositorto ($100 in chips) is sitting out
Seat 1: Rusti1990Sieg ($29.57 in chips) 
Seat 4: Oli3579 ($108.34 in chips) 
Seat 6: avstero ($105.74 in chips) 
Rusti1990Sieg: posts small blind $0.50
fedor0f: is sitting out 
AndreaBsAs: is sitting out 
Oli3579: posts big blind $1
Cositorto: sits out 
*** HOLE CARDS ***
fedor0f leaves the table
avstero: folds 
Rusti1990Sieg: calls $0.50
Oli3579: checks 
*** FLOP *** [4d 8d 9d]
Rusti1990Sieg: checks 
Oli3579: checks 
*** TURN *** [4d 8d 9d] [Kd]
Rusti1990Sieg: checks 
Oli3579: checks 
*** RIVER *** [4d 8d 9d Kd] [9s]
Rusti1990Sieg: checks 
RAidakCo joins the table at seat #2 
Oli3579: checks 
*** SHOW DOWN ***
Rusti1990Sieg: shows [Th Tc] (two pair, Tens and Nines)
Oli3579: shows [Kh 7s] (two pair, Kings and Nines)
Oli3579 collected $1.90 from pot
*** SUMMARY ***
Total pot $2 | Rake $0.10 
Board [4d 8d 9d Kd 9s]
Seat 2: fedor0f
Seat 3: AndreaBsAs
Seat 5: Cositorto
Seat 1: Rusti1990Sieg (small blind) showed [Th Tc] and lost with two pair, Tens and Nines
Seat 4: Oli3579 (big blind) showed [Kh 7s] and won ($1.90) with two pair, Kings and Nines
Seat 6: avstero (button) folded before Flop (didn't bet)



PokerStars Hand #254545407764:  Hold'em No Limit ($0.50/$1.00 USD) - 2025/01/25 14:23:37 WET [2025/01/25 9:23:37 ET]
Table 'Hameenlinna IV' 6-max Seat #1 is the button
Seat 2: RAidakCo ($100 in chips) is sitting out
Seat 3: AndreaBsAs ($100 in chips) is sitting out
Seat 1: Rusti1990Sieg ($28.57 in chips) 
Seat 4: Oli3579 ($109.24 in chips) 
Seat 5: Cositorto ($100 in chips) 
Seat 6: avstero ($105.74 in chips) 
Oli3579: posts small blind $0.50
Cositorto: posts big blind $1
*** HOLE CARDS ***
avstero: raises $1.20 to $2.20
Rusti1990Sieg: folds 
Oli3579: raises $8.80 to $11
Cositorto: folds 
avstero: folds 
Uncalled bet ($8.80) returned to Oli3579
Oli3579 collected $5.40 from pot
Oli3579: doesn't show hand 
*** SUMMARY ***
Total pot $5.40 | Rake $0 
Seat 2: RAidakCo
Seat 3: AndreaBsAs
Seat 1: Rusti1990Sieg (button) folded before Flop (didn't bet)
Seat 4: Oli3579 (small blind) collected ($5.40)
Seat 5: Cositorto (big blind) folded before Flop
Seat 6: avstero folded before Flop



PokerStars Hand #254545413103:  Hold'em No Limit ($0.50/$1.00 USD) - 2025/01/25 14:24:05 WET [2025/01/25 9:24:05 ET]
Table 'Hameenlinna IV' 6-max Seat #4 is the button
Seat 2: RAidakCo ($100 in chips) is sitting out
Seat 1: Rusti1990Sieg ($28.57 in chips) 
Seat 4: Oli3579 ($112.44 in chips) 
Seat 5: Cositorto ($100 in chips) 
Seat 6: avstero ($103.54 in chips) 
AndreaBsAs leaves the table
Cositorto: posts small blind $0.50
avstero: posts big blind $1
RAidakCo: sits out 
*** HOLE CARDS ***
Rusti1990Sieg: calls $1
Oli3579: folds 
Cositorto: folds 
avstero: checks 
*** FLOP *** [Ts 2d Qs]
Rdalonso joins the table at seat #3 
avstero: bets $1.40
Rusti1990Sieg: calls $1.40
*** TURN *** [Ts 2d Qs] [3c]
avstero: bets $3
Rusti1990Sieg: calls $3
*** RIVER *** [Ts 2d Qs 3c] [8c]
avstero: checks 
Rusti1990Sieg: checks 
*** SHOW DOWN ***
avstero: shows [Qc 5c] (a pair of Queens)
Rusti1990Sieg: shows [Qh Jd] (a pair of Queens - Jack kicker)
Rusti1990Sieg collected $10.74 from pot
*** SUMMARY ***
Total pot $11.30 | Rake $0.56 
Board [Ts 2d Qs 3c 8c]
Seat 2: RAidakCo
Seat 1: Rusti1990Sieg showed [Qh Jd] and won ($10.74) with a pair of Queens
Seat 4: Oli3579 (button) folded before Flop (didn't bet)
Seat 5: Cositorto (small blind) folded before Flop
Seat 6: avstero (big blind) showed [Qc 5c] and lost with a pair of Queens



PokerStars Hand #254545423692:  Hold'em No Limit ($0.50/$1.00 USD) - 2025/01/25 14:24:59 WET [2025/01/25 9:24:59 ET]
Table 'Hameenlinna IV' 6-max Seat #5 is the button
Seat 2: RAidakCo ($100 in chips) is sitting out
Seat 3: Rdalonso ($100 in chips) is sitting out
Seat 1: Rusti1990Sieg ($33.91 in chips) 
Seat 4: Oli3579 ($112.44 in chips) 
Seat 5: Cositorto ($100 in chips) 
Seat 6: avstero ($100 in chips) 
avstero: posts small blind $0.50
Rusti1990Sieg: posts big blind $1
RAidakCo: sits out 
Rdalonso: sits out 
*** HOLE CARDS ***
Oli3579: folds 
Cositorto: raises $1.50 to $2.50
avstero: calls $2
Rusti1990Sieg: folds 
*** FLOP *** [4h 2h Td]
avstero: checks 
Cositorto: bets $1.54
avstero: calls $1.54
*** TURN *** [4h 2h Td] [Th]
avstero: checks 
Cositorto: bets $4.32
avstero: calls $4.32
*** RIVER *** [4h 2h Td Th] [Ks]
avstero: checks 
Cositorto: checks 
*** SHOW DOWN ***
avstero: shows [6c 6d] (two pair, Tens and Sixes)
Cositorto: mucks hand 
avstero collected $16.83 from pot
*** SUMMARY ***
Total pot $17.72 | Rake $0.89 
Board [4h 2h Td Th Ks]
Seat 2: RAidakCo
Seat 3: Rdalonso
Seat 1: Rusti1990Sieg (big blind) folded before Flop
Seat 4: Oli3579 folded before Flop (didn't bet)
Seat 5: Cositorto (button) mucked
Seat 6: avstero (small blind) showed [6c 6d] and won ($16.83) with two pair, Tens and Sixes



PokerStars Hand #254545441861:  Hold'em No Limit ($0.50/$1.00 USD) - 2025/01/25 14:26:31 WET [2025/01/25 9:26:31 ET]
Table 'Hameenlinna IV' 6-max Seat #6 is the button
Seat 3: Rdalonso ($100 in chips) is sitting out
Seat 1: Rusti1990Sieg ($32.91 in chips) 
Seat 2: RAidakCo ($100 in chips) 
Seat 4: Oli3579 ($112.44 in chips) 
Seat 5: Cositorto ($100 in chips) 
Seat 6: avstero ($108.47 in chips) 
Rusti1990Sieg: posts small blind $0.50
RAidakCo: posts big blind $1
Rdalonso: sits out 
*** HOLE CARDS ***
Oli3579: folds 
Cositorto: folds 
avstero: folds 
Rusti1990Sieg: calls $0.50
RAidakCo: raises $3 to $4
Rusti1990Sieg: calls $3
*** FLOP *** [9c Ts 4h]
Rusti1990Sieg: checks 
RAidakCo: checks 
*** TURN *** [9c Ts 4h] [8h]
Rusti1990Sieg: bets $3.80
RAidakCo: folds 
Uncalled bet ($3.80) returned to Rusti1990Sieg
Rusti1990Sieg collected $7.60 from pot
*** SUMMARY ***
Total pot $8 | Rake $0.40 
Board [9c Ts 4h 8h]
Seat 3: Rdalonso
Seat 1: Rusti1990Sieg (small blind) collected ($7.60)
Seat 2: RAidakCo (big blind) folded on the Turn
Seat 4: Oli3579 folded before Flop (didn't bet)
Seat 5: Cositorto folded before Flop (didn't bet)
Seat 6: avstero (button) folded before Flop (didn't bet)



PokerStars Hand #254545448945:  Hold'em No Limit ($0.50/$1.00 USD) - 2025/01/25 14:27:07 WET [2025/01/25 9:27:07 ET]
Table 'Hameenlinna IV' 6-max Seat #1 is the button
Seat 1: Rusti1990Sieg ($36.51 in chips) 
Seat 2: RAidakCo ($100 in chips) 
Seat 3: Rdalonso ($100 in chips) 
Seat 4: Oli3579 ($112.44 in chips) 
Seat 5: Cositorto ($100 in chips) 
Seat 6: avstero ($108.47 in chips) 
RAidakCo: posts small blind $0.50
Rdalonso: posts big blind $1
*** HOLE CARDS ***
Oli3579: folds 
Cositorto: folds 
avstero: folds 
Rusti1990Sieg: calls $1
RAidakCo: calls $0.50
Rdalonso: checks 
*** FLOP *** [7c 4h 2h]
RAidakCo: checks 
Rdalonso: checks 
Rusti1990Sieg: checks 
*** TURN *** [7c 4h 2h] [9s]
RAidakCo: checks 
Rdalonso: checks 
Rusti1990Sieg: checks 
*** RIVER *** [7c 4h 2h 9s] [Ah]
RAidakCo: bets $2.14
Rdalonso: folds 
Rusti1990Sieg: folds 
Uncalled bet ($2.14) returned to RAidakCo
RAidakCo collected $2.85 from pot
RAidakCo: doesn't show hand 
*** SUMMARY ***
Total pot $3 | Rake $0.15 
Board [7c 4h 2h 9s Ah]
Seat 1: Rusti1990Sieg (button) folded on the River
Seat 2: RAidakCo (small blind) collected ($2.85)
Seat 3: Rdalonso (big blind) folded on the River
Seat 4: Oli3579 folded before Flop (didn't bet)
Seat 5: Cositorto folded before Flop (didn't bet)
Seat 6: avstero folded before Flop (didn't bet)



PokerStars Hand #254545460275:  Hold'em No Limit ($0.50/$1.00 USD) - 2025/01/25 14:28:03 WET [2025/01/25 9:28:03 ET]
Table 'Hameenlinna IV' 6-max Seat #2 is the button
Seat 1: Rusti1990Sieg ($35.51 in chips) 
Seat 2: RAidakCo ($101.85 in chips) 
Seat 3: Rdalonso ($100 in chips) 
Seat 4: Oli3579 ($112.44 in chips) 
Seat 5: Cositorto ($100 in chips) 
Seat 6: avstero ($108.47 in chips) 
Rdalonso: posts small blind $0.50
Oli3579: posts big blind $1
*** HOLE CARDS ***
Cositorto: folds 
avstero: folds 
Rusti1990Sieg: calls $1
RAidakCo: folds 
Rdalonso: calls $0.50
Oli3579: checks 
*** FLOP *** [9c 6h 8d]
Rdalonso: checks 
Oli3579: checks 
Rusti1990Sieg: checks 
*** TURN *** [9c 6h 8d] [9s]
Rdalonso: checks 
Oli3579: checks 
Rusti1990Sieg: checks 
*** RIVER *** [9c 6h 8d 9s] [Qc]
Rdalonso: checks 
Oli3579: checks 
Rusti1990Sieg: checks 
*** SHOW DOWN ***
Rdalonso: shows [7s 6c] (two pair, Nines and Sixes)
Oli3579: mucks hand 
Rusti1990Sieg: mucks hand 
Rdalonso collected $2.85 from pot
*** SUMMARY ***
Total pot $3 | Rake $0.15 
Board [9c 6h 8d 9s Qc]
Seat 1: Rusti1990Sieg mucked
Seat 2: RAidakCo (button) folded before Flop (didn't bet)
Seat 3: Rdalonso (small blind) showed [7s 6c] and won ($2.85) with two pair, Nines and Sixes
Seat 4: Oli3579 (big blind) mucked
Seat 5: Cositorto folded before Flop (didn't bet)
Seat 6: avstero folded before Flop (didn't bet)



PokerStars Hand #254545469820:  Hold'em No Limit ($0.50/$1.00 USD) - 2025/01/25 14:28:52 WET [2025/01/25 9:28:52 ET]
Table 'Hameenlinna IV' 6-max Seat #3 is the button
Seat 1: Rusti1990Sieg ($34.51 in chips) 
Seat 2: RAidakCo ($101.85 in chips) 
Seat 3: Rdalonso ($101.85 in chips) 
Seat 4: Oli3579 ($111.44 in chips) 
Seat 5: Cositorto ($100 in chips) 
Seat 6: avstero ($108.47 in chips) 
Oli3579: posts small blind $0.50
Cositorto: posts big blind $1
*** HOLE CARDS ***
avstero: folds 
Rusti1990Sieg: calls $1
RAidakCo: folds 
Rdalonso: folds 
Oli3579: raises $4.50 to $5.50
Cositorto: folds 
Rusti1990Sieg: folds 
Uncalled bet ($4.50) returned to Oli3579
Oli3579 collected $3 from pot
Oli3579: doesn't show hand 
*** SUMMARY ***
Total pot $3 | Rake $0 
Seat 1: Rusti1990Sieg folded before Flop
Seat 2: RAidakCo folded before Flop (didn't bet)
Seat 3: Rdalonso (button) folded before Flop (didn't bet)
Seat 4: Oli3579 (small blind) collected ($3)
Seat 5: Cositorto (big blind) folded before Flop
Seat 6: avstero folded before Flop (didn't bet)



PokerStars Hand #254545473924:  Hold'em No Limit ($0.50/$1.00 USD) - 2025/01/25 14:29:13 WET [2025/01/25 9:29:13 ET]
Table 'Hameenlinna IV' 6-max Seat #4 is the button
Seat 1: Rusti1990Sieg ($33.51 in chips) 
Seat 2: RAidakCo ($101.85 in chips) 
Seat 3: Rdalonso ($101.85 in chips) 
Seat 4: Oli3579 ($113.44 in chips) 
Seat 5: Cositorto ($100 in chips) 
Seat 6: avstero ($108.47 in chips) 
Cositorto: posts small blind $0.50
avstero: posts big blind $1
*** HOLE CARDS ***
Rusti1990Sieg: folds 
RAidakCo: folds 
Rdalonso: folds 
Oli3579: raises $1.25 to $2.25
Cositorto: folds 
avstero: calls $1.25
*** FLOP *** [3c 7s 5d]
avstero: checks 
Oli3579: checks 
*** TURN *** [3c 7s 5d] [9s]
avstero: checks 
Oli3579: bets $2.37
avstero: folds 
Uncalled bet ($2.37) returned to Oli3579
Oli3579 collected $4.75 from pot
Oli3579: doesn't show hand 
*** SUMMARY ***
Total pot $5 | Rake $0.25 
Board [3c 7s 5d 9s]
Seat 1: Rusti1990Sieg folded before Flop (didn't bet)
Seat 2: RAidakCo folded before Flop (didn't bet)
Seat 3: Rdalonso folded before Flop (didn't bet)
Seat 4: Oli3579 (button) collected ($4.75)
Seat 5: Cositorto (small blind) folded before Flop
Seat 6: avstero (big blind) folded on the Turn



PokerStars Hand #254545487597:  Hold'em No Limit ($0.50/$1.00 USD) - 2025/01/25 14:30:22 WET [2025/01/25 9:30:22 ET]
Table 'Hameenlinna IV' 6-max Seat #5 is the button
Seat 1: Rusti1990Sieg ($33.51 in chips) 
Seat 2: RAidakCo ($101.85 in chips) 
Seat 3: Rdalonso ($101.85 in chips) 
Seat 4: Oli3579 ($115.94 in chips) 
Seat 5: Cositorto ($100 in chips) 
Seat 6: avstero ($106.22 in chips) 
avstero: posts small blind $0.50
Rusti1990Sieg: posts big blind $1
*** HOLE CARDS ***
RAidakCo: folds 
Rdalonso: raises $1.50 to $2.50
Oli3579: folds 
Cositorto: folds 
avstero: folds 
Rusti1990Sieg: calls $1.50
*** FLOP *** [7s Td Kh]
Rusti1990Sieg: checks 
Rdalonso: bets $1.72
Rusti1990Sieg: calls $1.72
*** TURN *** [7s Td Kh] [6d]
Rusti1990Sieg: checks 
Rdalonso: checks 
*** RIVER *** [7s Td Kh 6d] [Ah]
Rusti1990Sieg: bets $4.25
Rdalonso: calls $4.25
*** SHOW DOWN ***
Rusti1990Sieg: shows [Th Kd] (two pair, Kings and Tens)
Rdalonso: mucks hand 
Rusti1990Sieg collected $16.57 from pot
*** SUMMARY ***
Total pot $17.44 | Rake $0.87 
Board [7s Td Kh 6d Ah]
Seat 1: Rusti1990Sieg (big blind) showed [Th Kd] and won ($16.57) with two pair, Kings and Tens
Seat 2: RAidakCo folded before Flop (didn't bet)
Seat 3: Rdalonso mucked
Seat 4: Oli3579 folded before Flop (didn't bet)
Seat 5: Cositorto (button) folded before Flop (didn't bet)
Seat 6: avstero (small blind) folded before Flop



PokerStars Hand #254545503030:  Hold'em No Limit ($0.50/$1.00 USD) - 2025/01/25 14:31:40 WET [2025/01/25 9:31:40 ET]
Table 'Hameenlinna IV' 6-max Seat #6 is the button
Seat 1: Rusti1990Sieg ($41.61 in chips) 
Seat 2: RAidakCo ($101.85 in chips) 
Seat 3: Rdalonso ($100 in chips) 
Seat 4: Oli3579 ($115.94 in chips) 
Seat 5: Cositorto ($100 in chips) 
Seat 6: avstero ($105.72 in chips) 
Rusti1990Sieg: posts small blind $0.50
RAidakCo: posts big blind $1
*** HOLE CARDS ***
Rdalonso: folds 
Oli3579: folds 
Cositorto: folds 
avstero: folds 
Rusti1990Sieg: calls $0.50
RAidakCo: checks 
*** FLOP *** [Td Js 7d]
Rusti1990Sieg: checks 
RAidakCo: checks 
*** TURN *** [Td Js 7d] [Ah]
Rusti1990Sieg: checks 
RAidakCo: checks 
*** RIVER *** [Td Js 7d Ah] [As]
Rusti1990Sieg: bets $2
RAidakCo: folds 
Uncalled bet ($2) returned to Rusti1990Sieg
Rusti1990Sieg collected $1.90 from pot
*** SUMMARY ***
Total pot $2 | Rake $0.10 
Board [Td Js 7d Ah As]
Seat 1: Rusti1990Sieg (small blind) collected ($1.90)
Seat 2: RAidakCo (big blind) folded on the River
Seat 3: Rdalonso folded before Flop (didn't bet)
Seat 4: Oli3579 folded before Flop (didn't bet)
Seat 5: Cositorto folded before Flop (didn't bet)
Seat 6: avstero (button) folded before Flop (didn't bet)



PokerStars Hand #254545508639:  Hold'em No Limit ($0.50/$1.00 USD) - 2025/01/25 14:32:08 WET [2025/01/25 9:32:08 ET]
Table 'Hameenlinna IV' 6-max Seat #1 is the button
Seat 1: Rusti1990Sieg ($42.51 in chips) 
Seat 2: RAidakCo ($100.85 in chips) 
Seat 3: Rdalonso ($100 in chips) 
Seat 4: Oli3579 ($115.94 in chips) 
Seat 5: Cositorto ($100 in chips) 
Seat 6: avstero ($105.72 in chips) 
RAidakCo: posts small blind $0.50
Rdalonso: posts big blind $1
*** HOLE CARDS ***
Oli3579: folds 
Cositorto: raises $1 to $2
avstero: folds 
Rusti1990Sieg: folds 
RAidakCo: folds 
Rdalonso: folds 
Uncalled bet ($1) returned to Cositorto
Cositorto collected $2.50 from pot
Cositorto: doesn't show hand 
*** SUMMARY ***
Total pot $2.50 | Rake $0 
Seat 1: Rusti1990Sieg (button) folded before Flop (didn't bet)
Seat 2: RAidakCo (small blind) folded before Flop
Seat 3: Rdalonso (big blind) folded before Flop
Seat 4: Oli3579 folded before Flop (didn't bet)
Seat 5: Cositorto collected ($2.50)
Seat 6: avstero folded before Flop (didn't bet)



PokerStars Hand #254545511964:  Hold'em No Limit ($0.50/$1.00 USD) - 2025/01/25 14:32:25 WET [2025/01/25 9:32:25 ET]
Table 'Hameenlinna IV' 6-max Seat #2 is the button
Seat 1: Rusti1990Sieg ($42.51 in chips) 
Seat 2: RAidakCo ($100.35 in chips) 
Seat 3: Rdalonso ($100 in chips) 
Seat 4: Oli3579 ($115.94 in chips) 
Seat 5: Cositorto ($101.50 in chips) 
Seat 6: avstero ($105.72 in chips) 
Rdalonso: posts small blind $0.50
Oli3579: posts big blind $1
*** HOLE CARDS ***
Cositorto: folds 
avstero: folds 
Rusti1990Sieg: folds 
RAidakCo: folds 
Rdalonso: raises $2 to $3
Oli3579: calls $2
*** FLOP *** [8s Kd Qc]
Rdalonso: bets $1.88
Oli3579: calls $1.88
*** TURN *** [8s Kd Qc] [6c]
Rdalonso: checks 
Oli3579: checks 
*** RIVER *** [8s Kd Qc 6c] [4c]
Rdalonso: checks 
Oli3579: bets $6.12
Rdalonso: folds 
Uncalled bet ($6.12) returned to Oli3579
Oli3579 collected $9.27 from pot
Oli3579: doesn't show hand 
*** SUMMARY ***
Total pot $9.76 | Rake $0.49 
Board [8s Kd Qc 6c 4c]
Seat 1: Rusti1990Sieg folded before Flop (didn't bet)
Seat 2: RAidakCo (button) folded before Flop (didn't bet)
Seat 3: Rdalonso (small blind) folded on the River
Seat 4: Oli3579 (big blind) collected ($9.27)
Seat 5: Cositorto folded before Flop (didn't bet)
Seat 6: avstero folded before Flop (didn't bet)



PokerStars Hand #254545527588:  Hold'em No Limit ($0.50/$1.00 USD) - 2025/01/25 14:33:43 WET [2025/01/25 9:33:43 ET]
Table 'Hameenlinna IV' 6-max Seat #3 is the button
Seat 1: Rusti1990Sieg ($42.51 in chips) 
Seat 2: RAidakCo ($100.35 in chips) 
Seat 3: Rdalonso ($100 in chips) 
Seat 4: Oli3579 ($120.33 in chips) 
Seat 5: Cositorto ($101.50 in chips) 
Seat 6: avstero ($105.72 in chips) 
Oli3579: posts small blind $0.50
Cositorto: posts big blind $1
*** HOLE CARDS ***
avstero: folds 
Rusti1990Sieg: folds 
RAidakCo: raises $1.20 to $2.20
Rdalonso: folds 
Oli3579: folds 
Cositorto: folds 
Uncalled bet ($1.20) returned to RAidakCo
RAidakCo collected $2.50 from pot
RAidakCo: doesn't show hand 
*** SUMMARY ***
Total pot $2.50 | Rake $0 
Seat 1: Rusti1990Sieg folded before Flop (didn't bet)
Seat 2: RAidakCo collected ($2.50)
Seat 3: Rdalonso (button) folded before Flop (didn't bet)
Seat 4: Oli3579 (small blind) folded before Flop
Seat 5: Cositorto (big blind) folded before Flop
Seat 6: avstero folded before Flop (didn't bet)



PokerStars Hand #254545531897:  Hold'em No Limit ($0.50/$1.00 USD) - 2025/01/25 14:34:05 WET [2025/01/25 9:34:05 ET]
Table 'Hameenlinna IV' 6-max Seat #4 is the button
Seat 1: Rusti1990Sieg ($42.51 in chips) 
Seat 2: RAidakCo ($101.85 in chips) 
Seat 3: Rdalonso ($100 in chips) 
Seat 4: Oli3579 ($119.83 in chips) 
Seat 5: Cositorto ($100.50 in chips) 
Seat 6: avstero ($105.72 in chips) 
Cositorto: posts small blind $0.50
avstero: posts big blind $1
*** HOLE CARDS ***
Rusti1990Sieg: folds 
RAidakCo: folds 
Rdalonso: folds 
Oli3579: raises $1.25 to $2.25
Cositorto: raises $7.88 to $10.13
avstero: folds 
Oli3579: folds 
Uncalled bet ($7.88) returned to Cositorto
Cositorto collected $5.50 from pot
Cositorto: doesn't show hand 
*** SUMMARY ***
Total pot $5.50 | Rake $0 
Seat 1: Rusti1990Sieg folded before Flop (didn't bet)
Seat 2: RAidakCo folded before Flop (didn't bet)
Seat 3: Rdalonso folded before Flop (didn't bet)
Seat 4: Oli3579 (button) folded before Flop
Seat 5: Cositorto (small blind) collected ($5.50)
Seat 6: avstero (big blind) folded before Flop



PokerStars Hand #254545537066:  Hold'em No Limit ($0.50/$1.00 USD) - 2025/01/25 14:34:31 WET [2025/01/25 9:34:31 ET]
Table 'Hameenlinna IV' 6-max Seat #5 is the button
Seat 1: Rusti1990Sieg ($42.51 in chips) 
Seat 2: RAidakCo ($101.85 in chips) 
Seat 3: Rdalonso ($100 in chips) 
Seat 4: Oli3579 ($117.58 in chips) 
Seat 5: Cositorto ($103.75 in chips) 
Seat 6: avstero ($104.72 in chips) 
avstero: posts small blind $0.50
Rusti1990Sieg: posts big blind $1
*** HOLE CARDS ***
RAidakCo: folds 
Rdalonso: folds 
Oli3579: folds 
Cositorto: raises $1.50 to $2.50
avstero: folds 
Rusti1990Sieg: folds 
Uncalled bet ($1.50) returned to Cositorto
Cositorto collected $2.50 from pot
Cositorto: doesn't show hand 
*** SUMMARY ***
Total pot $2.50 | Rake $0 
Seat 1: Rusti1990Sieg (big blind) folded before Flop
Seat 2: RAidakCo folded before Flop (didn't bet)
Seat 3: Rdalonso folded before Flop (didn't bet)
Seat 4: Oli3579 folded before Flop (didn't bet)
Seat 5: Cositorto (button) collected ($2.50)
Seat 6: avstero (small blind) folded before Flop



PokerStars Hand #254545539799:  Hold'em No Limit ($0.50/$1.00 USD) - 2025/01/25 14:34:44 WET [2025/01/25 9:34:44 ET]
Table 'Hameenlinna IV' 6-max Seat #6 is the button
Seat 1: Rusti1990Sieg ($41.51 in chips) 
Seat 2: RAidakCo ($101.85 in chips) 
Seat 3: Rdalonso ($100 in chips) 
Seat 4: Oli3579 ($117.58 in chips) 
Seat 5: Cositorto ($105.25 in chips) 
Seat 6: avstero ($104.22 in chips) 
Rusti1990Sieg: posts small blind $0.50
RAidakCo: posts big blind $1
*** HOLE CARDS ***
Rdalonso: raises $1.50 to $2.50
Oli3579: folds 
Cositorto: folds 
avstero: folds 
Rusti1990Sieg: folds 
RAidakCo: calls $1.50
*** FLOP *** [Th 2h Kd]
RAidakCo: checks 
Rdalonso: bets $1.72
RAidakCo: calls $1.72
*** TURN *** [Th 2h Kd] [7d]
RAidakCo: checks 
Rdalonso: bets $12.73
RAidakCo: calls $12.73
*** RIVER *** [Th 2h Kd 7d] [5h]
RAidakCo: checks 
Rdalonso: checks 
*** SHOW DOWN ***
RAidakCo: shows [Jc Kc] (a pair of Kings)
Rdalonso: shows [Ad Ks] (a pair of Kings - Ace kicker)
Rdalonso collected $32.68 from pot
*** SUMMARY ***
Total pot $34.40 | Rake $1.72 
Board [Th 2h Kd 7d 5h]
Seat 1: Rusti1990Sieg (small blind) folded before Flop
Seat 2: RAidakCo (big blind) showed [Jc Kc] and lost with a pair of Kings
Seat 3: Rdalonso showed [Ad Ks] and won ($32.68) with a pair of Kings
Seat 4: Oli3579 folded before Flop (didn't bet)
Seat 5: Cositorto folded before Flop (didn't bet)
Seat 6: avstero (button) folded before Flop (didn't bet)



PokerStars Hand #254545555176:  Hold'em No Limit ($0.50/$1.00 USD) - 2025/01/25 14:36:00 WET [2025/01/25 9:36:00 ET]
Table 'Hameenlinna IV' 6-max Seat #1 is the button
Seat 1: Rusti1990Sieg ($41.01 in chips) 
Seat 2: RAidakCo ($100 in chips) 
Seat 3: Rdalonso ($115.73 in chips) 
Seat 4: Oli3579 ($117.58 in chips) 
Seat 5: Cositorto ($105.25 in chips) 
Seat 6: avstero ($104.22 in chips) 
RAidakCo: posts small blind $0.50
Rdalonso: posts big blind $1
*** HOLE CARDS ***
Oli3579: folds 
Cositorto: raises $1 to $2
avstero: folds 
Rusti1990Sieg: folds 
RAidakCo: folds 
Rdalonso: raises $8 to $10
Cositorto: calls $8
*** FLOP *** [Ah 3h 3c]
Rdalonso: bets $6.43
Cositorto: calls $6.43
*** TURN *** [Ah 3h 3c] [3s]
Rdalonso: checks 
Cositorto: bets $6
Rdalonso: calls $6
*** RIVER *** [Ah 3h 3c 3s] [Ad]
Rdalonso: checks 
Cositorto: bets $43.09
Rdalonso: folds 
Uncalled bet ($43.09) returned to Cositorto
Cositorto collected $43.09 from pot
Cositorto: doesn't show hand 
*** SUMMARY ***
Total pot $45.36 | Rake $2.27 
Board [Ah 3h 3c 3s Ad]
Seat 1: Rusti1990Sieg (button) folded before Flop (didn't bet)
Seat 2: RAidakCo (small blind) folded before Flop
Seat 3: Rdalonso (big blind) folded on the River
Seat 4: Oli3579 folded before Flop (didn't bet)
Seat 5: Cositorto collected ($43.09)
Seat 6: avstero folded before Flop (didn't bet)



PokerStars Hand #254545575433:  Hold'em No Limit ($0.50/$1.00 USD) - 2025/01/25 14:37:41 WET [2025/01/25 9:37:41 ET]
Table 'Hameenlinna IV' 6-max Seat #2 is the button
Seat 1: Rusti1990Sieg ($41.01 in chips) 
Seat 2: RAidakCo ($100 in chips) 
Seat 3: Rdalonso ($100 in chips) 
Seat 4: Oli3579 ($117.58 in chips) 
Seat 5: Cositorto ($125.91 in chips) 
Seat 6: avstero ($104.22 in chips) 
Rdalonso: posts small blind $0.50
Oli3579: posts big blind $1
*** HOLE CARDS ***
Cositorto: raises $1 to $2
avstero: folds 
Rusti1990Sieg: calls $2
RAidakCo: calls $2
Rdalonso: folds 
Oli3579: calls $1
*** FLOP *** [3h 8d 7h]
Oli3579: checks 
Cositorto: checks 
Rusti1990Sieg: checks 
RAidakCo: bets $2.67
Oli3579: folds 
Cositorto: folds 
Rusti1990Sieg: folds 
Uncalled bet ($2.67) returned to RAidakCo
RAidakCo collected $8.08 from pot
RAidakCo: doesn't show hand 
*** SUMMARY ***
Total pot $8.50 | Rake $0.42 
Board [3h 8d 7h]
Seat 1: Rusti1990Sieg folded on the Flop
Seat 2: RAidakCo (button) collected ($8.08)
Seat 3: Rdalonso (small blind) folded before Flop
Seat 4: Oli3579 (big blind) folded on the Flop
Seat 5: Cositorto folded on the Flop
Seat 6: avstero folded before Flop (didn't bet)



PokerStars Hand #254545583254:  Hold'em No Limit ($0.50/$1.00 USD) - 2025/01/25 14:38:20 WET [2025/01/25 9:38:20 ET]
Table 'Hameenlinna IV' 6-max Seat #3 is the button
Seat 1: Rusti1990Sieg ($39.01 in chips) 
Seat 2: RAidakCo ($106.08 in chips) 
Seat 3: Rdalonso ($100 in chips) 
Seat 4: Oli3579 ($115.58 in chips) 
Seat 5: Cositorto ($123.91 in chips) 
Seat 6: avstero ($104.22 in chips) 
Oli3579: posts small blind $0.50
Cositorto: posts big blind $1
*** HOLE CARDS ***
avstero: folds 
Rusti1990Sieg: calls $1
RAidakCo: folds 
Rdalonso: folds 
Oli3579: folds 
Cositorto: raises $3 to $4
Rusti1990Sieg: calls $3
*** FLOP *** [4c 9h Ah]
Cositorto: bets $2.18
Rusti1990Sieg: raises $4.18 to $6.36
Cositorto: folds 
Uncalled bet ($4.18) returned to Rusti1990Sieg
Rusti1990Sieg collected $12.22 from pot
*** SUMMARY ***
Total pot $12.86 | Rake $0.64 
Board [4c 9h Ah]
Seat 1: Rusti1990Sieg collected ($12.22)
Seat 2: RAidakCo folded before Flop (didn't bet)
Seat 3: Rdalonso (button) folded before Flop (didn't bet)
Seat 4: Oli3579 (small blind) folded before Flop
Seat 5: Cositorto (big blind) folded on the Flop
Seat 6: avstero folded before Flop (didn't bet)



PokerStars Hand #254545591117:  Hold'em No Limit ($0.50/$1.00 USD) - 2025/01/25 14:39:00 WET [2025/01/25 9:39:00 ET]
Table 'Hameenlinna IV' 6-max Seat #4 is the button
Seat 1: Rusti1990Sieg ($45.05 in chips) 
Seat 2: RAidakCo ($106.08 in chips) 
Seat 3: Rdalonso ($100 in chips) 
Seat 4: Oli3579 ($115.08 in chips) 
Seat 5: Cositorto ($117.73 in chips) 
Seat 6: avstero ($104.22 in chips) 
Cositorto: posts small blind $0.50
avstero: posts big blind $1
*** HOLE CARDS ***
Rusti1990Sieg: folds 
RAidakCo: folds 
Rdalonso: folds 
Oli3579: folds 
Cositorto: raises $2 to $3
avstero: calls $2
*** FLOP *** [4h 6h 2d]
Rdalonso is disconnected 
Cositorto: bets $1.54
avstero: raises $4.88 to $6.42
Cositorto: folds 
Uncalled bet ($4.88) returned to avstero
avstero collected $8.63 from pot
avstero: doesn't show hand 
*** SUMMARY ***
Total pot $9.08 | Rake $0.45 
Board [4h 6h 2d]
Seat 1: Rusti1990Sieg folded before Flop (didn't bet)
Seat 2: RAidakCo folded before Flop (didn't bet)
Seat 3: Rdalonso folded before Flop (didn't bet)
Seat 4: Oli3579 (button) folded before Flop (didn't bet)
Seat 5: Cositorto (small blind) folded on the Flop
Seat 6: avstero (big blind) collected ($8.63)



PokerStars Hand #254545601955:  Hold'em No Limit ($0.50/$1.00 USD) - 2025/01/25 14:39:54 WET [2025/01/25 9:39:54 ET]
Table 'Hameenlinna IV' 6-max Seat #5 is the button
Seat 1: Rusti1990Sieg ($45.05 in chips) 
Seat 2: RAidakCo ($106.08 in chips) 
Seat 3: Rdalonso ($100 in chips) 
Seat 4: Oli3579 ($115.08 in chips) 
Seat 5: Cositorto ($113.19 in chips) 
Seat 6: avstero ($108.31 in chips) 
avstero: posts small blind $0.50
Rusti1990Sieg: posts big blind $1
*** HOLE CARDS ***
RAidakCo: folds 
Rdalonso: folds 
Oli3579: folds 
Cositorto: raises $1.50 to $2.50
avstero: folds 
Rusti1990Sieg: calls $1.50
*** FLOP *** [6d Kd 9c]
Rusti1990Sieg: checks 
Cositorto: bets $1.41
Rusti1990Sieg: raises $4.41 to $5.82
Cositorto: calls $4.41
*** TURN *** [6d Kd 9c] [Kh]
Rusti1990Sieg: checks 
Cositorto: bets $4.40
Rusti1990Sieg: raises $9.54 to $13.94
Cositorto: calls $9.54
*** RIVER *** [6d Kd 9c Kh] [5c]
Rusti1990Sieg: bets $21.39
Cositorto: calls $21.39
*** SHOW DOWN ***
Rusti1990Sieg: shows [9d Ks] (a full house, Kings full of Nines)
Cositorto: mucks hand 
Rusti1990Sieg collected $85.30 from pot
*** SUMMARY ***
Total pot $87.80 | Rake $2.50 
Board [6d Kd 9c Kh 5c]
Seat 1: Rusti1990Sieg (big blind) showed [9d Ks] and won ($85.30) with a full house, Kings full of Nines
Seat 2: RAidakCo folded before Flop (didn't bet)
Seat 3: Rdalonso folded before Flop (didn't bet)
Seat 4: Oli3579 folded before Flop (didn't bet)
Seat 5: Cositorto (button) mucked
Seat 6: avstero (small blind) folded before Flop



PokerStars Hand #254545617654:  Hold'em No Limit ($0.50/$1.00 USD) - 2025/01/25 14:41:12 WET [2025/01/25 9:41:12 ET]
Table 'Hameenlinna IV' 6-max Seat #6 is the button
Seat 1: Rusti1990Sieg ($86.70 in chips) 
Seat 2: RAidakCo ($106.08 in chips) 
Seat 3: Rdalonso ($100 in chips) 
Seat 4: Oli3579 ($115.08 in chips) 
Seat 5: Cositorto ($100 in chips) 
Seat 6: avstero ($107.81 in chips) 
Rusti1990Sieg: posts small blind $0.50
RAidakCo: posts big blind $1
*** HOLE CARDS ***
Rdalonso: folds 
Oli3579: folds 
Cositorto: raises $1 to $2
avstero: folds 
Rusti1990Sieg: folds 
RAidakCo: folds 
Uncalled bet ($1) returned to Cositorto
Cositorto collected $2.50 from pot
Cositorto: doesn't show hand 
*** SUMMARY ***
Total pot $2.50 | Rake $0 
Seat 1: Rusti1990Sieg (small blind) folded before Flop
Seat 2: RAidakCo (big blind) folded before Flop
Seat 3: Rdalonso folded before Flop (didn't bet)
Seat 4: Oli3579 folded before Flop (didn't bet)
Seat 5: Cositorto collected ($2.50)
Seat 6: avstero (button) folded before Flop (didn't bet)



PokerStars Hand #254545622392:  Hold'em No Limit ($0.50/$1.00 USD) - 2025/01/25 14:41:36 WET [2025/01/25 9:41:36 ET]
Table 'Hameenlinna IV' 6-max Seat #1 is the button
Seat 1: Rusti1990Sieg ($86.20 in chips) 
Seat 2: RAidakCo ($105.08 in chips) 
Seat 3: Rdalonso ($100 in chips) 
Seat 4: Oli3579 ($115.08 in chips) 
Seat 5: Cositorto ($101.50 in chips) 
Seat 6: avstero ($107.81 in chips) 
RAidakCo: posts small blind $0.50
Rdalonso: posts big blind $1
*** HOLE CARDS ***
Oli3579: raises $1.25 to $2.25
Cositorto: folds 
avstero: folds 
Rusti1990Sieg: folds 
RAidakCo: folds 
Rdalonso: calls $1.25
*** FLOP *** [Qc 7h Ac]
Rdalonso: checks 
Oli3579: bets $1.57
Rdalonso: calls $1.57
*** TURN *** [Qc 7h Ac] [Js]
Rdalonso: checks 
Oli3579: checks 
*** RIVER *** [Qc 7h Ac Js] [5h]
Rdalonso: bets $2.55
Oli3579: calls $2.55
*** SHOW DOWN ***
Rdalonso: shows [Ah Ts] (a pair of Aces)
Oli3579: mucks hand 
Rdalonso collected $12.58 from pot
*** SUMMARY ***
Total pot $13.24 | Rake $0.66 
Board [Qc 7h Ac Js 5h]
Seat 1: Rusti1990Sieg (button) folded before Flop (didn't bet)
Seat 2: RAidakCo (small blind) folded before Flop
Seat 3: Rdalonso (big blind) showed [Ah Ts] and won ($12.58) with a pair of Aces
Seat 4: Oli3579 mucked
Seat 5: Cositorto folded before Flop (didn't bet)
Seat 6: avstero folded before Flop (didn't bet)



PokerStars Hand #254545635188:  Hold'em No Limit ($0.50/$1.00 USD) - 2025/01/25 14:42:40 WET [2025/01/25 9:42:40 ET]
Table 'Hameenlinna IV' 6-max Seat #2 is the button
Seat 1: Rusti1990Sieg ($86.20 in chips) 
Seat 2: RAidakCo ($104.58 in chips) 
Seat 3: Rdalonso ($106.21 in chips) 
Seat 4: Oli3579 ($108.71 in chips) 
Seat 5: Cositorto ($101.50 in chips) 
Seat 6: avstero ($107.81 in chips) 
Rdalonso: posts small blind $0.50
Oli3579: posts big blind $1
*** HOLE CARDS ***
Cositorto: raises $1 to $2
avstero: folds 
Rusti1990Sieg: folds 
RAidakCo: folds 
Rdalonso: folds 
Oli3579: raises $9 to $11
Cositorto: folds 
Uncalled bet ($9) returned to Oli3579
Oli3579 collected $4.50 from pot
Oli3579: doesn't show hand 
*** SUMMARY ***
Total pot $4.50 | Rake $0 
Seat 1: Rusti1990Sieg folded before Flop (didn't bet)
Seat 2: RAidakCo (button) folded before Flop (didn't bet)
Seat 3: Rdalonso (small blind) folded before Flop
Seat 4: Oli3579 (big blind) collected ($4.50)
Seat 5: Cositorto folded before Flop
Seat 6: avstero folded before Flop (didn't bet)



PokerStars Hand #254545641657:  Hold'em No Limit ($0.50/$1.00 USD) - 2025/01/25 14:43:13 WET [2025/01/25 9:43:13 ET]
Table 'Hameenlinna IV' 6-max Seat #3 is the button
Seat 1: Rusti1990Sieg ($86.20 in chips) 
Seat 2: RAidakCo ($104.58 in chips) 
Seat 3: Rdalonso ($105.71 in chips) 
Seat 4: Oli3579 ($111.21 in chips) 
Seat 5: Cositorto ($100 in chips) 
Seat 6: avstero ($107.81 in chips) 
Oli3579: posts small blind $0.50
Cositorto: posts big blind $1
*** HOLE CARDS ***
avstero: folds 
Rusti1990Sieg: calls $1
RAidakCo: folds 
Rdalonso: folds 
Oli3579: raises $4.50 to $5.50
Cositorto: folds 
Rusti1990Sieg: calls $4.50
*** FLOP *** [Ts 8s 4h]
Oli3579: bets $7.52
Rusti1990Sieg: folds 
Uncalled bet ($7.52) returned to Oli3579
Oli3579 collected $11.40 from pot
Oli3579: doesn't show hand 
*** SUMMARY ***
Total pot $12 | Rake $0.60 
Board [Ts 8s 4h]
Seat 1: Rusti1990Sieg folded on the Flop
Seat 2: RAidakCo folded before Flop (didn't bet)
Seat 3: Rdalonso (button) folded before Flop (didn't bet)
Seat 4: Oli3579 (small blind) collected ($11.40)
Seat 5: Cositorto (big blind) folded before Flop
Seat 6: avstero folded before Flop (didn't bet)



PokerStars Hand #254545648731:  Hold'em No Limit ($0.50/$1.00 USD) - 2025/01/25 14:43:49 WET [2025/01/25 9:43:49 ET]
Table 'Hameenlinna IV' 6-max Seat #4 is the button
Seat 1: Rusti1990Sieg ($80.70 in chips) 
Seat 2: RAidakCo ($104.58 in chips) 
Seat 3: Rdalonso ($105.71 in chips) 
Seat 4: Oli3579 ($117.11 in chips) 
Seat 5: Cositorto ($100 in chips) 
Seat 6: avstero ($107.81 in chips) 
Cositorto: posts small blind $0.50
avstero: posts big blind $1
*** HOLE CARDS ***
Rusti1990Sieg: folds 
RAidakCo: folds 
Rdalonso: folds 
Oli3579: raises $1.25 to $2.25
Cositorto: folds 
avstero: folds 
Uncalled bet ($1.25) returned to Oli3579
Oli3579 collected $2.50 from pot
Oli3579: doesn't show hand 
*** SUMMARY ***
Total pot $2.50 | Rake $0 
Seat 1: Rusti1990Sieg folded before Flop (didn't bet)
Seat 2: RAidakCo folded before Flop (didn't bet)
Seat 3: Rdalonso folded before Flop (didn't bet)
Seat 4: Oli3579 (button) collected ($2.50)
Seat 5: Cositorto (small blind) folded before Flop
Seat 6: avstero (big blind) folded before Flop



PokerStars Hand #254545652922:  Hold'em No Limit ($0.50/$1.00 USD) - 2025/01/25 14:44:10 WET [2025/01/25 9:44:10 ET]
Table 'Hameenlinna IV' 6-max Seat #5 is the button
Seat 1: Rusti1990Sieg ($80.70 in chips) 
Seat 2: RAidakCo ($104.58 in chips) 
Seat 3: Rdalonso ($105.71 in chips) 
Seat 4: Oli3579 ($118.61 in chips) 
Seat 5: Cositorto ($100 in chips) 
Seat 6: avstero ($106.81 in chips) 
avstero: posts small blind $0.50
Rusti1990Sieg: posts big blind $1
*** HOLE CARDS ***
RAidakCo: raises $1.20 to $2.20
Rdalonso: folds 
Oli3579: folds 
Cositorto: folds 
avstero: folds 
Rusti1990Sieg: calls $1.20
*** FLOP *** [7s 6s Ts]
Rusti1990Sieg: checks 
RAidakCo: checks 
*** TURN *** [7s 6s Ts] [5h]
Rusti1990Sieg: bets $2
RAidakCo: folds 
Uncalled bet ($2) returned to Rusti1990Sieg
Rusti1990Sieg collected $4.66 from pot
*** SUMMARY ***
Total pot $4.90 | Rake $0.24 
Board [7s 6s Ts 5h]
Seat 1: Rusti1990Sieg (big blind) collected ($4.66)
Seat 2: RAidakCo folded on the Turn
Seat 3: Rdalonso folded before Flop (didn't bet)
Seat 4: Oli3579 folded before Flop (didn't bet)
Seat 5: Cositorto (button) folded before Flop (didn't bet)
Seat 6: avstero (small blind) folded before Flop



PokerStars Hand #254545657451:  Hold'em No Limit ($0.50/$1.00 USD) - 2025/01/25 14:44:33 WET [2025/01/25 9:44:33 ET]
Table 'Hameenlinna IV' 6-max Seat #6 is the button
Seat 1: Rusti1990Sieg ($83.16 in chips) 
Seat 2: RAidakCo ($102.38 in chips) 
Seat 3: Rdalonso ($105.71 in chips) 
Seat 4: Oli3579 ($118.61 in chips) 
Seat 5: Cositorto ($100 in chips) 
Seat 6: avstero ($106.31 in chips) 
Rusti1990Sieg: posts small blind $0.50
RAidakCo: posts big blind $1
*** HOLE CARDS ***
Rdalonso: folds 
Oli3579: folds 
Cositorto: folds 
avstero: folds 
Rusti1990Sieg: calls $0.50
RAidakCo: checks 
*** FLOP *** [4h Jc 3h]
Rusti1990Sieg: checks 
RAidakCo: bets $1.43
Rusti1990Sieg: raises $2.38 to $3.81
RAidakCo: folds 
Uncalled bet ($2.38) returned to Rusti1990Sieg
Rusti1990Sieg collected $4.62 from pot
*** SUMMARY ***
Total pot $4.86 | Rake $0.24 
Board [4h Jc 3h]
Seat 1: Rusti1990Sieg (small blind) collected ($4.62)
Seat 2: RAidakCo (big blind) folded on the Flop
Seat 3: Rdalonso folded before Flop (didn't bet)
Seat 4: Oli3579 folded before Flop (didn't bet)
Seat 5: Cositorto folded before Flop (didn't bet)
Seat 6: avstero (button) folded before Flop (didn't bet)



PokerStars Hand #254545664601:  Hold'em No Limit ($0.50/$1.00 USD) - 2025/01/25 14:45:08 WET [2025/01/25 9:45:08 ET]
Table 'Hameenlinna IV' 6-max Seat #1 is the button
Seat 1: Rusti1990Sieg ($85.35 in chips) 
Seat 2: RAidakCo ($100 in chips) 
Seat 3: Rdalonso ($105.71 in chips) 
Seat 4: Oli3579 ($118.61 in chips) 
Seat 5: Cositorto ($100 in chips) 
Seat 6: avstero ($106.31 in chips) 
RAidakCo: posts small blind $0.50
Rdalonso: posts big blind $1
*** HOLE CARDS ***
Oli3579: folds 
Cositorto: folds 
avstero: folds 
Rusti1990Sieg: folds 
RAidakCo: raises $2 to $3
Rdalonso: folds 
Uncalled bet ($2) returned to RAidakCo
RAidakCo collected $2 from pot
RAidakCo: doesn't show hand 
*** SUMMARY ***
Total pot $2 | Rake $0 
Seat 1: Rusti1990Sieg (button) folded before Flop (didn't bet)
Seat 2: RAidakCo (small blind) collected ($2)
Seat 3: Rdalonso (big blind) folded before Flop
Seat 4: Oli3579 folded before Flop (didn't bet)
Seat 5: Cositorto folded before Flop (didn't bet)
Seat 6: avstero folded before Flop (didn't bet)



PokerStars Hand #254545667279:  Hold'em No Limit ($0.50/$1.00 USD) - 2025/01/25 14:45:22 WET [2025/01/25 9:45:22 ET]
Table 'Hameenlinna IV' 6-max Seat #2 is the button
Seat 1: Rusti1990Sieg ($85.35 in chips) 
Seat 2: RAidakCo ($101 in chips) 
Seat 3: Rdalonso ($104.71 in chips) 
Seat 4: Oli3579 ($118.61 in chips) 
Seat 5: Cositorto ($100 in chips) 
Seat 6: avstero ($106.31 in chips) 
Rdalonso: posts small blind $0.50
Oli3579: posts big blind $1
*** HOLE CARDS ***
Cositorto: raises $1 to $2
avstero: folds 
Rusti1990Sieg: calls $2
RAidakCo: folds 
Rdalonso: folds 
Oli3579: folds 
*** FLOP *** [As 6h 3c]
Cositorto: checks 
Rusti1990Sieg: checks 
*** TURN *** [As 6h 3c] [4c]
Cositorto: checks 
Rusti1990Sieg: bets $2
Cositorto: folds 
Uncalled bet ($2) returned to Rusti1990Sieg
Rusti1990Sieg collected $5.22 from pot
*** SUMMARY ***
Total pot $5.50 | Rake $0.28 
Board [As 6h 3c 4c]
Seat 1: Rusti1990Sieg collected ($5.22)
Seat 2: RAidakCo (button) folded before Flop (didn't bet)
Seat 3: Rdalonso (small blind) folded before Flop
Seat 4: Oli3579 (big blind) folded before Flop
Seat 5: Cositorto folded on the Turn
Seat 6: avstero folded before Flop (didn't bet)



PokerStars Hand #254545675644:  Hold'em No Limit ($0.50/$1.00 USD) - 2025/01/25 14:46:03 WET [2025/01/25 9:46:03 ET]
Table 'Hameenlinna IV' 6-max Seat #3 is the button
Seat 1: Rusti1990Sieg ($88.57 in chips) 
Seat 2: RAidakCo ($101 in chips) 
Seat 3: Rdalonso ($104.21 in chips) 
Seat 4: Oli3579 ($117.61 in chips) 
Seat 5: Cositorto ($100 in chips) 
Seat 6: avstero ($106.31 in chips) 
Oli3579: posts small blind $0.50
Cositorto: posts big blind $1
*** HOLE CARDS ***
avstero: folds 
Rusti1990Sieg: folds 
RAidakCo: folds 
Rdalonso: raises $1.50 to $2.50
Oli3579: folds 
Cositorto: folds 
Uncalled bet ($1.50) returned to Rdalonso
Rdalonso collected $2.50 from pot
Rdalonso: doesn't show hand 
*** SUMMARY ***
Total pot $2.50 | Rake $0 
Seat 1: Rusti1990Sieg folded before Flop (didn't bet)
Seat 2: RAidakCo folded before Flop (didn't bet)
Seat 3: Rdalonso (button) collected ($2.50)
Seat 4: Oli3579 (small blind) folded before Flop
Seat 5: Cositorto (big blind) folded before Flop
Seat 6: avstero folded before Flop (didn't bet)



PokerStars Hand #254545681480:  Hold'em No Limit ($0.50/$1.00 USD) - 2025/01/25 14:46:31 WET [2025/01/25 9:46:31 ET]
Table 'Hameenlinna IV' 6-max Seat #4 is the button
Seat 1: Rusti1990Sieg ($88.57 in chips) 
Seat 2: RAidakCo ($101 in chips) 
Seat 3: Rdalonso ($105.71 in chips) 
Seat 4: Oli3579 ($117.11 in chips) 
Seat 5: Cositorto ($100 in chips) 
Seat 6: avstero ($106.31 in chips) 
Cositorto: posts small blind $0.50
avstero: posts big blind $1
*** HOLE CARDS ***
Rusti1990Sieg: folds 
RAidakCo: folds 
Rdalonso: folds 
Oli3579: folds 
Cositorto: folds 
Uncalled bet ($0.50) returned to avstero
avstero collected $1 from pot
avstero: doesn't show hand 
*** SUMMARY ***
Total pot $1 | Rake $0 
Seat 1: Rusti1990Sieg folded before Flop (didn't bet)
Seat 2: RAidakCo folded before Flop (didn't bet)
Seat 3: Rdalonso folded before Flop (didn't bet)
Seat 4: Oli3579 (button) folded before Flop (didn't bet)
Seat 5: Cositorto (small blind) folded before Flop
Seat 6: avstero (big blind) collected ($1)



PokerStars Hand #254545683832:  Hold'em No Limit ($0.50/$1.00 USD) - 2025/01/25 14:46:43 WET [2025/01/25 9:46:43 ET]
Table 'Hameenlinna IV' 6-max Seat #5 is the button
Seat 1: Rusti1990Sieg ($88.57 in chips) 
Seat 2: RAidakCo ($101 in chips) 
Seat 3: Rdalonso ($105.71 in chips) 
Seat 4: Oli3579 ($117.11 in chips) 
Seat 5: Cositorto ($100 in chips) 
Seat 6: avstero ($106.81 in chips) 
avstero: posts small blind $0.50
Rusti1990Sieg: posts big blind $1
*** HOLE CARDS ***
RAidakCo: raises $1.20 to $2.20
Rdalonso: folds 
Oli3579: folds 
Cositorto: folds 
avstero: folds 
Rusti1990Sieg: calls $1.20
*** FLOP *** [2d 9c Ts]
Rusti1990Sieg: checks 
RAidakCo: bets $1.54
Rusti1990Sieg: calls $1.54
*** TURN *** [2d 9c Ts] [4s]
Rusti1990Sieg: bets $1
RAidakCo: calls $1
*** RIVER *** [2d 9c Ts 4s] [2c]
Rusti1990Sieg: bets $2
RAidakCo: calls $2
*** SHOW DOWN ***
Rusti1990Sieg: shows [Ks 9d] (two pair, Nines and Deuces)
RAidakCo: mucks hand 
Rusti1990Sieg collected $13.28 from pot
*** SUMMARY ***
Total pot $13.98 | Rake $0.70 
Board [2d 9c Ts 4s 2c]
Seat 1: Rusti1990Sieg (big blind) showed [Ks 9d] and won ($13.28) with two pair, Nines and Deuces
Seat 2: RAidakCo mucked
Seat 3: Rdalonso folded before Flop (didn't bet)
Seat 4: Oli3579 folded before Flop (didn't bet)
Seat 5: Cositorto (button) folded before Flop (didn't bet)
Seat 6: avstero (small blind) folded before Flop



PokerStars Hand #254545692375:  Hold'em No Limit ($0.50/$1.00 USD) - 2025/01/25 14:47:25 WET [2025/01/25 9:47:25 ET]
Table 'Hameenlinna IV' 6-max Seat #6 is the button
Seat 1: Rusti1990Sieg ($95.11 in chips) 
Seat 2: RAidakCo ($100 in chips) 
Seat 3: Rdalonso ($105.71 in chips) 
Seat 4: Oli3579 ($117.11 in chips) 
Seat 5: Cositorto ($100 in chips) 
Seat 6: avstero ($106.31 in chips) 
Rusti1990Sieg: posts small blind $0.50
RAidakCo: posts big blind $1
*** HOLE CARDS ***
Rdalonso: folds 
Oli3579: folds 
Cositorto: raises $1 to $2
avstero: folds 
Rusti1990Sieg: folds 
RAidakCo: calls $1
*** FLOP *** [9h Ac Qs]
RAidakCo: checks 
Cositorto: bets $4.28
RAidakCo: calls $4.28
*** TURN *** [9h Ac Qs] [Ts]
RAidakCo: checks 
Cositorto: checks 
*** RIVER *** [9h Ac Qs Ts] [2h]
RAidakCo: bets $9.31
Cositorto: folds 
Uncalled bet ($9.31) returned to RAidakCo
RAidakCo collected $12.41 from pot
RAidakCo: doesn't show hand 
*** SUMMARY ***
Total pot $13.06 | Rake $0.65 
Board [9h Ac Qs Ts 2h]
Seat 1: Rusti1990Sieg (small blind) folded before Flop
Seat 2: RAidakCo (big blind) collected ($12.41)
Seat 3: Rdalonso folded before Flop (didn't bet)
Seat 4: Oli3579 folded before Flop (didn't bet)
Seat 5: Cositorto folded on the River
Seat 6: avstero (button) folded before Flop (didn't bet)



PokerStars Hand #254545704156:  Hold'em No Limit ($0.50/$1.00 USD) - 2025/01/25 14:48:24 WET [2025/01/25 9:48:24 ET]
Table 'Hameenlinna IV' 6-max Seat #1 is the button
Seat 1: Rusti1990Sieg ($94.61 in chips) 
Seat 2: RAidakCo ($106.13 in chips) 
Seat 3: Rdalonso ($105.71 in chips) 
Seat 4: Oli3579 ($117.11 in chips) 
Seat 5: Cositorto ($100 in chips) 
Seat 6: avstero ($106.31 in chips) 
RAidakCo: posts small blind $0.50
Rdalonso: posts big blind $1
*** HOLE CARDS ***
Oli3579: folds 
Cositorto: folds 
avstero: folds 
Rusti1990Sieg: folds 
RAidakCo: raises $2 to $3
Rdalonso: folds 
Uncalled bet ($2) returned to RAidakCo
RAidakCo collected $2 from pot
RAidakCo: doesn't show hand 
*** SUMMARY ***
Total pot $2 | Rake $0 
Seat 1: Rusti1990Sieg (button) folded before Flop (didn't bet)
Seat 2: RAidakCo (small blind) collected ($2)
Seat 3: Rdalonso (big blind) folded before Flop
Seat 4: Oli3579 folded before Flop (didn't bet)
Seat 5: Cositorto folded before Flop (didn't bet)
Seat 6: avstero folded before Flop (didn't bet)



PokerStars Hand #254545707882:  Hold'em No Limit ($0.50/$1.00 USD) - 2025/01/25 14:48:42 WET [2025/01/25 9:48:42 ET]
Table 'Hameenlinna IV' 6-max Seat #2 is the button
Seat 1: Rusti1990Sieg ($94.61 in chips) 
Seat 2: RAidakCo ($107.13 in chips) 
Seat 3: Rdalonso ($104.71 in chips) 
Seat 4: Oli3579 ($117.11 in chips) 
Seat 5: Cositorto ($100 in chips) 
Seat 6: avstero ($106.31 in chips) 
Rdalonso: posts small blind $0.50
Oli3579: posts big blind $1
*** HOLE CARDS ***
Cositorto: raises $1 to $2
avstero: folds 
Rusti1990Sieg: folds 
RAidakCo: folds 
Rdalonso: folds 
Oli3579: folds 
Uncalled bet ($1) returned to Cositorto
Cositorto collected $2.50 from pot
Cositorto: doesn't show hand 
*** SUMMARY ***
Total pot $2.50 | Rake $0 
Seat 1: Rusti1990Sieg folded before Flop (didn't bet)
Seat 2: RAidakCo (button) folded before Flop (didn't bet)
Seat 3: Rdalonso (small blind) folded before Flop
Seat 4: Oli3579 (big blind) folded before Flop
Seat 5: Cositorto collected ($2.50)
Seat 6: avstero folded before Flop (didn't bet)



PokerStars Hand #254545713580:  Hold'em No Limit ($0.50/$1.00 USD) - 2025/01/25 14:49:11 WET [2025/01/25 9:49:11 ET]
Table 'Hameenlinna IV' 6-max Seat #3 is the button
Seat 1: Rusti1990Sieg ($94.61 in chips) 
Seat 2: RAidakCo ($107.13 in chips) 
Seat 3: Rdalonso ($104.21 in chips) 
Seat 4: Oli3579 ($116.11 in chips) 
Seat 5: Cositorto ($101.50 in chips) 
Seat 6: avstero ($106.31 in chips) 
Oli3579: posts small blind $0.50
Cositorto: posts big blind $1
*** HOLE CARDS ***
avstero: folds 
Rusti1990Sieg: folds 
RAidakCo: folds 
Rdalonso: folds 
Oli3579: raises $2 to $3
Cositorto: calls $2
*** FLOP *** [Td Qh 8s]
Oli3579: bets $1.88
Cositorto: calls $1.88
*** TURN *** [Td Qh 8s] [Kh]
Oli3579: checks 
Cositorto: checks 
*** RIVER *** [Td Qh 8s Kh] [2h]
Oli3579: bets $3.06
Cositorto: folds 
Uncalled bet ($3.06) returned to Oli3579
Oli3579 collected $9.27 from pot
Oli3579: doesn't show hand 
*** SUMMARY ***
Total pot $9.76 | Rake $0.49 
Board [Td Qh 8s Kh 2h]
Seat 1: Rusti1990Sieg folded before Flop (didn't bet)
Seat 2: RAidakCo folded before Flop (didn't bet)
Seat 3: Rdalonso (button) folded before Flop (didn't bet)
Seat 4: Oli3579 (small blind) collected ($9.27)
Seat 5: Cositorto (big blind) folded on the River
Seat 6: avstero folded before Flop (didn't bet)



PokerStars Hand #254545727150:  Hold'em No Limit ($0.50/$1.00 USD) - 2025/01/25 14:50:17 WET [2025/01/25 9:50:17 ET]
Table 'Hameenlinna IV' 6-max Seat #4 is the button
Seat 1: Rusti1990Sieg ($94.61 in chips) 
Seat 2: RAidakCo ($107.13 in chips) 
Seat 3: Rdalonso ($104.21 in chips) 
Seat 4: Oli3579 ($120.50 in chips) 
Seat 5: Cositorto ($100 in chips) 
Seat 6: avstero ($106.31 in chips) 
Cositorto: posts small blind $0.50
avstero: posts big blind $1
*** HOLE CARDS ***
Rusti1990Sieg: calls $1
RAidakCo: folds 
Rdalonso: folds 
Oli3579: folds 
Cositorto: raises $3 to $4
avstero: folds 
Rusti1990Sieg: calls $3
*** FLOP *** [6s 2h 6c]
Cositorto: bets $4.28
Rusti1990Sieg: calls $4.28
*** TURN *** [6s 2h 6c] [5h]
Cositorto: checks 
Rusti1990Sieg: bets $8.34
Cositorto: calls $8.34
*** RIVER *** [6s 2h 6c 5h] [5d]
Cositorto: checks 
Rusti1990Sieg: bets $16.27
Cositorto: calls $16.27
*** SHOW DOWN ***
Rusti1990Sieg: shows [Jh Qh] (two pair, Sixes and Fives)
Cositorto: shows [Qs Ks] (two pair, Sixes and Fives - King kicker)
Cositorto collected $64.28 from pot
*** SUMMARY ***
Total pot $66.78 | Rake $2.50 
Board [6s 2h 6c 5h 5d]
Seat 1: Rusti1990Sieg showed [Jh Qh] and lost with two pair, Sixes and Fives
Seat 2: RAidakCo folded before Flop (didn't bet)
Seat 3: Rdalonso folded before Flop (didn't bet)
Seat 4: Oli3579 (button) folded before Flop (didn't bet)
Seat 5: Cositorto (small blind) showed [Qs Ks] and won ($64.28) with two pair, Sixes and Fives
Seat 6: avstero (big blind) folded before Flop



PokerStars Hand #254545741705:  Hold'em No Limit ($0.50/$1.00 USD) - 2025/01/25 14:51:28 WET [2025/01/25 9:51:28 ET]
Table 'Hameenlinna IV' 6-max Seat #5 is the button
Seat 1: Rusti1990Sieg ($61.72 in chips) 
Seat 2: RAidakCo ($107.13 in chips) 
Seat 3: Rdalonso ($104.21 in chips) 
Seat 4: Oli3579 ($120.50 in chips) 
Seat 5: Cositorto ($131.39 in chips) 
Seat 6: avstero ($105.31 in chips) 
avstero: posts small blind $0.50
Rusti1990Sieg: posts big blind $1
*** HOLE CARDS ***
RAidakCo: folds 
Rdalonso: folds 
Oli3579: folds 
Cositorto: raises $1.50 to $2.50
avstero: folds 
Rusti1990Sieg: calls $1.50
*** FLOP *** [Kc As Ts]
Rusti1990Sieg: checks 
Cositorto: checks 
*** TURN *** [Kc As Ts] [Jc]
Rusti1990Sieg: checks 
Cositorto: bets $1.50
Rusti1990Sieg: calls $1.50
*** RIVER *** [Kc As Ts Jc] [Ks]
Rusti1990Sieg: checks 
Cositorto: checks 
*** SHOW DOWN ***
Rusti1990Sieg: shows [3h Jh] (two pair, Kings and Jacks)
Cositorto: mucks hand 
Rusti1990Sieg collected $8.08 from pot
*** SUMMARY ***
Total pot $8.50 | Rake $0.42 
Board [Kc As Ts Jc Ks]
Seat 1: Rusti1990Sieg (big blind) showed [3h Jh] and won ($8.08) with two pair, Kings and Jacks
Seat 2: RAidakCo folded before Flop (didn't bet)
Seat 3: Rdalonso folded before Flop (didn't bet)
Seat 4: Oli3579 folded before Flop (didn't bet)
Seat 5: Cositorto (button) mucked
Seat 6: avstero (small blind) folded before Flop



PokerStars Hand #254545748856:  Hold'em No Limit ($0.50/$1.00 USD) - 2025/01/25 14:52:02 WET [2025/01/25 9:52:02 ET]
Table 'Hameenlinna IV' 6-max Seat #6 is the button
Seat 1: Rusti1990Sieg ($65.80 in chips) 
Seat 2: RAidakCo ($107.13 in chips) 
Seat 3: Rdalonso ($104.21 in chips) 
Seat 4: Oli3579 ($120.50 in chips) 
Seat 5: Cositorto ($127.39 in chips) 
Seat 6: avstero ($104.81 in chips) 
Rusti1990Sieg: posts small blind $0.50
RAidakCo: posts big blind $1
*** HOLE CARDS ***
Rdalonso: folds 
Oli3579: folds 
Cositorto: folds 
avstero: folds 
Rusti1990Sieg: folds 
Uncalled bet ($0.50) returned to RAidakCo
RAidakCo collected $1 from pot
RAidakCo: doesn't show hand 
*** SUMMARY ***
Total pot $1 | Rake $0 
Seat 1: Rusti1990Sieg (small blind) folded before Flop
Seat 2: RAidakCo (big blind) collected ($1)
Seat 3: Rdalonso folded before Flop (didn't bet)
Seat 4: Oli3579 folded before Flop (didn't bet)
Seat 5: Cositorto folded before Flop (didn't bet)
Seat 6: avstero (button) folded before Flop (didn't bet)



PokerStars Hand #254545753782:  Hold'em No Limit ($0.50/$1.00 USD) - 2025/01/25 14:52:26 WET [2025/01/25 9:52:26 ET]
Table 'Hameenlinna IV' 6-max Seat #1 is the button
Seat 3: Rdalonso ($104.21 in chips) is sitting out
Seat 1: Rusti1990Sieg ($65.30 in chips) 
Seat 2: RAidakCo ($107.63 in chips) 
Seat 4: Oli3579 ($120.50 in chips) 
Seat 5: Cositorto ($127.39 in chips) 
Seat 6: avstero ($104.81 in chips) 
RAidakCo: posts small blind $0.50
Rdalonso: is sitting out 
Oli3579: posts big blind $1
*** HOLE CARDS ***
Rdalonso leaves the table
Cositorto: folds 
avstero: folds 
Rusti1990Sieg: folds 
RAidakCo: raises $2 to $3
Oli3579: folds 
Uncalled bet ($2) returned to RAidakCo
RAidakCo collected $2 from pot
RAidakCo: doesn't show hand 
*** SUMMARY ***
Total pot $2 | Rake $0 
Seat 3: Rdalonso
Seat 1: Rusti1990Sieg (button) folded before Flop (didn't bet)
Seat 2: RAidakCo (small blind) collected ($2)
Seat 4: Oli3579 (big blind) folded before Flop
Seat 5: Cositorto folded before Flop (didn't bet)
Seat 6: avstero folded before Flop (didn't bet)



PokerStars Hand #254545758333:  Hold'em No Limit ($0.50/$1.00 USD) - 2025/01/25 14:52:48 WET [2025/01/25 9:52:48 ET]
Table 'Hameenlinna IV' 6-max Seat #2 is the button
Seat 1: Rusti1990Sieg ($65.30 in chips) 
Seat 2: RAidakCo ($108.63 in chips) 
Seat 4: Oli3579 ($119.50 in chips) 
Seat 5: Cositorto ($127.39 in chips) 
Seat 6: avstero ($104.81 in chips) 
Oli3579: posts small blind $0.50
Cositorto: posts big blind $1
*** HOLE CARDS ***
avstero: folds 
Rusti1990Sieg: folds 
RAidakCo: folds 
Oli3579: raises $2 to $3
Cositorto: folds 
Uncalled bet ($2) returned to Oli3579
Oli3579 collected $2 from pot
Oli3579: doesn't show hand 
*** SUMMARY ***
Total pot $2 | Rake $0 
Seat 1: Rusti1990Sieg folded before Flop (didn't bet)
Seat 2: RAidakCo (button) folded before Flop (didn't bet)
Seat 4: Oli3579 (small blind) collected ($2)
Seat 5: Cositorto (big blind) folded before Flop
Seat 6: avstero folded before Flop (didn't bet)



PokerStars Hand #254545762720:  Hold'em No Limit ($0.50/$1.00 USD) - 2025/01/25 14:53:09 WET [2025/01/25 9:53:09 ET]
Table 'Hameenlinna IV' 6-max Seat #4 is the button
Seat 1: Rusti1990Sieg ($65.30 in chips) 
Seat 2: RAidakCo ($108.63 in chips) 
Seat 4: Oli3579 ($120.50 in chips) 
Seat 5: Cositorto ($126.39 in chips) 
Seat 6: avstero ($104.81 in chips) 
Cositorto: posts small blind $0.50
avstero: posts big blind $1
*** HOLE CARDS ***
Rusti1990Sieg: folds 
RAidakCo: raises $1.20 to $2.20
Oli3579: folds 
Cositorto: raises $7.70 to $9.90
Rusti1990Sieg leaves the table
avstero: folds 
coeeeelho joins the table at seat #3 
RAidakCo: calls $7.70
*** FLOP *** [7d Kd Qh]
Cositorto: bets $5.34
RAidakCo: folds 
Uncalled bet ($5.34) returned to Cositorto
Cositorto collected $19.76 from pot
Cositorto: doesn't show hand 
*** SUMMARY ***
Total pot $20.80 | Rake $1.04 
Board [7d Kd Qh]
Seat 1: Rusti1990Sieg folded before Flop (didn't bet)
Seat 2: RAidakCo folded on the Flop
Seat 4: Oli3579 (button) folded before Flop (didn't bet)
Seat 5: Cositorto (small blind) collected ($19.76)
Seat 6: avstero (big blind) folded before Flop



PokerStars Hand #254545770395:  Hold'em No Limit ($0.50/$1.00 USD) - 2025/01/25 14:53:46 WET [2025/01/25 9:53:46 ET]
Table 'Hameenlinna IV' 6-max Seat #5 is the button
Seat 3: coeeeelho ($100 in chips) is sitting out
Seat 2: RAidakCo ($100 in chips) 
Seat 4: Oli3579 ($120.50 in chips) 
Seat 5: Cositorto ($136.25 in chips) 
Seat 6: avstero ($103.81 in chips) 
avstero: posts small blind $0.50
RAidakCo: posts big blind $1
coeeeelho: sits out 
*** HOLE CARDS ***
Oli3579: raises $1.25 to $2.25
Cositorto: raises $5.75 to $8
avstero: folds 
RAidakCo: folds 
Oli3579: calls $5.75
*** FLOP *** [8c 9h Jc]
Oli3579: checks 
Cositorto: checks 
*** TURN *** [8c 9h Jc] [5d]
Oli3579: checks 
Cositorto: checks 
*** RIVER *** [8c 9h Jc 5d] [Ac]
Oli3579: checks 
Cositorto: checks 
*** SHOW DOWN ***
Oli3579: shows [8d 7d] (a pair of Eights)
Cositorto: shows [Ad Kh] (a pair of Aces)
Cositorto collected $16.62 from pot
*** SUMMARY ***
Total pot $17.50 | Rake $0.88 
Board [8c 9h Jc 5d Ac]
Seat 3: coeeeelho
Seat 2: RAidakCo (big blind) folded before Flop
Seat 4: Oli3579 showed [8d 7d] and lost with a pair of Eights
Seat 5: Cositorto (button) showed [Ad Kh] and won ($16.62) with a pair of Aces
Seat 6: avstero (small blind) folded before Flop



PokerStars Hand #254545783552:  Hold'em No Limit ($0.50/$1.00 USD) - 2025/01/25 14:54:49 WET [2025/01/25 9:54:49 ET]
Table 'Hameenlinna IV' 6-max Seat #6 is the button
Seat 2: RAidakCo ($100 in chips) 
Seat 3: coeeeelho ($100 in chips) 
Seat 4: Oli3579 ($112.50 in chips) 
Seat 5: Cositorto ($144.87 in chips) 
Seat 6: avstero ($103.31 in chips) 
RAidakCo: posts small blind $0.50
coeeeelho: posts big blind $1
*** HOLE CARDS ***
Oli3579: raises $1.25 to $2.25
Cositorto: folds 
avstero: calls $2.25
RAidakCo: folds 
coeeeelho: folds 
*** FLOP *** [Ts 4c 7h]
Oli3579: checks 
avstero: bets $2.80
Oli3579: folds 
Uncalled bet ($2.80) returned to avstero
avstero collected $5.70 from pot
avstero: doesn't show hand 
*** SUMMARY ***
Total pot $6 | Rake $0.30 
Board [Ts 4c 7h]
Seat 2: RAidakCo (small blind) folded before Flop
Seat 3: coeeeelho (big blind) folded before Flop
Seat 4: Oli3579 folded on the Flop
Seat 5: Cositorto folded before Flop (didn't bet)
Seat 6: avstero (button) collected ($5.70)



PokerStars Hand #254545791269:  Hold'em No Limit ($0.50/$1.00 USD) - 2025/01/25 14:55:31 WET [2025/01/25 9:55:31 ET]
Table 'Hameenlinna IV' 6-max Seat #2 is the button
Seat 2: RAidakCo ($100 in chips) 
Seat 3: coeeeelho ($100 in chips) 
Seat 4: Oli3579 ($110.25 in chips) 
Seat 5: Cositorto ($144.87 in chips) 
Seat 6: avstero ($106.76 in chips) 
coeeeelho: posts small blind $0.50
Oli3579: posts big blind $1
*** HOLE CARDS ***
Cositorto: raises $1 to $2
avstero: folds 
RAidakCo: folds 
coeeeelho: folds 
Oli3579: folds 
Uncalled bet ($1) returned to Cositorto
Cositorto collected $2.50 from pot
Cositorto: doesn't show hand 
*** SUMMARY ***
Total pot $2.50 | Rake $0 
Seat 2: RAidakCo (button) folded before Flop (didn't bet)
Seat 3: coeeeelho (small blind) folded before Flop
Seat 4: Oli3579 (big blind) folded before Flop
Seat 5: Cositorto collected ($2.50)
Seat 6: avstero folded before Flop (didn't bet)



PokerStars Hand #254545795002:  Hold'em No Limit ($0.50/$1.00 USD) - 2025/01/25 14:55:55 WET [2025/01/25 9:55:55 ET]
Table 'Hameenlinna IV' 6-max Seat #3 is the button
Seat 5: Cositorto ($146.37 in chips) is sitting out
Seat 6: avstero ($106.76 in chips) is sitting out
Seat 2: RAidakCo ($100 in chips) 
Seat 3: coeeeelho ($100 in chips) 
Seat 4: Oli3579 ($109.25 in chips) 
Oli3579: posts small blind $0.50
Cositorto: is sitting out 
avstero: is sitting out 
RAidakCo: posts big blind $1
*** HOLE CARDS ***
coeeeelho: folds 
Cositorto leaves the table
avstero leaves the table
Oli3579: raises $2 to $3
RAidakCo: calls $2
*** FLOP *** [As 8s Ah]
Oli3579: bets $1.43
RAidakCo: calls $1.43
*** TURN *** [As 8s Ah] [6h]
Oli3579: checks 
RAidakCo: bets $6.32
Oli3579: folds 
Uncalled bet ($6.32) returned to RAidakCo
RAidakCo collected $8.42 from pot
RAidakCo: doesn't show hand 
*** SUMMARY ***
Total pot $8.86 | Rake $0.44 
Board [As 8s Ah 6h]
Seat 5: Cositorto
Seat 6: avstero
Seat 2: RAidakCo (big blind) collected ($8.42)
Seat 3: coeeeelho (button) folded before Flop (didn't bet)
Seat 4: Oli3579 (small blind) folded on the Turn



PokerStars Hand #254545801879:  Hold'em No Limit ($0.50/$1.00 USD) - 2025/01/25 14:56:38 WET [2025/01/25 9:56:38 ET]
Table 'Hameenlinna IV' 6-max Seat #4 is the button
Seat 2: RAidakCo ($103.99 in chips) 
Seat 3: coeeeelho ($100 in chips) 
Seat 4: Oli3579 ($104.82 in chips) 
RAidakCo: posts small blind $0.50
coeeeelho: posts big blind $1
*** HOLE CARDS ***
Oli3579: folds 
RAidakCo: folds 
Uncalled bet ($0.50) returned to coeeeelho
coeeeelho collected $1 from pot
*** SUMMARY ***
Total pot $1 | Rake $0 
Seat 2: RAidakCo (small blind) folded before Flop
Seat 3: coeeeelho (big blind) collected ($1)
Seat 4: Oli3579 (button) folded before Flop (didn't bet)



PokerStars Hand #254545803383:  Hold'em No Limit ($0.50/$1.00 USD) - 2025/01/25 14:56:47 WET [2025/01/25 9:56:47 ET]
Table 'Hameenlinna IV' 6-max Seat #3 is the button
Seat 4: Oli3579 ($104.82 in chips) is sitting out
Seat 2: RAidakCo ($103.49 in chips) 
Seat 3: coeeeelho ($100.50 in chips) 
coeeeelho: posts small blind $0.50
Oli3579: is sitting out 
RAidakCo: posts big blind $1
*** HOLE CARDS ***
coeeeelho: folds 
Uncalled bet ($0.50) returned to RAidakCo
Oli3579 leaves the table
RAidakCo collected $1 from pot
RAidakCo: doesn't show hand 
*** SUMMARY ***
Total pot $1 | Rake $0 
Seat 4: Oli3579
Seat 2: RAidakCo (big blind) collected ($1)
Seat 3: coeeeelho (button) (small blind) folded before Flop



PokerStars Hand #254546168402:  Hold'em No Limit ($0.50/$1.00 USD) - 2025/01/25 15:26:22 WET [2025/01/25 10:26:22 ET]
Table 'Hameenlinna IV' 6-max Seat #4 is the button
Seat 2: AlexPinsk1 ($100 in chips) 
Seat 4: Nicedaymybro ($140.97 in chips) 
Seat 5: tintin641 ($102.50 in chips) 
tintin641: posts small blind $0.50
AlexPinsk1: posts big blind $1
*** HOLE CARDS ***
Nicedaymybro: folds 
tintin641: raises $2 to $3
AlexPinsk1: folds 
Uncalled bet ($2) returned to tintin641
tintin641 collected $2 from pot
tintin641: doesn't show hand 
*** SUMMARY ***
Total pot $2 | Rake $0 
Seat 2: AlexPinsk1 (big blind) folded before Flop
Seat 4: Nicedaymybro (button) folded before Flop (didn't bet)
Seat 5: tintin641 (small blind) collected ($2)



PokerStars Hand #254546173307:  Hold'em No Limit ($0.50/$1.00 USD) - 2025/01/25 15:26:44 WET [2025/01/25 10:26:44 ET]
Table 'Hameenlinna IV' 6-max Seat #5 is the button
Seat 2: AlexPinsk1 ($100 in chips) 
Seat 4: Nicedaymybro ($140.97 in chips) 
Seat 5: tintin641 ($103.50 in chips) 
AlexPinsk1: posts small blind $0.50
Nicedaymybro: posts big blind $1
*** HOLE CARDS ***
tintin641: raises $1.50 to $2.50
AlexPinsk1: folds 
Nicedaymybro: folds 
Uncalled bet ($1.50) returned to tintin641
tintin641 collected $2.50 from pot
tintin641: doesn't show hand 
*** SUMMARY ***
Total pot $2.50 | Rake $0 
Seat 2: AlexPinsk1 (small blind) folded before Flop
Seat 4: Nicedaymybro (big blind) folded before Flop
Seat 5: tintin641 (button) collected ($2.50)



PokerStars Hand #254546175372:  Hold'em No Limit ($0.50/$1.00 USD) - 2025/01/25 15:26:53 WET [2025/01/25 10:26:53 ET]
Table 'Hameenlinna IV' 6-max Seat #2 is the button
Seat 2: AlexPinsk1 ($100 in chips) 
Seat 4: Nicedaymybro ($139.97 in chips) 
Seat 5: tintin641 ($105 in chips) 
Nicedaymybro: posts small blind $0.50
tintin641: posts big blind $1
*** HOLE CARDS ***
AlexPinsk1: raises $1.50 to $2.50
Nicedaymybro: folds 
tintin641: folds 
Uncalled bet ($1.50) returned to AlexPinsk1
AlexPinsk1 collected $2.50 from pot
AlexPinsk1: doesn't show hand 
*** SUMMARY ***
Total pot $2.50 | Rake $0 
Seat 2: AlexPinsk1 (button) collected ($2.50)
Seat 4: Nicedaymybro (small blind) folded before Flop
Seat 5: tintin641 (big blind) folded before Flop



PokerStars Hand #254546177262:  Hold'em No Limit ($0.50/$1.00 USD) - 2025/01/25 15:27:02 WET [2025/01/25 10:27:02 ET]
Table 'Hameenlinna IV' 6-max Seat #5 is the button
Seat 2: AlexPinsk1 ($101.50 in chips) is sitting out
Seat 4: Nicedaymybro ($139.47 in chips) 
Seat 5: tintin641 ($104 in chips) 
tintin641: posts small blind $0.50
AlexPinsk1: is sitting out 
Nicedaymybro: posts big blind $1
*** HOLE CARDS ***
tintin641: raises $1.50 to $2.50
AlexPinsk1 leaves the table
Nicedaymybro: folds 
Uncalled bet ($1.50) returned to tintin641
tintin641 collected $2 from pot
tintin641: doesn't show hand 
*** SUMMARY ***
Total pot $2 | Rake $0 
Seat 2: AlexPinsk1
Seat 4: Nicedaymybro (big blind) folded before Flop
Seat 5: tintin641 (button) (small blind) collected ($2)



PokerStars Hand #254546179901:  Hold'em No Limit ($0.50/$1.00 USD) - 2025/01/25 15:27:13 WET [2025/01/25 10:27:13 ET]
Table 'Hameenlinna IV' 6-max Seat #4 is the button
Seat 4: Nicedaymybro ($138.47 in chips) 
Seat 5: tintin641 ($105 in chips) 
Nicedaymybro: posts small blind $0.50
tintin641: posts big blind $1
*** HOLE CARDS ***
Nicedaymybro: raises $1.50 to $2.50
tintin641: folds 
Uncalled bet ($1.50) returned to Nicedaymybro
Nicedaymybro collected $2 from pot
Nicedaymybro: doesn't show hand 
tintin641 leaves the table
*** SUMMARY ***
Total pot $2 | Rake $0 
Seat 4: Nicedaymybro (button) (small blind) collected ($2)
Seat 5: tintin641 (big blind) folded before Flop



