PokerStars Hand #254550050487:  Hold'em No Limit ($0.50/$1.00 USD) - 2025/01/25 19:43:33 WET [2025/01/25 14:43:33 ET]
Table 'Thuban V' 6-max Seat #2 is the button
Seat 1: Manifestorr ($100 in chips) 
Seat 2: Pippa83 ($100 in chips) 
Seat 3: iWELDer ($96.57 in chips) 
Seat 4: blistein ($100 in chips) 
Seat 5: Rezzonner ($100 in chips) 
Seat 6: worker0k ($100 in chips) 
iWELDer: posts small blind $0.50
blistein: posts big blind $1
*** HOLE CARDS ***
Rezzonner: raises $1.50 to $2.50
worker0k: folds 
Manifestorr: folds 
Pippa83: folds 
iWELDer: calls $2
blistein: raises $10.50 to $13
Rezzonner: folds 
iWELDer: calls $10.50
*** FLOP *** [Qc 8s 9h]
iWELDer: checks 
blistein: bets $19.14
iWELDer: folds 
Uncalled bet ($19.14) returned to blistein
blistein collected $27.08 from pot
blistein: doesn't show hand 
*** SUMMARY ***
Total pot $28.50 | Rake $1.42 
Board [Qc 8s 9h]
Seat 1: Manifestorr folded before Flop (didn't bet)
Seat 2: Pippa83 (button) folded before Flop (didn't bet)
Seat 3: iWELDer (small blind) folded on the Flop
Seat 4: blistein (big blind) collected ($27.08)
Seat 5: Rezzonner folded before Flop
Seat 6: worker0k folded before Flop (didn't bet)



PokerStars Hand #254550069719:  Hold'em No Limit ($0.50/$1.00 USD) - 2025/01/25 19:44:41 WET [2025/01/25 14:44:41 ET]
Table 'Thuban V' 6-max Seat #3 is the button
Seat 1: Manifestorr ($100 in chips) 
Seat 2: Pippa83 ($100 in chips) 
Seat 3: iWELDer ($83.57 in chips) 
Seat 4: blistein ($114.08 in chips) 
Seat 5: Rezzonner ($100 in chips) 
Seat 6: worker0k ($100 in chips) 
blistein: posts small blind $0.50
Rezzonner: posts big blind $1
*** HOLE CARDS ***
worker0k: folds 
Manifestorr: raises $1.20 to $2.20
Pippa83: folds 
iWELDer: calls $2.20
blistein: folds 
Rezzonner: raises $10.30 to $12.50
Manifestorr: calls $10.30
iWELDer: calls $10.30
*** FLOP *** [7s 8c 2s]
Rezzonner: checks 
Manifestorr: bets $11.91
iWELDer: raises $11.91 to $23.82
Rezzonner: folds 
Manifestorr: raises $63.68 to $87.50 and is all-in
iWELDer: calls $47.25 and is all-in
Uncalled bet ($16.43) returned to Manifestorr
*** TURN *** [7s 8c 2s] [Ks]
*** RIVER *** [7s 8c 2s Ks] [9h]
*** SHOW DOWN ***
Manifestorr: shows [Qd Qc] (a pair of Queens)
iWELDer: shows [3c 3d] (a pair of Threes)
Manifestorr collected $177.64 from pot
*** SUMMARY ***
Total pot $180.14 | Rake $2.50 
Board [7s 8c 2s Ks 9h]
Seat 1: Manifestorr showed [Qd Qc] and won ($177.64) with a pair of Queens
Seat 2: Pippa83 folded before Flop (didn't bet)
Seat 3: iWELDer (button) showed [3c 3d] and lost with a pair of Threes
Seat 4: blistein (small blind) folded before Flop
Seat 5: Rezzonner (big blind) folded on the Flop
Seat 6: worker0k folded before Flop (didn't bet)



PokerStars Hand #254550098701:  Hold'em No Limit ($0.50/$1.00 USD) - 2025/01/25 19:46:21 WET [2025/01/25 14:46:21 ET]
Table 'Thuban V' 6-max Seat #4 is the button
Seat 3: iWELDer ($0 in chips) is sitting out
Seat 1: Manifestorr ($194.07 in chips) 
Seat 2: Pippa83 ($100 in chips) 
Seat 4: blistein ($113.58 in chips) 
Seat 5: Rezzonner ($100 in chips) 
Seat 6: worker0k ($100 in chips) 
Rezzonner: posts small blind $0.50
worker0k: posts big blind $1
*** HOLE CARDS ***
Manifestorr: folds 
Pippa83: folds 
blistein: raises $1.50 to $2.50
Rezzonner: folds 
worker0k: folds 
Uncalled bet ($1.50) returned to blistein
blistein collected $2.50 from pot
blistein: doesn't show hand 
*** SUMMARY ***
Total pot $2.50 | Rake $0 
Seat 3: iWELDer
Seat 1: Manifestorr folded before Flop (didn't bet)
Seat 2: Pippa83 folded before Flop (didn't bet)
Seat 4: blistein (button) collected ($2.50)
Seat 5: Rezzonner (small blind) folded before Flop
Seat 6: worker0k (big blind) folded before Flop



PokerStars Hand #254550102165:  Hold'em No Limit ($0.50/$1.00 USD) - 2025/01/25 19:46:33 WET [2025/01/25 14:46:33 ET]
Table 'Thuban V' 6-max Seat #5 is the button
Seat 3: iWELDer ($0 in chips) is sitting out
Seat 1: Manifestorr ($194.07 in chips) 
Seat 2: Pippa83 ($100 in chips) 
Seat 4: blistein ($115.08 in chips) 
Seat 5: Rezzonner ($100 in chips) 
Seat 6: worker0k ($100 in chips) 
worker0k: posts small blind $0.50
Manifestorr: posts big blind $1
*** HOLE CARDS ***
Pippa83: folds 
blistein: folds 
iWELDer leaves the table
Rezzonner: folds 
worker0k: folds 
Uncalled bet ($0.50) returned to Manifestorr
Manifestorr collected $1 from pot
*** SUMMARY ***
Total pot $1 | Rake $0 
Seat 3: iWELDer
Seat 1: Manifestorr (big blind) collected ($1)
Seat 2: Pippa83 folded before Flop (didn't bet)
Seat 4: blistein folded before Flop (didn't bet)
Seat 5: Rezzonner (button) folded before Flop (didn't bet)
Seat 6: worker0k (small blind) folded before Flop



PokerStars Hand #254550105835:  Hold'em No Limit ($0.50/$1.00 USD) - 2025/01/25 19:46:46 WET [2025/01/25 14:46:46 ET]
Table 'Thuban V' 6-max Seat #6 is the button
Seat 1: Manifestorr ($194.57 in chips) 
Seat 2: Pippa83 ($100 in chips) 
Seat 4: blistein ($115.08 in chips) 
Seat 5: Rezzonner ($100 in chips) 
Seat 6: worker0k ($100 in chips) 
Manifestorr: posts small blind $0.50
Pippa83: posts big blind $1
*** HOLE CARDS ***
raketkasix joins the table at seat #3 
blistein: folds 
Rezzonner: folds 
worker0k: folds 
Manifestorr: raises $2 to $3
Pippa83: raises $6 to $9
Manifestorr: calls $6
*** FLOP *** [Th Qh 7c]
Manifestorr: checks 
Pippa83: bets $8.50
Manifestorr: folds 
Uncalled bet ($8.50) returned to Pippa83
Pippa83 collected $17.10 from pot
Pippa83: doesn't show hand 
*** SUMMARY ***
Total pot $18 | Rake $0.90 
Board [Th Qh 7c]
Seat 1: Manifestorr (small blind) folded on the Flop
Seat 2: Pippa83 (big blind) collected ($17.10)
Seat 4: blistein folded before Flop (didn't bet)
Seat 5: Rezzonner folded before Flop (didn't bet)
Seat 6: worker0k (button) folded before Flop (didn't bet)



PokerStars Hand #254550116843:  Hold'em No Limit ($0.50/$1.00 USD) - 2025/01/25 19:47:24 WET [2025/01/25 14:47:24 ET]
Table 'Thuban V' 6-max Seat #1 is the button
Seat 1: Manifestorr ($185.57 in chips) 
Seat 2: Pippa83 ($108.10 in chips) 
Seat 3: raketkasix ($100 in chips) 
Seat 4: blistein ($115.08 in chips) 
Seat 5: Rezzonner ($100 in chips) 
Seat 6: worker0k ($100 in chips) 
Pippa83: posts small blind $0.50
raketkasix: posts big blind $1
*** HOLE CARDS ***
blistein: folds 
Rezzonner: folds 
worker0k: raises $1.30 to $2.30
Manifestorr: folds 
Pippa83: raises $9.20 to $11.50
raketkasix: folds 
worker0k: folds 
Uncalled bet ($9.20) returned to Pippa83
Pippa83 collected $5.60 from pot
Pippa83: doesn't show hand 
*** SUMMARY ***
Total pot $5.60 | Rake $0 
Seat 1: Manifestorr (button) folded before Flop (didn't bet)
Seat 2: Pippa83 (small blind) collected ($5.60)
Seat 3: raketkasix (big blind) folded before Flop
Seat 4: blistein folded before Flop (didn't bet)
Seat 5: Rezzonner folded before Flop (didn't bet)
Seat 6: worker0k folded before Flop



PokerStars Hand #254550122310:  Hold'em No Limit ($0.50/$1.00 USD) - 2025/01/25 19:47:43 WET [2025/01/25 14:47:43 ET]
Table 'Thuban V' 6-max Seat #2 is the button
Seat 4: blistein ($115.08 in chips) is sitting out
Seat 5: Rezzonner ($100 in chips) is sitting out
Seat 6: worker0k ($100 in chips) is sitting out
Seat 1: Manifestorr ($185.57 in chips) 
Seat 2: Pippa83 ($111.40 in chips) 
Seat 3: raketkasix ($100 in chips) 
raketkasix: posts small blind $0.50
blistein: is sitting out 
Rezzonner: is sitting out 
worker0k: is sitting out 
Manifestorr: posts big blind $1
*** HOLE CARDS ***
Pippa83: folds 
Rezzonner leaves the table
blistein leaves the table
worker0k leaves the table
Pippa83 leaves the table
raketkasix: raises $2 to $3
Manifestorr: folds 
Uncalled bet ($2) returned to raketkasix
raketkasix collected $2 from pot
raketkasix: doesn't show hand 
*** SUMMARY ***
Total pot $2 | Rake $0 
Seat 4: blistein
Seat 5: Rezzonner
Seat 6: worker0k
Seat 1: Manifestorr (big blind) folded before Flop
Seat 2: Pippa83 (button) folded before Flop (didn't bet)
Seat 3: raketkasix (small blind) collected ($2)



