PokerStars Hand #254553968263:  Hold'em No Limit ($0.50/$1.00 USD) - 2025/01/25 23:06:58 WET [2025/01/25 18:06:58 ET]
Table 'Admete IV' 6-max Seat #2 is the button
Seat 6: Seavus10 ($100 in chips) is sitting out
Seat 2: Mr_Dick666 ($100 in chips) 
Seat 3: nikalas22 ($223.15 in chips) 
Mr_Dick666: posts small blind $0.50
nikalas22: posts big blind $1
*** HOLE CARDS ***
Mr_Dick666: folds 
Uncalled bet ($0.50) returned to nikalas22
nikalas22 collected $1 from pot
nikalas22: doesn't show hand 
*** SUMMARY ***
Total pot $1 | Rake $0 
Seat 6: Seavus10
Seat 2: Mr_Dick666 (button) (small blind) folded before Flop
Seat 3: nikalas22 (big blind) collected ($1)



PokerStars Hand #254553970752:  Hold'em No Limit ($0.50/$1.00 USD) - 2025/01/25 23:07:08 WET [2025/01/25 18:07:08 ET]
Table 'Admete IV' 6-max Seat #2 is the button
Seat 2: Mr_Dick666 ($100 in chips) 
Seat 3: nikalas22 ($223.65 in chips) 
Seat 6: Seavus10 ($100 in chips) 
nikalas22: posts small blind $0.50
Seavus10: posts big blind $1
*** HOLE CARDS ***
Mr_Dick666: raises $1.50 to $2.50
nikalas22: folds 
Seavus10: folds 
Uncalled bet ($1.50) returned to Mr_Dick666
Mr_Dick666 collected $2.50 from pot
Mr_Dick666: doesn't show hand 
*** SUMMARY ***
Total pot $2.50 | Rake $0 
Seat 2: Mr_Dick666 (button) collected ($2.50)
Seat 3: nikalas22 (small blind) folded before Flop
Seat 6: Seavus10 (big blind) folded before Flop



PokerStars Hand #254553979063:  Hold'em No Limit ($0.50/$1.00 USD) - 2025/01/25 23:07:39 WET [2025/01/25 18:07:39 ET]
Table 'Admete IV' 6-max Seat #3 is the button
Seat 2: Mr_Dick666 ($101.50 in chips) 
Seat 3: nikalas22 ($223.15 in chips) 
Seat 6: Seavus10 ($100 in chips) 
Seavus10: posts small blind $0.50
Mr_Dick666: posts big blind $1
*** HOLE CARDS ***
nikalas22: folds 
Seavus10: folds 
Uncalled bet ($0.50) returned to Mr_Dick666
Mr_Dick666 collected $1 from pot
Mr_Dick666: doesn't show hand 
*** SUMMARY ***
Total pot $1 | Rake $0 
Seat 2: Mr_Dick666 (big blind) collected ($1)
Seat 3: nikalas22 (button) folded before Flop (didn't bet)
Seat 6: Seavus10 (small blind) folded before Flop



PokerStars Hand #254553982610:  Hold'em No Limit ($0.50/$1.00 USD) - 2025/01/25 23:07:53 WET [2025/01/25 18:07:53 ET]
Table 'Admete IV' 6-max Seat #6 is the button
Seat 2: Mr_Dick666 ($102 in chips) 
Seat 3: nikalas22 ($223.15 in chips) 
Seat 6: Seavus10 ($100 in chips) 
Mr_Dick666: posts small blind $0.50
nikalas22: posts big blind $1
*** HOLE CARDS ***
Seavus10: raises $1.50 to $2.50
Mr_Dick666: raises $8.50 to $11
nikalas22: folds 
Seavus10: raises $12.50 to $23.50
Mr_Dick666: calls $12.50
*** FLOP *** [2s Qh Jh]
Mr_Dick666: checks 
Seavus10: bets $11.75
Mr_Dick666: folds 
Uncalled bet ($11.75) returned to Seavus10
Seavus10 collected $47 from pot
Seavus10: doesn't show hand 
*** SUMMARY ***
Total pot $48 | Rake $1 
Board [2s Qh Jh]
Seat 2: Mr_Dick666 (small blind) folded on the Flop
Seat 3: nikalas22 (big blind) folded before Flop
Seat 6: Seavus10 (button) collected ($47)



PokerStars Hand #254554002018:  Hold'em No Limit ($0.50/$1.00 USD) - 2025/01/25 23:09:07 WET [2025/01/25 18:09:07 ET]
Table 'Admete IV' 6-max Seat #2 is the button
Seat 2: Mr_Dick666 ($100 in chips) 
Seat 3: nikalas22 ($222.15 in chips) 
Seat 6: Seavus10 ($123.50 in chips) 
nikalas22: posts small blind $0.50
Seavus10: posts big blind $1
*** HOLE CARDS ***
Mr_Dick666: raises $1.50 to $2.50
nikalas22: folds 
Seavus10: calls $1.50
*** FLOP *** [7d 4h 2c]
Seavus10: checks 
Mr_Dick666: checks 
*** TURN *** [7d 4h 2c] [9c]
Seavus10: bets $1.31
Mr_Dick666: raises $5.88 to $7.19
Seavus10: calls $5.88
*** RIVER *** [7d 4h 2c 9c] [Kd]
Seavus10: checks 
Mr_Dick666: checks 
*** SHOW DOWN ***
Seavus10: shows [Jc 7c] (a pair of Sevens)
Mr_Dick666: shows [Qd Qc] (a pair of Queens)
Mr_Dick666 collected $18.89 from pot
*** SUMMARY ***
Total pot $19.88 | Rake $0.99 
Board [7d 4h 2c 9c Kd]
Seat 2: Mr_Dick666 (button) showed [Qd Qc] and won ($18.89) with a pair of Queens
Seat 3: nikalas22 (small blind) folded before Flop
Seat 6: Seavus10 (big blind) showed [Jc 7c] and lost with a pair of Sevens



PokerStars Hand #254554022755:  Hold'em No Limit ($0.50/$1.00 USD) - 2025/01/25 23:10:26 WET [2025/01/25 18:10:26 ET]
Table 'Admete IV' 6-max Seat #6 is the button
Seat 2: Mr_Dick666 ($109.20 in chips) is sitting out
Seat 3: nikalas22 ($221.65 in chips) 
Seat 6: Seavus10 ($113.81 in chips) 
Seavus10: posts small blind $0.50
Mr_Dick666: is sitting out 
nikalas22: posts big blind $1
*** HOLE CARDS ***
Seavus10: raises $1.50 to $2.50
Mr_Dick666 leaves the table
nikalas22: raises $9.50 to $12
Seavus10: folds 
Uncalled bet ($9.50) returned to nikalas22
nikalas22 collected $5 from pot
nikalas22: doesn't show hand 
*** SUMMARY ***
Total pot $5 | Rake $0 
Seat 2: Mr_Dick666
Seat 3: nikalas22 (big blind) collected ($5)
Seat 6: Seavus10 (button) (small blind) folded before Flop



PokerStars Hand #254554029902:  Hold'em No Limit ($0.50/$1.00 USD) - 2025/01/25 23:10:53 WET [2025/01/25 18:10:53 ET]
Table 'Admete IV' 6-max Seat #3 is the button
Seat 3: nikalas22 ($224.15 in chips) 
Seat 6: Seavus10 ($111.31 in chips) 
nikalas22: posts small blind $0.50
Seavus10: posts big blind $1
*** HOLE CARDS ***
nikalas22: raises $1.50 to $2.50
Seavus10: calls $1.50
*** FLOP *** [7c 6h Kh]
Seavus10: checks 
nikalas22: bets $1.43
Seavus10: raises $5.36 to $6.79
nikalas22: folds 
Uncalled bet ($5.36) returned to Seavus10
Seavus10 collected $7.47 from pot
Seavus10: doesn't show hand 
*** SUMMARY ***
Total pot $7.86 | Rake $0.39 
Board [7c 6h Kh]
Seat 3: nikalas22 (button) (small blind) folded on the Flop
Seat 6: Seavus10 (big blind) collected ($7.47)



PokerStars Hand #254554086146:  Hold'em No Limit ($0.50/$1.00 USD) - 2025/01/25 23:14:28 WET [2025/01/25 18:14:28 ET]
Table 'Admete IV' 6-max Seat #4 is the button
Seat 1: rødlibanon ($49.76 in chips) 
Seat 2: tintin641 ($100 in chips) 
Seat 3: nikalas22 ($220.22 in chips) 
Seat 4: z00mba ($183.97 in chips) 
Seat 5: Trojanovich ($100 in chips) 
Seat 6: Seavus10 ($114.85 in chips) 
Trojanovich: posts small blind $0.50
Seavus10: posts big blind $1
*** HOLE CARDS ***
rødlibanon: folds 
tintin641: folds 
nikalas22: folds 
z00mba: folds 
Trojanovich: folds 
Uncalled bet ($0.50) returned to Seavus10
Seavus10 collected $1 from pot
Seavus10: doesn't show hand 
*** SUMMARY ***
Total pot $1 | Rake $0 
Seat 1: rødlibanon folded before Flop (didn't bet)
Seat 2: tintin641 folded before Flop (didn't bet)
Seat 3: nikalas22 folded before Flop (didn't bet)
Seat 4: z00mba (button) folded before Flop (didn't bet)
Seat 5: Trojanovich (small blind) folded before Flop
Seat 6: Seavus10 (big blind) collected ($1)



PokerStars Hand #254554089543:  Hold'em No Limit ($0.50/$1.00 USD) - 2025/01/25 23:14:41 WET [2025/01/25 18:14:41 ET]
Table 'Admete IV' 6-max Seat #5 is the button
Seat 1: rødlibanon ($49.76 in chips) 
Seat 2: tintin641 ($100 in chips) 
Seat 3: nikalas22 ($220.22 in chips) 
Seat 4: z00mba ($183.97 in chips) 
Seat 5: Trojanovich ($100 in chips) 
Seat 6: Seavus10 ($115.35 in chips) 
Seavus10: posts small blind $0.50
rødlibanon: posts big blind $1
*** HOLE CARDS ***
tintin641: folds 
nikalas22: folds 
z00mba: folds 
Trojanovich: folds 
Seavus10: calls $0.50
rødlibanon: checks 
*** FLOP *** [3h 8h Ad]
Seavus10: checks 
rødlibanon: bets $1
Seavus10: calls $1
*** TURN *** [3h 8h Ad] [Th]
Seavus10: checks 
rødlibanon: checks 
*** RIVER *** [3h 8h Ad Th] [Js]
Seavus10: bets $1.53
rødlibanon: folds 
Uncalled bet ($1.53) returned to Seavus10
Seavus10 collected $3.80 from pot
Seavus10: doesn't show hand 
*** SUMMARY ***
Total pot $4 | Rake $0.20 
Board [3h 8h Ad Th Js]
Seat 1: rødlibanon (big blind) folded on the River
Seat 2: tintin641 folded before Flop (didn't bet)
Seat 3: nikalas22 folded before Flop (didn't bet)
Seat 4: z00mba folded before Flop (didn't bet)
Seat 5: Trojanovich (button) folded before Flop (didn't bet)
Seat 6: Seavus10 (small blind) collected ($3.80)



PokerStars Hand #254554104270:  Hold'em No Limit ($0.50/$1.00 USD) - 2025/01/25 23:15:37 WET [2025/01/25 18:15:37 ET]
Table 'Admete IV' 6-max Seat #6 is the button
Seat 1: rødlibanon ($47.76 in chips) 
Seat 2: tintin641 ($100 in chips) 
Seat 3: nikalas22 ($220.22 in chips) 
Seat 4: z00mba ($183.97 in chips) 
Seat 5: Trojanovich ($100 in chips) 
Seat 6: Seavus10 ($117.15 in chips) 
rødlibanon: posts small blind $0.50
tintin641: posts big blind $1
*** HOLE CARDS ***
nikalas22: folds 
z00mba: folds 
Trojanovich: folds 
Seavus10: folds 
rødlibanon: folds 
Uncalled bet ($0.50) returned to tintin641
tintin641 collected $1 from pot
tintin641: doesn't show hand 
*** SUMMARY ***
Total pot $1 | Rake $0 
Seat 1: rødlibanon (small blind) folded before Flop
Seat 2: tintin641 (big blind) collected ($1)
Seat 3: nikalas22 folded before Flop (didn't bet)
Seat 4: z00mba folded before Flop (didn't bet)
Seat 5: Trojanovich folded before Flop (didn't bet)
Seat 6: Seavus10 (button) folded before Flop (didn't bet)



PokerStars Hand #254554109088:  Hold'em No Limit ($0.50/$1.00 USD) - 2025/01/25 23:15:55 WET [2025/01/25 18:15:55 ET]
Table 'Admete IV' 6-max Seat #1 is the button
Seat 1: rødlibanon ($47.26 in chips) 
Seat 2: tintin641 ($100.50 in chips) 
Seat 3: nikalas22 ($220.22 in chips) 
Seat 4: z00mba ($183.97 in chips) 
Seat 5: Trojanovich ($100 in chips) 
Seat 6: Seavus10 ($117.15 in chips) 
tintin641: posts small blind $0.50
nikalas22: posts big blind $1
*** HOLE CARDS ***
z00mba: folds 
Trojanovich: folds 
Seavus10: folds 
rødlibanon: calls $1
tintin641: calls $0.50
nikalas22: checks 
*** FLOP *** [Jd Td 3s]
tintin641: checks 
nikalas22: checks 
rødlibanon: bets $1.90
tintin641: folds 
nikalas22: folds 
Uncalled bet ($1.90) returned to rødlibanon
rødlibanon collected $2.85 from pot
rødlibanon: doesn't show hand 
*** SUMMARY ***
Total pot $3 | Rake $0.15 
Board [Jd Td 3s]
Seat 1: rødlibanon (button) collected ($2.85)
Seat 2: tintin641 (small blind) folded on the Flop
Seat 3: nikalas22 (big blind) folded on the Flop
Seat 4: z00mba folded before Flop (didn't bet)
Seat 5: Trojanovich folded before Flop (didn't bet)
Seat 6: Seavus10 folded before Flop (didn't bet)



PokerStars Hand #254554124645:  Hold'em No Limit ($0.50/$1.00 USD) - 2025/01/25 23:16:56 WET [2025/01/25 18:16:56 ET]
Table 'Admete IV' 6-max Seat #2 is the button
Seat 1: rødlibanon ($49.11 in chips) 
Seat 2: tintin641 ($100 in chips) 
Seat 3: nikalas22 ($219.22 in chips) 
Seat 4: z00mba ($183.97 in chips) 
Seat 5: Trojanovich ($100 in chips) 
Seat 6: Seavus10 ($117.15 in chips) 
nikalas22: posts small blind $0.50
z00mba: posts big blind $1
*** HOLE CARDS ***
Trojanovich: folds 
Seavus10: folds 
rødlibanon: folds 
tintin641: raises $1.50 to $2.50
nikalas22: folds 
z00mba: folds 
Uncalled bet ($1.50) returned to tintin641
tintin641 collected $2.50 from pot
tintin641: doesn't show hand 
*** SUMMARY ***
Total pot $2.50 | Rake $0 
Seat 1: rødlibanon folded before Flop (didn't bet)
Seat 2: tintin641 (button) collected ($2.50)
Seat 3: nikalas22 (small blind) folded before Flop
Seat 4: z00mba (big blind) folded before Flop
Seat 5: Trojanovich folded before Flop (didn't bet)
Seat 6: Seavus10 folded before Flop (didn't bet)



PokerStars Hand #254554129947:  Hold'em No Limit ($0.50/$1.00 USD) - 2025/01/25 23:17:16 WET [2025/01/25 18:17:16 ET]
Table 'Admete IV' 6-max Seat #3 is the button
Seat 1: rødlibanon ($49.11 in chips) 
Seat 2: tintin641 ($101.50 in chips) 
Seat 3: nikalas22 ($218.72 in chips) 
Seat 4: z00mba ($182.97 in chips) 
Seat 5: Trojanovich ($100 in chips) 
Seat 6: Seavus10 ($117.15 in chips) 
z00mba: posts small blind $0.50
Trojanovich: posts big blind $1
*** HOLE CARDS ***
Seavus10: folds 
rødlibanon: folds 
tintin641: folds 
nikalas22: raises $1.50 to $2.50
z00mba: folds 
Trojanovich: raises $8.50 to $11
nikalas22: folds 
Uncalled bet ($8.50) returned to Trojanovich
Trojanovich collected $5.50 from pot
Trojanovich: doesn't show hand 
*** SUMMARY ***
Total pot $5.50 | Rake $0 
Seat 1: rødlibanon folded before Flop (didn't bet)
Seat 2: tintin641 folded before Flop (didn't bet)
Seat 3: nikalas22 (button) folded before Flop
Seat 4: z00mba (small blind) folded before Flop
Seat 5: Trojanovich (big blind) collected ($5.50)
Seat 6: Seavus10 folded before Flop (didn't bet)



PokerStars Hand #254554136460:  Hold'em No Limit ($0.50/$1.00 USD) - 2025/01/25 23:17:41 WET [2025/01/25 18:17:41 ET]
Table 'Admete IV' 6-max Seat #4 is the button
Seat 1: rødlibanon ($49.11 in chips) 
Seat 2: tintin641 ($101.50 in chips) 
Seat 3: nikalas22 ($216.22 in chips) 
Seat 4: z00mba ($182.47 in chips) 
Seat 5: Trojanovich ($103 in chips) 
Seat 6: Seavus10 ($117.15 in chips) 
Trojanovich: posts small blind $0.50
Seavus10: posts big blind $1
*** HOLE CARDS ***
rødlibanon: folds 
tintin641: folds 
nikalas22: folds 
z00mba: folds 
Trojanovich: folds 
Uncalled bet ($0.50) returned to Seavus10
Seavus10 collected $1 from pot
Seavus10: doesn't show hand 
*** SUMMARY ***
Total pot $1 | Rake $0 
Seat 1: rødlibanon folded before Flop (didn't bet)
Seat 2: tintin641 folded before Flop (didn't bet)
Seat 3: nikalas22 folded before Flop (didn't bet)
Seat 4: z00mba (button) folded before Flop (didn't bet)
Seat 5: Trojanovich (small blind) folded before Flop
Seat 6: Seavus10 (big blind) collected ($1)



PokerStars Hand #254554140252:  Hold'em No Limit ($0.50/$1.00 USD) - 2025/01/25 23:17:56 WET [2025/01/25 18:17:56 ET]
Table 'Admete IV' 6-max Seat #5 is the button
Seat 1: rødlibanon ($49.11 in chips) 
Seat 2: tintin641 ($101.50 in chips) 
Seat 3: nikalas22 ($216.22 in chips) 
Seat 4: z00mba ($182.47 in chips) 
Seat 5: Trojanovich ($102.50 in chips) 
Seat 6: Seavus10 ($117.65 in chips) 
Seavus10: posts small blind $0.50
rødlibanon: posts big blind $1
*** HOLE CARDS ***
tintin641: folds 
nikalas22: folds 
z00mba: folds 
Trojanovich: raises $1.50 to $2.50
Seavus10: folds 
rødlibanon: folds 
Uncalled bet ($1.50) returned to Trojanovich
Trojanovich collected $2.50 from pot
Trojanovich: doesn't show hand 
*** SUMMARY ***
Total pot $2.50 | Rake $0 
Seat 1: rødlibanon (big blind) folded before Flop
Seat 2: tintin641 folded before Flop (didn't bet)
Seat 3: nikalas22 folded before Flop (didn't bet)
Seat 4: z00mba folded before Flop (didn't bet)
Seat 5: Trojanovich (button) collected ($2.50)
Seat 6: Seavus10 (small blind) folded before Flop



PokerStars Hand #254554148321:  Hold'em No Limit ($0.50/$1.00 USD) - 2025/01/25 23:18:27 WET [2025/01/25 18:18:27 ET]
Table 'Admete IV' 6-max Seat #6 is the button
Seat 1: rødlibanon ($48.11 in chips) 
Seat 2: tintin641 ($101.50 in chips) 
Seat 3: nikalas22 ($216.22 in chips) 
Seat 4: z00mba ($182.47 in chips) 
Seat 5: Trojanovich ($104 in chips) 
Seat 6: Seavus10 ($117.15 in chips) 
rødlibanon: posts small blind $0.50
tintin641: posts big blind $1
*** HOLE CARDS ***
nikalas22: folds 
z00mba: folds 
Trojanovich: folds 
Seavus10: folds 
rødlibanon: folds 
Uncalled bet ($0.50) returned to tintin641
tintin641 collected $1 from pot
tintin641: doesn't show hand 
*** SUMMARY ***
Total pot $1 | Rake $0 
Seat 1: rødlibanon (small blind) folded before Flop
Seat 2: tintin641 (big blind) collected ($1)
Seat 3: nikalas22 folded before Flop (didn't bet)
Seat 4: z00mba folded before Flop (didn't bet)
Seat 5: Trojanovich folded before Flop (didn't bet)
Seat 6: Seavus10 (button) folded before Flop (didn't bet)



PokerStars Hand #254554151732:  Hold'em No Limit ($0.50/$1.00 USD) - 2025/01/25 23:18:40 WET [2025/01/25 18:18:40 ET]
Table 'Admete IV' 6-max Seat #1 is the button
Seat 1: rødlibanon ($47.61 in chips) 
Seat 2: tintin641 ($102 in chips) 
Seat 3: nikalas22 ($216.22 in chips) 
Seat 4: z00mba ($182.47 in chips) 
Seat 5: Trojanovich ($104 in chips) 
Seat 6: Seavus10 ($117.15 in chips) 
tintin641: posts small blind $0.50
nikalas22: posts big blind $1
*** HOLE CARDS ***
z00mba: folds 
Trojanovich: folds 
Seavus10: folds 
rødlibanon: folds 
tintin641: raises $2 to $3
nikalas22: folds 
Uncalled bet ($2) returned to tintin641
tintin641 collected $2 from pot
tintin641: doesn't show hand 
*** SUMMARY ***
Total pot $2 | Rake $0 
Seat 1: rødlibanon (button) folded before Flop (didn't bet)
Seat 2: tintin641 (small blind) collected ($2)
Seat 3: nikalas22 (big blind) folded before Flop
Seat 4: z00mba folded before Flop (didn't bet)
Seat 5: Trojanovich folded before Flop (didn't bet)
Seat 6: Seavus10 folded before Flop (didn't bet)



PokerStars Hand #254554157009:  Hold'em No Limit ($0.50/$1.00 USD) - 2025/01/25 23:19:00 WET [2025/01/25 18:19:00 ET]
Table 'Admete IV' 6-max Seat #2 is the button
Seat 1: rødlibanon ($47.61 in chips) 
Seat 2: tintin641 ($103 in chips) 
Seat 3: nikalas22 ($215.22 in chips) 
Seat 4: z00mba ($182.47 in chips) 
Seat 5: Trojanovich ($104 in chips) 
Seat 6: Seavus10 ($117.15 in chips) 
nikalas22: posts small blind $0.50
z00mba: posts big blind $1
*** HOLE CARDS ***
Trojanovich: folds 
Seavus10: folds 
rødlibanon: folds 
tintin641: folds 
nikalas22: folds 
Uncalled bet ($0.50) returned to z00mba
z00mba collected $1 from pot
z00mba: doesn't show hand 
*** SUMMARY ***
Total pot $1 | Rake $0 
Seat 1: rødlibanon folded before Flop (didn't bet)
Seat 2: tintin641 (button) folded before Flop (didn't bet)
Seat 3: nikalas22 (small blind) folded before Flop
Seat 4: z00mba (big blind) collected ($1)
Seat 5: Trojanovich folded before Flop (didn't bet)
Seat 6: Seavus10 folded before Flop (didn't bet)



PokerStars Hand #254554161175:  Hold'em No Limit ($0.50/$1.00 USD) - 2025/01/25 23:19:16 WET [2025/01/25 18:19:16 ET]
Table 'Admete IV' 6-max Seat #3 is the button
Seat 1: rødlibanon ($47.61 in chips) 
Seat 2: tintin641 ($103 in chips) 
Seat 3: nikalas22 ($214.72 in chips) 
Seat 4: z00mba ($182.97 in chips) 
Seat 5: Trojanovich ($104 in chips) 
Seat 6: Seavus10 ($117.15 in chips) 
z00mba: posts small blind $0.50
Trojanovich: posts big blind $1
*** HOLE CARDS ***
Seavus10: folds 
rødlibanon: folds 
tintin641: raises $1.50 to $2.50
nikalas22: folds 
z00mba: folds 
Trojanovich: calls $1.50
*** FLOP *** [3d 5d 7s]
Trojanovich: checks 
tintin641: checks 
*** TURN *** [3d 5d 7s] [Qc]
Trojanovich: checks 
tintin641: checks 
*** RIVER *** [3d 5d 7s Qc] [9d]
Trojanovich: bets $7.83
tintin641: folds 
Uncalled bet ($7.83) returned to Trojanovich
Trojanovich collected $5.22 from pot
Trojanovich: doesn't show hand 
*** SUMMARY ***
Total pot $5.50 | Rake $0.28 
Board [3d 5d 7s Qc 9d]
Seat 1: rødlibanon folded before Flop (didn't bet)
Seat 2: tintin641 folded on the River
Seat 3: nikalas22 (button) folded before Flop (didn't bet)
Seat 4: z00mba (small blind) folded before Flop
Seat 5: Trojanovich (big blind) collected ($5.22)
Seat 6: Seavus10 folded before Flop (didn't bet)



PokerStars Hand #254554185761:  Hold'em No Limit ($0.50/$1.00 USD) - 2025/01/25 23:20:52 WET [2025/01/25 18:20:52 ET]
Table 'Admete IV' 6-max Seat #4 is the button
Seat 1: rødlibanon ($47.61 in chips) 
Seat 2: tintin641 ($100.50 in chips) 
Seat 3: nikalas22 ($214.72 in chips) 
Seat 4: z00mba ($182.47 in chips) 
Seat 5: Trojanovich ($106.72 in chips) 
Seat 6: Seavus10 ($117.15 in chips) 
Trojanovich: posts small blind $0.50
Seavus10: posts big blind $1
*** HOLE CARDS ***
rødlibanon: folds 
tintin641: folds 
nikalas22: folds 
z00mba: folds 
Trojanovich: folds 
Uncalled bet ($0.50) returned to Seavus10
Seavus10 collected $1 from pot
Seavus10: doesn't show hand 
*** SUMMARY ***
Total pot $1 | Rake $0 
Seat 1: rødlibanon folded before Flop (didn't bet)
Seat 2: tintin641 folded before Flop (didn't bet)
Seat 3: nikalas22 folded before Flop (didn't bet)
Seat 4: z00mba (button) folded before Flop (didn't bet)
Seat 5: Trojanovich (small blind) folded before Flop
Seat 6: Seavus10 (big blind) collected ($1)



PokerStars Hand #254554190276:  Hold'em No Limit ($0.50/$1.00 USD) - 2025/01/25 23:21:09 WET [2025/01/25 18:21:09 ET]
Table 'Admete IV' 6-max Seat #5 is the button
Seat 1: rødlibanon ($47.61 in chips) 
Seat 2: tintin641 ($100.50 in chips) 
Seat 3: nikalas22 ($214.72 in chips) 
Seat 4: z00mba ($182.47 in chips) 
Seat 5: Trojanovich ($106.22 in chips) 
Seat 6: Seavus10 ($117.65 in chips) 
Seavus10: posts small blind $0.50
rødlibanon: posts big blind $1
*** HOLE CARDS ***
tintin641: folds 
nikalas22: folds 
z00mba: raises $1.50 to $2.50
Trojanovich: raises $5 to $7.50
Seavus10: folds 
rødlibanon: folds 
z00mba: folds 
Uncalled bet ($5) returned to Trojanovich
Trojanovich collected $6.50 from pot
Trojanovich: doesn't show hand 
*** SUMMARY ***
Total pot $6.50 | Rake $0 
Seat 1: rødlibanon (big blind) folded before Flop
Seat 2: tintin641 folded before Flop (didn't bet)
Seat 3: nikalas22 folded before Flop (didn't bet)
Seat 4: z00mba folded before Flop
Seat 5: Trojanovich (button) collected ($6.50)
Seat 6: Seavus10 (small blind) folded before Flop



PokerStars Hand #254554196403:  Hold'em No Limit ($0.50/$1.00 USD) - 2025/01/25 23:21:33 WET [2025/01/25 18:21:33 ET]
Table 'Admete IV' 6-max Seat #6 is the button
Seat 1: rødlibanon ($46.61 in chips) 
Seat 2: tintin641 ($100.50 in chips) 
Seat 3: nikalas22 ($214.72 in chips) 
Seat 4: z00mba ($179.97 in chips) 
Seat 5: Trojanovich ($110.22 in chips) 
Seat 6: Seavus10 ($117.15 in chips) 
rødlibanon: posts small blind $0.50
tintin641: posts big blind $1
*** HOLE CARDS ***
nikalas22: raises $1.50 to $2.50
z00mba: folds 
Trojanovich: folds 
Seavus10: folds 
rødlibanon: folds 
tintin641: folds 
Uncalled bet ($1.50) returned to nikalas22
nikalas22 collected $2.50 from pot
nikalas22: doesn't show hand 
*** SUMMARY ***
Total pot $2.50 | Rake $0 
Seat 1: rødlibanon (small blind) folded before Flop
Seat 2: tintin641 (big blind) folded before Flop
Seat 3: nikalas22 collected ($2.50)
Seat 4: z00mba folded before Flop (didn't bet)
Seat 5: Trojanovich folded before Flop (didn't bet)
Seat 6: Seavus10 (button) folded before Flop (didn't bet)



PokerStars Hand #254554203010:  Hold'em No Limit ($0.50/$1.00 USD) - 2025/01/25 23:21:59 WET [2025/01/25 18:21:59 ET]
Table 'Admete IV' 6-max Seat #1 is the button
Seat 3: nikalas22 ($216.22 in chips) is sitting out
Seat 1: rødlibanon ($46.11 in chips) 
Seat 2: tintin641 ($100 in chips) 
Seat 4: z00mba ($179.97 in chips) 
Seat 5: Trojanovich ($110.22 in chips) 
Seat 6: Seavus10 ($117.15 in chips) 
tintin641: posts small blind $0.50
nikalas22: is sitting out 
z00mba: posts big blind $1
*** HOLE CARDS ***
Trojanovich: folds 
Seavus10: folds 
rødlibanon: folds 
nikalas22 leaves the table
tintin641: folds 
Uncalled bet ($0.50) returned to z00mba
z00mba collected $1 from pot
z00mba: doesn't show hand 
*** SUMMARY ***
Total pot $1 | Rake $0 
Seat 3: nikalas22
Seat 1: rødlibanon (button) folded before Flop (didn't bet)
Seat 2: tintin641 (small blind) folded before Flop
Seat 4: z00mba (big blind) collected ($1)
Seat 5: Trojanovich folded before Flop (didn't bet)
Seat 6: Seavus10 folded before Flop (didn't bet)



PokerStars Hand #254554205151:  Hold'em No Limit ($0.50/$1.00 USD) - 2025/01/25 23:22:07 WET [2025/01/25 18:22:07 ET]
Table 'Admete IV' 6-max Seat #2 is the button
Seat 1: rødlibanon ($46.11 in chips) 
Seat 2: tintin641 ($100 in chips) 
Seat 4: z00mba ($180.47 in chips) 
Seat 5: Trojanovich ($110.22 in chips) 
Seat 6: Seavus10 ($117.15 in chips) 
z00mba: posts small blind $0.50
Trojanovich: posts big blind $1
*** HOLE CARDS ***
Seavus10: folds 
reiyser joins the table at seat #3 
rødlibanon: raises $1.50 to $2.50
tintin641: raises $5 to $7.50
z00mba: folds 
Trojanovich: folds 
rødlibanon: calls $5
*** FLOP *** [3s Td Jc]
rødlibanon: checks 
tintin641: bets $3.92
rødlibanon: raises $4.42 to $8.34
tintin641: raises $84.16 to $92.50 and is all-in
rødlibanon: calls $30.27 and is all-in
Uncalled bet ($53.89) returned to tintin641
*** TURN *** [3s Td Jc] [5c]
*** RIVER *** [3s Td Jc 5c] [2d]
*** SHOW DOWN ***
rødlibanon: shows [9s Qd] (high card Queen)
tintin641: shows [Qs Kh] (high card King)
tintin641 collected $91.22 from pot
*** SUMMARY ***
Total pot $93.72 | Rake $2.50 
Board [3s Td Jc 5c 2d]
Seat 1: rødlibanon showed [9s Qd] and lost with high card Queen
Seat 2: tintin641 (button) showed [Qs Kh] and won ($91.22) with high card King
Seat 4: z00mba (small blind) folded before Flop
Seat 5: Trojanovich (big blind) folded before Flop
Seat 6: Seavus10 folded before Flop (didn't bet)



PokerStars Hand #254554226463:  Hold'em No Limit ($0.50/$1.00 USD) - 2025/01/25 23:23:30 WET [2025/01/25 18:23:30 ET]
Table 'Admete IV' 6-max Seat #4 is the button
Seat 1: rødlibanon ($0 in chips) is sitting out
Seat 3: reiyser ($100 in chips) is sitting out
Seat 2: tintin641 ($145.11 in chips) 
Seat 4: z00mba ($179.97 in chips) 
Seat 5: Trojanovich ($109.22 in chips) 
Seat 6: Seavus10 ($117.15 in chips) 
Trojanovich: posts small blind $0.50
Seavus10: posts big blind $1
reiyser: sits out 
*** HOLE CARDS ***
tintin641: raises $1.50 to $2.50
z00mba: folds 
Trojanovich: folds 
rødlibanon leaves the table
Seavus10: folds 
Uncalled bet ($1.50) returned to tintin641
tintin641 collected $2.50 from pot
tintin641: doesn't show hand 
*** SUMMARY ***
Total pot $2.50 | Rake $0 
Seat 1: rødlibanon
Seat 3: reiyser
Seat 2: tintin641 collected ($2.50)
Seat 4: z00mba (button) folded before Flop (didn't bet)
Seat 5: Trojanovich (small blind) folded before Flop
Seat 6: Seavus10 (big blind) folded before Flop



PokerStars Hand #254554230474:  Hold'em No Limit ($0.50/$1.00 USD) - 2025/01/25 23:23:45 WET [2025/01/25 18:23:45 ET]
Table 'Admete IV' 6-max Seat #5 is the button
Seat 3: reiyser ($100 in chips) is sitting out
Seat 2: tintin641 ($146.61 in chips) 
Seat 4: z00mba ($179.97 in chips) 
Seat 5: Trojanovich ($108.72 in chips) 
Seat 6: Seavus10 ($116.15 in chips) 
Seavus10: posts small blind $0.50
tintin641: posts big blind $1
reiyser: sits out 
*** HOLE CARDS ***
z00mba: raises $1.50 to $2.50
Trojanovich: folds 
Seavus10: raises $9 to $11.50
tintin641: folds 
carlospit300 joins the table at seat #1 
carlospit300 is disconnected 
z00mba: calls $9
*** FLOP *** [7s Ks 9d]
Seavus10: bets $5.75
z00mba: calls $5.75
*** TURN *** [7s Ks 9d] [2s]
Seavus10: checks 
z00mba: bets $18
Seavus10: folds 
Uncalled bet ($18) returned to z00mba
z00mba collected $34.50 from pot
z00mba: doesn't show hand 
*** SUMMARY ***
Total pot $35.50 | Rake $1 
Board [7s Ks 9d 2s]
Seat 3: reiyser
Seat 2: tintin641 (big blind) folded before Flop
Seat 4: z00mba collected ($34.50)
Seat 5: Trojanovich (button) folded before Flop (didn't bet)
Seat 6: Seavus10 (small blind) folded on the Turn



PokerStars Hand #254554256920:  Hold'em No Limit ($0.50/$1.00 USD) - 2025/01/25 23:25:27 WET [2025/01/25 18:25:27 ET]
Table 'Admete IV' 6-max Seat #6 is the button
Seat 1: carlospit300 ($40 in chips) is sitting out
Seat 2: tintin641 ($145.61 in chips) 
Seat 3: reiyser ($100 in chips) 
Seat 4: z00mba ($197.22 in chips) 
Seat 5: Trojanovich ($108.72 in chips) 
Seat 6: Seavus10 ($100 in chips) 
tintin641: posts small blind $0.50
reiyser: posts big blind $1
*** HOLE CARDS ***
z00mba: folds 
Trojanovich: folds 
Seavus10: raises $1.50 to $2.50
tintin641: folds 
reiyser: folds 
Uncalled bet ($1.50) returned to Seavus10
Seavus10 collected $2.50 from pot
Seavus10: doesn't show hand 
*** SUMMARY ***
Total pot $2.50 | Rake $0 
Seat 1: carlospit300
Seat 2: tintin641 (small blind) folded before Flop
Seat 3: reiyser (big blind) folded before Flop
Seat 4: z00mba folded before Flop (didn't bet)
Seat 5: Trojanovich folded before Flop (didn't bet)
Seat 6: Seavus10 (button) collected ($2.50)



PokerStars Hand #254554260513:  Hold'em No Limit ($0.50/$1.00 USD) - 2025/01/25 23:25:41 WET [2025/01/25 18:25:41 ET]
Table 'Admete IV' 6-max Seat #2 is the button
Seat 1: carlospit300 ($40 in chips) is sitting out
Seat 2: tintin641 ($145.11 in chips) 
Seat 3: reiyser ($100 in chips) 
Seat 4: z00mba ($197.22 in chips) 
Seat 5: Trojanovich ($108.72 in chips) 
Seat 6: Seavus10 ($101.50 in chips) 
reiyser: posts small blind $0.50
z00mba: posts big blind $1
carlospit300: sits out 
*** HOLE CARDS ***
Trojanovich: raises $1.50 to $2.50
Seavus10: folds 
tintin641: raises $5 to $7.50
reiyser: folds 
z00mba: folds 
Trojanovich: folds 
Uncalled bet ($5) returned to tintin641
tintin641 collected $6.50 from pot
tintin641: doesn't show hand 
*** SUMMARY ***
Total pot $6.50 | Rake $0 
Seat 1: carlospit300
Seat 2: tintin641 (button) collected ($6.50)
Seat 3: reiyser (small blind) folded before Flop
Seat 4: z00mba (big blind) folded before Flop
Seat 5: Trojanovich folded before Flop
Seat 6: Seavus10 folded before Flop (didn't bet)



PokerStars Hand #254554267642:  Hold'em No Limit ($0.50/$1.00 USD) - 2025/01/25 23:26:08 WET [2025/01/25 18:26:08 ET]
Table 'Admete IV' 6-max Seat #3 is the button
Seat 1: carlospit300 ($40 in chips) is sitting out
Seat 2: tintin641 ($149.11 in chips) 
Seat 3: reiyser ($100 in chips) 
Seat 4: z00mba ($196.22 in chips) 
Seat 5: Trojanovich ($106.22 in chips) 
Seat 6: Seavus10 ($101.50 in chips) 
z00mba: posts small blind $0.50
Trojanovich: posts big blind $1
carlospit300: sits out 
*** HOLE CARDS ***
Seavus10: folds 
tintin641: folds 
reiyser: raises $1.23 to $2.23
z00mba: folds 
Trojanovich: calls $1.23
*** FLOP *** [9c 9d Jc]
Trojanovich: checks 
reiyser: checks 
*** TURN *** [9c 9d Jc] [4d]
Trojanovich: checks 
reiyser: checks 
*** RIVER *** [9c 9d Jc 4d] [9h]
Trojanovich: checks 
reiyser: checks 
*** SHOW DOWN ***
Trojanovich: shows [8s Qs] (three of a kind, Nines)
reiyser: shows [5h Ah] (three of a kind, Nines - Ace kicker)
reiyser collected $4.71 from pot
*** SUMMARY ***
Total pot $4.96 | Rake $0.25 
Board [9c 9d Jc 4d 9h]
Seat 1: carlospit300
Seat 2: tintin641 folded before Flop (didn't bet)
Seat 3: reiyser (button) showed [5h Ah] and won ($4.71) with three of a kind, Nines
Seat 4: z00mba (small blind) folded before Flop
Seat 5: Trojanovich (big blind) showed [8s Qs] and lost with three of a kind, Nines
Seat 6: Seavus10 folded before Flop (didn't bet)



PokerStars Hand #254554290381:  Hold'em No Limit ($0.50/$1.00 USD) - 2025/01/25 23:27:35 WET [2025/01/25 18:27:35 ET]
Table 'Admete IV' 6-max Seat #4 is the button
Seat 1: carlospit300 ($40 in chips) 
Seat 2: tintin641 ($149.11 in chips) 
Seat 3: reiyser ($102.48 in chips) 
Seat 4: z00mba ($195.72 in chips) 
Seat 5: Trojanovich ($103.99 in chips) 
Seat 6: Seavus10 ($101.50 in chips) 
Trojanovich: posts small blind $0.50
Seavus10: posts big blind $1
carlospit300: posts big blind $1
*** HOLE CARDS ***
carlospit300: checks 
tintin641: raises $3 to $4
reiyser: folds 
z00mba: folds 
Trojanovich: folds 
Seavus10: folds 
carlospit300: folds 
Uncalled bet ($3) returned to tintin641
tintin641 collected $3.50 from pot
tintin641: doesn't show hand 
*** SUMMARY ***
Total pot $3.50 | Rake $0 
Seat 1: carlospit300 folded before Flop (didn't bet)
Seat 2: tintin641 collected ($3.50)
Seat 3: reiyser folded before Flop (didn't bet)
Seat 4: z00mba (button) folded before Flop (didn't bet)
Seat 5: Trojanovich (small blind) folded before Flop
Seat 6: Seavus10 (big blind) folded before Flop



PokerStars Hand #254554301059:  Hold'em No Limit ($0.50/$1.00 USD) - 2025/01/25 23:28:16 WET [2025/01/25 18:28:16 ET]
Table 'Admete IV' 6-max Seat #5 is the button
Seat 1: carlospit300 ($39 in chips) 
Seat 2: tintin641 ($151.61 in chips) 
Seat 3: reiyser ($102.48 in chips) 
Seat 4: z00mba ($195.72 in chips) 
Seat 5: Trojanovich ($103.49 in chips) 
Seat 6: Seavus10 ($100.50 in chips) 
Seavus10: posts small blind $0.50
carlospit300: posts big blind $1
*** HOLE CARDS ***
tintin641: folds 
reiyser: raises $1.23 to $2.23
z00mba: folds 
Trojanovich: folds 
Seavus10: folds 
carlospit300: calls $1.23
*** FLOP *** [Kh 8s 6s]
carlospit300: checks 
reiyser: bets $2.45
carlospit300: calls $2.45
*** TURN *** [Kh 8s 6s] [Ts]
carlospit300: checks 
reiyser: checks 
*** RIVER *** [Kh 8s 6s Ts] [4c]
carlospit300: checks 
reiyser: bets $4.87
carlospit300: folds 
Uncalled bet ($4.87) returned to reiyser
reiyser collected $9.37 from pot
reiyser: doesn't show hand 
*** SUMMARY ***
Total pot $9.86 | Rake $0.49 
Board [Kh 8s 6s Ts 4c]
Seat 1: carlospit300 (big blind) folded on the River
Seat 2: tintin641 folded before Flop (didn't bet)
Seat 3: reiyser collected ($9.37)
Seat 4: z00mba folded before Flop (didn't bet)
Seat 5: Trojanovich (button) folded before Flop (didn't bet)
Seat 6: Seavus10 (small blind) folded before Flop



PokerStars Hand #254554312242:  Hold'em No Limit ($0.50/$1.00 USD) - 2025/01/25 23:29:00 WET [2025/01/25 18:29:00 ET]
Table 'Admete IV' 6-max Seat #6 is the button
Seat 1: carlospit300 ($34.32 in chips) 
Seat 2: tintin641 ($151.61 in chips) 
Seat 3: reiyser ($107.17 in chips) 
Seat 4: z00mba ($195.72 in chips) 
Seat 5: Trojanovich ($103.49 in chips) 
Seat 6: Seavus10 ($100 in chips) 
carlospit300: posts small blind $0.50
tintin641: posts big blind $1
*** HOLE CARDS ***
reiyser: folds 
z00mba: folds 
Trojanovich: folds 
Seavus10: folds 
carlospit300: raises $1 to $2
tintin641: folds 
Uncalled bet ($1) returned to carlospit300
carlospit300 collected $2 from pot
*** SUMMARY ***
Total pot $2 | Rake $0 
Seat 1: carlospit300 (small blind) collected ($2)
Seat 2: tintin641 (big blind) folded before Flop
Seat 3: reiyser folded before Flop (didn't bet)
Seat 4: z00mba folded before Flop (didn't bet)
Seat 5: Trojanovich folded before Flop (didn't bet)
Seat 6: Seavus10 (button) folded before Flop (didn't bet)



PokerStars Hand #254554320057:  Hold'em No Limit ($0.50/$1.00 USD) - 2025/01/25 23:29:31 WET [2025/01/25 18:29:31 ET]
Table 'Admete IV' 6-max Seat #1 is the button
Seat 1: carlospit300 ($35.32 in chips) 
Seat 2: tintin641 ($150.61 in chips) 
Seat 3: reiyser ($107.17 in chips) 
Seat 4: z00mba ($195.72 in chips) 
Seat 5: Trojanovich ($103.49 in chips) 
Seat 6: Seavus10 ($100 in chips) 
tintin641: posts small blind $0.50
reiyser: posts big blind $1
*** HOLE CARDS ***
z00mba: folds 
Trojanovich: folds 
Seavus10: folds 
carlospit300: raises $1 to $2
tintin641: folds 
reiyser: calls $1
*** FLOP *** [9s 9d 9c]
reiyser: checks 
carlospit300: checks 
*** TURN *** [9s 9d 9c] [Td]
reiyser: checks 
carlospit300: bets $4.28
reiyser: folds 
Uncalled bet ($4.28) returned to carlospit300
carlospit300 collected $4.28 from pot
*** SUMMARY ***
Total pot $4.50 | Rake $0.22 
Board [9s 9d 9c Td]
Seat 1: carlospit300 (button) collected ($4.28)
Seat 2: tintin641 (small blind) folded before Flop
Seat 3: reiyser (big blind) folded on the Turn
Seat 4: z00mba folded before Flop (didn't bet)
Seat 5: Trojanovich folded before Flop (didn't bet)
Seat 6: Seavus10 folded before Flop (didn't bet)



PokerStars Hand #254554330903:  Hold'em No Limit ($0.50/$1.00 USD) - 2025/01/25 23:30:14 WET [2025/01/25 18:30:14 ET]
Table 'Admete IV' 6-max Seat #2 is the button
Seat 4: z00mba ($195.72 in chips) is sitting out
Seat 1: carlospit300 ($37.60 in chips) 
Seat 2: tintin641 ($150.11 in chips) 
Seat 3: reiyser ($105.17 in chips) 
Seat 5: Trojanovich ($103.49 in chips) 
Seat 6: Seavus10 ($100 in chips) 
reiyser: posts small blind $0.50
z00mba: is sitting out 
Trojanovich: posts big blind $1
*** HOLE CARDS ***
Seavus10: folds 
carlospit300: folds 
tintin641: folds 
reiyser: folds 
Uncalled bet ($0.50) returned to Trojanovich
Trojanovich collected $1 from pot
Trojanovich: doesn't show hand 
*** SUMMARY ***
Total pot $1 | Rake $0 
Seat 4: z00mba
Seat 1: carlospit300 folded before Flop (didn't bet)
Seat 2: tintin641 (button) folded before Flop (didn't bet)
Seat 3: reiyser (small blind) folded before Flop
Seat 5: Trojanovich (big blind) collected ($1)
Seat 6: Seavus10 folded before Flop (didn't bet)



PokerStars Hand #254554333904:  Hold'em No Limit ($0.50/$1.00 USD) - 2025/01/25 23:30:26 WET [2025/01/25 18:30:26 ET]
Table 'Admete IV' 6-max Seat #3 is the button
Seat 4: z00mba ($195.72 in chips) is sitting out
Seat 1: carlospit300 ($37.60 in chips) 
Seat 2: tintin641 ($150.11 in chips) 
Seat 3: reiyser ($104.67 in chips) 
Seat 5: Trojanovich ($103.99 in chips) 
Seat 6: Seavus10 ($100 in chips) 
Trojanovich: posts small blind $0.50
Seavus10: posts big blind $1
*** HOLE CARDS ***
carlospit300: folds 
tintin641: raises $1.50 to $2.50
reiyser: folds 
Trojanovich: folds 
Seavus10: calls $1.50
*** FLOP *** [3s 7h 7s]
z00mba leaves the table
Seavus10: checks 
tintin641: bets $1.72
Seavus10: raises $3.44 to $5.16
tintin641: calls $3.44
*** TURN *** [3s 7h 7s] [Jh]
Seavus10: bets $23.30
tintin641: folds 
Uncalled bet ($23.30) returned to Seavus10
Seavus10 collected $15.03 from pot
Seavus10: doesn't show hand 
*** SUMMARY ***
Total pot $15.82 | Rake $0.79 
Board [3s 7h 7s Jh]
Seat 4: z00mba
Seat 1: carlospit300 folded before Flop (didn't bet)
Seat 2: tintin641 folded on the Turn
Seat 3: reiyser (button) folded before Flop (didn't bet)
Seat 5: Trojanovich (small blind) folded before Flop
Seat 6: Seavus10 (big blind) collected ($15.03)



PokerStars Hand #254554358163:  Hold'em No Limit ($0.50/$1.00 USD) - 2025/01/25 23:32:02 WET [2025/01/25 18:32:02 ET]
Table 'Admete IV' 6-max Seat #5 is the button
Seat 1: carlospit300 ($37.60 in chips) 
Seat 2: tintin641 ($142.45 in chips) 
Seat 3: reiyser ($104.67 in chips) 
Seat 5: Trojanovich ($103.49 in chips) 
Seat 6: Seavus10 ($107.37 in chips) 
Seavus10: posts small blind $0.50
carlospit300: posts big blind $1
*** HOLE CARDS ***
tintin641: folds 
reiyser: folds 
Trojanovich: raises $1.50 to $2.50
Seavus10: folds 
carlospit300: folds 
Uncalled bet ($1.50) returned to Trojanovich
Trojanovich collected $2.50 from pot
Trojanovich: doesn't show hand 
*** SUMMARY ***
Total pot $2.50 | Rake $0 
Seat 1: carlospit300 (big blind) folded before Flop
Seat 2: tintin641 folded before Flop (didn't bet)
Seat 3: reiyser folded before Flop (didn't bet)
Seat 5: Trojanovich (button) collected ($2.50)
Seat 6: Seavus10 (small blind) folded before Flop



PokerStars Hand #254554362760:  Hold'em No Limit ($0.50/$1.00 USD) - 2025/01/25 23:32:20 WET [2025/01/25 18:32:20 ET]
Table 'Admete IV' 6-max Seat #6 is the button
Seat 1: carlospit300 ($36.60 in chips) 
Seat 2: tintin641 ($142.45 in chips) 
Seat 3: reiyser ($104.67 in chips) 
Seat 5: Trojanovich ($104.99 in chips) 
Seat 6: Seavus10 ($106.87 in chips) 
carlospit300: posts small blind $0.50
tintin641: posts big blind $1
*** HOLE CARDS ***
reiyser: raises $1.23 to $2.23
Trojanovich: folds 
Seavus10: folds 
carlospit300: calls $1.73
tintin641: folds 
*** FLOP *** [Jh 5c Kd]
carlospit300: checks 
reiyser: bets $2.70
carlospit300: calls $2.70
*** TURN *** [Jh 5c Kd] [3s]
carlospit300: checks 
reiyser: checks 
*** RIVER *** [Jh 5c Kd 3s] [2h]
carlospit300: checks 
reiyser: checks 
*** SHOW DOWN ***
carlospit300: shows [6h 6c] (a pair of Sixes)
reiyser: mucks hand 
carlospit300 collected $10.32 from pot
*** SUMMARY ***
Total pot $10.86 | Rake $0.54 
Board [Jh 5c Kd 3s 2h]
Seat 1: carlospit300 (small blind) showed [6h 6c] and won ($10.32) with a pair of Sixes
Seat 2: tintin641 (big blind) folded before Flop
Seat 3: reiyser mucked
Seat 5: Trojanovich folded before Flop (didn't bet)
Seat 6: Seavus10 (button) folded before Flop (didn't bet)



PokerStars Hand #254554377453:  Hold'em No Limit ($0.50/$1.00 USD) - 2025/01/25 23:33:18 WET [2025/01/25 18:33:18 ET]
Table 'Admete IV' 6-max Seat #1 is the button
Seat 1: carlospit300 ($41.99 in chips) 
Seat 2: tintin641 ($141.45 in chips) 
Seat 3: reiyser ($100 in chips) 
Seat 5: Trojanovich ($104.99 in chips) 
Seat 6: Seavus10 ($106.87 in chips) 
tintin641: posts small blind $0.50
reiyser: posts big blind $1
*** HOLE CARDS ***
Trojanovich: folds 
Seavus10: folds 
carlospit300: raises $1 to $2
tintin641: folds 
reiyser: calls $1
*** FLOP *** [Ac 9c 6h]
reiyser: checks 
carlospit300: checks 
*** TURN *** [Ac 9c 6h] [Qd]
reiyser: checks 
carlospit300: bets $4.28
reiyser: folds 
Uncalled bet ($4.28) returned to carlospit300
carlospit300 collected $4.28 from pot
*** SUMMARY ***
Total pot $4.50 | Rake $0.22 
Board [Ac 9c 6h Qd]
Seat 1: carlospit300 (button) collected ($4.28)
Seat 2: tintin641 (small blind) folded before Flop
Seat 3: reiyser (big blind) folded on the Turn
Seat 5: Trojanovich folded before Flop (didn't bet)
Seat 6: Seavus10 folded before Flop (didn't bet)



PokerStars Hand #254554389993:  Hold'em No Limit ($0.50/$1.00 USD) - 2025/01/25 23:34:06 WET [2025/01/25 18:34:06 ET]
Table 'Admete IV' 6-max Seat #2 is the button
Seat 1: carlospit300 ($44.27 in chips) 
Seat 2: tintin641 ($140.95 in chips) 
Seat 3: reiyser ($100 in chips) 
Seat 5: Trojanovich ($104.99 in chips) 
Seat 6: Seavus10 ($106.87 in chips) 
reiyser: posts small blind $0.50
Trojanovich: posts big blind $1
*** HOLE CARDS ***
Seavus10: folds 
carlospit300: raises $1 to $2
tintin641: raises $4 to $6
reiyser: folds 
Trojanovich: folds 
carlospit300: calls $4
*** FLOP *** [Th Ts 2s]
carlospit300: checks 
tintin641: bets $4.23
carlospit300: calls $4.23
*** TURN *** [Th Ts 2s] [Kh]
carlospit300: checks 
tintin641: checks 
*** RIVER *** [Th Ts 2s Kh] [7c]
carlospit300: checks 
tintin641: checks 
*** SHOW DOWN ***
carlospit300: shows [8h As] (a pair of Tens)
tintin641: shows [Ah Qd] (a pair of Tens - Ace+King+Queen kicker)
tintin641 collected $20.86 from pot
*** SUMMARY ***
Total pot $21.96 | Rake $1.10 
Board [Th Ts 2s Kh 7c]
Seat 1: carlospit300 showed [8h As] and lost with a pair of Tens
Seat 2: tintin641 (button) showed [Ah Qd] and won ($20.86) with a pair of Tens
Seat 3: reiyser (small blind) folded before Flop
Seat 5: Trojanovich (big blind) folded before Flop
Seat 6: Seavus10 folded before Flop (didn't bet)



PokerStars Hand #254554410238:  Hold'em No Limit ($0.50/$1.00 USD) - 2025/01/25 23:35:26 WET [2025/01/25 18:35:26 ET]
Table 'Admete IV' 6-max Seat #3 is the button
Seat 1: carlospit300 ($34.04 in chips) 
Seat 2: tintin641 ($151.58 in chips) 
Seat 3: reiyser ($100 in chips) 
Seat 5: Trojanovich ($103.99 in chips) 
Seat 6: Seavus10 ($106.87 in chips) 
Trojanovich: posts small blind $0.50
Seavus10: posts big blind $1
*** HOLE CARDS ***
carlospit300: folds 
tintin641: folds 
reiyser: folds 
Trojanovich: folds 
Uncalled bet ($0.50) returned to Seavus10
Seavus10 collected $1 from pot
Seavus10: doesn't show hand 
*** SUMMARY ***
Total pot $1 | Rake $0 
Seat 1: carlospit300 folded before Flop (didn't bet)
Seat 2: tintin641 folded before Flop (didn't bet)
Seat 3: reiyser (button) folded before Flop (didn't bet)
Seat 5: Trojanovich (small blind) folded before Flop
Seat 6: Seavus10 (big blind) collected ($1)



PokerStars Hand #254554412769:  Hold'em No Limit ($0.50/$1.00 USD) - 2025/01/25 23:35:36 WET [2025/01/25 18:35:36 ET]
Table 'Admete IV' 6-max Seat #5 is the button
Seat 1: carlospit300 ($34.04 in chips) 
Seat 2: tintin641 ($151.58 in chips) 
Seat 3: reiyser ($100 in chips) 
Seat 5: Trojanovich ($103.49 in chips) 
Seat 6: Seavus10 ($107.37 in chips) 
Seavus10: posts small blind $0.50
carlospit300: posts big blind $1
*** HOLE CARDS ***
tintin641: folds 
reiyser: folds 
Trojanovich: folds 
Seavus10: raises $2 to $3
carlospit300: folds 
Uncalled bet ($2) returned to Seavus10
carlospit300 leaves the table
Seavus10 collected $2 from pot
Seavus10: doesn't show hand 
*** SUMMARY ***
Total pot $2 | Rake $0 
Seat 1: carlospit300 (big blind) folded before Flop
Seat 2: tintin641 folded before Flop (didn't bet)
Seat 3: reiyser folded before Flop (didn't bet)
Seat 5: Trojanovich (button) folded before Flop (didn't bet)
Seat 6: Seavus10 (small blind) collected ($2)



PokerStars Hand #254554415811:  Hold'em No Limit ($0.50/$1.00 USD) - 2025/01/25 23:35:48 WET [2025/01/25 18:35:48 ET]
Table 'Admete IV' 6-max Seat #6 is the button
Seat 2: tintin641 ($151.58 in chips) 
Seat 3: reiyser ($100 in chips) 
Seat 5: Trojanovich ($103.49 in chips) 
Seat 6: Seavus10 ($108.37 in chips) 
tintin641: posts small blind $0.50
reiyser: posts big blind $1
*** HOLE CARDS ***
Trojanovich: folds 
Seavus10: folds 
tintin641: raises $2 to $3
Trojanovich leaves the table
reiyser: calls $2
*** FLOP *** [Kd 2c 5c]
tintin641: bets $1.88
reiyser: calls $1.88
*** TURN *** [Kd 2c 5c] [Ad]
tintin641: checks 
reiyser: bets $7.05
tintin641: folds 
Uncalled bet ($7.05) returned to reiyser
reiyser collected $9.27 from pot
reiyser: doesn't show hand 
*** SUMMARY ***
Total pot $9.76 | Rake $0.49 
Board [Kd 2c 5c Ad]
Seat 2: tintin641 (small blind) folded on the Turn
Seat 3: reiyser (big blind) collected ($9.27)
Seat 5: Trojanovich folded before Flop (didn't bet)
Seat 6: Seavus10 (button) folded before Flop (didn't bet)



PokerStars Hand #254554430446:  Hold'em No Limit ($0.50/$1.00 USD) - 2025/01/25 23:36:45 WET [2025/01/25 18:36:45 ET]
Table 'Admete IV' 6-max Seat #2 is the button
Seat 2: tintin641 ($146.70 in chips) 
Seat 3: reiyser ($104.39 in chips) 
Seat 6: Seavus10 ($108.37 in chips) 
reiyser: posts small blind $0.50
Seavus10: posts big blind $1
*** HOLE CARDS ***
tintin641: raises $1.50 to $2.50
reiyser: folds 
Seavus10: folds 
Uncalled bet ($1.50) returned to tintin641
tintin641 collected $2.50 from pot
tintin641: doesn't show hand 
*** SUMMARY ***
Total pot $2.50 | Rake $0 
Seat 2: tintin641 (button) collected ($2.50)
Seat 3: reiyser (small blind) folded before Flop
Seat 6: Seavus10 (big blind) folded before Flop



