PokerStars Hand #254552883120:  Hold'em No Limit ($0.50/$1.00 USD) - 2025/01/25 21:59:47 WET [2025/01/25 16:59:47 ET]
Table 'Thersites IV' 6-max Seat #6 is the button
Seat 1: m0nTTu ($10 in chips) 
Seat 4: gohome78 ($10 in chips) 
Seat 5: [FB]Voodoo ($101.50 in chips) 
Seat 6: blistein ($100 in chips) 
m0nTTu: posts small blind $0.50
gohome78: posts big blind $1
*** HOLE CARDS ***
[FB]Voodoo: folds 
blistein: folds 
m0nTTu: folds 
Uncalled bet ($0.50) returned to gohome78
gohome78 collected $1 from pot
*** SUMMARY ***
Total pot $1 | Rake $0 
Seat 1: m0nTTu (small blind) folded before Flop
Seat 4: gohome78 (big blind) collected ($1)
Seat 5: [FB]Voodoo folded before Flop (didn't bet)
Seat 6: blistein (button) folded before Flop (didn't bet)



PokerStars Hand #254552885014:  Hold'em No Limit ($0.50/$1.00 USD) - 2025/01/25 21:59:56 WET [2025/01/25 16:59:56 ET]
Table 'Thersites IV' 6-max Seat #1 is the button
Seat 1: m0nTTu ($10 in chips) 
Seat 4: gohome78 ($10.50 in chips) 
Seat 5: [FB]Voodoo ($101.50 in chips) 
Seat 6: blistein ($100 in chips) 
gohome78: posts small blind $0.50
[FB]Voodoo: posts big blind $1
*** HOLE CARDS ***
blistein: folds 
m0nTTu: folds 
gohome78: raises $9.50 to $10.50 and is all-in
[FB]Voodoo: folds 
Uncalled bet ($9.50) returned to gohome78
gohome78 collected $2 from pot
*** SUMMARY ***
Total pot $2 | Rake $0 
Seat 1: m0nTTu (button) folded before Flop (didn't bet)
Seat 4: gohome78 (small blind) collected ($2)
Seat 5: [FB]Voodoo (big blind) folded before Flop
Seat 6: blistein folded before Flop (didn't bet)



