PokerStars Hand #254623994808:  Hold'em No Limit ($0.50/$1.00 USD) - 2025/01/30 17:45:21 WET [2025/01/30 12:45:21 ET]
Table 'Kasan' 6-max Seat #4 is the button
Seat 1: tidler1985 ($52.07 in chips) 
Seat 2: tintin641 ($100 in chips) 
Seat 3: Joker007r ($100 in chips) 
Seat 4: worker0k ($100 in chips) 
Seat 5: Gfoer ($100 in chips) 
Seat 6: app1e_j@ck ($100 in chips) 
Gfoer: posts small blind $0.50
app1e_j@ck: posts big blind $1
*** HOLE CARDS ***
tidler1985: raises $1 to $2
tintin641: folds 
Joker007r: folds 
worker0k: folds 
Gfoer: folds 
app1e_j@ck: folds 
Uncalled bet ($1) returned to tidler1985
tidler1985 collected $2.50 from pot
tidler1985: doesn't show hand 
*** SUMMARY ***
Total pot $2.50 | Rake $0 
Seat 1: tidler1985 collected ($2.50)
Seat 2: tintin641 folded before Flop (didn't bet)
Seat 3: Joker007r folded before Flop (didn't bet)
Seat 4: worker0k (button) folded before Flop (didn't bet)
Seat 5: Gfoer (small blind) folded before Flop
Seat 6: app1e_j@ck (big blind) folded before Flop



PokerStars Hand #254623999932:  Hold'em No Limit ($0.50/$1.00 USD) - 2025/01/30 17:45:41 WET [2025/01/30 12:45:41 ET]
Table 'Kasan' 6-max Seat #5 is the button
Seat 1: tidler1985 ($53.57 in chips) 
Seat 2: tintin641 ($100 in chips) 
Seat 3: Joker007r ($100 in chips) 
Seat 4: worker0k ($100 in chips) 
Seat 5: Gfoer ($100 in chips) 
Seat 6: app1e_j@ck ($100 in chips) 
app1e_j@ck: posts small blind $0.50
tidler1985: posts big blind $1
*** HOLE CARDS ***
tintin641: raises $1.50 to $2.50
Joker007r: folds 
worker0k: folds 
Gfoer: folds 
app1e_j@ck: folds 
tidler1985: folds 
Uncalled bet ($1.50) returned to tintin641
tintin641 collected $2.50 from pot
tintin641: doesn't show hand 
*** SUMMARY ***
Total pot $2.50 | Rake $0 
Seat 1: tidler1985 (big blind) folded before Flop
Seat 2: tintin641 collected ($2.50)
Seat 3: Joker007r folded before Flop (didn't bet)
Seat 4: worker0k folded before Flop (didn't bet)
Seat 5: Gfoer (button) folded before Flop (didn't bet)
Seat 6: app1e_j@ck (small blind) folded before Flop



PokerStars Hand #254624003481:  Hold'em No Limit ($0.50/$1.00 USD) - 2025/01/30 17:45:55 WET [2025/01/30 12:45:55 ET]
Table 'Kasan' 6-max Seat #6 is the button
Seat 1: tidler1985 ($52.57 in chips) 
Seat 2: tintin641 ($101.50 in chips) 
Seat 3: Joker007r ($100 in chips) 
Seat 4: worker0k ($100 in chips) 
Seat 5: Gfoer ($100 in chips) 
Seat 6: app1e_j@ck ($100 in chips) 
tidler1985: posts small blind $0.50
tintin641: posts big blind $1
*** HOLE CARDS ***
Joker007r: folds 
worker0k: folds 
Gfoer: raises $1.20 to $2.20
app1e_j@ck: folds 
tidler1985: folds 
tintin641: folds 
Uncalled bet ($1.20) returned to Gfoer
Gfoer collected $2.50 from pot
Gfoer: doesn't show hand 
*** SUMMARY ***
Total pot $2.50 | Rake $0 
Seat 1: tidler1985 (small blind) folded before Flop
Seat 2: tintin641 (big blind) folded before Flop
Seat 3: Joker007r folded before Flop (didn't bet)
Seat 4: worker0k folded before Flop (didn't bet)
Seat 5: Gfoer collected ($2.50)
Seat 6: app1e_j@ck (button) folded before Flop (didn't bet)



PokerStars Hand #254624009891:  Hold'em No Limit ($0.50/$1.00 USD) - 2025/01/30 17:46:19 WET [2025/01/30 12:46:19 ET]
Table 'Kasan' 6-max Seat #1 is the button
Seat 1: tidler1985 ($52.07 in chips) 
Seat 2: tintin641 ($100.50 in chips) 
Seat 3: Joker007r ($100 in chips) 
Seat 4: worker0k ($100 in chips) 
Seat 5: Gfoer ($101.50 in chips) 
Seat 6: app1e_j@ck ($100 in chips) 
tintin641: posts small blind $0.50
Joker007r: posts big blind $1
*** HOLE CARDS ***
worker0k: folds 
Gfoer: raises $1.20 to $2.20
app1e_j@ck: folds 
tidler1985: calls $2.20
tintin641: folds 
Joker007r: folds 
*** FLOP *** [3h 6d Ah]
Gfoer: checks 
tidler1985: bets $2.80
Gfoer: calls $2.80
*** TURN *** [3h 6d Ah] [Ac]
Gfoer: checks 
tidler1985: bets $5.46
Gfoer: folds 
Uncalled bet ($5.46) returned to tidler1985
tidler1985 collected $10.92 from pot
tidler1985: doesn't show hand 
*** SUMMARY ***
Total pot $11.50 | Rake $0.58 
Board [3h 6d Ah Ac]
Seat 1: tidler1985 (button) collected ($10.92)
Seat 2: tintin641 (small blind) folded before Flop
Seat 3: Joker007r (big blind) folded before Flop
Seat 4: worker0k folded before Flop (didn't bet)
Seat 5: Gfoer folded on the Turn
Seat 6: app1e_j@ck folded before Flop (didn't bet)



PokerStars Hand #254624021402:  Hold'em No Limit ($0.50/$1.00 USD) - 2025/01/30 17:47:03 WET [2025/01/30 12:47:03 ET]
Table 'Kasan' 6-max Seat #2 is the button
Seat 1: tidler1985 ($57.99 in chips) 
Seat 2: tintin641 ($100 in chips) 
Seat 3: Joker007r ($100 in chips) 
Seat 4: worker0k ($100 in chips) 
Seat 5: Gfoer ($100 in chips) 
Seat 6: app1e_j@ck ($100 in chips) 
Joker007r: posts small blind $0.50
worker0k: posts big blind $1
*** HOLE CARDS ***
Gfoer: folds 
app1e_j@ck: folds 
tidler1985: folds 
tintin641: raises $1.50 to $2.50
Joker007r: folds 
worker0k: folds 
Uncalled bet ($1.50) returned to tintin641
tintin641 collected $2.50 from pot
tintin641: doesn't show hand 
*** SUMMARY ***
Total pot $2.50 | Rake $0 
Seat 1: tidler1985 folded before Flop (didn't bet)
Seat 2: tintin641 (button) collected ($2.50)
Seat 3: Joker007r (small blind) folded before Flop
Seat 4: worker0k (big blind) folded before Flop
Seat 5: Gfoer folded before Flop (didn't bet)
Seat 6: app1e_j@ck folded before Flop (didn't bet)



PokerStars Hand #254624024730:  Hold'em No Limit ($0.50/$1.00 USD) - 2025/01/30 17:47:17 WET [2025/01/30 12:47:17 ET]
Table 'Kasan' 6-max Seat #3 is the button
Seat 1: tidler1985 ($57.99 in chips) 
Seat 2: tintin641 ($101.50 in chips) 
Seat 3: Joker007r ($100 in chips) 
Seat 4: worker0k ($100 in chips) 
Seat 5: Gfoer ($100 in chips) 
Seat 6: app1e_j@ck ($100 in chips) 
worker0k: posts small blind $0.50
Gfoer: posts big blind $1
*** HOLE CARDS ***
app1e_j@ck: raises $1.50 to $2.50
tidler1985: calls $2.50
tintin641: folds 
Joker007r: raises $7.50 to $10
worker0k: folds 
Gfoer: folds 
app1e_j@ck: raises $90 to $100 and is all-in
tidler1985: folds 
Joker007r: folds 
Uncalled bet ($90) returned to app1e_j@ck
app1e_j@ck collected $24 from pot
app1e_j@ck: doesn't show hand 
*** SUMMARY ***
Total pot $24 | Rake $0 
Seat 1: tidler1985 folded before Flop
Seat 2: tintin641 folded before Flop (didn't bet)
Seat 3: Joker007r (button) folded before Flop
Seat 4: worker0k (small blind) folded before Flop
Seat 5: Gfoer (big blind) folded before Flop
Seat 6: app1e_j@ck collected ($24)



PokerStars Hand #254624031943:  Hold'em No Limit ($0.50/$1.00 USD) - 2025/01/30 17:47:45 WET [2025/01/30 12:47:45 ET]
Table 'Kasan' 6-max Seat #4 is the button
Seat 1: tidler1985 ($55.49 in chips) 
Seat 2: tintin641 ($101.50 in chips) 
Seat 3: Joker007r ($100 in chips) 
Seat 4: worker0k ($100 in chips) 
Seat 5: Gfoer ($100 in chips) 
Seat 6: app1e_j@ck ($114 in chips) 
Gfoer: posts small blind $0.50
app1e_j@ck: posts big blind $1
*** HOLE CARDS ***
tidler1985: folds 
tintin641: folds 
Joker007r: raises $1.50 to $2.50
worker0k: folds 
Gfoer: folds 
app1e_j@ck: folds 
Uncalled bet ($1.50) returned to Joker007r
Joker007r collected $2.50 from pot
Joker007r: doesn't show hand 
*** SUMMARY ***
Total pot $2.50 | Rake $0 
Seat 1: tidler1985 folded before Flop (didn't bet)
Seat 2: tintin641 folded before Flop (didn't bet)
Seat 3: Joker007r collected ($2.50)
Seat 4: worker0k (button) folded before Flop (didn't bet)
Seat 5: Gfoer (small blind) folded before Flop
Seat 6: app1e_j@ck (big blind) folded before Flop



PokerStars Hand #254624035365:  Hold'em No Limit ($0.50/$1.00 USD) - 2025/01/30 17:47:58 WET [2025/01/30 12:47:58 ET]
Table 'Kasan' 6-max Seat #5 is the button
Seat 1: tidler1985 ($55.49 in chips) 
Seat 2: tintin641 ($101.50 in chips) 
Seat 3: Joker007r ($101.50 in chips) 
Seat 4: worker0k ($100 in chips) 
Seat 5: Gfoer ($100 in chips) 
Seat 6: app1e_j@ck ($113 in chips) 
app1e_j@ck: posts small blind $0.50
tidler1985: posts big blind $1
*** HOLE CARDS ***
tintin641: folds 
Joker007r: folds 
worker0k: folds 
Gfoer: folds 
app1e_j@ck: raises $2 to $3
tidler1985: raises $6 to $9
app1e_j@ck: raises $25 to $34
tidler1985: folds 
Uncalled bet ($25) returned to app1e_j@ck
app1e_j@ck collected $18 from pot
app1e_j@ck: doesn't show hand 
*** SUMMARY ***
Total pot $18 | Rake $0 
Seat 1: tidler1985 (big blind) folded before Flop
Seat 2: tintin641 folded before Flop (didn't bet)
Seat 3: Joker007r folded before Flop (didn't bet)
Seat 4: worker0k folded before Flop (didn't bet)
Seat 5: Gfoer (button) folded before Flop (didn't bet)
Seat 6: app1e_j@ck (small blind) collected ($18)



PokerStars Hand #254624045706:  Hold'em No Limit ($0.50/$1.00 USD) - 2025/01/30 17:48:39 WET [2025/01/30 12:48:39 ET]
Table 'Kasan' 6-max Seat #6 is the button
Seat 1: tidler1985 ($46.49 in chips) 
Seat 2: tintin641 ($101.50 in chips) 
Seat 3: Joker007r ($101.50 in chips) 
Seat 4: worker0k ($100 in chips) 
Seat 5: Gfoer ($100 in chips) 
Seat 6: app1e_j@ck ($122 in chips) 
tidler1985: posts small blind $0.50
tintin641: posts big blind $1
*** HOLE CARDS ***
Joker007r: folds 
worker0k: folds 
Gfoer: folds 
app1e_j@ck: folds 
tidler1985: raises $2 to $3
tintin641: calls $2
*** FLOP *** [6s 2s 3c]
tidler1985: bets $5.70
tintin641: calls $5.70
*** TURN *** [6s 2s 3c] [6c]
tidler1985: bets $16.53
tintin641: folds 
Uncalled bet ($16.53) returned to tidler1985
tidler1985 collected $16.53 from pot
tidler1985: doesn't show hand 
*** SUMMARY ***
Total pot $17.40 | Rake $0.87 
Board [6s 2s 3c 6c]
Seat 1: tidler1985 (small blind) collected ($16.53)
Seat 2: tintin641 (big blind) folded on the Turn
Seat 3: Joker007r folded before Flop (didn't bet)
Seat 4: worker0k folded before Flop (didn't bet)
Seat 5: Gfoer folded before Flop (didn't bet)
Seat 6: app1e_j@ck (button) folded before Flop (didn't bet)



PokerStars Hand #254624060428:  Hold'em No Limit ($0.50/$1.00 USD) - 2025/01/30 17:49:37 WET [2025/01/30 12:49:37 ET]
Table 'Kasan' 6-max Seat #1 is the button
Seat 1: tidler1985 ($54.32 in chips) 
Seat 2: tintin641 ($100 in chips) 
Seat 3: Joker007r ($101.50 in chips) 
Seat 4: worker0k ($100 in chips) 
Seat 5: Gfoer ($100 in chips) 
Seat 6: app1e_j@ck ($122 in chips) 
tintin641: posts small blind $0.50
Joker007r: posts big blind $1
*** HOLE CARDS ***
worker0k: folds 
Gfoer: folds 
app1e_j@ck: folds 
tidler1985: raises $1 to $2
tintin641: raises $6 to $8
Joker007r: folds 
tidler1985: folds 
Uncalled bet ($6) returned to tintin641
tintin641 collected $5 from pot
tintin641: doesn't show hand 
*** SUMMARY ***
Total pot $5 | Rake $0 
Seat 1: tidler1985 (button) folded before Flop
Seat 2: tintin641 (small blind) collected ($5)
Seat 3: Joker007r (big blind) folded before Flop
Seat 4: worker0k folded before Flop (didn't bet)
Seat 5: Gfoer folded before Flop (didn't bet)
Seat 6: app1e_j@ck folded before Flop (didn't bet)



PokerStars Hand #254624066797:  Hold'em No Limit ($0.50/$1.00 USD) - 2025/01/30 17:50:02 WET [2025/01/30 12:50:02 ET]
Table 'Kasan' 6-max Seat #2 is the button
Seat 4: worker0k ($100 in chips) is sitting out
Seat 1: tidler1985 ($52.32 in chips) 
Seat 2: tintin641 ($103 in chips) 
Seat 3: Joker007r ($100.50 in chips) 
Seat 5: Gfoer ($100 in chips) 
Seat 6: app1e_j@ck ($122 in chips) 
Joker007r: posts small blind $0.50
worker0k: is sitting out 
Gfoer: posts big blind $1
*** HOLE CARDS ***
worker0k leaves the table
app1e_j@ck: folds 
tidler1985: calls $1
tintin641: folds 
Joker007r: raises $4 to $5
Gfoer: folds 
Chiarelli99 joins the table at seat #4 
tidler1985: calls $4
*** FLOP *** [5s Qd 3h]
Joker007r: checks 
tidler1985: checks 
*** TURN *** [5s Qd 3h] [9s]
Joker007r: bets $6.97
tidler1985: folds 
Uncalled bet ($6.97) returned to Joker007r
Joker007r collected $10.45 from pot
Joker007r: doesn't show hand 
*** SUMMARY ***
Total pot $11 | Rake $0.55 
Board [5s Qd 3h 9s]
Seat 4: worker0k
Seat 1: tidler1985 folded on the Turn
Seat 2: tintin641 (button) folded before Flop (didn't bet)
Seat 3: Joker007r (small blind) collected ($10.45)
Seat 5: Gfoer (big blind) folded before Flop
Seat 6: app1e_j@ck folded before Flop (didn't bet)



PokerStars Hand #254624074149:  Hold'em No Limit ($0.50/$1.00 USD) - 2025/01/30 17:50:31 WET [2025/01/30 12:50:31 ET]
Table 'Kasan' 6-max Seat #3 is the button
Seat 4: Chiarelli99 ($100 in chips) is sitting out
Seat 1: tidler1985 ($47.32 in chips) 
Seat 2: tintin641 ($103 in chips) 
Seat 3: Joker007r ($105.95 in chips) 
Seat 5: Gfoer ($100 in chips) 
Seat 6: app1e_j@ck ($122 in chips) 
Gfoer: posts small blind $0.50
app1e_j@ck: posts big blind $1
*** HOLE CARDS ***
tidler1985: raises $1 to $2
tintin641: folds 
Joker007r: folds 
Gfoer: folds 
app1e_j@ck: folds 
Uncalled bet ($1) returned to tidler1985
tidler1985 collected $2.50 from pot
tidler1985: doesn't show hand 
*** SUMMARY ***
Total pot $2.50 | Rake $0 
Seat 4: Chiarelli99
Seat 1: tidler1985 collected ($2.50)
Seat 2: tintin641 folded before Flop (didn't bet)
Seat 3: Joker007r (button) folded before Flop (didn't bet)
Seat 5: Gfoer (small blind) folded before Flop
Seat 6: app1e_j@ck (big blind) folded before Flop



PokerStars Hand #254624078152:  Hold'em No Limit ($0.50/$1.00 USD) - 2025/01/30 17:50:47 WET [2025/01/30 12:50:47 ET]
Table 'Kasan' 6-max Seat #5 is the button
Seat 4: Chiarelli99 ($100 in chips) is sitting out
Seat 1: tidler1985 ($48.82 in chips) 
Seat 2: tintin641 ($103 in chips) 
Seat 3: Joker007r ($105.95 in chips) 
Seat 5: Gfoer ($100 in chips) 
Seat 6: app1e_j@ck ($121 in chips) 
app1e_j@ck: posts small blind $0.50
tidler1985: posts big blind $1
Chiarelli99: sits out 
*** HOLE CARDS ***
tintin641: raises $1.50 to $2.50
Joker007r: folds 
Gfoer: folds 
app1e_j@ck: folds 
tidler1985: calls $1.50
*** FLOP *** [Kc Jh 7c]
tidler1985: checks 
tintin641: checks 
*** TURN *** [Kc Jh 7c] [8c]
tidler1985: bets $1
tintin641: raises $3.61 to $4.61
tidler1985: folds 
Uncalled bet ($3.61) returned to tintin641
tintin641 collected $7.12 from pot
tintin641: doesn't show hand 
*** SUMMARY ***
Total pot $7.50 | Rake $0.38 
Board [Kc Jh 7c 8c]
Seat 4: Chiarelli99
Seat 1: tidler1985 (big blind) folded on the Turn
Seat 2: tintin641 collected ($7.12)
Seat 3: Joker007r folded before Flop (didn't bet)
Seat 5: Gfoer (button) folded before Flop (didn't bet)
Seat 6: app1e_j@ck (small blind) folded before Flop



PokerStars Hand #254624087857:  Hold'em No Limit ($0.50/$1.00 USD) - 2025/01/30 17:51:25 WET [2025/01/30 12:51:25 ET]
Table 'Kasan' 6-max Seat #6 is the button
Seat 4: Chiarelli99 ($100 in chips) is sitting out
Seat 1: tidler1985 ($45.32 in chips) 
Seat 2: tintin641 ($106.62 in chips) 
Seat 3: Joker007r ($105.95 in chips) 
Seat 5: Gfoer ($100 in chips) 
Seat 6: app1e_j@ck ($120.50 in chips) 
tidler1985: posts small blind $0.50
tintin641: posts big blind $1
Chiarelli99: sits out 
*** HOLE CARDS ***
Joker007r: folds 
Gfoer: raises $1.20 to $2.20
app1e_j@ck: folds 
tidler1985: calls $1.70
tintin641: folds 
*** FLOP *** [Js 5h Qs]
tidler1985: checks 
Gfoer: bets $1.71
tidler1985: calls $1.71
*** TURN *** [Js 5h Qs] [7d]
tidler1985: checks 
Gfoer: checks 
*** RIVER *** [Js 5h Qs 7d] [4s]
tidler1985: bets $8.38
Gfoer: folds 
Uncalled bet ($8.38) returned to tidler1985
tidler1985 collected $8.38 from pot
tidler1985: doesn't show hand 
*** SUMMARY ***
Total pot $8.82 | Rake $0.44 
Board [Js 5h Qs 7d 4s]
Seat 4: Chiarelli99
Seat 1: tidler1985 (small blind) collected ($8.38)
Seat 2: tintin641 (big blind) folded before Flop
Seat 3: Joker007r folded before Flop (didn't bet)
Seat 5: Gfoer folded on the River
Seat 6: app1e_j@ck (button) folded before Flop (didn't bet)



PokerStars Hand #254624096316:  Hold'em No Limit ($0.50/$1.00 USD) - 2025/01/30 17:51:59 WET [2025/01/30 12:51:59 ET]
Table 'Kasan' 6-max Seat #1 is the button
Seat 4: Chiarelli99 ($100 in chips) is sitting out
Seat 1: tidler1985 ($49.79 in chips) 
Seat 2: tintin641 ($105.62 in chips) 
Seat 3: Joker007r ($105.95 in chips) 
Seat 5: Gfoer ($100 in chips) 
Seat 6: app1e_j@ck ($120.50 in chips) 
tintin641: posts small blind $0.50
Joker007r: posts big blind $1
Chiarelli99: sits out 
*** HOLE CARDS ***
Gfoer: folds 
app1e_j@ck: folds 
tidler1985: folds 
tintin641: folds 
Uncalled bet ($0.50) returned to Joker007r
Joker007r collected $1 from pot
Joker007r: doesn't show hand 
*** SUMMARY ***
Total pot $1 | Rake $0 
Seat 4: Chiarelli99
Seat 1: tidler1985 (button) folded before Flop (didn't bet)
Seat 2: tintin641 (small blind) folded before Flop
Seat 3: Joker007r (big blind) collected ($1)
Seat 5: Gfoer folded before Flop (didn't bet)
Seat 6: app1e_j@ck folded before Flop (didn't bet)



PokerStars Hand #254624101253:  Hold'em No Limit ($0.50/$1.00 USD) - 2025/01/30 17:52:18 WET [2025/01/30 12:52:18 ET]
Table 'Kasan' 6-max Seat #2 is the button
Seat 1: tidler1985 ($49.79 in chips) 
Seat 2: tintin641 ($105.12 in chips) 
Seat 3: Joker007r ($106.45 in chips) 
Seat 4: Chiarelli99 ($100 in chips) 
Seat 5: Gfoer ($100 in chips) 
Seat 6: app1e_j@ck ($120.50 in chips) 
Joker007r: posts small blind $0.50
Chiarelli99: posts big blind $1
*** HOLE CARDS ***
Gfoer: folds 
app1e_j@ck: folds 
tidler1985: folds 
tintin641: folds 
Joker007r: folds 
Uncalled bet ($0.50) returned to Chiarelli99
Chiarelli99 collected $1 from pot
Chiarelli99: doesn't show hand 
*** SUMMARY ***
Total pot $1 | Rake $0 
Seat 1: tidler1985 folded before Flop (didn't bet)
Seat 2: tintin641 (button) folded before Flop (didn't bet)
Seat 3: Joker007r (small blind) folded before Flop
Seat 4: Chiarelli99 (big blind) collected ($1)
Seat 5: Gfoer folded before Flop (didn't bet)
Seat 6: app1e_j@ck folded before Flop (didn't bet)



PokerStars Hand #254624104235:  Hold'em No Limit ($0.50/$1.00 USD) - 2025/01/30 17:52:30 WET [2025/01/30 12:52:30 ET]
Table 'Kasan' 6-max Seat #3 is the button
Seat 1: tidler1985 ($49.79 in chips) 
Seat 2: tintin641 ($105.12 in chips) 
Seat 3: Joker007r ($105.95 in chips) 
Seat 4: Chiarelli99 ($100.50 in chips) 
Seat 5: Gfoer ($100 in chips) 
Seat 6: app1e_j@ck ($120.50 in chips) 
Chiarelli99: posts small blind $0.50
Gfoer: posts big blind $1
*** HOLE CARDS ***
app1e_j@ck: folds 
tidler1985: folds 
tintin641: folds 
Joker007r: folds 
Chiarelli99: folds 
Uncalled bet ($0.50) returned to Gfoer
Gfoer collected $1 from pot
Gfoer: doesn't show hand 
*** SUMMARY ***
Total pot $1 | Rake $0 
Seat 1: tidler1985 folded before Flop (didn't bet)
Seat 2: tintin641 folded before Flop (didn't bet)
Seat 3: Joker007r (button) folded before Flop (didn't bet)
Seat 4: Chiarelli99 (small blind) folded before Flop
Seat 5: Gfoer (big blind) collected ($1)
Seat 6: app1e_j@ck folded before Flop (didn't bet)



PokerStars Hand #254624107578:  Hold'em No Limit ($0.50/$1.00 USD) - 2025/01/30 17:52:43 WET [2025/01/30 12:52:43 ET]
Table 'Kasan' 6-max Seat #4 is the button
Seat 1: tidler1985 ($49.79 in chips) 
Seat 2: tintin641 ($105.12 in chips) 
Seat 3: Joker007r ($105.95 in chips) 
Seat 4: Chiarelli99 ($100 in chips) 
Seat 5: Gfoer ($100.50 in chips) 
Seat 6: app1e_j@ck ($120.50 in chips) 
Gfoer: posts small blind $0.50
app1e_j@ck: posts big blind $1
*** HOLE CARDS ***
tidler1985: folds 
tintin641: raises $1.50 to $2.50
Joker007r: folds 
Chiarelli99: raises $5 to $7.50
Gfoer: folds 
app1e_j@ck: folds 
tintin641: raises $12.50 to $20
Chiarelli99: raises $80 to $100 and is all-in
tintin641: folds 
Uncalled bet ($80) returned to Chiarelli99
Chiarelli99 collected $41.50 from pot
Chiarelli99: doesn't show hand 
*** SUMMARY ***
Total pot $41.50 | Rake $0 
Seat 1: tidler1985 folded before Flop (didn't bet)
Seat 2: tintin641 folded before Flop
Seat 3: Joker007r folded before Flop (didn't bet)
Seat 4: Chiarelli99 (button) collected ($41.50)
Seat 5: Gfoer (small blind) folded before Flop
Seat 6: app1e_j@ck (big blind) folded before Flop



PokerStars Hand #254624116520:  Hold'em No Limit ($0.50/$1.00 USD) - 2025/01/30 17:53:18 WET [2025/01/30 12:53:18 ET]
Table 'Kasan' 6-max Seat #5 is the button
Seat 1: tidler1985 ($49.79 in chips) 
Seat 2: tintin641 ($100 in chips) 
Seat 3: Joker007r ($105.95 in chips) 
Seat 4: Chiarelli99 ($121.50 in chips) 
Seat 5: Gfoer ($100 in chips) 
Seat 6: app1e_j@ck ($119.50 in chips) 
app1e_j@ck: posts small blind $0.50
tidler1985: posts big blind $1
*** HOLE CARDS ***
tintin641: folds 
Joker007r: folds 
Chiarelli99: folds 
Gfoer: folds 
app1e_j@ck: folds 
Uncalled bet ($0.50) returned to tidler1985
tidler1985 collected $1 from pot
tidler1985: doesn't show hand 
*** SUMMARY ***
Total pot $1 | Rake $0 
Seat 1: tidler1985 (big blind) collected ($1)
Seat 2: tintin641 folded before Flop (didn't bet)
Seat 3: Joker007r folded before Flop (didn't bet)
Seat 4: Chiarelli99 folded before Flop (didn't bet)
Seat 5: Gfoer (button) folded before Flop (didn't bet)
Seat 6: app1e_j@ck (small blind) folded before Flop



PokerStars Hand #254624118378:  Hold'em No Limit ($0.50/$1.00 USD) - 2025/01/30 17:53:26 WET [2025/01/30 12:53:26 ET]
Table 'Kasan' 6-max Seat #6 is the button
Seat 1: tidler1985 ($50.29 in chips) 
Seat 2: tintin641 ($100 in chips) 
Seat 3: Joker007r ($105.95 in chips) 
Seat 4: Chiarelli99 ($121.50 in chips) 
Seat 5: Gfoer ($100 in chips) 
Seat 6: app1e_j@ck ($119 in chips) 
tidler1985: posts small blind $0.50
tintin641: posts big blind $1
*** HOLE CARDS ***
Joker007r: raises $1.38 to $2.38
Chiarelli99: folds 
Gfoer: folds 
app1e_j@ck: folds 
tidler1985: folds 
tintin641: folds 
Uncalled bet ($1.38) returned to Joker007r
Joker007r collected $2.50 from pot
Joker007r: doesn't show hand 
*** SUMMARY ***
Total pot $2.50 | Rake $0 
Seat 1: tidler1985 (small blind) folded before Flop
Seat 2: tintin641 (big blind) folded before Flop
Seat 3: Joker007r collected ($2.50)
Seat 4: Chiarelli99 folded before Flop (didn't bet)
Seat 5: Gfoer folded before Flop (didn't bet)
Seat 6: app1e_j@ck (button) folded before Flop (didn't bet)



PokerStars Hand #254624122141:  Hold'em No Limit ($0.50/$1.00 USD) - 2025/01/30 17:53:40 WET [2025/01/30 12:53:40 ET]
Table 'Kasan' 6-max Seat #1 is the button
Seat 1: tidler1985 ($49.79 in chips) 
Seat 2: tintin641 ($100 in chips) 
Seat 3: Joker007r ($107.45 in chips) 
Seat 4: Chiarelli99 ($121.50 in chips) 
Seat 5: Gfoer ($100 in chips) 
Seat 6: app1e_j@ck ($119 in chips) 
tintin641: posts small blind $0.50
Joker007r: posts big blind $1
*** HOLE CARDS ***
Chiarelli99: folds 
Gfoer: raises $1.20 to $2.20
app1e_j@ck: folds 
tidler1985: folds 
tintin641: folds 
Joker007r: folds 
Uncalled bet ($1.20) returned to Gfoer
Gfoer collected $2.50 from pot
Gfoer: doesn't show hand 
*** SUMMARY ***
Total pot $2.50 | Rake $0 
Seat 1: tidler1985 (button) folded before Flop (didn't bet)
Seat 2: tintin641 (small blind) folded before Flop
Seat 3: Joker007r (big blind) folded before Flop
Seat 4: Chiarelli99 folded before Flop (didn't bet)
Seat 5: Gfoer collected ($2.50)
Seat 6: app1e_j@ck folded before Flop (didn't bet)



PokerStars Hand #254624128105:  Hold'em No Limit ($0.50/$1.00 USD) - 2025/01/30 17:54:04 WET [2025/01/30 12:54:04 ET]
Table 'Kasan' 6-max Seat #2 is the button
Seat 1: tidler1985 ($49.79 in chips) 
Seat 2: tintin641 ($100 in chips) 
Seat 3: Joker007r ($106.45 in chips) 
Seat 4: Chiarelli99 ($121.50 in chips) 
Seat 5: Gfoer ($101.50 in chips) 
Seat 6: app1e_j@ck ($119 in chips) 
Joker007r: posts small blind $0.50
Chiarelli99: posts big blind $1
*** HOLE CARDS ***
Gfoer: folds 
app1e_j@ck: folds 
tidler1985: raises $2 to $3
tintin641: raises $4.50 to $7.50
Joker007r: folds 
Chiarelli99: folds 
tidler1985: calls $4.50
*** FLOP *** [Ts 5d Ah]
tidler1985: checks 
tintin641: bets $3.92
tidler1985: calls $3.92
*** TURN *** [Ts 5d Ah] [Ad]
tidler1985: checks 
tintin641: checks 
*** RIVER *** [Ts 5d Ah Ad] [Kd]
tidler1985: bets $25.12
tintin641: folds 
Uncalled bet ($25.12) returned to tidler1985
tidler1985 collected $23.12 from pot
tidler1985: doesn't show hand 
*** SUMMARY ***
Total pot $24.34 | Rake $1.22 
Board [Ts 5d Ah Ad Kd]
Seat 1: tidler1985 collected ($23.12)
Seat 2: tintin641 (button) folded on the River
Seat 3: Joker007r (small blind) folded before Flop
Seat 4: Chiarelli99 (big blind) folded before Flop
Seat 5: Gfoer folded before Flop (didn't bet)
Seat 6: app1e_j@ck folded before Flop (didn't bet)



PokerStars Hand #254624148441:  Hold'em No Limit ($0.50/$1.00 USD) - 2025/01/30 17:55:25 WET [2025/01/30 12:55:25 ET]
Table 'Kasan' 6-max Seat #3 is the button
Seat 1: tidler1985 ($61.49 in chips) 
Seat 2: tintin641 ($100 in chips) 
Seat 3: Joker007r ($105.95 in chips) 
Seat 4: Chiarelli99 ($120.50 in chips) 
Seat 5: Gfoer ($101.50 in chips) 
Seat 6: app1e_j@ck ($119 in chips) 
Chiarelli99: posts small blind $0.50
Gfoer: posts big blind $1
*** HOLE CARDS ***
app1e_j@ck: folds 
tidler1985: folds 
tintin641: folds 
Joker007r: folds 
Chiarelli99: folds 
Uncalled bet ($0.50) returned to Gfoer
Gfoer collected $1 from pot
Gfoer: doesn't show hand 
*** SUMMARY ***
Total pot $1 | Rake $0 
Seat 1: tidler1985 folded before Flop (didn't bet)
Seat 2: tintin641 folded before Flop (didn't bet)
Seat 3: Joker007r (button) folded before Flop (didn't bet)
Seat 4: Chiarelli99 (small blind) folded before Flop
Seat 5: Gfoer (big blind) collected ($1)
Seat 6: app1e_j@ck folded before Flop (didn't bet)



PokerStars Hand #254624150480:  Hold'em No Limit ($0.50/$1.00 USD) - 2025/01/30 17:55:36 WET [2025/01/30 12:55:36 ET]
Table 'Kasan' 6-max Seat #4 is the button
Seat 1: tidler1985 ($61.49 in chips) 
Seat 2: tintin641 ($100 in chips) 
Seat 3: Joker007r ($105.95 in chips) 
Seat 4: Chiarelli99 ($120 in chips) 
Seat 5: Gfoer ($102 in chips) 
Seat 6: app1e_j@ck ($119 in chips) 
Gfoer: posts small blind $0.50
app1e_j@ck: posts big blind $1
*** HOLE CARDS ***
tidler1985: calls $1
tintin641: folds 
Joker007r: folds 
Chiarelli99: folds 
Gfoer: folds 
app1e_j@ck: checks 
*** FLOP *** [4s 8c 8s]
app1e_j@ck: checks 
tidler1985: bets $1
app1e_j@ck: folds 
Uncalled bet ($1) returned to tidler1985
tidler1985 collected $2.38 from pot
tidler1985: doesn't show hand 
*** SUMMARY ***
Total pot $2.50 | Rake $0.12 
Board [4s 8c 8s]
Seat 1: tidler1985 collected ($2.38)
Seat 2: tintin641 folded before Flop (didn't bet)
Seat 3: Joker007r folded before Flop (didn't bet)
Seat 4: Chiarelli99 (button) folded before Flop (didn't bet)
Seat 5: Gfoer (small blind) folded before Flop
Seat 6: app1e_j@ck (big blind) folded on the Flop



PokerStars Hand #254624154904:  Hold'em No Limit ($0.50/$1.00 USD) - 2025/01/30 17:56:00 WET [2025/01/30 12:56:00 ET]
Table 'Kasan' 6-max Seat #5 is the button
Seat 1: tidler1985 ($62.87 in chips) 
Seat 2: tintin641 ($100 in chips) 
Seat 3: Joker007r ($105.95 in chips) 
Seat 4: Chiarelli99 ($120 in chips) 
Seat 5: Gfoer ($101.50 in chips) 
Seat 6: app1e_j@ck ($118 in chips) 
app1e_j@ck: posts small blind $0.50
tidler1985: posts big blind $1
*** HOLE CARDS ***
tintin641: folds 
Joker007r: raises $1.38 to $2.38
Chiarelli99: folds 
Gfoer: folds 
app1e_j@ck: calls $1.88
tidler1985: calls $1.38
*** FLOP *** [Jc 2h 5d]
app1e_j@ck: bets $5.09
tidler1985: folds 
Joker007r: folds 
Uncalled bet ($5.09) returned to app1e_j@ck
app1e_j@ck collected $6.78 from pot
app1e_j@ck: doesn't show hand 
*** SUMMARY ***
Total pot $7.14 | Rake $0.36 
Board [Jc 2h 5d]
Seat 1: tidler1985 (big blind) folded on the Flop
Seat 2: tintin641 folded before Flop (didn't bet)
Seat 3: Joker007r folded on the Flop
Seat 4: Chiarelli99 folded before Flop (didn't bet)
Seat 5: Gfoer (button) folded before Flop (didn't bet)
Seat 6: app1e_j@ck (small blind) collected ($6.78)



PokerStars Hand #254624161120:  Hold'em No Limit ($0.50/$1.00 USD) - 2025/01/30 17:56:32 WET [2025/01/30 12:56:32 ET]
Table 'Kasan' 6-max Seat #6 is the button
Seat 1: tidler1985 ($60.49 in chips) 
Seat 2: tintin641 ($100 in chips) 
Seat 3: Joker007r ($103.57 in chips) 
Seat 4: Chiarelli99 ($120 in chips) 
Seat 5: Gfoer ($101.50 in chips) 
Seat 6: app1e_j@ck ($122.40 in chips) 
tidler1985: posts small blind $0.50
tintin641: posts big blind $1
*** HOLE CARDS ***
Joker007r: raises $1.38 to $2.38
Chiarelli99: raises $4.76 to $7.14
Gfoer: folds 
app1e_j@ck: folds 
tidler1985: folds 
tintin641: folds 
Joker007r: folds 
Uncalled bet ($4.76) returned to Chiarelli99
Chiarelli99 collected $6.26 from pot
Chiarelli99: doesn't show hand 
*** SUMMARY ***
Total pot $6.26 | Rake $0 
Seat 1: tidler1985 (small blind) folded before Flop
Seat 2: tintin641 (big blind) folded before Flop
Seat 3: Joker007r folded before Flop
Seat 4: Chiarelli99 collected ($6.26)
Seat 5: Gfoer folded before Flop (didn't bet)
Seat 6: app1e_j@ck (button) folded before Flop (didn't bet)



PokerStars Hand #254624165450:  Hold'em No Limit ($0.50/$1.00 USD) - 2025/01/30 17:56:55 WET [2025/01/30 12:56:55 ET]
Table 'Kasan' 6-max Seat #1 is the button
Seat 1: tidler1985 ($59.99 in chips) 
Seat 2: tintin641 ($100 in chips) 
Seat 3: Joker007r ($101.19 in chips) 
Seat 4: Chiarelli99 ($123.88 in chips) 
Seat 5: Gfoer ($101.50 in chips) 
Seat 6: app1e_j@ck ($122.40 in chips) 
tintin641: posts small blind $0.50
Joker007r: posts big blind $1
*** HOLE CARDS ***
Chiarelli99: folds 
Gfoer: folds 
app1e_j@ck: folds 
tidler1985: raises $2 to $3
tintin641: folds 
Joker007r: folds 
Uncalled bet ($2) returned to tidler1985
tidler1985 collected $2.50 from pot
tidler1985: doesn't show hand 
*** SUMMARY ***
Total pot $2.50 | Rake $0 
Seat 1: tidler1985 (button) collected ($2.50)
Seat 2: tintin641 (small blind) folded before Flop
Seat 3: Joker007r (big blind) folded before Flop
Seat 4: Chiarelli99 folded before Flop (didn't bet)
Seat 5: Gfoer folded before Flop (didn't bet)
Seat 6: app1e_j@ck folded before Flop (didn't bet)



PokerStars Hand #254624169120:  Hold'em No Limit ($0.50/$1.00 USD) - 2025/01/30 17:57:14 WET [2025/01/30 12:57:14 ET]
Table 'Kasan' 6-max Seat #2 is the button
Seat 1: tidler1985 ($61.49 in chips) 
Seat 2: tintin641 ($100 in chips) 
Seat 3: Joker007r ($100.19 in chips) 
Seat 4: Chiarelli99 ($123.88 in chips) 
Seat 5: Gfoer ($101.50 in chips) 
Seat 6: app1e_j@ck ($122.40 in chips) 
Joker007r: posts small blind $0.50
Chiarelli99: posts big blind $1
*** HOLE CARDS ***
Gfoer: folds 
app1e_j@ck: folds 
tidler1985 has timed out
tidler1985: folds 
tintin641: folds 
Joker007r: folds 
Uncalled bet ($0.50) returned to Chiarelli99
Chiarelli99 collected $1 from pot
Chiarelli99: doesn't show hand 
*** SUMMARY ***
Total pot $1 | Rake $0 
Seat 1: tidler1985 folded before Flop (didn't bet)
Seat 2: tintin641 (button) folded before Flop (didn't bet)
Seat 3: Joker007r (small blind) folded before Flop
Seat 4: Chiarelli99 (big blind) collected ($1)
Seat 5: Gfoer folded before Flop (didn't bet)
Seat 6: app1e_j@ck folded before Flop (didn't bet)



PokerStars Hand #254624173819:  Hold'em No Limit ($0.50/$1.00 USD) - 2025/01/30 17:57:38 WET [2025/01/30 12:57:38 ET]
Table 'Kasan' 6-max Seat #3 is the button
Seat 1: tidler1985 ($61.49 in chips) is sitting out
Seat 2: tintin641 ($100 in chips) 
Seat 3: Joker007r ($100 in chips) 
Seat 4: Chiarelli99 ($124.38 in chips) 
Seat 5: Gfoer ($101.50 in chips) 
Seat 6: app1e_j@ck ($122.40 in chips) 
Chiarelli99: posts small blind $0.50
Gfoer: posts big blind $1
*** HOLE CARDS ***
app1e_j@ck: folds 
tintin641: folds 
Joker007r: folds 
Chiarelli99: raises $2 to $3
Gfoer: calls $2
*** FLOP *** [Ks 9c 6h]
Chiarelli99: bets $1.88
Gfoer: calls $1.88
*** TURN *** [Ks 9c 6h] [Kh]
Chiarelli99: checks 
Gfoer: bets $2.72
Chiarelli99: calls $2.72
*** RIVER *** [Ks 9c 6h Kh] [Jd]
Chiarelli99: checks 
Gfoer: bets $21.22
Chiarelli99: folds 
Uncalled bet ($21.22) returned to Gfoer
Gfoer collected $14.44 from pot
Gfoer: doesn't show hand 
*** SUMMARY ***
Total pot $15.20 | Rake $0.76 
Board [Ks 9c 6h Kh Jd]
Seat 1: tidler1985
Seat 2: tintin641 folded before Flop (didn't bet)
Seat 3: Joker007r (button) folded before Flop (didn't bet)
Seat 4: Chiarelli99 (small blind) folded on the River
Seat 5: Gfoer (big blind) collected ($14.44)
Seat 6: app1e_j@ck folded before Flop (didn't bet)



PokerStars Hand #254624183558:  Hold'em No Limit ($0.50/$1.00 USD) - 2025/01/30 17:58:28 WET [2025/01/30 12:58:28 ET]
Table 'Kasan' 6-max Seat #4 is the button
Seat 1: tidler1985 ($61.49 in chips) 
Seat 2: tintin641 ($100 in chips) 
Seat 3: Joker007r ($100 in chips) 
Seat 4: Chiarelli99 ($116.78 in chips) 
Seat 5: Gfoer ($108.34 in chips) 
Seat 6: app1e_j@ck ($122.40 in chips) 
Gfoer: posts small blind $0.50
app1e_j@ck: posts big blind $1
*** HOLE CARDS ***
tidler1985: calls $1
tintin641: folds 
Joker007r: folds 
Chiarelli99: folds 
Gfoer: folds 
app1e_j@ck: checks 
*** FLOP *** [9s Ac Qc]
app1e_j@ck: checks 
tidler1985: bets $1
app1e_j@ck: folds 
Uncalled bet ($1) returned to tidler1985
tidler1985 collected $2.38 from pot
tidler1985: doesn't show hand 
*** SUMMARY ***
Total pot $2.50 | Rake $0.12 
Board [9s Ac Qc]
Seat 1: tidler1985 collected ($2.38)
Seat 2: tintin641 folded before Flop (didn't bet)
Seat 3: Joker007r folded before Flop (didn't bet)
Seat 4: Chiarelli99 (button) folded before Flop (didn't bet)
Seat 5: Gfoer (small blind) folded before Flop
Seat 6: app1e_j@ck (big blind) folded on the Flop



PokerStars Hand #254624187519:  Hold'em No Limit ($0.50/$1.00 USD) - 2025/01/30 17:58:48 WET [2025/01/30 12:58:48 ET]
Table 'Kasan' 6-max Seat #5 is the button
Seat 1: tidler1985 ($62.87 in chips) 
Seat 2: tintin641 ($100 in chips) 
Seat 3: Joker007r ($100 in chips) 
Seat 4: Chiarelli99 ($116.78 in chips) 
Seat 5: Gfoer ($107.84 in chips) 
Seat 6: app1e_j@ck ($121.40 in chips) 
app1e_j@ck: posts small blind $0.50
tidler1985: posts big blind $1
*** HOLE CARDS ***
tintin641: raises $1.50 to $2.50
Joker007r: folds 
Chiarelli99: folds 
Gfoer: folds 
app1e_j@ck: folds 
tidler1985: calls $1.50
*** FLOP *** [9s 3c 3d]
tidler1985: checks 
tintin641: bets $1.72
tidler1985: folds 
Uncalled bet ($1.72) returned to tintin641
tintin641 collected $5.22 from pot
tintin641: doesn't show hand 
*** SUMMARY ***
Total pot $5.50 | Rake $0.28 
Board [9s 3c 3d]
Seat 1: tidler1985 (big blind) folded on the Flop
Seat 2: tintin641 collected ($5.22)
Seat 3: Joker007r folded before Flop (didn't bet)
Seat 4: Chiarelli99 folded before Flop (didn't bet)
Seat 5: Gfoer (button) folded before Flop (didn't bet)
Seat 6: app1e_j@ck (small blind) folded before Flop



PokerStars Hand #254624191986:  Hold'em No Limit ($0.50/$1.00 USD) - 2025/01/30 17:59:11 WET [2025/01/30 12:59:11 ET]
Table 'Kasan' 6-max Seat #6 is the button
Seat 1: tidler1985 ($60.37 in chips) 
Seat 2: tintin641 ($102.72 in chips) 
Seat 3: Joker007r ($100 in chips) 
Seat 4: Chiarelli99 ($116.78 in chips) 
Seat 5: Gfoer ($107.84 in chips) 
Seat 6: app1e_j@ck ($120.90 in chips) 
tidler1985: posts small blind $0.50
tintin641: posts big blind $1
*** HOLE CARDS ***
Joker007r: folds 
Chiarelli99: folds 
Gfoer: folds 
app1e_j@ck: folds 
tidler1985: raises $1 to $2
tintin641: calls $1
*** FLOP *** [5c Jc 9c]
tidler1985: bets $3.80
tintin641: folds 
Uncalled bet ($3.80) returned to tidler1985
tidler1985 collected $3.80 from pot
tidler1985: doesn't show hand 
*** SUMMARY ***
Total pot $4 | Rake $0.20 
Board [5c Jc 9c]
Seat 1: tidler1985 (small blind) collected ($3.80)
Seat 2: tintin641 (big blind) folded on the Flop
Seat 3: Joker007r folded before Flop (didn't bet)
Seat 4: Chiarelli99 folded before Flop (didn't bet)
Seat 5: Gfoer folded before Flop (didn't bet)
Seat 6: app1e_j@ck (button) folded before Flop (didn't bet)



PokerStars Hand #254624197372:  Hold'em No Limit ($0.50/$1.00 USD) - 2025/01/30 17:59:38 WET [2025/01/30 12:59:38 ET]
Table 'Kasan' 6-max Seat #1 is the button
Seat 1: tidler1985 ($62.17 in chips) 
Seat 2: tintin641 ($100.72 in chips) 
Seat 3: Joker007r ($100 in chips) 
Seat 4: Chiarelli99 ($116.78 in chips) 
Seat 5: Gfoer ($107.84 in chips) 
Seat 6: app1e_j@ck ($120.90 in chips) 
tintin641: posts small blind $0.50
Joker007r: posts big blind $1
*** HOLE CARDS ***
Chiarelli99: folds 
Gfoer: folds 
app1e_j@ck: folds 
tidler1985: folds 
tintin641: folds 
Uncalled bet ($0.50) returned to Joker007r
Joker007r collected $1 from pot
Joker007r: doesn't show hand 
*** SUMMARY ***
Total pot $1 | Rake $0 
Seat 1: tidler1985 (button) folded before Flop (didn't bet)
Seat 2: tintin641 (small blind) folded before Flop
Seat 3: Joker007r (big blind) collected ($1)
Seat 4: Chiarelli99 folded before Flop (didn't bet)
Seat 5: Gfoer folded before Flop (didn't bet)
Seat 6: app1e_j@ck folded before Flop (didn't bet)



PokerStars Hand #254624199569:  Hold'em No Limit ($0.50/$1.00 USD) - 2025/01/30 17:59:50 WET [2025/01/30 12:59:50 ET]
Table 'Kasan' 6-max Seat #2 is the button
Seat 1: tidler1985 ($62.17 in chips) 
Seat 2: tintin641 ($100.22 in chips) 
Seat 3: Joker007r ($100.50 in chips) 
Seat 4: Chiarelli99 ($116.78 in chips) 
Seat 5: Gfoer ($107.84 in chips) 
Seat 6: app1e_j@ck ($120.90 in chips) 
Joker007r: posts small blind $0.50
Chiarelli99: posts big blind $1
*** HOLE CARDS ***
Gfoer: folds 
app1e_j@ck: folds 
tidler1985: calls $1
tintin641: folds 
Joker007r: calls $0.50
Chiarelli99: checks 
*** FLOP *** [Ac Ah 7h]
Joker007r: checks 
Chiarelli99: checks 
tidler1985: bets $1
Joker007r: folds 
Chiarelli99: raises $3 to $4
tidler1985: folds 
Uncalled bet ($3) returned to Chiarelli99
Chiarelli99 collected $4.75 from pot
Chiarelli99: doesn't show hand 
*** SUMMARY ***
Total pot $5 | Rake $0.25 
Board [Ac Ah 7h]
Seat 1: tidler1985 folded on the Flop
Seat 2: tintin641 (button) folded before Flop (didn't bet)
Seat 3: Joker007r (small blind) folded on the Flop
Seat 4: Chiarelli99 (big blind) collected ($4.75)
Seat 5: Gfoer folded before Flop (didn't bet)
Seat 6: app1e_j@ck folded before Flop (didn't bet)



PokerStars Hand #254624207156:  Hold'em No Limit ($0.50/$1.00 USD) - 2025/01/30 18:00:28 WET [2025/01/30 13:00:28 ET]
Table 'Kasan' 6-max Seat #3 is the button
Seat 1: tidler1985 ($60.17 in chips) 
Seat 2: tintin641 ($100.22 in chips) 
Seat 3: Joker007r ($100 in chips) 
Seat 4: Chiarelli99 ($119.53 in chips) 
Seat 5: Gfoer ($107.84 in chips) 
Seat 6: app1e_j@ck ($120.90 in chips) 
Chiarelli99: posts small blind $0.50
Gfoer: posts big blind $1
*** HOLE CARDS ***
app1e_j@ck: folds 
tidler1985: folds 
tintin641: folds 
Joker007r: raises $1.50 to $2.50
Chiarelli99: raises $9 to $11.50
Gfoer: folds 
Joker007r: calls $9
*** FLOP *** [Qd Jd 8h]
Chiarelli99: bets $7.52
Joker007r: folds 
Uncalled bet ($7.52) returned to Chiarelli99
Chiarelli99 collected $22.80 from pot
Chiarelli99: doesn't show hand 
*** SUMMARY ***
Total pot $24 | Rake $1.20 
Board [Qd Jd 8h]
Seat 1: tidler1985 folded before Flop (didn't bet)
Seat 2: tintin641 folded before Flop (didn't bet)
Seat 3: Joker007r (button) folded on the Flop
Seat 4: Chiarelli99 (small blind) collected ($22.80)
Seat 5: Gfoer (big blind) folded before Flop
Seat 6: app1e_j@ck folded before Flop (didn't bet)



PokerStars Hand #254624215356:  Hold'em No Limit ($0.50/$1.00 USD) - 2025/01/30 18:01:07 WET [2025/01/30 13:01:07 ET]
Table 'Kasan' 6-max Seat #4 is the button
Seat 1: tidler1985 ($60.17 in chips) 
Seat 2: tintin641 ($100.22 in chips) 
Seat 3: Joker007r ($100 in chips) 
Seat 4: Chiarelli99 ($130.83 in chips) 
Seat 5: Gfoer ($106.84 in chips) 
Seat 6: app1e_j@ck ($120.90 in chips) 
Gfoer: posts small blind $0.50
app1e_j@ck: posts big blind $1
*** HOLE CARDS ***
tidler1985: folds 
tintin641: raises $1.50 to $2.50
Joker007r: folds 
Chiarelli99: folds 
Gfoer: folds 
app1e_j@ck: folds 
Uncalled bet ($1.50) returned to tintin641
tintin641 collected $2.50 from pot
tintin641: doesn't show hand 
*** SUMMARY ***
Total pot $2.50 | Rake $0 
Seat 1: tidler1985 folded before Flop (didn't bet)
Seat 2: tintin641 collected ($2.50)
Seat 3: Joker007r folded before Flop (didn't bet)
Seat 4: Chiarelli99 (button) folded before Flop (didn't bet)
Seat 5: Gfoer (small blind) folded before Flop
Seat 6: app1e_j@ck (big blind) folded before Flop



PokerStars Hand #254624218247:  Hold'em No Limit ($0.50/$1.00 USD) - 2025/01/30 18:01:20 WET [2025/01/30 13:01:20 ET]
Table 'Kasan' 6-max Seat #5 is the button
Seat 1: tidler1985 ($60.17 in chips) 
Seat 2: tintin641 ($101.72 in chips) 
Seat 3: Joker007r ($100 in chips) 
Seat 4: Chiarelli99 ($130.83 in chips) 
Seat 5: Gfoer ($106.34 in chips) 
Seat 6: app1e_j@ck ($119.90 in chips) 
app1e_j@ck: posts small blind $0.50
tidler1985: posts big blind $1
*** HOLE CARDS ***
tintin641: raises $1.50 to $2.50
Joker007r: folds 
Chiarelli99: folds 
Gfoer: folds 
app1e_j@ck: folds 
tidler1985: calls $1.50
*** FLOP *** [Qh 8h 4c]
tidler1985: checks 
tintin641: checks 
*** TURN *** [Qh 8h 4c] [4d]
tidler1985: bets $2.61
tintin641: raises $5.22 to $7.83
tidler1985: calls $5.22
*** RIVER *** [Qh 8h 4c 4d] [3h]
tidler1985: bets $20.10
tintin641: folds 
Uncalled bet ($20.10) returned to tidler1985
tidler1985 collected $20.10 from pot
tidler1985: doesn't show hand 
*** SUMMARY ***
Total pot $21.16 | Rake $1.06 
Board [Qh 8h 4c 4d 3h]
Seat 1: tidler1985 (big blind) collected ($20.10)
Seat 2: tintin641 folded on the River
Seat 3: Joker007r folded before Flop (didn't bet)
Seat 4: Chiarelli99 folded before Flop (didn't bet)
Seat 5: Gfoer (button) folded before Flop (didn't bet)
Seat 6: app1e_j@ck (small blind) folded before Flop



PokerStars Hand #254624233831:  Hold'em No Limit ($0.50/$1.00 USD) - 2025/01/30 18:02:24 WET [2025/01/30 13:02:24 ET]
Table 'Kasan' 6-max Seat #6 is the button
Seat 1: tidler1985 ($69.94 in chips) 
Seat 2: tintin641 ($100 in chips) 
Seat 3: Joker007r ($100 in chips) 
Seat 4: Chiarelli99 ($130.83 in chips) 
Seat 5: Gfoer ($106.34 in chips) 
Seat 6: app1e_j@ck ($119.40 in chips) 
tidler1985: posts small blind $0.50
tintin641: posts big blind $1
*** HOLE CARDS ***
Joker007r: raises $1.38 to $2.38
Chiarelli99: folds 
Gfoer: folds 
app1e_j@ck: folds 
tidler1985: folds 
tintin641: calls $1.38
*** FLOP *** [7c 2c 8d]
tintin641: checks 
Joker007r: bets $3.65
tintin641: calls $3.65
*** TURN *** [7c 2c 8d] [Ad]
tintin641: checks 
Joker007r: bets $18.85
tintin641: folds 
Uncalled bet ($18.85) returned to Joker007r
Joker007r collected $11.93 from pot
Joker007r: doesn't show hand 
*** SUMMARY ***
Total pot $12.56 | Rake $0.63 
Board [7c 2c 8d Ad]
Seat 1: tidler1985 (small blind) folded before Flop
Seat 2: tintin641 (big blind) folded on the Turn
Seat 3: Joker007r collected ($11.93)
Seat 4: Chiarelli99 folded before Flop (didn't bet)
Seat 5: Gfoer folded before Flop (didn't bet)
Seat 6: app1e_j@ck (button) folded before Flop (didn't bet)



PokerStars Hand #254624249539:  Hold'em No Limit ($0.50/$1.00 USD) - 2025/01/30 18:03:25 WET [2025/01/30 13:03:25 ET]
Table 'Kasan' 6-max Seat #1 is the button
Seat 1: tidler1985 ($69.44 in chips) 
Seat 2: tintin641 ($100 in chips) 
Seat 3: Joker007r ($105.90 in chips) 
Seat 4: Chiarelli99 ($130.83 in chips) 
Seat 5: Gfoer ($106.34 in chips) 
Seat 6: app1e_j@ck ($119.40 in chips) 
tintin641: posts small blind $0.50
Joker007r: posts big blind $1
*** HOLE CARDS ***
Chiarelli99: folds 
Gfoer: folds 
app1e_j@ck: raises $1.50 to $2.50
tidler1985: folds 
tintin641: folds 
Joker007r: folds 
Uncalled bet ($1.50) returned to app1e_j@ck
app1e_j@ck collected $2.50 from pot
app1e_j@ck: doesn't show hand 
*** SUMMARY ***
Total pot $2.50 | Rake $0 
Seat 1: tidler1985 (button) folded before Flop (didn't bet)
Seat 2: tintin641 (small blind) folded before Flop
Seat 3: Joker007r (big blind) folded before Flop
Seat 4: Chiarelli99 folded before Flop (didn't bet)
Seat 5: Gfoer folded before Flop (didn't bet)
Seat 6: app1e_j@ck collected ($2.50)



PokerStars Hand #254624254880:  Hold'em No Limit ($0.50/$1.00 USD) - 2025/01/30 18:03:46 WET [2025/01/30 13:03:46 ET]
Table 'Kasan' 6-max Seat #2 is the button
Seat 1: tidler1985 ($69.44 in chips) 
Seat 2: tintin641 ($100 in chips) 
Seat 3: Joker007r ($104.90 in chips) 
Seat 4: Chiarelli99 ($130.83 in chips) 
Seat 5: Gfoer ($106.34 in chips) 
Seat 6: app1e_j@ck ($120.90 in chips) 
Joker007r: posts small blind $0.50
Chiarelli99: posts big blind $1
*** HOLE CARDS ***
Gfoer: folds 
app1e_j@ck: folds 
tidler1985: calls $1
tintin641: raises $3 to $4
Joker007r: folds 
Chiarelli99: folds 
tidler1985: calls $3
*** FLOP *** [Ts 6c 9h]
tidler1985: checks 
tintin641: bets $2.98
tidler1985: calls $2.98
*** TURN *** [Ts 6c 9h] [8d]
tidler1985: checks 
tintin641: checks 
*** RIVER *** [Ts 6c 9h 8d] [5s]
tidler1985: bets $7.35
tintin641: folds 
Uncalled bet ($7.35) returned to tidler1985
tidler1985 collected $14.69 from pot
tidler1985: doesn't show hand 
*** SUMMARY ***
Total pot $15.46 | Rake $0.77 
Board [Ts 6c 9h 8d 5s]
Seat 1: tidler1985 collected ($14.69)
Seat 2: tintin641 (button) folded on the River
Seat 3: Joker007r (small blind) folded before Flop
Seat 4: Chiarelli99 (big blind) folded before Flop
Seat 5: Gfoer folded before Flop (didn't bet)
Seat 6: app1e_j@ck folded before Flop (didn't bet)



PokerStars Hand #254624271075:  Hold'em No Limit ($0.50/$1.00 USD) - 2025/01/30 18:04:49 WET [2025/01/30 13:04:49 ET]
Table 'Kasan' 6-max Seat #3 is the button
Seat 1: tidler1985 ($77.15 in chips) 
Seat 2: tintin641 ($100 in chips) 
Seat 3: Joker007r ($104.40 in chips) 
Seat 4: Chiarelli99 ($129.83 in chips) 
Seat 5: Gfoer ($106.34 in chips) 
Seat 6: app1e_j@ck ($120.90 in chips) 
Chiarelli99: posts small blind $0.50
Gfoer: posts big blind $1
*** HOLE CARDS ***
app1e_j@ck: folds 
tidler1985: folds 
tintin641: folds 
Joker007r: folds 
Chiarelli99: raises $2 to $3
Gfoer: raises $10 to $13
Chiarelli99: folds 
Uncalled bet ($10) returned to Gfoer
Gfoer collected $6 from pot
Gfoer: doesn't show hand 
*** SUMMARY ***
Total pot $6 | Rake $0 
Seat 1: tidler1985 folded before Flop (didn't bet)
Seat 2: tintin641 folded before Flop (didn't bet)
Seat 3: Joker007r (button) folded before Flop (didn't bet)
Seat 4: Chiarelli99 (small blind) folded before Flop
Seat 5: Gfoer (big blind) collected ($6)
Seat 6: app1e_j@ck folded before Flop (didn't bet)



PokerStars Hand #254624276432:  Hold'em No Limit ($0.50/$1.00 USD) - 2025/01/30 18:05:09 WET [2025/01/30 13:05:09 ET]
Table 'Kasan' 6-max Seat #4 is the button
Seat 1: tidler1985 ($77.15 in chips) 
Seat 2: tintin641 ($100 in chips) 
Seat 3: Joker007r ($104.40 in chips) 
Seat 4: Chiarelli99 ($126.83 in chips) 
Seat 5: Gfoer ($109.34 in chips) 
Seat 6: app1e_j@ck ($120.90 in chips) 
Gfoer: posts small blind $0.50
app1e_j@ck: posts big blind $1
*** HOLE CARDS ***
tidler1985: folds 
tintin641: raises $1.50 to $2.50
Joker007r: folds 
Chiarelli99: folds 
Gfoer: folds 
app1e_j@ck: calls $1.50
*** FLOP *** [Kc Qh Qd]
app1e_j@ck: checks 
tintin641: bets $1.72
app1e_j@ck: folds 
Uncalled bet ($1.72) returned to tintin641
tintin641 collected $5.22 from pot
tintin641: doesn't show hand 
*** SUMMARY ***
Total pot $5.50 | Rake $0.28 
Board [Kc Qh Qd]
Seat 1: tidler1985 folded before Flop (didn't bet)
Seat 2: tintin641 collected ($5.22)
Seat 3: Joker007r folded before Flop (didn't bet)
Seat 4: Chiarelli99 (button) folded before Flop (didn't bet)
Seat 5: Gfoer (small blind) folded before Flop
Seat 6: app1e_j@ck (big blind) folded on the Flop



PokerStars Hand #254624283818:  Hold'em No Limit ($0.50/$1.00 USD) - 2025/01/30 18:05:37 WET [2025/01/30 13:05:37 ET]
Table 'Kasan' 6-max Seat #5 is the button
Seat 1: tidler1985 ($77.15 in chips) 
Seat 2: tintin641 ($102.72 in chips) 
Seat 3: Joker007r ($104.40 in chips) 
Seat 4: Chiarelli99 ($126.83 in chips) 
Seat 5: Gfoer ($108.84 in chips) 
Seat 6: app1e_j@ck ($118.40 in chips) 
app1e_j@ck: posts small blind $0.50
tidler1985: posts big blind $1
*** HOLE CARDS ***
tintin641: folds 
Joker007r: folds 
Chiarelli99: folds 
Gfoer: raises $2 to $3
app1e_j@ck: folds 
tidler1985: folds 
Uncalled bet ($2) returned to Gfoer
Gfoer collected $2.50 from pot
Gfoer: doesn't show hand 
*** SUMMARY ***
Total pot $2.50 | Rake $0 
Seat 1: tidler1985 (big blind) folded before Flop
Seat 2: tintin641 folded before Flop (didn't bet)
Seat 3: Joker007r folded before Flop (didn't bet)
Seat 4: Chiarelli99 folded before Flop (didn't bet)
Seat 5: Gfoer (button) collected ($2.50)
Seat 6: app1e_j@ck (small blind) folded before Flop



PokerStars Hand #254624287276:  Hold'em No Limit ($0.50/$1.00 USD) - 2025/01/30 18:05:51 WET [2025/01/30 13:05:51 ET]
Table 'Kasan' 6-max Seat #6 is the button
Seat 1: tidler1985 ($76.15 in chips) 
Seat 2: tintin641 ($102.72 in chips) 
Seat 3: Joker007r ($104.40 in chips) 
Seat 4: Chiarelli99 ($126.83 in chips) 
Seat 5: Gfoer ($110.34 in chips) 
Seat 6: app1e_j@ck ($117.90 in chips) 
tidler1985: posts small blind $0.50
tintin641: posts big blind $1
*** HOLE CARDS ***
Joker007r: folds 
Chiarelli99: folds 
Gfoer: folds 
app1e_j@ck: raises $1.50 to $2.50
tidler1985: calls $2
tintin641: folds 
*** FLOP *** [5c Jc 7c]
tidler1985: checks 
app1e_j@ck: checks 
*** TURN *** [5c Jc 7c] [5s]
tidler1985: bets $1
app1e_j@ck: calls $1
*** RIVER *** [5c Jc 7c 5s] [3c]
tidler1985: checks 
app1e_j@ck: checks 
*** SHOW DOWN ***
tidler1985: shows [8s 8d] (two pair, Eights and Fives)
app1e_j@ck: mucks hand 
tidler1985 collected $7.60 from pot
*** SUMMARY ***
Total pot $8 | Rake $0.40 
Board [5c Jc 7c 5s 3c]
Seat 1: tidler1985 (small blind) showed [8s 8d] and won ($7.60) with two pair, Eights and Fives
Seat 2: tintin641 (big blind) folded before Flop
Seat 3: Joker007r folded before Flop (didn't bet)
Seat 4: Chiarelli99 folded before Flop (didn't bet)
Seat 5: Gfoer folded before Flop (didn't bet)
Seat 6: app1e_j@ck (button) mucked



PokerStars Hand #254624296094:  Hold'em No Limit ($0.50/$1.00 USD) - 2025/01/30 18:06:24 WET [2025/01/30 13:06:24 ET]
Table 'Kasan' 6-max Seat #1 is the button
Seat 1: tidler1985 ($80.25 in chips) 
Seat 2: tintin641 ($101.72 in chips) 
Seat 3: Joker007r ($104.40 in chips) 
Seat 4: Chiarelli99 ($126.83 in chips) 
Seat 5: Gfoer ($110.34 in chips) 
Seat 6: app1e_j@ck ($114.40 in chips) 
tintin641: posts small blind $0.50
Joker007r: posts big blind $1
*** HOLE CARDS ***
Chiarelli99: folds 
Gfoer: folds 
app1e_j@ck: folds 
tidler1985: folds 
tintin641: folds 
Uncalled bet ($0.50) returned to Joker007r
Joker007r collected $1 from pot
Joker007r: doesn't show hand 
*** SUMMARY ***
Total pot $1 | Rake $0 
Seat 1: tidler1985 (button) folded before Flop (didn't bet)
Seat 2: tintin641 (small blind) folded before Flop
Seat 3: Joker007r (big blind) collected ($1)
Seat 4: Chiarelli99 folded before Flop (didn't bet)
Seat 5: Gfoer folded before Flop (didn't bet)
Seat 6: app1e_j@ck folded before Flop (didn't bet)



PokerStars Hand #254624301742:  Hold'em No Limit ($0.50/$1.00 USD) - 2025/01/30 18:06:45 WET [2025/01/30 13:06:45 ET]
Table 'Kasan' 6-max Seat #2 is the button
Seat 1: tidler1985 ($80.25 in chips) 
Seat 2: tintin641 ($101.22 in chips) 
Seat 3: Joker007r ($104.90 in chips) 
Seat 4: Chiarelli99 ($126.83 in chips) 
Seat 5: Gfoer ($110.34 in chips) 
Seat 6: app1e_j@ck ($114.40 in chips) 
Joker007r: posts small blind $0.50
Chiarelli99: posts big blind $1
*** HOLE CARDS ***
Gfoer: folds 
app1e_j@ck: folds 
tidler1985: raises $1.22 to $2.22
tintin641: folds 
Joker007r: folds 
Chiarelli99: folds 
Uncalled bet ($1.22) returned to tidler1985
tidler1985 collected $2.50 from pot
tidler1985: doesn't show hand 
*** SUMMARY ***
Total pot $2.50 | Rake $0 
Seat 1: tidler1985 collected ($2.50)
Seat 2: tintin641 (button) folded before Flop (didn't bet)
Seat 3: Joker007r (small blind) folded before Flop
Seat 4: Chiarelli99 (big blind) folded before Flop
Seat 5: Gfoer folded before Flop (didn't bet)
Seat 6: app1e_j@ck folded before Flop (didn't bet)



PokerStars Hand #254624305438:  Hold'em No Limit ($0.50/$1.00 USD) - 2025/01/30 18:07:00 WET [2025/01/30 13:07:00 ET]
Table 'Kasan' 6-max Seat #3 is the button
Seat 1: tidler1985 ($81.75 in chips) 
Seat 2: tintin641 ($101.22 in chips) 
Seat 3: Joker007r ($104.40 in chips) 
Seat 4: Chiarelli99 ($125.83 in chips) 
Seat 5: Gfoer ($110.34 in chips) 
Seat 6: app1e_j@ck ($114.40 in chips) 
Chiarelli99: posts small blind $0.50
Gfoer: posts big blind $1
*** HOLE CARDS ***
app1e_j@ck: folds 
tidler1985: calls $1
tintin641: folds 
Joker007r: folds 
Chiarelli99: raises $3 to $4
Gfoer: folds 
tidler1985: calls $3
*** FLOP *** [Jd 2s Kd]
Chiarelli99: bets $2.14
tidler1985: folds 
Uncalled bet ($2.14) returned to Chiarelli99
Chiarelli99 collected $8.55 from pot
Chiarelli99: doesn't show hand 
*** SUMMARY ***
Total pot $9 | Rake $0.45 
Board [Jd 2s Kd]
Seat 1: tidler1985 folded on the Flop
Seat 2: tintin641 folded before Flop (didn't bet)
Seat 3: Joker007r (button) folded before Flop (didn't bet)
Seat 4: Chiarelli99 (small blind) collected ($8.55)
Seat 5: Gfoer (big blind) folded before Flop
Seat 6: app1e_j@ck folded before Flop (didn't bet)



PokerStars Hand #254624312836:  Hold'em No Limit ($0.50/$1.00 USD) - 2025/01/30 18:07:28 WET [2025/01/30 13:07:28 ET]
Table 'Kasan' 6-max Seat #4 is the button
Seat 1: tidler1985 ($77.75 in chips) 
Seat 2: tintin641 ($101.22 in chips) 
Seat 3: Joker007r ($104.40 in chips) 
Seat 4: Chiarelli99 ($130.38 in chips) 
Seat 5: Gfoer ($109.34 in chips) 
Seat 6: app1e_j@ck ($114.40 in chips) 
Gfoer: posts small blind $0.50
app1e_j@ck: posts big blind $1
*** HOLE CARDS ***
tidler1985: raises $1 to $2
tintin641: folds 
Joker007r: folds 
Chiarelli99: folds 
Gfoer: folds 
app1e_j@ck: folds 
Uncalled bet ($1) returned to tidler1985
tidler1985 collected $2.50 from pot
tidler1985: doesn't show hand 
*** SUMMARY ***
Total pot $2.50 | Rake $0 
Seat 1: tidler1985 collected ($2.50)
Seat 2: tintin641 folded before Flop (didn't bet)
Seat 3: Joker007r folded before Flop (didn't bet)
Seat 4: Chiarelli99 (button) folded before Flop (didn't bet)
Seat 5: Gfoer (small blind) folded before Flop
Seat 6: app1e_j@ck (big blind) folded before Flop



PokerStars Hand #254624316682:  Hold'em No Limit ($0.50/$1.00 USD) - 2025/01/30 18:07:43 WET [2025/01/30 13:07:43 ET]
Table 'Kasan' 6-max Seat #5 is the button
Seat 1: tidler1985 ($79.25 in chips) 
Seat 2: tintin641 ($101.22 in chips) 
Seat 3: Joker007r ($104.40 in chips) 
Seat 4: Chiarelli99 ($130.38 in chips) 
Seat 5: Gfoer ($108.84 in chips) 
Seat 6: app1e_j@ck ($113.40 in chips) 
app1e_j@ck: posts small blind $0.50
tidler1985: posts big blind $1
*** HOLE CARDS ***
tintin641: raises $1.50 to $2.50
Joker007r: folds 
Chiarelli99: raises $5 to $7.50
Gfoer: folds 
app1e_j@ck: folds 
tidler1985: folds 
tintin641: folds 
Uncalled bet ($5) returned to Chiarelli99
Chiarelli99 collected $6.50 from pot
Chiarelli99: doesn't show hand 
*** SUMMARY ***
Total pot $6.50 | Rake $0 
Seat 1: tidler1985 (big blind) folded before Flop
Seat 2: tintin641 folded before Flop
Seat 3: Joker007r folded before Flop (didn't bet)
Seat 4: Chiarelli99 collected ($6.50)
Seat 5: Gfoer (button) folded before Flop (didn't bet)
Seat 6: app1e_j@ck (small blind) folded before Flop



PokerStars Hand #254624322639:  Hold'em No Limit ($0.50/$1.00 USD) - 2025/01/30 18:08:05 WET [2025/01/30 13:08:05 ET]
Table 'Kasan' 6-max Seat #6 is the button
Seat 1: tidler1985 ($78.25 in chips) 
Seat 2: tintin641 ($100 in chips) 
Seat 3: Joker007r ($104.40 in chips) 
Seat 4: Chiarelli99 ($134.38 in chips) 
Seat 5: Gfoer ($108.84 in chips) 
Seat 6: app1e_j@ck ($112.90 in chips) 
tidler1985: posts small blind $0.50
tintin641: posts big blind $1
*** HOLE CARDS ***
Joker007r: folds 
Chiarelli99: folds 
Gfoer: raises $1.20 to $2.20
app1e_j@ck: folds 
tidler1985: folds 
tintin641: folds 
Uncalled bet ($1.20) returned to Gfoer
Gfoer collected $2.50 from pot
Gfoer: doesn't show hand 
*** SUMMARY ***
Total pot $2.50 | Rake $0 
Seat 1: tidler1985 (small blind) folded before Flop
Seat 2: tintin641 (big blind) folded before Flop
Seat 3: Joker007r folded before Flop (didn't bet)
Seat 4: Chiarelli99 folded before Flop (didn't bet)
Seat 5: Gfoer collected ($2.50)
Seat 6: app1e_j@ck (button) folded before Flop (didn't bet)



PokerStars Hand #254624327213:  Hold'em No Limit ($0.50/$1.00 USD) - 2025/01/30 18:08:22 WET [2025/01/30 13:08:22 ET]
Table 'Kasan' 6-max Seat #1 is the button
Seat 1: tidler1985 ($77.75 in chips) 
Seat 2: tintin641 ($100 in chips) 
Seat 3: Joker007r ($104.40 in chips) 
Seat 4: Chiarelli99 ($134.38 in chips) 
Seat 5: Gfoer ($110.34 in chips) 
Seat 6: app1e_j@ck ($112.90 in chips) 
tintin641: posts small blind $0.50
Joker007r: posts big blind $1
*** HOLE CARDS ***
Chiarelli99: folds 
Gfoer: folds 
app1e_j@ck: folds 
tidler1985: folds 
tintin641: folds 
Uncalled bet ($0.50) returned to Joker007r
Joker007r collected $1 from pot
Joker007r: doesn't show hand 
*** SUMMARY ***
Total pot $1 | Rake $0 
Seat 1: tidler1985 (button) folded before Flop (didn't bet)
Seat 2: tintin641 (small blind) folded before Flop
Seat 3: Joker007r (big blind) collected ($1)
Seat 4: Chiarelli99 folded before Flop (didn't bet)
Seat 5: Gfoer folded before Flop (didn't bet)
Seat 6: app1e_j@ck folded before Flop (didn't bet)



PokerStars Hand #254624329947:  Hold'em No Limit ($0.50/$1.00 USD) - 2025/01/30 18:08:33 WET [2025/01/30 13:08:33 ET]
Table 'Kasan' 6-max Seat #2 is the button
Seat 1: tidler1985 ($77.75 in chips) 
Seat 2: tintin641 ($100 in chips) 
Seat 3: Joker007r ($104.90 in chips) 
Seat 4: Chiarelli99 ($134.38 in chips) 
Seat 5: Gfoer ($110.34 in chips) 
Seat 6: app1e_j@ck ($112.90 in chips) 
Joker007r: posts small blind $0.50
Chiarelli99: posts big blind $1
*** HOLE CARDS ***
Gfoer: folds 
app1e_j@ck: raises $1.50 to $2.50
tidler1985: folds 
tintin641: folds 
Joker007r: raises $8.50 to $11
Chiarelli99: folds 
app1e_j@ck: calls $8.50
*** FLOP *** [2d 7h Kd]
Joker007r: bets $11.36
app1e_j@ck: calls $11.36
*** TURN *** [2d 7h Kd] [3d]
Joker007r: bets $22.58
app1e_j@ck: calls $22.58
*** RIVER *** [2d 7h Kd 3d] [5c]
Joker007r: bets $59.96 and is all-in
app1e_j@ck: calls $59.96
*** SHOW DOWN ***
Joker007r: shows [As Kh] (a pair of Kings)
app1e_j@ck: shows [Ad Jd] (a flush, Ace high)
app1e_j@ck collected $208.30 from pot
*** SUMMARY ***
Total pot $210.80 | Rake $2.50 
Board [2d 7h Kd 3d 5c]
Seat 1: tidler1985 folded before Flop (didn't bet)
Seat 2: tintin641 (button) folded before Flop (didn't bet)
Seat 3: Joker007r (small blind) showed [As Kh] and lost with a pair of Kings
Seat 4: Chiarelli99 (big blind) folded before Flop
Seat 5: Gfoer folded before Flop (didn't bet)
Seat 6: app1e_j@ck showed [Ad Jd] and won ($208.30) with a flush, Ace high



PokerStars Hand #254624348675:  Hold'em No Limit ($0.50/$1.00 USD) - 2025/01/30 18:09:43 WET [2025/01/30 13:09:43 ET]
Table 'Kasan' 6-max Seat #3 is the button
Seat 1: tidler1985 ($77.75 in chips) 
Seat 2: tintin641 ($100 in chips) 
Seat 3: Joker007r ($100 in chips) 
Seat 4: Chiarelli99 ($133.38 in chips) 
Seat 5: Gfoer ($110.34 in chips) 
Seat 6: app1e_j@ck ($216.30 in chips) 
Chiarelli99: posts small blind $0.50
Gfoer: posts big blind $1
*** HOLE CARDS ***
app1e_j@ck: folds 
tidler1985: calls $1
tintin641: folds 
Joker007r: raises $4 to $5
Chiarelli99: folds 
Gfoer: folds 
tidler1985: calls $4
*** FLOP *** [5d Kd 2d]
tidler1985: checks 
Joker007r: bets $3.60
tidler1985: raises $3.60 to $7.20
Joker007r: calls $3.60
*** TURN *** [5d Kd 2d] [Ad]
tidler1985: checks 
Joker007r: checks 
*** RIVER *** [5d Kd 2d Ad] [Th]
tidler1985: bets $12.30
Joker007r: calls $12.30
*** SHOW DOWN ***
tidler1985: shows [3d 6d] (a flush, Ace high)
Joker007r: mucks hand 
tidler1985 collected $48 from pot
*** SUMMARY ***
Total pot $50.50 | Rake $2.50 
Board [5d Kd 2d Ad Th]
Seat 1: tidler1985 showed [3d 6d] and won ($48) with a flush, Ace high
Seat 2: tintin641 folded before Flop (didn't bet)
Seat 3: Joker007r (button) mucked
Seat 4: Chiarelli99 (small blind) folded before Flop
Seat 5: Gfoer (big blind) folded before Flop
Seat 6: app1e_j@ck folded before Flop (didn't bet)



PokerStars Hand #254624359762:  Hold'em No Limit ($0.50/$1.00 USD) - 2025/01/30 18:10:25 WET [2025/01/30 13:10:25 ET]
Table 'Kasan' 6-max Seat #4 is the button
Seat 1: tidler1985 ($101.25 in chips) 
Seat 2: tintin641 ($100 in chips) 
Seat 3: Joker007r ($100 in chips) 
Seat 4: Chiarelli99 ($132.88 in chips) 
Seat 5: Gfoer ($109.34 in chips) 
Seat 6: app1e_j@ck ($216.30 in chips) 
Gfoer: posts small blind $0.50
app1e_j@ck: posts big blind $1
*** HOLE CARDS ***
tidler1985: folds 
tintin641: folds 
Joker007r: raises $1.50 to $2.50
Chiarelli99: folds 
Gfoer: folds 
app1e_j@ck: folds 
Uncalled bet ($1.50) returned to Joker007r
Joker007r collected $2.50 from pot
Joker007r: doesn't show hand 
*** SUMMARY ***
Total pot $2.50 | Rake $0 
Seat 1: tidler1985 folded before Flop (didn't bet)
Seat 2: tintin641 folded before Flop (didn't bet)
Seat 3: Joker007r collected ($2.50)
Seat 4: Chiarelli99 (button) folded before Flop (didn't bet)
Seat 5: Gfoer (small blind) folded before Flop
Seat 6: app1e_j@ck (big blind) folded before Flop



PokerStars Hand #254624368509:  Hold'em No Limit ($0.50/$1.00 USD) - 2025/01/30 18:10:59 WET [2025/01/30 13:10:59 ET]
Table 'Kasan' 6-max Seat #5 is the button
Seat 1: tidler1985 ($101.25 in chips) 
Seat 2: tintin641 ($100 in chips) 
Seat 3: Joker007r ($101.50 in chips) 
Seat 4: Chiarelli99 ($132.88 in chips) 
Seat 5: Gfoer ($108.84 in chips) 
Seat 6: app1e_j@ck ($215.30 in chips) 
app1e_j@ck: posts small blind $0.50
tidler1985: posts big blind $1
*** HOLE CARDS ***
tintin641: raises $1.50 to $2.50
Joker007r: folds 
Chiarelli99: folds 
Gfoer: folds 
app1e_j@ck: folds 
tidler1985: calls $1.50
*** FLOP *** [6c 5h 4s]
tidler1985: checks 
tintin641: checks 
*** TURN *** [6c 5h 4s] [Qh]
tidler1985: checks 
tintin641: bets $3.92
tidler1985: calls $3.92
*** RIVER *** [6c 5h 4s Qh] [3h]
tidler1985: bets $12.67
tintin641: folds 
Uncalled bet ($12.67) returned to tidler1985
tidler1985 collected $12.67 from pot
tidler1985: doesn't show hand 
*** SUMMARY ***
Total pot $13.34 | Rake $0.67 
Board [6c 5h 4s Qh 3h]
Seat 1: tidler1985 (big blind) collected ($12.67)
Seat 2: tintin641 folded on the River
Seat 3: Joker007r folded before Flop (didn't bet)
Seat 4: Chiarelli99 folded before Flop (didn't bet)
Seat 5: Gfoer (button) folded before Flop (didn't bet)
Seat 6: app1e_j@ck (small blind) folded before Flop



PokerStars Hand #254624383131:  Hold'em No Limit ($0.50/$1.00 USD) - 2025/01/30 18:11:54 WET [2025/01/30 13:11:54 ET]
Table 'Kasan' 6-max Seat #6 is the button
Seat 1: tidler1985 ($107.50 in chips) 
Seat 2: tintin641 ($100 in chips) 
Seat 3: Joker007r ($101.50 in chips) 
Seat 4: Chiarelli99 ($132.88 in chips) 
Seat 5: Gfoer ($108.84 in chips) 
Seat 6: app1e_j@ck ($214.80 in chips) 
tidler1985: posts small blind $0.50
tintin641: posts big blind $1
*** HOLE CARDS ***
Joker007r: folds 
Chiarelli99: folds 
Gfoer: folds 
app1e_j@ck: folds 
tidler1985: folds 
Uncalled bet ($0.50) returned to tintin641
tintin641 collected $1 from pot
tintin641: doesn't show hand 
*** SUMMARY ***
Total pot $1 | Rake $0 
Seat 1: tidler1985 (small blind) folded before Flop
Seat 2: tintin641 (big blind) collected ($1)
Seat 3: Joker007r folded before Flop (didn't bet)
Seat 4: Chiarelli99 folded before Flop (didn't bet)
Seat 5: Gfoer folded before Flop (didn't bet)
Seat 6: app1e_j@ck (button) folded before Flop (didn't bet)



PokerStars Hand #254624386297:  Hold'em No Limit ($0.50/$1.00 USD) - 2025/01/30 18:12:06 WET [2025/01/30 13:12:06 ET]
Table 'Kasan' 6-max Seat #1 is the button
Seat 3: Joker007r ($101.50 in chips) is sitting out
Seat 1: tidler1985 ($107 in chips) 
Seat 2: tintin641 ($100.50 in chips) 
Seat 4: Chiarelli99 ($132.88 in chips) 
Seat 5: Gfoer ($108.84 in chips) 
Seat 6: app1e_j@ck ($214.80 in chips) 
tintin641: posts small blind $0.50
Joker007r: is sitting out 
Chiarelli99: posts big blind $1
*** HOLE CARDS ***
Gfoer: folds 
app1e_j@ck: raises $1.50 to $2.50
tidler1985: folds 
Gfoer leaves the table
tintin641: folds 
DJNezz joins the table at seat #5 
Chiarelli99: folds 
Uncalled bet ($1.50) returned to app1e_j@ck
app1e_j@ck collected $2.50 from pot
app1e_j@ck: doesn't show hand 
*** SUMMARY ***
Total pot $2.50 | Rake $0 
Seat 3: Joker007r
Seat 1: tidler1985 (button) folded before Flop (didn't bet)
Seat 2: tintin641 (small blind) folded before Flop
Seat 4: Chiarelli99 (big blind) folded before Flop
Seat 5: Gfoer folded before Flop (didn't bet)
Seat 6: app1e_j@ck collected ($2.50)



PokerStars Hand #254624389658:  Hold'em No Limit ($0.50/$1.00 USD) - 2025/01/30 18:12:18 WET [2025/01/30 13:12:18 ET]
Table 'Kasan' 6-max Seat #2 is the button
Seat 3: Joker007r ($101.50 in chips) is sitting out
Seat 1: tidler1985 ($107 in chips) 
Seat 2: tintin641 ($100 in chips) 
Seat 4: Chiarelli99 ($131.88 in chips) 
Seat 5: DJNezz ($100 in chips) 
Seat 6: app1e_j@ck ($216.30 in chips) 
Chiarelli99: posts small blind $0.50
DJNezz: posts big blind $1
*** HOLE CARDS ***
Joker007r leaves the table
app1e_j@ck: folds 
tidler1985: folds 
tintin641: folds 
Chiarelli99: raises $2 to $3
UnderC@t joins the table at seat #3 
DJNezz: raises $7 to $10
Chiarelli99: folds 
Uncalled bet ($7) returned to DJNezz
DJNezz collected $6 from pot
*** SUMMARY ***
Total pot $6 | Rake $0 
Seat 3: Joker007r
Seat 1: tidler1985 folded before Flop (didn't bet)
Seat 2: tintin641 (button) folded before Flop (didn't bet)
Seat 4: Chiarelli99 (small blind) folded before Flop
Seat 5: DJNezz (big blind) collected ($6)
Seat 6: app1e_j@ck folded before Flop (didn't bet)



PokerStars Hand #254624395483:  Hold'em No Limit ($0.50/$1.00 USD) - 2025/01/30 18:12:40 WET [2025/01/30 13:12:40 ET]
Table 'Kasan' 6-max Seat #4 is the button
Seat 3: UnderC@t ($100 in chips) is sitting out
Seat 1: tidler1985 ($107 in chips) 
Seat 2: tintin641 ($100 in chips) 
Seat 4: Chiarelli99 ($128.88 in chips) 
Seat 5: DJNezz ($103 in chips) 
Seat 6: app1e_j@ck ($216.30 in chips) 
DJNezz: posts small blind $0.50
app1e_j@ck: posts big blind $1
UnderC@t: sits out 
*** HOLE CARDS ***
tidler1985: folds 
tintin641: folds 
Chiarelli99: raises $1.10 to $2.10
DJNezz: folds 
app1e_j@ck: folds 
Uncalled bet ($1.10) returned to Chiarelli99
Chiarelli99 collected $2.50 from pot
Chiarelli99: doesn't show hand 
*** SUMMARY ***
Total pot $2.50 | Rake $0 
Seat 3: UnderC@t
Seat 1: tidler1985 folded before Flop (didn't bet)
Seat 2: tintin641 folded before Flop (didn't bet)
Seat 4: Chiarelli99 (button) collected ($2.50)
Seat 5: DJNezz (small blind) folded before Flop
Seat 6: app1e_j@ck (big blind) folded before Flop



PokerStars Hand #254624400332:  Hold'em No Limit ($0.50/$1.00 USD) - 2025/01/30 18:12:59 WET [2025/01/30 13:12:59 ET]
Table 'Kasan' 6-max Seat #5 is the button
Seat 1: tidler1985 ($107 in chips) is sitting out
Seat 3: UnderC@t ($100 in chips) is sitting out
Seat 2: tintin641 ($100 in chips) 
Seat 4: Chiarelli99 ($130.38 in chips) 
Seat 5: DJNezz ($102.50 in chips) 
Seat 6: app1e_j@ck ($215.30 in chips) 
app1e_j@ck: posts small blind $0.50
tintin641: posts big blind $1
UnderC@t: sits out 
*** HOLE CARDS ***
Chiarelli99: folds 
DJNezz: raises $1.20 to $2.20
app1e_j@ck: folds 
tintin641: folds 
Uncalled bet ($1.20) returned to DJNezz
DJNezz collected $2.50 from pot
*** SUMMARY ***
Total pot $2.50 | Rake $0 
Seat 1: tidler1985
Seat 3: UnderC@t
Seat 2: tintin641 (big blind) folded before Flop
Seat 4: Chiarelli99 folded before Flop (didn't bet)
Seat 5: DJNezz (button) collected ($2.50)
Seat 6: app1e_j@ck (small blind) folded before Flop



PokerStars Hand #254624406676:  Hold'em No Limit ($0.50/$1.00 USD) - 2025/01/30 18:13:23 WET [2025/01/30 13:13:23 ET]
Table 'Kasan' 6-max Seat #6 is the button
Seat 1: tidler1985 ($107 in chips) is sitting out
Seat 2: tintin641 ($100 in chips) 
Seat 3: UnderC@t ($100 in chips) 
Seat 4: Chiarelli99 ($130.38 in chips) 
Seat 5: DJNezz ($104 in chips) 
Seat 6: app1e_j@ck ($214.80 in chips) 
tintin641: posts small blind $0.50
UnderC@t: posts big blind $1
*** HOLE CARDS ***
Chiarelli99: folds 
DJNezz: folds 
app1e_j@ck: raises $1.50 to $2.50
tintin641: folds 
UnderC@t: raises $9.50 to $12
app1e_j@ck: raises $202.80 to $214.80 and is all-in
UnderC@t: folds 
Uncalled bet ($202.80) returned to app1e_j@ck
app1e_j@ck collected $24.50 from pot
app1e_j@ck: doesn't show hand 
*** SUMMARY ***
Total pot $24.50 | Rake $0 
Seat 1: tidler1985
Seat 2: tintin641 (small blind) folded before Flop
Seat 3: UnderC@t (big blind) folded before Flop
Seat 4: Chiarelli99 folded before Flop (didn't bet)
Seat 5: DJNezz folded before Flop (didn't bet)
Seat 6: app1e_j@ck (button) collected ($24.50)



PokerStars Hand #254624416182:  Hold'em No Limit ($0.50/$1.00 USD) - 2025/01/30 18:13:59 WET [2025/01/30 13:13:59 ET]
Table 'Kasan' 6-max Seat #2 is the button
Seat 1: tidler1985 ($107 in chips) is sitting out
Seat 2: tintin641 ($100 in chips) 
Seat 3: UnderC@t ($100 in chips) 
Seat 4: Chiarelli99 ($130.38 in chips) 
Seat 5: DJNezz ($104 in chips) 
Seat 6: app1e_j@ck ($227.30 in chips) 
UnderC@t: posts small blind $0.50
Chiarelli99: posts big blind $1
*** HOLE CARDS ***
DJNezz: folds 
app1e_j@ck: raises $1.50 to $2.50
tintin641: folds 
UnderC@t: folds 
Chiarelli99: folds 
Uncalled bet ($1.50) returned to app1e_j@ck
app1e_j@ck collected $2.50 from pot
app1e_j@ck: doesn't show hand 
*** SUMMARY ***
Total pot $2.50 | Rake $0 
Seat 1: tidler1985
Seat 2: tintin641 (button) folded before Flop (didn't bet)
Seat 3: UnderC@t (small blind) folded before Flop
Seat 4: Chiarelli99 (big blind) folded before Flop
Seat 5: DJNezz folded before Flop (didn't bet)
Seat 6: app1e_j@ck collected ($2.50)



PokerStars Hand #254624419866:  Hold'em No Limit ($0.50/$1.00 USD) - 2025/01/30 18:14:13 WET [2025/01/30 13:14:13 ET]
Table 'Kasan' 6-max Seat #3 is the button
Seat 1: tidler1985 ($107 in chips) is sitting out
Seat 2: tintin641 ($100 in chips) 
Seat 3: UnderC@t ($100 in chips) 
Seat 4: Chiarelli99 ($129.38 in chips) 
Seat 5: DJNezz ($104 in chips) 
Seat 6: app1e_j@ck ($228.80 in chips) 
Chiarelli99: posts small blind $0.50
DJNezz: posts big blind $1
tidler1985: sits out 
*** HOLE CARDS ***
app1e_j@ck: folds 
tintin641: raises $1.50 to $2.50
UnderC@t: folds 
Chiarelli99: folds 
DJNezz: folds 
Uncalled bet ($1.50) returned to tintin641
tintin641 collected $2.50 from pot
tintin641: doesn't show hand 
*** SUMMARY ***
Total pot $2.50 | Rake $0 
Seat 1: tidler1985
Seat 2: tintin641 collected ($2.50)
Seat 3: UnderC@t (button) folded before Flop (didn't bet)
Seat 4: Chiarelli99 (small blind) folded before Flop
Seat 5: DJNezz (big blind) folded before Flop
Seat 6: app1e_j@ck folded before Flop (didn't bet)



PokerStars Hand #254624425391:  Hold'em No Limit ($0.50/$1.00 USD) - 2025/01/30 18:14:34 WET [2025/01/30 13:14:34 ET]
Table 'Kasan' 6-max Seat #4 is the button
Seat 6: app1e_j@ck ($228.80 in chips) is sitting out
Seat 1: tidler1985 ($107 in chips) 
Seat 2: tintin641 ($101.50 in chips) 
Seat 3: UnderC@t ($100 in chips) 
Seat 4: Chiarelli99 ($128.88 in chips) 
Seat 5: DJNezz ($103 in chips) 
DJNezz: posts small blind $0.50
app1e_j@ck: is sitting out 
tidler1985: posts big blind $1
*** HOLE CARDS ***
tintin641: folds 
UnderC@t: raises $1.50 to $2.50
Chiarelli99: raises $5 to $7.50
DJNezz: folds 
tidler1985: folds 
UnderC@t: calls $5
*** FLOP *** [6c 2c Kh]
UnderC@t: checks 
Chiarelli99: bets $7.85
UnderC@t: folds 
Uncalled bet ($7.85) returned to Chiarelli99
Chiarelli99 collected $15.68 from pot
Chiarelli99: doesn't show hand 
*** SUMMARY ***
Total pot $16.50 | Rake $0.82 
Board [6c 2c Kh]
Seat 6: app1e_j@ck
Seat 1: tidler1985 (big blind) folded before Flop
Seat 2: tintin641 folded before Flop (didn't bet)
Seat 3: UnderC@t folded on the Flop
Seat 4: Chiarelli99 (button) collected ($15.68)
Seat 5: DJNezz (small blind) folded before Flop



PokerStars Hand #254624434082:  Hold'em No Limit ($0.50/$1.00 USD) - 2025/01/30 18:15:07 WET [2025/01/30 13:15:07 ET]
Table 'Kasan' 6-max Seat #5 is the button
Seat 6: app1e_j@ck ($228.80 in chips) is sitting out
Seat 1: tidler1985 ($106 in chips) 
Seat 2: tintin641 ($101.50 in chips) 
Seat 3: UnderC@t ($100 in chips) 
Seat 4: Chiarelli99 ($137.06 in chips) 
Seat 5: DJNezz ($102.50 in chips) 
tidler1985: posts small blind $0.50
tintin641: posts big blind $1
*** HOLE CARDS ***
UnderC@t: folds 
Chiarelli99: folds 
DJNezz: folds 
tidler1985: raises $1 to $2
tintin641: calls $1
*** FLOP *** [5d Kd Jc]
tidler1985: checks 
tintin641: checks 
*** TURN *** [5d Kd Jc] [8s]
tidler1985: checks 
tintin641: bets $1.90
tidler1985: calls $1.90
*** RIVER *** [5d Kd Jc 8s] [Ah]
tidler1985: bets $7.41
tintin641: folds 
Uncalled bet ($7.41) returned to tidler1985
tidler1985 collected $7.41 from pot
tidler1985: doesn't show hand 
*** SUMMARY ***
Total pot $7.80 | Rake $0.39 
Board [5d Kd Jc 8s Ah]
Seat 6: app1e_j@ck
Seat 1: tidler1985 (small blind) collected ($7.41)
Seat 2: tintin641 (big blind) folded on the River
Seat 3: UnderC@t folded before Flop (didn't bet)
Seat 4: Chiarelli99 folded before Flop (didn't bet)
Seat 5: DJNezz (button) folded before Flop (didn't bet)



PokerStars Hand #254624448191:  Hold'em No Limit ($0.50/$1.00 USD) - 2025/01/30 18:16:01 WET [2025/01/30 13:16:01 ET]
Table 'Kasan' 6-max Seat #1 is the button
Seat 6: app1e_j@ck ($228.80 in chips) is sitting out
Seat 1: tidler1985 ($109.51 in chips) 
Seat 2: tintin641 ($100 in chips) 
Seat 3: UnderC@t ($100 in chips) 
Seat 4: Chiarelli99 ($137.06 in chips) 
Seat 5: DJNezz ($102.50 in chips) 
tintin641: posts small blind $0.50
UnderC@t: posts big blind $1
app1e_j@ck: sits out 
*** HOLE CARDS ***
Chiarelli99: folds 
DJNezz: folds 
tidler1985: raises $1 to $2
tintin641: folds 
UnderC@t: folds 
Uncalled bet ($1) returned to tidler1985
tidler1985 collected $2.50 from pot
tidler1985: doesn't show hand 
*** SUMMARY ***
Total pot $2.50 | Rake $0 
Seat 6: app1e_j@ck
Seat 1: tidler1985 (button) collected ($2.50)
Seat 2: tintin641 (small blind) folded before Flop
Seat 3: UnderC@t (big blind) folded before Flop
Seat 4: Chiarelli99 folded before Flop (didn't bet)
Seat 5: DJNezz folded before Flop (didn't bet)



PokerStars Hand #254624454228:  Hold'em No Limit ($0.50/$1.00 USD) - 2025/01/30 18:16:24 WET [2025/01/30 13:16:24 ET]
Table 'Kasan' 6-max Seat #2 is the button
Seat 6: app1e_j@ck ($228.80 in chips) is sitting out
Seat 1: tidler1985 ($111.01 in chips) 
Seat 2: tintin641 ($100 in chips) 
Seat 3: UnderC@t ($100 in chips) 
Seat 4: Chiarelli99 ($137.06 in chips) 
Seat 5: DJNezz ($102.50 in chips) 
UnderC@t: posts small blind $0.50
Chiarelli99: posts big blind $1
app1e_j@ck: sits out 
*** HOLE CARDS ***
DJNezz: folds 
tidler1985: folds 
tintin641: raises $1.50 to $2.50
UnderC@t: folds 
Chiarelli99: folds 
Uncalled bet ($1.50) returned to tintin641
tintin641 collected $2.50 from pot
tintin641: doesn't show hand 
*** SUMMARY ***
Total pot $2.50 | Rake $0 
Seat 6: app1e_j@ck
Seat 1: tidler1985 folded before Flop (didn't bet)
Seat 2: tintin641 (button) collected ($2.50)
Seat 3: UnderC@t (small blind) folded before Flop
Seat 4: Chiarelli99 (big blind) folded before Flop
Seat 5: DJNezz folded before Flop (didn't bet)



PokerStars Hand #254624461941:  Hold'em No Limit ($0.50/$1.00 USD) - 2025/01/30 18:16:53 WET [2025/01/30 13:16:53 ET]
Table 'Kasan' 6-max Seat #3 is the button
Seat 6: app1e_j@ck ($228.80 in chips) is sitting out
Seat 1: tidler1985 ($111.01 in chips) 
Seat 2: tintin641 ($101.50 in chips) 
Seat 3: UnderC@t ($100 in chips) 
Seat 4: Chiarelli99 ($136.06 in chips) 
Seat 5: DJNezz ($102.50 in chips) 
Chiarelli99: posts small blind $0.50
DJNezz: posts big blind $1
app1e_j@ck: sits out 
*** HOLE CARDS ***
tidler1985: calls $1
tintin641: folds 
UnderC@t: folds 
Chiarelli99: raises $3 to $4
DJNezz: folds 
tidler1985: calls $3
*** FLOP *** [3h Th Qs]
Chiarelli99: bets $2.14
tidler1985: folds 
Uncalled bet ($2.14) returned to Chiarelli99
Chiarelli99 collected $8.55 from pot
Chiarelli99: doesn't show hand 
*** SUMMARY ***
Total pot $9 | Rake $0.45 
Board [3h Th Qs]
Seat 6: app1e_j@ck
Seat 1: tidler1985 folded on the Flop
Seat 2: tintin641 folded before Flop (didn't bet)
Seat 3: UnderC@t (button) folded before Flop (didn't bet)
Seat 4: Chiarelli99 (small blind) collected ($8.55)
Seat 5: DJNezz (big blind) folded before Flop



PokerStars Hand #254624472519:  Hold'em No Limit ($0.50/$1.00 USD) - 2025/01/30 18:17:33 WET [2025/01/30 13:17:33 ET]
Table 'Kasan' 6-max Seat #4 is the button
Seat 1: tidler1985 ($107.01 in chips) 
Seat 2: tintin641 ($101.50 in chips) 
Seat 3: UnderC@t ($100 in chips) 
Seat 4: Chiarelli99 ($140.61 in chips) 
Seat 5: DJNezz ($101.50 in chips) 
Seat 6: app1e_j@ck ($228.80 in chips) 
DJNezz: posts small blind $0.50
app1e_j@ck: posts big blind $1
*** HOLE CARDS ***
tidler1985: folds 
tintin641: folds 
UnderC@t: raises $1.50 to $2.50
Chiarelli99: folds 
DJNezz: folds 
app1e_j@ck: folds 
Uncalled bet ($1.50) returned to UnderC@t
UnderC@t collected $2.50 from pot
UnderC@t: doesn't show hand 
*** SUMMARY ***
Total pot $2.50 | Rake $0 
Seat 1: tidler1985 folded before Flop (didn't bet)
Seat 2: tintin641 folded before Flop (didn't bet)
Seat 3: UnderC@t collected ($2.50)
Seat 4: Chiarelli99 (button) folded before Flop (didn't bet)
Seat 5: DJNezz (small blind) folded before Flop
Seat 6: app1e_j@ck (big blind) folded before Flop



PokerStars Hand #254624478497:  Hold'em No Limit ($0.50/$1.00 USD) - 2025/01/30 18:17:56 WET [2025/01/30 13:17:56 ET]
Table 'Kasan' 6-max Seat #5 is the button
Seat 1: tidler1985 ($107.01 in chips) 
Seat 2: tintin641 ($101.50 in chips) 
Seat 3: UnderC@t ($101.50 in chips) 
Seat 4: Chiarelli99 ($140.61 in chips) 
Seat 5: DJNezz ($101 in chips) 
Seat 6: app1e_j@ck ($227.80 in chips) 
app1e_j@ck: posts small blind $0.50
tidler1985: posts big blind $1
*** HOLE CARDS ***
tintin641: folds 
UnderC@t: raises $1.50 to $2.50
Chiarelli99: folds 
DJNezz: folds 
app1e_j@ck: folds 
tidler1985: raises $5.50 to $8
UnderC@t: folds 
Uncalled bet ($5.50) returned to tidler1985
tidler1985 collected $5.50 from pot
tidler1985: doesn't show hand 
*** SUMMARY ***
Total pot $5.50 | Rake $0 
Seat 1: tidler1985 (big blind) collected ($5.50)
Seat 2: tintin641 folded before Flop (didn't bet)
Seat 3: UnderC@t folded before Flop
Seat 4: Chiarelli99 folded before Flop (didn't bet)
Seat 5: DJNezz (button) folded before Flop (didn't bet)
Seat 6: app1e_j@ck (small blind) folded before Flop



PokerStars Hand #254624484437:  Hold'em No Limit ($0.50/$1.00 USD) - 2025/01/30 18:18:18 WET [2025/01/30 13:18:18 ET]
Table 'Kasan' 6-max Seat #6 is the button
Seat 1: tidler1985 ($110.01 in chips) 
Seat 2: tintin641 ($101.50 in chips) 
Seat 3: UnderC@t ($100 in chips) 
Seat 4: Chiarelli99 ($140.61 in chips) 
Seat 5: DJNezz ($101 in chips) 
Seat 6: app1e_j@ck ($227.30 in chips) 
tidler1985: posts small blind $0.50
tintin641: posts big blind $1
*** HOLE CARDS ***
UnderC@t: raises $1.50 to $2.50
Chiarelli99: raises $5 to $7.50
DJNezz: folds 
app1e_j@ck: folds 
tidler1985: folds 
tintin641: folds 
UnderC@t: calls $5
*** FLOP *** [2s 5d 7d]
UnderC@t: bets $4.70
Chiarelli99: folds 
Uncalled bet ($4.70) returned to UnderC@t
UnderC@t collected $15.68 from pot
UnderC@t: doesn't show hand 
*** SUMMARY ***
Total pot $16.50 | Rake $0.82 
Board [2s 5d 7d]
Seat 1: tidler1985 (small blind) folded before Flop
Seat 2: tintin641 (big blind) folded before Flop
Seat 3: UnderC@t collected ($15.68)
Seat 4: Chiarelli99 folded on the Flop
Seat 5: DJNezz folded before Flop (didn't bet)
Seat 6: app1e_j@ck (button) folded before Flop (didn't bet)



PokerStars Hand #254624493615:  Hold'em No Limit ($0.50/$1.00 USD) - 2025/01/30 18:18:52 WET [2025/01/30 13:18:52 ET]
Table 'Kasan' 6-max Seat #1 is the button
Seat 1: tidler1985 ($109.51 in chips) 
Seat 2: tintin641 ($100.50 in chips) 
Seat 3: UnderC@t ($108.18 in chips) 
Seat 4: Chiarelli99 ($133.11 in chips) 
Seat 5: DJNezz ($101 in chips) 
Seat 6: app1e_j@ck ($227.30 in chips) 
tintin641: posts small blind $0.50
UnderC@t: posts big blind $1
*** HOLE CARDS ***
Chiarelli99: folds 
DJNezz: folds 
app1e_j@ck: raises $1.50 to $2.50
tidler1985: folds 
tintin641: folds 
UnderC@t: folds 
Uncalled bet ($1.50) returned to app1e_j@ck
app1e_j@ck collected $2.50 from pot
app1e_j@ck: doesn't show hand 
*** SUMMARY ***
Total pot $2.50 | Rake $0 
Seat 1: tidler1985 (button) folded before Flop (didn't bet)
Seat 2: tintin641 (small blind) folded before Flop
Seat 3: UnderC@t (big blind) folded before Flop
Seat 4: Chiarelli99 folded before Flop (didn't bet)
Seat 5: DJNezz folded before Flop (didn't bet)
Seat 6: app1e_j@ck collected ($2.50)



PokerStars Hand #254624499796:  Hold'em No Limit ($0.50/$1.00 USD) - 2025/01/30 18:19:15 WET [2025/01/30 13:19:15 ET]
Table 'Kasan' 6-max Seat #2 is the button
Seat 1: tidler1985 ($109.51 in chips) 
Seat 2: tintin641 ($100 in chips) 
Seat 3: UnderC@t ($107.18 in chips) 
Seat 4: Chiarelli99 ($133.11 in chips) 
Seat 5: DJNezz ($101 in chips) 
Seat 6: app1e_j@ck ($228.80 in chips) 
UnderC@t: posts small blind $0.50
Chiarelli99: posts big blind $1
*** HOLE CARDS ***
DJNezz: folds 
app1e_j@ck: raises $1.50 to $2.50
tidler1985: calls $2.50
tintin641: folds 
UnderC@t: folds 
Chiarelli99: calls $1.50
*** FLOP *** [9c 5c 5d]
Chiarelli99: checks 
app1e_j@ck: checks 
tidler1985: checks 
*** TURN *** [9c 5c 5d] [4h]
Chiarelli99: bets $2.51
app1e_j@ck: folds 
tidler1985: calls $2.51
*** RIVER *** [9c 5c 5d 4h] [5s]
Chiarelli99: checks 
tidler1985: checks 
*** SHOW DOWN ***
Chiarelli99: shows [9s 9d] (a full house, Nines full of Fives)
tidler1985: mucks hand 
Chiarelli99 collected $12.37 from pot
*** SUMMARY ***
Total pot $13.02 | Rake $0.65 
Board [9c 5c 5d 4h 5s]
Seat 1: tidler1985 mucked
Seat 2: tintin641 (button) folded before Flop (didn't bet)
Seat 3: UnderC@t (small blind) folded before Flop
Seat 4: Chiarelli99 (big blind) showed [9s 9d] and won ($12.37) with a full house, Nines full of Fives
Seat 5: DJNezz folded before Flop (didn't bet)
Seat 6: app1e_j@ck folded on the Turn



PokerStars Hand #254624508916:  Hold'em No Limit ($0.50/$1.00 USD) - 2025/01/30 18:19:50 WET [2025/01/30 13:19:50 ET]
Table 'Kasan' 6-max Seat #3 is the button
Seat 1: tidler1985 ($104.50 in chips) 
Seat 2: tintin641 ($100 in chips) 
Seat 3: UnderC@t ($106.68 in chips) 
Seat 4: Chiarelli99 ($140.47 in chips) 
Seat 5: DJNezz ($101 in chips) 
Seat 6: app1e_j@ck ($226.30 in chips) 
Chiarelli99: posts small blind $0.50
DJNezz: posts big blind $1
*** HOLE CARDS ***
app1e_j@ck: folds 
tidler1985: folds 
tintin641: folds 
UnderC@t: raises $1.50 to $2.50
Chiarelli99: folds 
DJNezz: folds 
Uncalled bet ($1.50) returned to UnderC@t
UnderC@t collected $2.50 from pot
UnderC@t: doesn't show hand 
*** SUMMARY ***
Total pot $2.50 | Rake $0 
Seat 1: tidler1985 folded before Flop (didn't bet)
Seat 2: tintin641 folded before Flop (didn't bet)
Seat 3: UnderC@t (button) collected ($2.50)
Seat 4: Chiarelli99 (small blind) folded before Flop
Seat 5: DJNezz (big blind) folded before Flop
Seat 6: app1e_j@ck folded before Flop (didn't bet)



PokerStars Hand #254624514607:  Hold'em No Limit ($0.50/$1.00 USD) - 2025/01/30 18:20:11 WET [2025/01/30 13:20:11 ET]
Table 'Kasan' 6-max Seat #4 is the button
Seat 1: tidler1985 ($104.50 in chips) 
Seat 2: tintin641 ($100 in chips) 
Seat 3: UnderC@t ($108.18 in chips) 
Seat 4: Chiarelli99 ($139.97 in chips) 
Seat 5: DJNezz ($100 in chips) 
Seat 6: app1e_j@ck ($226.30 in chips) 
DJNezz: posts small blind $0.50
app1e_j@ck: posts big blind $1
*** HOLE CARDS ***
tidler1985: calls $1
tintin641: folds 
UnderC@t: folds 
Chiarelli99: folds 
DJNezz: folds 
app1e_j@ck: checks 
*** FLOP *** [Ts Jh 2h]
app1e_j@ck: checks 
tidler1985: checks 
*** TURN *** [Ts Jh 2h] [Qd]
app1e_j@ck: bets $1.79
tidler1985: folds 
Uncalled bet ($1.79) returned to app1e_j@ck
app1e_j@ck collected $2.38 from pot
app1e_j@ck: doesn't show hand 
*** SUMMARY ***
Total pot $2.50 | Rake $0.12 
Board [Ts Jh 2h Qd]
Seat 1: tidler1985 folded on the Turn
Seat 2: tintin641 folded before Flop (didn't bet)
Seat 3: UnderC@t folded before Flop (didn't bet)
Seat 4: Chiarelli99 (button) folded before Flop (didn't bet)
Seat 5: DJNezz (small blind) folded before Flop
Seat 6: app1e_j@ck (big blind) collected ($2.38)



PokerStars Hand #254624524826:  Hold'em No Limit ($0.50/$1.00 USD) - 2025/01/30 18:20:49 WET [2025/01/30 13:20:49 ET]
Table 'Kasan' 6-max Seat #5 is the button
Seat 1: tidler1985 ($103.50 in chips) 
Seat 2: tintin641 ($100 in chips) 
Seat 3: UnderC@t ($108.18 in chips) 
Seat 4: Chiarelli99 ($139.97 in chips) 
Seat 5: DJNezz ($100 in chips) 
Seat 6: app1e_j@ck ($227.68 in chips) 
app1e_j@ck: posts small blind $0.50
tidler1985: posts big blind $1
*** HOLE CARDS ***
tintin641: folds 
UnderC@t: folds 
Chiarelli99: folds 
DJNezz: raises $1.20 to $2.20
app1e_j@ck: folds 
tidler1985: calls $1.20
*** FLOP *** [4h 8h Qc]
tidler1985: checks 
DJNezz: checks 
*** TURN *** [4h 8h Qc] [9s]
tidler1985: checks 
DJNezz: checks 
*** RIVER *** [4h 8h Qc 9s] [4c]
tidler1985: bets $2.33
DJNezz: calls $2.33
*** SHOW DOWN ***
tidler1985: shows [2c Ac] (a pair of Fours)
DJNezz: shows [Ks 8s] (two pair, Eights and Fours)
DJNezz collected $9.08 from pot
*** SUMMARY ***
Total pot $9.56 | Rake $0.48 
Board [4h 8h Qc 9s 4c]
Seat 1: tidler1985 (big blind) showed [2c Ac] and lost with a pair of Fours
Seat 2: tintin641 folded before Flop (didn't bet)
Seat 3: UnderC@t folded before Flop (didn't bet)
Seat 4: Chiarelli99 folded before Flop (didn't bet)
Seat 5: DJNezz (button) showed [Ks 8s] and won ($9.08) with two pair, Eights and Fours
Seat 6: app1e_j@ck (small blind) folded before Flop



PokerStars Hand #254624538583:  Hold'em No Limit ($0.50/$1.00 USD) - 2025/01/30 18:21:41 WET [2025/01/30 13:21:41 ET]
Table 'Kasan' 6-max Seat #6 is the button
Seat 2: tintin641 ($100 in chips) is sitting out
Seat 1: tidler1985 ($98.97 in chips) 
Seat 3: UnderC@t ($108.18 in chips) 
Seat 4: Chiarelli99 ($139.97 in chips) 
Seat 5: DJNezz ($104.55 in chips) 
Seat 6: app1e_j@ck ($227.18 in chips) 
tidler1985: posts small blind $0.50
tintin641: is sitting out 
UnderC@t: posts big blind $1
*** HOLE CARDS ***
Chiarelli99: folds 
DJNezz: folds 
tintin641 leaves the table
app1e_j@ck: raises $1.50 to $2.50
tidler1985: calls $2
An1an1 joins the table at seat #2 
UnderC@t: folds 
*** FLOP *** [2h 3c 9c]
tidler1985: bets $1
app1e_j@ck: calls $1
*** TURN *** [2h 3c 9c] [Js]
tidler1985: bets $3.80
app1e_j@ck: raises $7.80 to $11.60
tidler1985: calls $7.80
*** RIVER *** [2h 3c 9c Js] [6s]
tidler1985: checks 
app1e_j@ck: bets $9.78
tidler1985: calls $9.78
*** SHOW DOWN ***
app1e_j@ck: shows [Jd Qd] (a pair of Jacks)
tidler1985: mucks hand 
app1e_j@ck collected $48.26 from pot
*** SUMMARY ***
Total pot $50.76 | Rake $2.50 
Board [2h 3c 9c Js 6s]
Seat 2: tintin641
Seat 1: tidler1985 (small blind) mucked
Seat 3: UnderC@t (big blind) folded before Flop
Seat 4: Chiarelli99 folded before Flop (didn't bet)
Seat 5: DJNezz folded before Flop (didn't bet)
Seat 6: app1e_j@ck (button) showed [Jd Qd] and won ($48.26) with a pair of Jacks



PokerStars Hand #254624551410:  Hold'em No Limit ($0.50/$1.00 USD) - 2025/01/30 18:22:29 WET [2025/01/30 13:22:29 ET]
Table 'Kasan' 6-max Seat #1 is the button
Seat 2: An1an1 ($100 in chips) is sitting out
Seat 1: tidler1985 ($74.09 in chips) 
Seat 3: UnderC@t ($107.18 in chips) 
Seat 4: Chiarelli99 ($139.97 in chips) 
Seat 5: DJNezz ($104.55 in chips) 
Seat 6: app1e_j@ck ($250.56 in chips) 
UnderC@t: posts small blind $0.50
Chiarelli99: posts big blind $1
*** HOLE CARDS ***
DJNezz: folds 
app1e_j@ck: folds 
tidler1985: folds 
UnderC@t: folds 
Uncalled bet ($0.50) returned to Chiarelli99
Chiarelli99 collected $1 from pot
Chiarelli99: doesn't show hand 
*** SUMMARY ***
Total pot $1 | Rake $0 
Seat 2: An1an1
Seat 1: tidler1985 (button) folded before Flop (didn't bet)
Seat 3: UnderC@t (small blind) folded before Flop
Seat 4: Chiarelli99 (big blind) collected ($1)
Seat 5: DJNezz folded before Flop (didn't bet)
Seat 6: app1e_j@ck folded before Flop (didn't bet)



PokerStars Hand #254624554517:  Hold'em No Limit ($0.50/$1.00 USD) - 2025/01/30 18:22:40 WET [2025/01/30 13:22:40 ET]
Table 'Kasan' 6-max Seat #3 is the button
Seat 2: An1an1 ($100 in chips) is sitting out
Seat 1: tidler1985 ($74.09 in chips) 
Seat 3: UnderC@t ($106.68 in chips) 
Seat 4: Chiarelli99 ($140.47 in chips) 
Seat 5: DJNezz ($104.55 in chips) 
Seat 6: app1e_j@ck ($250.56 in chips) 
Chiarelli99: posts small blind $0.50
DJNezz: posts big blind $1
An1an1: sits out 
*** HOLE CARDS ***
app1e_j@ck: folds 
tidler1985: raises $2.50 to $3.50
UnderC@t: calls $3.50
Chiarelli99: folds 
DJNezz: folds 
*** FLOP *** [As Ac Tc]
tidler1985: checks 
UnderC@t: checks 
*** TURN *** [As Ac Tc] [4c]
tidler1985: bets $8.08
UnderC@t: folds 
Uncalled bet ($8.08) returned to tidler1985
tidler1985 collected $8.08 from pot
tidler1985: doesn't show hand 
*** SUMMARY ***
Total pot $8.50 | Rake $0.42 
Board [As Ac Tc 4c]
Seat 2: An1an1
Seat 1: tidler1985 collected ($8.08)
Seat 3: UnderC@t (button) folded on the Turn
Seat 4: Chiarelli99 (small blind) folded before Flop
Seat 5: DJNezz (big blind) folded before Flop
Seat 6: app1e_j@ck folded before Flop (didn't bet)



PokerStars Hand #254624562766:  Hold'em No Limit ($0.50/$1.00 USD) - 2025/01/30 18:23:11 WET [2025/01/30 13:23:11 ET]
Table 'Kasan' 6-max Seat #4 is the button
Seat 2: An1an1 ($100 in chips) is sitting out
Seat 1: tidler1985 ($78.67 in chips) 
Seat 3: UnderC@t ($103.18 in chips) 
Seat 4: Chiarelli99 ($139.97 in chips) 
Seat 5: DJNezz ($103.55 in chips) 
Seat 6: app1e_j@ck ($250.56 in chips) 
DJNezz: posts small blind $0.50
app1e_j@ck: posts big blind $1
An1an1: sits out 
*** HOLE CARDS ***
tidler1985: folds 
UnderC@t: folds 
Chiarelli99: folds 
DJNezz: raises $2 to $3
app1e_j@ck: folds 
Uncalled bet ($2) returned to DJNezz
DJNezz collected $2 from pot
*** SUMMARY ***
Total pot $2 | Rake $0 
Seat 2: An1an1
Seat 1: tidler1985 folded before Flop (didn't bet)
Seat 3: UnderC@t folded before Flop (didn't bet)
Seat 4: Chiarelli99 (button) folded before Flop (didn't bet)
Seat 5: DJNezz (small blind) collected ($2)
Seat 6: app1e_j@ck (big blind) folded before Flop



PokerStars Hand #254625183939:  Hold'em No Limit ($0.50/$1.00 USD) - 2025/01/30 18:30:42 WET [2025/01/30 13:30:42 ET]
Table 'Kasan' 6-max Seat #4 is the button
Seat 1: tidler1985 ($115.05 in chips) is sitting out
Seat 5: DJNezz ($104.55 in chips) is sitting out
Seat 2: An1an1 ($100 in chips) 
Seat 3: UnderC@t ($100 in chips) 
Seat 4: Chiarelli99 ($121.22 in chips) 
Seat 6: app1e_j@ck ($239.06 in chips) 
app1e_j@ck: posts small blind $0.50
An1an1: posts big blind $1
*** HOLE CARDS ***
UnderC@t: raises $1.50 to $2.50
Chiarelli99: folds 
app1e_j@ck: folds 
An1an1: folds 
Uncalled bet ($1.50) returned to UnderC@t
UnderC@t collected $2.50 from pot
UnderC@t: doesn't show hand 
*** SUMMARY ***
Total pot $2.50 | Rake $0 
Seat 1: tidler1985
Seat 5: DJNezz
Seat 2: An1an1 (big blind) folded before Flop
Seat 3: UnderC@t collected ($2.50)
Seat 4: Chiarelli99 (button) folded before Flop (didn't bet)
Seat 6: app1e_j@ck (small blind) folded before Flop



PokerStars Hand #254625189568:  Hold'em No Limit ($0.50/$1.00 USD) - 2025/01/30 18:31:03 WET [2025/01/30 13:31:03 ET]
Table 'Kasan' 6-max Seat #6 is the button
Seat 1: tidler1985 ($115.05 in chips) is sitting out
Seat 5: DJNezz ($104.55 in chips) is sitting out
Seat 2: An1an1 ($100 in chips) 
Seat 3: UnderC@t ($101.50 in chips) 
Seat 4: Chiarelli99 ($121.22 in chips) 
Seat 6: app1e_j@ck ($238.56 in chips) 
An1an1: posts small blind $0.50
UnderC@t: posts big blind $1
*** HOLE CARDS ***
Chiarelli99: folds 
app1e_j@ck: folds 
An1an1: folds 
Uncalled bet ($0.50) returned to UnderC@t
UnderC@t collected $1 from pot
UnderC@t: doesn't show hand 
*** SUMMARY ***
Total pot $1 | Rake $0 
Seat 1: tidler1985
Seat 5: DJNezz
Seat 2: An1an1 (small blind) folded before Flop
Seat 3: UnderC@t (big blind) collected ($1)
Seat 4: Chiarelli99 folded before Flop (didn't bet)
Seat 6: app1e_j@ck (button) folded before Flop (didn't bet)



