PokerStars Hand #254631429797:  Hold'em No Limit ($0.50/$1.00 USD) - 2025/01/30 1:15:09 WET [2025/01/30 20:15:09 ET]
Table 'Sculptor' 6-max Seat #4 is the button
Seat 1: equilibrium_tv ($10 in chips) 
Seat 2: Nicedaymybro ($100 in chips) 
Seat 4: Manifestorr ($101.50 in chips) 
equilibrium_tv: posts small blind $0.50
Nicedaymybro: posts big blind $1
*** HOLE CARDS ***
Manifestorr: raises $1.20 to $2.20
equilibrium_tv: folds 
Nicedaymybro: folds 
Uncalled bet ($1.20) returned to Manifestorr
Manifestorr collected $2.50 from pot
*** SUMMARY ***
Total pot $2.50 | Rake $0 
Seat 1: equilibrium_tv (small blind) folded before Flop
Seat 2: Nicedaymybro (big blind) folded before Flop
Seat 4: Manifestorr (button) collected ($2.50)



PokerStars Hand #254631432421:  Hold'em No Limit ($0.50/$1.00 USD) - 2025/01/30 1:15:24 WET [2025/01/30 20:15:24 ET]
Table 'Sculptor' 6-max Seat #1 is the button
Seat 1: equilibrium_tv ($9.50 in chips) 
Seat 2: Nicedaymybro ($100 in chips) 
Seat 4: Manifestorr ($103 in chips) 
Nicedaymybro: posts small blind $0.50
Manifestorr: posts big blind $1
*** HOLE CARDS ***
equilibrium_tv: raises $8.50 to $9.50 and is all-in
Nicedaymybro: calls $9
Manifestorr: folds 
*** FIRST FLOP *** [Ad Ac 3d]
*** FIRST TURN *** [Ad Ac 3d] [9h]
*** FIRST RIVER *** [Ad Ac 3d 9h] [3c]
*** SECOND FLOP *** [Qh 7c 5h]
*** SECOND TURN *** [Qh 7c 5h] [Qc]
*** SECOND RIVER *** [Qh 7c 5h Qc] [7d]
*** FIRST SHOW DOWN ***
Nicedaymybro: shows [Ts Tc] (two pair, Aces and Tens)
equilibrium_tv: shows [Js Td] (two pair, Aces and Threes)
Nicedaymybro collected $9.50 from pot
*** SECOND SHOW DOWN ***
Nicedaymybro: shows [Ts Tc] (two pair, Queens and Tens)
equilibrium_tv: shows [Js Td] (two pair, Queens and Sevens)
Nicedaymybro collected $9.50 from pot
*** SUMMARY ***
Total pot $20 | Rake $1 
Hand was run twice
FIRST Board [Ad Ac 3d 9h 3c]
SECOND Board [Qh 7c 5h Qc 7d]
Seat 1: equilibrium_tv (button) showed [Js Td] and lost with two pair, Aces and Threes, and lost with two pair, Queens and Sevens
Seat 2: Nicedaymybro (small blind) showed [Ts Tc] and won ($9.50) with two pair, Aces and Tens, and won ($9.50) with two pair, Queens and Tens
Seat 4: Manifestorr (big blind) folded before Flop



PokerStars Hand #254631439476:  Hold'em No Limit ($0.50/$1.00 USD) - 2025/01/30 1:16:04 WET [2025/01/30 20:16:04 ET]
Table 'Sculptor' 6-max Seat #4 is the button
Seat 1: equilibrium_tv ($10 in chips) is sitting out
Seat 2: Nicedaymybro ($109.50 in chips) 
Seat 4: Manifestorr ($102 in chips) 
Manifestorr: posts small blind $0.50
Nicedaymybro: posts big blind $1
*** HOLE CARDS ***
equilibrium_tv leaves the table
Manifestorr: folds 
Uncalled bet ($0.50) returned to Nicedaymybro
Nicedaymybro collected $1 from pot
Nicedaymybro: doesn't show hand 
*** SUMMARY ***
Total pot $1 | Rake $0 
Seat 1: equilibrium_tv
Seat 2: Nicedaymybro (big blind) collected ($1)
Seat 4: Manifestorr (button) (small blind) folded before Flop



PokerStars Hand #254631441248:  Hold'em No Limit ($0.50/$1.00 USD) - 2025/01/30 1:16:14 WET [2025/01/30 20:16:14 ET]
Table 'Sculptor' 6-max Seat #2 is the button
Seat 2: Nicedaymybro ($110 in chips) 
Seat 4: Manifestorr ($101.50 in chips) 
Nicedaymybro: posts small blind $0.50
Manifestorr: posts big blind $1
*** HOLE CARDS ***
Nicedaymybro: raises $1.50 to $2.50
Manifestorr: folds 
Uncalled bet ($1.50) returned to Nicedaymybro
Nicedaymybro collected $2 from pot
Nicedaymybro: doesn't show hand 
*** SUMMARY ***
Total pot $2 | Rake $0 
Seat 2: Nicedaymybro (button) (small blind) collected ($2)
Seat 4: Manifestorr (big blind) folded before Flop



PokerStars Hand #254631495702:  Hold'em No Limit ($0.50/$1.00 USD) - 2025/01/30 1:21:23 WET [2025/01/30 20:21:23 ET]
Table 'Sculptor' 6-max Seat #3 is the button
Seat 1: equilibrium_tv ($10 in chips) 
Seat 2: steelNike ($10 in chips) 
Seat 3: Dr. Fvinagre ($12 in chips) 
Seat 4: Manifestorr ($100.50 in chips) 
Seat 5: Felix9Kreuz ($50.01 in chips) 
Seat 6: An1an1 ($100 in chips) 
Manifestorr: posts small blind $0.50
Felix9Kreuz: posts big blind $1
*** HOLE CARDS ***
An1an1: folds 
equilibrium_tv: folds 
steelNike: folds 
Dr. Fvinagre: folds 
Manifestorr: raises $2 to $3
Felix9Kreuz: folds 
Uncalled bet ($2) returned to Manifestorr
Manifestorr collected $2 from pot
*** SUMMARY ***
Total pot $2 | Rake $0 
Seat 1: equilibrium_tv folded before Flop (didn't bet)
Seat 2: steelNike folded before Flop (didn't bet)
Seat 3: Dr. Fvinagre (button) folded before Flop (didn't bet)
Seat 4: Manifestorr (small blind) collected ($2)
Seat 5: Felix9Kreuz (big blind) folded before Flop
Seat 6: An1an1 folded before Flop (didn't bet)



PokerStars Hand #254631502192:  Hold'em No Limit ($0.50/$1.00 USD) - 2025/01/30 1:22:00 WET [2025/01/30 20:22:00 ET]
Table 'Sculptor' 6-max Seat #4 is the button
Seat 1: equilibrium_tv ($10 in chips) 
Seat 2: steelNike ($10 in chips) 
Seat 3: Dr. Fvinagre ($12 in chips) 
Seat 4: Manifestorr ($101.50 in chips) 
Seat 5: Felix9Kreuz ($49.01 in chips) 
Seat 6: An1an1 ($100 in chips) 
Felix9Kreuz: posts small blind $0.50
An1an1: posts big blind $1
*** HOLE CARDS ***
equilibrium_tv: folds 
steelNike: raises $1 to $2
Dr. Fvinagre: folds 
Manifestorr: folds 
Felix9Kreuz: raises $5 to $7
An1an1: folds 
steelNike: raises $3 to $10 and is all-in
Felix9Kreuz: calls $3
*** FLOP *** [9s 9d 9c]
*** TURN *** [9s 9d 9c] [4h]
*** RIVER *** [9s 9d 9c 4h] [2d]
*** SHOW DOWN ***
Felix9Kreuz: shows [7h 7c] (a full house, Nines full of Sevens)
steelNike: shows [Ks Kc] (a full house, Nines full of Kings)
steelNike collected $19.95 from pot
*** SUMMARY ***
Total pot $21 | Rake $1.05 
Board [9s 9d 9c 4h 2d]
Seat 1: equilibrium_tv folded before Flop (didn't bet)
Seat 2: steelNike showed [Ks Kc] and won ($19.95) with a full house, Nines full of Kings
Seat 3: Dr. Fvinagre folded before Flop (didn't bet)
Seat 4: Manifestorr (button) folded before Flop (didn't bet)
Seat 5: Felix9Kreuz (small blind) showed [7h 7c] and lost with a full house, Nines full of Sevens
Seat 6: An1an1 (big blind) folded before Flop



PokerStars Hand #254631508905:  Hold'em No Limit ($0.50/$1.00 USD) - 2025/01/30 1:22:38 WET [2025/01/30 20:22:38 ET]
Table 'Sculptor' 6-max Seat #5 is the button
Seat 1: equilibrium_tv ($10 in chips) 
Seat 2: steelNike ($19.95 in chips) 
Seat 3: Dr. Fvinagre ($12 in chips) 
Seat 4: Manifestorr ($101.50 in chips) 
Seat 5: Felix9Kreuz ($39.01 in chips) 
Seat 6: An1an1 ($100 in chips) 
An1an1: posts small blind $0.50
equilibrium_tv: posts big blind $1
*** HOLE CARDS ***
steelNike: raises $1 to $2
Dr. Fvinagre: folds 
Manifestorr: folds 
Felix9Kreuz: calls $2
An1an1: calls $1.50
equilibrium_tv: folds 
*** FLOP *** [4d 6d 9d]
An1an1: checks 
steelNike: checks 
Felix9Kreuz: checks 
*** TURN *** [4d 6d 9d] [5d]
An1an1: checks 
steelNike: checks 
Felix9Kreuz: checks 
*** RIVER *** [4d 6d 9d 5d] [6h]
An1an1: checks 
steelNike: checks 
Felix9Kreuz: checks 
*** SHOW DOWN ***
An1an1: shows [8c 8h] (two pair, Eights and Sixes)
steelNike: mucks hand 
Felix9Kreuz: mucks hand 
An1an1 collected $6.65 from pot
*** SUMMARY ***
Total pot $7 | Rake $0.35 
Board [4d 6d 9d 5d 6h]
Seat 1: equilibrium_tv (big blind) folded before Flop
Seat 2: steelNike mucked
Seat 3: Dr. Fvinagre folded before Flop (didn't bet)
Seat 4: Manifestorr folded before Flop (didn't bet)
Seat 5: Felix9Kreuz (button) mucked
Seat 6: An1an1 (small blind) showed [8c 8h] and won ($6.65) with two pair, Eights and Sixes



PokerStars Hand #254631519386:  Hold'em No Limit ($0.50/$1.00 USD) - 2025/01/30 1:23:40 WET [2025/01/30 20:23:40 ET]
Table 'Sculptor' 6-max Seat #6 is the button
Seat 1: equilibrium_tv ($41 in chips) 
Seat 2: steelNike ($17.95 in chips) 
Seat 3: Dr. Fvinagre ($12 in chips) 
Seat 4: Manifestorr ($101.50 in chips) 
Seat 5: Felix9Kreuz ($37.01 in chips) 
Seat 6: An1an1 ($104.65 in chips) 
equilibrium_tv: posts small blind $0.50
steelNike: posts big blind $1
*** HOLE CARDS ***
Dr. Fvinagre: folds 
Manifestorr: raises $1.20 to $2.20
Felix9Kreuz: calls $2.20
An1an1: folds 
equilibrium_tv: folds 
steelNike: folds 
*** FLOP *** [7s 6c Ad]
Manifestorr: checks 
Felix9Kreuz: bets $5.60
Manifestorr: folds 
Uncalled bet ($5.60) returned to Felix9Kreuz
Felix9Kreuz collected $5.60 from pot
*** SUMMARY ***
Total pot $5.90 | Rake $0.30 
Board [7s 6c Ad]
Seat 1: equilibrium_tv (small blind) folded before Flop
Seat 2: steelNike (big blind) folded before Flop
Seat 3: Dr. Fvinagre folded before Flop (didn't bet)
Seat 4: Manifestorr folded on the Flop
Seat 5: Felix9Kreuz collected ($5.60)
Seat 6: An1an1 (button) folded before Flop (didn't bet)



PokerStars Hand #254631528327:  Hold'em No Limit ($0.50/$1.00 USD) - 2025/01/30 1:24:36 WET [2025/01/30 20:24:36 ET]
Table 'Sculptor' 6-max Seat #1 is the button
Seat 1: equilibrium_tv ($40.50 in chips) 
Seat 2: steelNike ($16.95 in chips) 
Seat 3: Dr. Fvinagre ($12 in chips) 
Seat 4: Manifestorr ($100 in chips) 
Seat 5: Felix9Kreuz ($40.41 in chips) 
Seat 6: An1an1 ($104.65 in chips) 
steelNike: posts small blind $0.50
Dr. Fvinagre: posts big blind $1
*** HOLE CARDS ***
Manifestorr: raises $1.20 to $2.20
Felix9Kreuz: calls $2.20
An1an1: folds 
equilibrium_tv: folds 
steelNike: folds 
Dr. Fvinagre: calls $1.20
*** FLOP *** [9d 6h 9c]
Dr. Fvinagre: checks 
Manifestorr: checks 
Felix9Kreuz: checks 
*** TURN *** [9d 6h 9c] [7c]
Dr. Fvinagre: bets $3.37
Manifestorr: folds 
Felix9Kreuz: folds 
Uncalled bet ($3.37) returned to Dr. Fvinagre
Dr. Fvinagre collected $6.74 from pot
*** SUMMARY ***
Total pot $7.10 | Rake $0.36 
Board [9d 6h 9c 7c]
Seat 1: equilibrium_tv (button) folded before Flop (didn't bet)
Seat 2: steelNike (small blind) folded before Flop
Seat 3: Dr. Fvinagre (big blind) collected ($6.74)
Seat 4: Manifestorr folded on the Turn
Seat 5: Felix9Kreuz folded on the Turn
Seat 6: An1an1 folded before Flop (didn't bet)



PokerStars Hand #254631538507:  Hold'em No Limit ($0.50/$1.00 USD) - 2025/01/30 1:25:35 WET [2025/01/30 20:25:35 ET]
Table 'Sculptor' 6-max Seat #2 is the button
Seat 1: equilibrium_tv ($40.50 in chips) 
Seat 2: steelNike ($16.45 in chips) 
Seat 3: Dr. Fvinagre ($16.54 in chips) 
Seat 4: Manifestorr ($100 in chips) 
Seat 5: Felix9Kreuz ($38.21 in chips) 
Seat 6: An1an1 ($104.65 in chips) 
Dr. Fvinagre: posts small blind $0.50
Manifestorr: posts big blind $1
*** HOLE CARDS ***
Felix9Kreuz: folds 
An1an1: folds 
equilibrium_tv: folds 
steelNike: folds 
Dr. Fvinagre: raises $15.54 to $16.54 and is all-in
Manifestorr: folds 
Uncalled bet ($15.54) returned to Dr. Fvinagre
Dr. Fvinagre collected $2 from pot
*** SUMMARY ***
Total pot $2 | Rake $0 
Seat 1: equilibrium_tv folded before Flop (didn't bet)
Seat 2: steelNike (button) folded before Flop (didn't bet)
Seat 3: Dr. Fvinagre (small blind) collected ($2)
Seat 4: Manifestorr (big blind) folded before Flop
Seat 5: Felix9Kreuz folded before Flop (didn't bet)
Seat 6: An1an1 folded before Flop (didn't bet)



PokerStars Hand #254631541533:  Hold'em No Limit ($0.50/$1.00 USD) - 2025/01/30 1:25:52 WET [2025/01/30 20:25:52 ET]
Table 'Sculptor' 6-max Seat #3 is the button
Seat 2: steelNike ($16.45 in chips) is sitting out
Seat 1: equilibrium_tv ($40.50 in chips) 
Seat 3: Dr. Fvinagre ($17.54 in chips) 
Seat 4: Manifestorr ($100 in chips) 
Seat 5: Felix9Kreuz ($38.21 in chips) 
Seat 6: An1an1 ($104.65 in chips) 
Manifestorr: posts small blind $0.50
Felix9Kreuz: posts big blind $1
*** HOLE CARDS ***
An1an1: folds 
equilibrium_tv: folds 
Dr. Fvinagre: folds 
steelNike leaves the table
skars07 joins the table at seat #2 
Manifestorr: folds 
Uncalled bet ($0.50) returned to Felix9Kreuz
Felix9Kreuz collected $1 from pot
*** SUMMARY ***
Total pot $1 | Rake $0 
Seat 2: steelNike
Seat 1: equilibrium_tv folded before Flop (didn't bet)
Seat 3: Dr. Fvinagre (button) folded before Flop (didn't bet)
Seat 4: Manifestorr (small blind) folded before Flop
Seat 5: Felix9Kreuz (big blind) collected ($1)
Seat 6: An1an1 folded before Flop (didn't bet)



PokerStars Hand #254631545559:  Hold'em No Limit ($0.50/$1.00 USD) - 2025/01/30 1:26:14 WET [2025/01/30 20:26:14 ET]
Table 'Sculptor' 6-max Seat #4 is the button
Seat 2: skars07 ($100 in chips) is sitting out
Seat 1: equilibrium_tv ($40.50 in chips) 
Seat 3: Dr. Fvinagre ($17.54 in chips) 
Seat 4: Manifestorr ($100 in chips) 
Seat 5: Felix9Kreuz ($38.71 in chips) 
Seat 6: An1an1 ($104.65 in chips) 
Felix9Kreuz: posts small blind $0.50
An1an1: posts big blind $1
skars07: sits out 
*** HOLE CARDS ***
equilibrium_tv: folds 
Dr. Fvinagre: folds 
Manifestorr: folds 
Felix9Kreuz: raises $1 to $2
An1an1: calls $1
*** FLOP *** [4s 6s 8s]
Felix9Kreuz: bets $3.80
An1an1: calls $3.80
*** TURN *** [4s 6s 8s] [2c]
Felix9Kreuz: bets $11.02
An1an1: calls $11.02
*** RIVER *** [4s 6s 8s 2c] [2s]
Felix9Kreuz: bets $21.89 and is all-in
An1an1: folds 
Uncalled bet ($21.89) returned to Felix9Kreuz
Felix9Kreuz collected $31.96 from pot
*** SUMMARY ***
Total pot $33.64 | Rake $1.68 
Board [4s 6s 8s 2c 2s]
Seat 2: skars07
Seat 1: equilibrium_tv folded before Flop (didn't bet)
Seat 3: Dr. Fvinagre folded before Flop (didn't bet)
Seat 4: Manifestorr (button) folded before Flop (didn't bet)
Seat 5: Felix9Kreuz (small blind) collected ($31.96)
Seat 6: An1an1 (big blind) folded on the River



PokerStars Hand #254631554575:  Hold'em No Limit ($0.50/$1.00 USD) - 2025/01/30 1:27:05 WET [2025/01/30 20:27:05 ET]
Table 'Sculptor' 6-max Seat #5 is the button
Seat 1: equilibrium_tv ($40.50 in chips) is sitting out
Seat 2: skars07 ($100 in chips) 
Seat 3: Dr. Fvinagre ($17.54 in chips) 
Seat 4: Manifestorr ($100 in chips) 
Seat 5: Felix9Kreuz ($53.85 in chips) 
Seat 6: An1an1 ($100 in chips) 
An1an1: posts small blind $0.50
equilibrium_tv: is sitting out 
skars07: posts big blind $1
*** HOLE CARDS ***
Dr. Fvinagre: folds 
equilibrium_tv leaves the table
Manifestorr: folds 
Felix9Kreuz: calls $1
XneferX joins the table at seat #1 
An1an1: raises $4 to $5
skars07: folds 
Felix9Kreuz: calls $4
*** FLOP *** [Kh Qc Kc]
An1an1: bets $2.51
Felix9Kreuz: calls $2.51
*** TURN *** [Kh Qc Kc] [2d]
An1an1: checks 
Felix9Kreuz: bets $15.22
An1an1: calls $15.22
*** RIVER *** [Kh Qc Kc 2d] [Qs]
An1an1: checks 
Felix9Kreuz: bets $31.12 and is all-in
An1an1: calls $31.12
*** SHOW DOWN ***
Felix9Kreuz: shows [Jc 9d] (two pair, Kings and Queens)
An1an1: shows [Kd Qd] (a full house, Kings full of Queens)
An1an1 collected $106.20 from pot
*** SUMMARY ***
Total pot $108.70 | Rake $2.50 
Board [Kh Qc Kc 2d Qs]
Seat 1: equilibrium_tv
Seat 2: skars07 (big blind) folded before Flop
Seat 3: Dr. Fvinagre folded before Flop (didn't bet)
Seat 4: Manifestorr folded before Flop (didn't bet)
Seat 5: Felix9Kreuz (button) showed [Jc 9d] and lost with two pair, Kings and Queens
Seat 6: An1an1 (small blind) showed [Kd Qd] and won ($106.20) with a full house, Kings full of Queens



PokerStars Hand #254631566873:  Hold'em No Limit ($0.50/$1.00 USD) - 2025/01/30 1:28:15 WET [2025/01/30 20:28:15 ET]
Table 'Sculptor' 6-max Seat #6 is the button
Seat 1: XneferX ($100 in chips) is sitting out
Seat 5: Felix9Kreuz ($0 in chips) is sitting out
Seat 2: skars07 ($100 in chips) 
Seat 3: Dr. Fvinagre ($17.54 in chips) 
Seat 4: Manifestorr ($100 in chips) 
Seat 6: An1an1 ($152.35 in chips) 
skars07: posts small blind $0.50
Dr. Fvinagre: posts big blind $1
*** HOLE CARDS ***
Manifestorr: raises $1.20 to $2.20
An1an1: folds 
Felix9Kreuz leaves the table
skars07: raises $8.80 to $11
Dr. Fvinagre: folds 
Manifestorr: calls $8.80
*** FLOP *** [4h As 9h]
skars07: checks 
Manifestorr: checks 
*** TURN *** [4h As 9h] [9s]
skars07: checks 
Manifestorr: bets $11
skars07: calls $11
*** RIVER *** [4h As 9h 9s] [8c]
skars07: checks 
Manifestorr: checks 
*** SHOW DOWN ***
skars07: shows [Ks Kh] (two pair, Kings and Nines)
Manifestorr: mucks hand 
skars07 collected $44 from pot
*** SUMMARY ***
Total pot $45 | Rake $1 
Board [4h As 9h 9s 8c]
Seat 1: XneferX
Seat 5: Felix9Kreuz
Seat 2: skars07 (small blind) showed [Ks Kh] and won ($44) with two pair, Kings and Nines
Seat 3: Dr. Fvinagre (big blind) folded before Flop
Seat 4: Manifestorr mucked
Seat 6: An1an1 (button) folded before Flop (didn't bet)



PokerStars Hand #254631579919:  Hold'em No Limit ($0.50/$1.00 USD) - 2025/01/30 1:29:29 WET [2025/01/30 20:29:29 ET]
Table 'Sculptor' 6-max Seat #2 is the button
Seat 1: XneferX ($100 in chips) is sitting out
Seat 2: skars07 ($122 in chips) 
Seat 3: Dr. Fvinagre ($16.54 in chips) 
Seat 4: Manifestorr ($100 in chips) 
Seat 6: An1an1 ($152.35 in chips) 
Dr. Fvinagre: posts small blind $0.50
Manifestorr: posts big blind $1
XneferX: sits out 
*** HOLE CARDS ***
An1an1: folds 
An1an1 leaves the table
skars07: raises $1.50 to $2.50
Dr. Fvinagre: raises $14.04 to $16.54 and is all-in
Manifestorr: folds 
XneferX leaves the table
skars07: folds 
Uncalled bet ($14.04) returned to Dr. Fvinagre
Dr. Fvinagre collected $6 from pot
*** SUMMARY ***
Total pot $6 | Rake $0 
Seat 1: XneferX
Seat 2: skars07 (button) folded before Flop
Seat 3: Dr. Fvinagre (small blind) collected ($6)
Seat 4: Manifestorr (big blind) folded before Flop
Seat 6: An1an1 folded before Flop (didn't bet)



PokerStars Hand #254631586120:  Hold'em No Limit ($0.50/$1.00 USD) - 2025/01/30 1:30:03 WET [2025/01/30 20:30:03 ET]
Table 'Sculptor' 6-max Seat #4 is the button
Seat 2: skars07 ($119.50 in chips) is sitting out
Seat 3: Dr. Fvinagre ($20.04 in chips) 
Seat 4: Manifestorr ($100 in chips) 
Manifestorr: posts small blind $0.50
skars07: is sitting out 
Dr. Fvinagre: posts big blind $1
*** HOLE CARDS ***
Manifestorr: folds 
Uncalled bet ($0.50) returned to Dr. Fvinagre
Dr. Fvinagre collected $1 from pot
skars07 leaves the table
*** SUMMARY ***
Total pot $1 | Rake $0 
Seat 2: skars07
Seat 3: Dr. Fvinagre (big blind) collected ($1)
Seat 4: Manifestorr (button) (small blind) folded before Flop



PokerStars Hand #254631587545:  Hold'em No Limit ($0.50/$1.00 USD) - 2025/01/30 1:30:11 WET [2025/01/30 20:30:11 ET]
Table 'Sculptor' 6-max Seat #3 is the button
Seat 3: Dr. Fvinagre ($20.54 in chips) 
Seat 4: Manifestorr ($100 in chips) 
Dr. Fvinagre: posts small blind $0.50
Manifestorr: posts big blind $1
*** HOLE CARDS ***
Dr. Fvinagre: folds 
Uncalled bet ($0.50) returned to Manifestorr
Manifestorr collected $1 from pot
*** SUMMARY ***
Total pot $1 | Rake $0 
Seat 3: Dr. Fvinagre (button) (small blind) folded before Flop
Seat 4: Manifestorr (big blind) collected ($1)



PokerStars Hand #254631589007:  Hold'em No Limit ($0.50/$1.00 USD) - 2025/01/30 1:30:20 WET [2025/01/30 20:30:20 ET]
Table 'Sculptor' 6-max Seat #4 is the button
Seat 3: Dr. Fvinagre ($20.04 in chips) 
Seat 4: Manifestorr ($100.50 in chips) 
Manifestorr: posts small blind $0.50
Dr. Fvinagre: posts big blind $1
*** HOLE CARDS ***
Manifestorr: raises $1 to $2
Dr. Fvinagre: calls $1
*** FLOP *** [Qc 4s 6h]
Dr. Fvinagre: checks 
Manifestorr: bets $1.25
Dr. Fvinagre: calls $1.25
*** TURN *** [Qc 4s 6h] [5h]
Dr. Fvinagre: checks 
Manifestorr: checks 
*** RIVER *** [Qc 4s 6h 5h] [Th]
Dr. Fvinagre: bets $5.09
Manifestorr: calls $5.09
*** SHOW DOWN ***
Dr. Fvinagre: shows [4c 4d] (three of a kind, Fours)
Manifestorr: mucks hand 
Dr. Fvinagre collected $15.85 from pot
*** SUMMARY ***
Total pot $16.68 | Rake $0.83 
Board [Qc 4s 6h 5h Th]
Seat 3: Dr. Fvinagre (big blind) showed [4c 4d] and won ($15.85) with three of a kind, Fours
Seat 4: Manifestorr (button) (small blind) mucked



PokerStars Hand #254631597467:  Hold'em No Limit ($0.50/$1.00 USD) - 2025/01/30 1:31:08 WET [2025/01/30 20:31:08 ET]
Table 'Sculptor' 6-max Seat #3 is the button
Seat 3: Dr. Fvinagre ($27.55 in chips) 
Seat 4: Manifestorr ($100 in chips) 
Dr. Fvinagre: posts small blind $0.50
Manifestorr: posts big blind $1
*** HOLE CARDS ***
Dr. Fvinagre: folds 
Uncalled bet ($0.50) returned to Manifestorr
Manifestorr collected $1 from pot
*** SUMMARY ***
Total pot $1 | Rake $0 
Seat 3: Dr. Fvinagre (button) (small blind) folded before Flop
Seat 4: Manifestorr (big blind) collected ($1)



