PokerStars Hand #254627645162:  Hold'em No Limit ($0.50/$1.00 USD) - 2025/01/30 20:58:25 WET [2025/01/30 15:58:25 ET]
Table 'Primula' 6-max Seat #2 is the button
Seat 2: Manifestorr ($100 in chips) 
Seat 3: Nazareno1999 ($100 in chips) 
Seat 4: PistonBaroqe ($102.20 in chips) 
Nazareno1999: posts small blind $0.50
PistonBaroqe: posts big blind $1
*** HOLE CARDS ***
Manifestorr: raises $1.20 to $2.20
Nazareno1999: folds 
PistonBaroqe: folds 
Uncalled bet ($1.20) returned to Manifestorr
Manifestorr collected $2.50 from pot
*** SUMMARY ***
Total pot $2.50 | Rake $0 
Seat 2: Manifestorr (button) collected ($2.50)
Seat 3: Nazareno1999 (small blind) folded before Flop
Seat 4: PistonBaroqe (big blind) folded before Flop



PokerStars Hand #254627648308:  Hold'em No Limit ($0.50/$1.00 USD) - 2025/01/30 20:58:40 WET [2025/01/30 15:58:40 ET]
Table 'Primula' 6-max Seat #4 is the button
Seat 2: Manifestorr ($101.50 in chips) is sitting out
Seat 3: Nazareno1999 ($100 in chips) 
Seat 4: PistonBaroqe ($101.20 in chips) 
PistonBaroqe: posts small blind $0.50
Manifestorr: is sitting out 
Nazareno1999: posts big blind $1
*** HOLE CARDS ***
PistonBaroqe: folds 
Uncalled bet ($0.50) returned to Nazareno1999
kvcsszblcs joins the table at seat #5 
Nazareno1999 collected $1 from pot
Nazareno1999: doesn't show hand 
*** SUMMARY ***
Total pot $1 | Rake $0 
Seat 2: Manifestorr
Seat 3: Nazareno1999 (big blind) collected ($1)
Seat 4: PistonBaroqe (button) (small blind) folded before Flop



PokerStars Hand #254627649768:  Hold'em No Limit ($0.50/$1.00 USD) - 2025/01/30 20:58:47 WET [2025/01/30 15:58:47 ET]
Table 'Primula' 6-max Seat #3 is the button
Seat 3: Nazareno1999 ($100.50 in chips) 
Seat 4: PistonBaroqe ($100.70 in chips) 
Seat 5: kvcsszblcs ($100 in chips) 
Manifestorr leaves the table
PistonBaroqe: posts small blind $0.50
kvcsszblcs: posts big blind $1
*** HOLE CARDS ***
Nazareno1999: folds 
PistonBaroqe: folds 
Uncalled bet ($0.50) returned to kvcsszblcs
RothRothRoth joins the table at seat #6 
RothRothRoth is disconnected 
kvcsszblcs collected $1 from pot
kvcsszblcs: doesn't show hand 
*** SUMMARY ***
Total pot $1 | Rake $0 
Seat 3: Nazareno1999 (button) folded before Flop (didn't bet)
Seat 4: PistonBaroqe (small blind) folded before Flop
Seat 5: kvcsszblcs (big blind) collected ($1)



PokerStars Hand #254627652036:  Hold'em No Limit ($0.50/$1.00 USD) - 2025/01/30 20:58:58 WET [2025/01/30 15:58:58 ET]
Table 'Primula' 6-max Seat #4 is the button
Seat 3: Nazareno1999 ($100.50 in chips) 
Seat 4: PistonBaroqe ($100.20 in chips) 
Seat 5: kvcsszblcs ($100.50 in chips) 
Seat 6: RothRothRoth ($80 in chips) 
kvcsszblcs: posts small blind $0.50
RothRothRoth: posts big blind $1
*** HOLE CARDS ***
Nazareno1999: folds 
PistonBaroqe: raises $2.50 to $3.50
socito joins the table at seat #1 
kvcsszblcs: raises $9.50 to $13
RothRothRoth: folds 
peterfilia joins the table at seat #2 
PistonBaroqe: calls $9.50
*** FLOP *** [Kc 4c Kh]
RothRothRoth leaves the table
Y_19 joins the table at seat #6 
kvcsszblcs: bets $10.40
PistonBaroqe: folds 
Uncalled bet ($10.40) returned to kvcsszblcs
kvcsszblcs collected $26 from pot
kvcsszblcs: doesn't show hand 
*** SUMMARY ***
Total pot $27 | Rake $1 
Board [Kc 4c Kh]
Seat 3: Nazareno1999 folded before Flop (didn't bet)
Seat 4: PistonBaroqe (button) folded on the Flop
Seat 5: kvcsszblcs (small blind) collected ($26)
Seat 6: RothRothRoth (big blind) folded before Flop



PokerStars Hand #254627660672:  Hold'em No Limit ($0.50/$1.00 USD) - 2025/01/30 20:59:38 WET [2025/01/30 15:59:38 ET]
Table 'Primula' 6-max Seat #5 is the button
Seat 1: socito ($100 in chips) is sitting out
Seat 2: peterfilia ($42.55 in chips) is sitting out
Seat 6: Y_19 ($100 in chips) is sitting out
Seat 3: Nazareno1999 ($100.50 in chips) 
Seat 4: PistonBaroqe ($87.20 in chips) 
Seat 5: kvcsszblcs ($113.50 in chips) 
Nazareno1999: posts small blind $0.50
PistonBaroqe: posts big blind $1
*** HOLE CARDS ***
kvcsszblcs: raises $1.25 to $2.25
Nazareno1999: folds 
PistonBaroqe: folds 
Uncalled bet ($1.25) returned to kvcsszblcs
kvcsszblcs collected $2.50 from pot
kvcsszblcs: doesn't show hand 
*** SUMMARY ***
Total pot $2.50 | Rake $0 
Seat 1: socito
Seat 2: peterfilia
Seat 6: Y_19
Seat 3: Nazareno1999 (small blind) folded before Flop
Seat 4: PistonBaroqe (big blind) folded before Flop
Seat 5: kvcsszblcs (button) collected ($2.50)



PokerStars Hand #254627664591:  Hold'em No Limit ($0.50/$1.00 USD) - 2025/01/30 20:59:56 WET [2025/01/30 15:59:56 ET]
Table 'Primula' 6-max Seat #3 is the button
Seat 1: socito ($100 in chips) is sitting out
Seat 6: Y_19 ($100 in chips) is sitting out
Seat 2: peterfilia ($42.55 in chips) 
Seat 3: Nazareno1999 ($100 in chips) 
Seat 4: PistonBaroqe ($86.20 in chips) 
Seat 5: kvcsszblcs ($115 in chips) 
PistonBaroqe: posts small blind $0.50
kvcsszblcs: posts big blind $1
Y_19: sits out 
socito: sits out 
peterfilia: posts big blind $1
*** HOLE CARDS ***
peterfilia: checks 
Nazareno1999: raises $3 to $4
PistonBaroqe: folds 
kvcsszblcs: folds 
peterfilia: folds 
Uncalled bet ($3) returned to Nazareno1999
Nazareno1999 collected $3.50 from pot
Nazareno1999: doesn't show hand 
*** SUMMARY ***
Total pot $3.50 | Rake $0 
Seat 1: socito
Seat 6: Y_19
Seat 2: peterfilia folded before Flop (didn't bet)
Seat 3: Nazareno1999 (button) collected ($3.50)
Seat 4: PistonBaroqe (small blind) folded before Flop
Seat 5: kvcsszblcs (big blind) folded before Flop



PokerStars Hand #254627668246:  Hold'em No Limit ($0.50/$1.00 USD) - 2025/01/30 21:00:13 WET [2025/01/30 16:00:13 ET]
Table 'Primula' 6-max Seat #4 is the button
Seat 1: socito ($100 in chips) is sitting out
Seat 2: peterfilia ($41.55 in chips) 
Seat 3: Nazareno1999 ($102.50 in chips) 
Seat 4: PistonBaroqe ($85.70 in chips) 
Seat 5: kvcsszblcs ($114 in chips) 
Seat 6: Y_19 ($100 in chips) 
kvcsszblcs: posts small blind $0.50
Y_19: posts big blind $1
socito: sits out 
*** HOLE CARDS ***
peterfilia has timed out
peterfilia: folds 
Nazareno1999: folds 
PistonBaroqe: folds 
kvcsszblcs: folds 
Uncalled bet ($0.50) returned to Y_19
Y_19 collected $1 from pot
Y_19: doesn't show hand 
*** SUMMARY ***
Total pot $1 | Rake $0 
Seat 1: socito
Seat 2: peterfilia folded before Flop (didn't bet)
Seat 3: Nazareno1999 folded before Flop (didn't bet)
Seat 4: PistonBaroqe (button) folded before Flop (didn't bet)
Seat 5: kvcsszblcs (small blind) folded before Flop
Seat 6: Y_19 (big blind) collected ($1)



PokerStars Hand #254627672659:  Hold'em No Limit ($0.50/$1.00 USD) - 2025/01/30 21:00:33 WET [2025/01/30 16:00:33 ET]
Table 'Primula' 6-max Seat #5 is the button
Seat 1: socito ($100 in chips) 
Seat 2: peterfilia ($41.55 in chips) 
Seat 3: Nazareno1999 ($102.50 in chips) 
Seat 4: PistonBaroqe ($85.70 in chips) 
Seat 5: kvcsszblcs ($113.50 in chips) 
Seat 6: Y_19 ($100.50 in chips) 
Y_19: posts small blind $0.50
socito: posts big blind $1
*** HOLE CARDS ***
peterfilia: folds 
Nazareno1999: folds 
PistonBaroqe: raises $2.50 to $3.50
kvcsszblcs: folds 
Y_19: raises $8 to $11.50
socito: folds 
PistonBaroqe: calls $8
*** FLOP *** [Qd 6d 2s]
Y_19: bets $7.52
PistonBaroqe: folds 
Uncalled bet ($7.52) returned to Y_19
Y_19 collected $22.80 from pot
Y_19: doesn't show hand 
*** SUMMARY ***
Total pot $24 | Rake $1.20 
Board [Qd 6d 2s]
Seat 1: socito (big blind) folded before Flop
Seat 2: peterfilia folded before Flop (didn't bet)
Seat 3: Nazareno1999 folded before Flop (didn't bet)
Seat 4: PistonBaroqe folded on the Flop
Seat 5: kvcsszblcs (button) folded before Flop (didn't bet)
Seat 6: Y_19 (small blind) collected ($22.80)



PokerStars Hand #254627685838:  Hold'em No Limit ($0.50/$1.00 USD) - 2025/01/30 21:01:28 WET [2025/01/30 16:01:28 ET]
Table 'Primula' 6-max Seat #6 is the button
Seat 1: socito ($100 in chips) 
Seat 2: peterfilia ($41.55 in chips) 
Seat 3: Nazareno1999 ($102.50 in chips) 
Seat 4: PistonBaroqe ($74.20 in chips) 
Seat 5: kvcsszblcs ($113.50 in chips) 
Seat 6: Y_19 ($111.80 in chips) 
socito: posts small blind $0.50
peterfilia: posts big blind $1
*** HOLE CARDS ***
Nazareno1999: raises $1.20 to $2.20
PistonBaroqe: folds 
kvcsszblcs: folds 
Y_19: folds 
socito: raises $8.30 to $10.50
peterfilia: folds 
Nazareno1999: folds 
Uncalled bet ($8.30) returned to socito
socito collected $5.40 from pot
socito: doesn't show hand 
*** SUMMARY ***
Total pot $5.40 | Rake $0 
Seat 1: socito (small blind) collected ($5.40)
Seat 2: peterfilia (big blind) folded before Flop
Seat 3: Nazareno1999 folded before Flop
Seat 4: PistonBaroqe folded before Flop (didn't bet)
Seat 5: kvcsszblcs folded before Flop (didn't bet)
Seat 6: Y_19 (button) folded before Flop (didn't bet)



PokerStars Hand #254627693801:  Hold'em No Limit ($0.50/$1.00 USD) - 2025/01/30 21:01:57 WET [2025/01/30 16:01:57 ET]
Table 'Primula' 6-max Seat #1 is the button
Seat 1: socito ($103.20 in chips) 
Seat 2: peterfilia ($40.55 in chips) 
Seat 3: Nazareno1999 ($100.30 in chips) 
Seat 4: PistonBaroqe ($74.20 in chips) 
Seat 5: kvcsszblcs ($113.50 in chips) 
Seat 6: Y_19 ($111.80 in chips) 
peterfilia: posts small blind $0.50
Nazareno1999: posts big blind $1
*** HOLE CARDS ***
PistonBaroqe: raises $2.50 to $3.50
kvcsszblcs: raises $5.50 to $9
Y_19: folds 
socito: folds 
peterfilia: folds 
Nazareno1999: folds 
PistonBaroqe: raises $19.50 to $28.50
kvcsszblcs: folds 
Uncalled bet ($19.50) returned to PistonBaroqe
PistonBaroqe collected $19.50 from pot
*** SUMMARY ***
Total pot $19.50 | Rake $0 
Seat 1: socito (button) folded before Flop (didn't bet)
Seat 2: peterfilia (small blind) folded before Flop
Seat 3: Nazareno1999 (big blind) folded before Flop
Seat 4: PistonBaroqe collected ($19.50)
Seat 5: kvcsszblcs folded before Flop
Seat 6: Y_19 folded before Flop (didn't bet)



PokerStars Hand #254627710152:  Hold'em No Limit ($0.50/$1.00 USD) - 2025/01/30 21:02:53 WET [2025/01/30 16:02:53 ET]
Table 'Primula' 6-max Seat #2 is the button
Seat 1: socito ($103.20 in chips) 
Seat 2: peterfilia ($40.05 in chips) 
Seat 3: Nazareno1999 ($100 in chips) 
Seat 4: PistonBaroqe ($84.70 in chips) 
Seat 5: kvcsszblcs ($104.50 in chips) 
Seat 6: Y_19 ($111.80 in chips) 
Nazareno1999: posts small blind $0.50
PistonBaroqe: posts big blind $1
*** HOLE CARDS ***
kvcsszblcs: folds 
Y_19: folds 
socito: folds 
peterfilia: raises $2 to $3
Nazareno1999: folds 
PistonBaroqe: folds 
Uncalled bet ($2) returned to peterfilia
peterfilia collected $2.50 from pot
peterfilia: doesn't show hand 
*** SUMMARY ***
Total pot $2.50 | Rake $0 
Seat 1: socito folded before Flop (didn't bet)
Seat 2: peterfilia (button) collected ($2.50)
Seat 3: Nazareno1999 (small blind) folded before Flop
Seat 4: PistonBaroqe (big blind) folded before Flop
Seat 5: kvcsszblcs folded before Flop (didn't bet)
Seat 6: Y_19 folded before Flop (didn't bet)



PokerStars Hand #254627716587:  Hold'em No Limit ($0.50/$1.00 USD) - 2025/01/30 21:03:15 WET [2025/01/30 16:03:15 ET]
Table 'Primula' 6-max Seat #3 is the button
Seat 1: socito ($103.20 in chips) 
Seat 2: peterfilia ($41.55 in chips) 
Seat 3: Nazareno1999 ($100 in chips) 
Seat 4: PistonBaroqe ($83.70 in chips) 
Seat 5: kvcsszblcs ($104.50 in chips) 
Seat 6: Y_19 ($111.80 in chips) 
PistonBaroqe: posts small blind $0.50
kvcsszblcs: posts big blind $1
*** HOLE CARDS ***
Y_19: folds 
socito: folds 
peterfilia: folds 
Nazareno1999: folds 
PistonBaroqe: folds 
Uncalled bet ($0.50) returned to kvcsszblcs
kvcsszblcs collected $1 from pot
kvcsszblcs: doesn't show hand 
*** SUMMARY ***
Total pot $1 | Rake $0 
Seat 1: socito folded before Flop (didn't bet)
Seat 2: peterfilia folded before Flop (didn't bet)
Seat 3: Nazareno1999 (button) folded before Flop (didn't bet)
Seat 4: PistonBaroqe (small blind) folded before Flop
Seat 5: kvcsszblcs (big blind) collected ($1)
Seat 6: Y_19 folded before Flop (didn't bet)



PokerStars Hand #254627720807:  Hold'em No Limit ($0.50/$1.00 USD) - 2025/01/30 21:03:28 WET [2025/01/30 16:03:28 ET]
Table 'Primula' 6-max Seat #4 is the button
Seat 1: socito ($103.20 in chips) 
Seat 2: peterfilia ($41.55 in chips) 
Seat 3: Nazareno1999 ($100 in chips) 
Seat 4: PistonBaroqe ($83.20 in chips) 
Seat 5: kvcsszblcs ($105 in chips) 
Seat 6: Y_19 ($111.80 in chips) 
kvcsszblcs: posts small blind $0.50
Y_19: posts big blind $1
*** HOLE CARDS ***
socito: folds 
peterfilia: folds 
Nazareno1999: folds 
PistonBaroqe: folds 
kvcsszblcs: raises $1.85 to $2.85
Y_19: calls $1.85
*** FLOP *** [4d 5d 7s]
kvcsszblcs: checks 
Y_19: bets $2.71
kvcsszblcs: folds 
Uncalled bet ($2.71) returned to Y_19
Y_19 collected $5.42 from pot
Y_19: doesn't show hand 
*** SUMMARY ***
Total pot $5.70 | Rake $0.28 
Board [4d 5d 7s]
Seat 1: socito folded before Flop (didn't bet)
Seat 2: peterfilia folded before Flop (didn't bet)
Seat 3: Nazareno1999 folded before Flop (didn't bet)
Seat 4: PistonBaroqe (button) folded before Flop (didn't bet)
Seat 5: kvcsszblcs (small blind) folded on the Flop
Seat 6: Y_19 (big blind) collected ($5.42)



PokerStars Hand #254627732222:  Hold'em No Limit ($0.50/$1.00 USD) - 2025/01/30 21:04:07 WET [2025/01/30 16:04:07 ET]
Table 'Primula' 6-max Seat #5 is the button
Seat 1: socito ($103.20 in chips) 
Seat 2: peterfilia ($41.55 in chips) 
Seat 3: Nazareno1999 ($100 in chips) 
Seat 4: PistonBaroqe ($83.20 in chips) 
Seat 5: kvcsszblcs ($102.15 in chips) 
Seat 6: Y_19 ($114.37 in chips) 
Y_19: posts small blind $0.50
socito: posts big blind $1
*** HOLE CARDS ***
peterfilia: folds 
Nazareno1999: folds 
PistonBaroqe: raises $2.50 to $3.50
kvcsszblcs: folds 
Y_19: folds 
socito: calls $2.50
*** FLOP *** [9d 5d 7d]
socito: bets $1.78
PistonBaroqe: calls $1.78
*** TURN *** [9d 5d 7d] [6d]
socito: checks 
PistonBaroqe: bets $5.26
socito: calls $5.26
*** RIVER *** [9d 5d 7d 6d] [8s]
socito: checks 
PistonBaroqe: checks 
*** SHOW DOWN ***
socito: shows [Jd Ks] (a flush, Jack high)
PistonBaroqe: mucks hand 
socito collected $20.50 from pot
*** SUMMARY ***
Total pot $21.58 | Rake $1.08 
Board [9d 5d 7d 6d 8s]
Seat 1: socito (big blind) showed [Jd Ks] and won ($20.50) with a flush, Jack high
Seat 2: peterfilia folded before Flop (didn't bet)
Seat 3: Nazareno1999 folded before Flop (didn't bet)
Seat 4: PistonBaroqe mucked
Seat 5: kvcsszblcs (button) folded before Flop (didn't bet)
Seat 6: Y_19 (small blind) folded before Flop



PokerStars Hand #254627756955:  Hold'em No Limit ($0.50/$1.00 USD) - 2025/01/30 21:05:30 WET [2025/01/30 16:05:30 ET]
Table 'Primula' 6-max Seat #6 is the button
Seat 1: socito ($113.16 in chips) 
Seat 2: peterfilia ($41.55 in chips) 
Seat 3: Nazareno1999 ($100 in chips) 
Seat 4: PistonBaroqe ($72.66 in chips) 
Seat 5: kvcsszblcs ($102.15 in chips) 
Seat 6: Y_19 ($113.87 in chips) 
socito: posts small blind $0.50
peterfilia: posts big blind $1
*** HOLE CARDS ***
Nazareno1999: folds 
PistonBaroqe: folds 
kvcsszblcs: folds 
Y_19: raises $1.23 to $2.23
socito: folds 
peterfilia: folds 
Uncalled bet ($1.23) returned to Y_19
Y_19 collected $2.50 from pot
Y_19: doesn't show hand 
*** SUMMARY ***
Total pot $2.50 | Rake $0 
Seat 1: socito (small blind) folded before Flop
Seat 2: peterfilia (big blind) folded before Flop
Seat 3: Nazareno1999 folded before Flop (didn't bet)
Seat 4: PistonBaroqe folded before Flop (didn't bet)
Seat 5: kvcsszblcs folded before Flop (didn't bet)
Seat 6: Y_19 (button) collected ($2.50)



PokerStars Hand #254627766139:  Hold'em No Limit ($0.50/$1.00 USD) - 2025/01/30 21:06:00 WET [2025/01/30 16:06:00 ET]
Table 'Primula' 6-max Seat #1 is the button
Seat 1: socito ($112.66 in chips) 
Seat 2: peterfilia ($40.55 in chips) 
Seat 3: Nazareno1999 ($100 in chips) 
Seat 4: PistonBaroqe ($72.66 in chips) 
Seat 5: kvcsszblcs ($102.15 in chips) 
Seat 6: Y_19 ($115.37 in chips) 
peterfilia: posts small blind $0.50
Nazareno1999: posts big blind $1
*** HOLE CARDS ***
PistonBaroqe: raises $2.50 to $3.50
kvcsszblcs: folds 
Y_19: folds 
socito: folds 
peterfilia: folds 
Nazareno1999: folds 
Uncalled bet ($2.50) returned to PistonBaroqe
PistonBaroqe collected $2.50 from pot
*** SUMMARY ***
Total pot $2.50 | Rake $0 
Seat 1: socito (button) folded before Flop (didn't bet)
Seat 2: peterfilia (small blind) folded before Flop
Seat 3: Nazareno1999 (big blind) folded before Flop
Seat 4: PistonBaroqe collected ($2.50)
Seat 5: kvcsszblcs folded before Flop (didn't bet)
Seat 6: Y_19 folded before Flop (didn't bet)



PokerStars Hand #254627771383:  Hold'em No Limit ($0.50/$1.00 USD) - 2025/01/30 21:06:17 WET [2025/01/30 16:06:17 ET]
Table 'Primula' 6-max Seat #2 is the button
Seat 1: socito ($112.66 in chips) 
Seat 2: peterfilia ($40.05 in chips) 
Seat 3: Nazareno1999 ($100 in chips) 
Seat 4: PistonBaroqe ($74.16 in chips) 
Seat 5: kvcsszblcs ($102.15 in chips) 
Seat 6: Y_19 ($115.37 in chips) 
Nazareno1999: posts small blind $0.50
PistonBaroqe: posts big blind $1
*** HOLE CARDS ***
kvcsszblcs: folds 
Y_19: folds 
socito: folds 
peterfilia: folds 
Nazareno1999: folds 
Uncalled bet ($0.50) returned to PistonBaroqe
PistonBaroqe collected $1 from pot
*** SUMMARY ***
Total pot $1 | Rake $0 
Seat 1: socito folded before Flop (didn't bet)
Seat 2: peterfilia (button) folded before Flop (didn't bet)
Seat 3: Nazareno1999 (small blind) folded before Flop
Seat 4: PistonBaroqe (big blind) collected ($1)
Seat 5: kvcsszblcs folded before Flop (didn't bet)
Seat 6: Y_19 folded before Flop (didn't bet)



PokerStars Hand #254627774532:  Hold'em No Limit ($0.50/$1.00 USD) - 2025/01/30 21:06:28 WET [2025/01/30 16:06:28 ET]
Table 'Primula' 6-max Seat #3 is the button
Seat 1: socito ($112.66 in chips) 
Seat 2: peterfilia ($40.05 in chips) 
Seat 3: Nazareno1999 ($100 in chips) 
Seat 4: PistonBaroqe ($74.66 in chips) 
Seat 5: kvcsszblcs ($102.15 in chips) 
Seat 6: Y_19 ($115.37 in chips) 
PistonBaroqe: posts small blind $0.50
kvcsszblcs: posts big blind $1
*** HOLE CARDS ***
Y_19: folds 
socito: folds 
peterfilia: folds 
Nazareno1999: folds 
PistonBaroqe: folds 
Uncalled bet ($0.50) returned to kvcsszblcs
kvcsszblcs collected $1 from pot
kvcsszblcs: doesn't show hand 
*** SUMMARY ***
Total pot $1 | Rake $0 
Seat 1: socito folded before Flop (didn't bet)
Seat 2: peterfilia folded before Flop (didn't bet)
Seat 3: Nazareno1999 (button) folded before Flop (didn't bet)
Seat 4: PistonBaroqe (small blind) folded before Flop
Seat 5: kvcsszblcs (big blind) collected ($1)
Seat 6: Y_19 folded before Flop (didn't bet)



PokerStars Hand #254627778743:  Hold'em No Limit ($0.50/$1.00 USD) - 2025/01/30 21:06:42 WET [2025/01/30 16:06:42 ET]
Table 'Primula' 6-max Seat #4 is the button
Seat 6: Y_19 ($115.37 in chips) is sitting out
Seat 1: socito ($112.66 in chips) 
Seat 2: peterfilia ($40.05 in chips) 
Seat 3: Nazareno1999 ($100 in chips) 
Seat 4: PistonBaroqe ($74.16 in chips) 
Seat 5: kvcsszblcs ($102.65 in chips) 
kvcsszblcs: posts small blind $0.50
Y_19: is sitting out 
socito: posts big blind $1
*** HOLE CARDS ***
Y_19 leaves the table
peterfilia: raises $2 to $3
Nazareno1999: folds 
PistonBaroqe: folds 
kvcsszblcs: folds 
socito: folds 
Uncalled bet ($2) returned to peterfilia
zhino joins the table at seat #6 
peterfilia collected $2.50 from pot
peterfilia: doesn't show hand 
*** SUMMARY ***
Total pot $2.50 | Rake $0 
Seat 6: Y_19
Seat 1: socito (big blind) folded before Flop
Seat 2: peterfilia collected ($2.50)
Seat 3: Nazareno1999 folded before Flop (didn't bet)
Seat 4: PistonBaroqe (button) folded before Flop (didn't bet)
Seat 5: kvcsszblcs (small blind) folded before Flop



PokerStars Hand #254627785386:  Hold'em No Limit ($0.50/$1.00 USD) - 2025/01/30 21:07:05 WET [2025/01/30 16:07:05 ET]
Table 'Primula' 6-max Seat #5 is the button
Seat 6: zhino ($100 in chips) is sitting out
Seat 1: socito ($111.66 in chips) 
Seat 2: peterfilia ($41.55 in chips) 
Seat 3: Nazareno1999 ($100 in chips) 
Seat 4: PistonBaroqe ($74.16 in chips) 
Seat 5: kvcsszblcs ($102.15 in chips) 
socito: posts small blind $0.50
peterfilia: posts big blind $1
*** HOLE CARDS ***
Nazareno1999: raises $1.20 to $2.20
PistonBaroqe: folds 
kvcsszblcs: folds 
socito: folds 
peterfilia: folds 
Uncalled bet ($1.20) returned to Nazareno1999
Nazareno1999 collected $2.50 from pot
Nazareno1999: doesn't show hand 
*** SUMMARY ***
Total pot $2.50 | Rake $0 
Seat 6: zhino
Seat 1: socito (small blind) folded before Flop
Seat 2: peterfilia (big blind) folded before Flop
Seat 3: Nazareno1999 collected ($2.50)
Seat 4: PistonBaroqe folded before Flop (didn't bet)
Seat 5: kvcsszblcs (button) folded before Flop (didn't bet)



PokerStars Hand #254627794298:  Hold'em No Limit ($0.50/$1.00 USD) - 2025/01/30 21:07:34 WET [2025/01/30 16:07:34 ET]
Table 'Primula' 6-max Seat #1 is the button
Seat 6: zhino ($100 in chips) is sitting out
Seat 1: socito ($111.16 in chips) 
Seat 2: peterfilia ($40.55 in chips) 
Seat 3: Nazareno1999 ($101.50 in chips) 
Seat 4: PistonBaroqe ($74.16 in chips) 
Seat 5: kvcsszblcs ($102.15 in chips) 
peterfilia: posts small blind $0.50
Nazareno1999: posts big blind $1
zhino: sits out 
*** HOLE CARDS ***
PistonBaroqe: folds 
kvcsszblcs: folds 
socito: folds 
peterfilia: folds 
Uncalled bet ($0.50) returned to Nazareno1999
Nazareno1999 collected $1 from pot
Nazareno1999: doesn't show hand 
*** SUMMARY ***
Total pot $1 | Rake $0 
Seat 6: zhino
Seat 1: socito (button) folded before Flop (didn't bet)
Seat 2: peterfilia (small blind) folded before Flop
Seat 3: Nazareno1999 (big blind) collected ($1)
Seat 4: PistonBaroqe folded before Flop (didn't bet)
Seat 5: kvcsszblcs folded before Flop (didn't bet)



PokerStars Hand #254627801604:  Hold'em No Limit ($0.50/$1.00 USD) - 2025/01/30 21:07:59 WET [2025/01/30 16:07:59 ET]
Table 'Primula' 6-max Seat #2 is the button
Seat 6: zhino ($100 in chips) is sitting out
Seat 1: socito ($111.16 in chips) 
Seat 2: peterfilia ($40.05 in chips) 
Seat 3: Nazareno1999 ($102 in chips) 
Seat 4: PistonBaroqe ($74.16 in chips) 
Seat 5: kvcsszblcs ($102.15 in chips) 
Nazareno1999: posts small blind $0.50
PistonBaroqe: posts big blind $1
zhino: sits out 
*** HOLE CARDS ***
kvcsszblcs: folds 
socito: folds 
peterfilia: folds 
Nazareno1999: folds 
Uncalled bet ($0.50) returned to PistonBaroqe
PistonBaroqe collected $1 from pot
*** SUMMARY ***
Total pot $1 | Rake $0 
Seat 6: zhino
Seat 1: socito folded before Flop (didn't bet)
Seat 2: peterfilia (button) folded before Flop (didn't bet)
Seat 3: Nazareno1999 (small blind) folded before Flop
Seat 4: PistonBaroqe (big blind) collected ($1)
Seat 5: kvcsszblcs folded before Flop (didn't bet)



PokerStars Hand #254627970204:  Hold'em No Limit ($0.50/$1.00 USD) - 2025/01/30 21:17:12 WET [2025/01/30 16:17:12 ET]
Table 'Primula' 6-max Seat #3 is the button
Seat 4: DJNezz ($100 in chips) is sitting out
Seat 1: socito ($146.38 in chips) 
Seat 2: Lucastitos ($114.31 in chips) 
Seat 3: Nazareno1999 ($108.57 in chips) 
Seat 5: kvcsszblcs ($104.47 in chips) 
Seat 6: zhino ($115.22 in chips) 
kvcsszblcs: posts small blind $0.50
zhino: posts big blind $1
*** HOLE CARDS ***
socito: raises $1.50 to $2.50
Lucastitos: folds 
Nazareno1999: folds 
kvcsszblcs: folds 
zhino: folds 
Uncalled bet ($1.50) returned to socito
socito collected $2.50 from pot
socito: doesn't show hand 
*** SUMMARY ***
Total pot $2.50 | Rake $0 
Seat 4: DJNezz
Seat 1: socito collected ($2.50)
Seat 2: Lucastitos folded before Flop (didn't bet)
Seat 3: Nazareno1999 (button) folded before Flop (didn't bet)
Seat 5: kvcsszblcs (small blind) folded before Flop
Seat 6: zhino (big blind) folded before Flop



PokerStars Hand #254627973896:  Hold'em No Limit ($0.50/$1.00 USD) - 2025/01/30 21:17:23 WET [2025/01/30 16:17:23 ET]
Table 'Primula' 6-max Seat #5 is the button
Seat 4: DJNezz ($100 in chips) is sitting out
Seat 1: socito ($147.88 in chips) 
Seat 2: Lucastitos ($114.31 in chips) 
Seat 3: Nazareno1999 ($108.57 in chips) 
Seat 5: kvcsszblcs ($103.97 in chips) 
Seat 6: zhino ($114.22 in chips) 
zhino: posts small blind $0.50
socito: posts big blind $1
DJNezz: sits out 
*** HOLE CARDS ***
Lucastitos: folds 
Nazareno1999: folds 
kvcsszblcs: folds 
zhino: raises $2.49 to $3.49
socito: folds 
Uncalled bet ($2.49) returned to zhino
zhino collected $2 from pot
zhino: doesn't show hand 
*** SUMMARY ***
Total pot $2 | Rake $0 
Seat 4: DJNezz
Seat 1: socito (big blind) folded before Flop
Seat 2: Lucastitos folded before Flop (didn't bet)
Seat 3: Nazareno1999 folded before Flop (didn't bet)
Seat 5: kvcsszblcs (button) folded before Flop (didn't bet)
Seat 6: zhino (small blind) collected ($2)



PokerStars Hand #254627989631:  Hold'em No Limit ($0.50/$1.00 USD) - 2025/01/30 21:18:14 WET [2025/01/30 16:18:14 ET]
Table 'Primula' 6-max Seat #6 is the button
Seat 4: DJNezz ($100 in chips) is sitting out
Seat 1: socito ($146.88 in chips) 
Seat 2: Lucastitos ($114.31 in chips) 
Seat 3: Nazareno1999 ($108.57 in chips) 
Seat 5: kvcsszblcs ($103.97 in chips) 
Seat 6: zhino ($115.22 in chips) 
socito: posts small blind $0.50
Lucastitos: posts big blind $1
DJNezz: sits out 
*** HOLE CARDS ***
Nazareno1999: folds 
kvcsszblcs: raises $1 to $2
zhino: folds 
socito: raises $8 to $10
Lucastitos: folds 
kvcsszblcs: raises $13 to $23
socito: folds 
Uncalled bet ($13) returned to kvcsszblcs
kvcsszblcs collected $21 from pot
kvcsszblcs: doesn't show hand 
*** SUMMARY ***
Total pot $21 | Rake $0 
Seat 4: DJNezz
Seat 1: socito (small blind) folded before Flop
Seat 2: Lucastitos (big blind) folded before Flop
Seat 3: Nazareno1999 folded before Flop (didn't bet)
Seat 5: kvcsszblcs collected ($21)
Seat 6: zhino (button) folded before Flop (didn't bet)



PokerStars Hand #254628004863:  Hold'em No Limit ($0.50/$1.00 USD) - 2025/01/30 21:19:04 WET [2025/01/30 16:19:04 ET]
Table 'Primula' 6-max Seat #1 is the button
Seat 4: DJNezz ($100 in chips) is sitting out
Seat 1: socito ($136.88 in chips) 
Seat 2: Lucastitos ($113.31 in chips) 
Seat 3: Nazareno1999 ($108.57 in chips) 
Seat 5: kvcsszblcs ($114.97 in chips) 
Seat 6: zhino ($115.22 in chips) 
Lucastitos: posts small blind $0.50
Nazareno1999: posts big blind $1
DJNezz: sits out 
*** HOLE CARDS ***
kvcsszblcs: folds 
zhino: folds 
socito: folds 
Lucastitos: folds 
Uncalled bet ($0.50) returned to Nazareno1999
Nazareno1999 collected $1 from pot
Nazareno1999: doesn't show hand 
*** SUMMARY ***
Total pot $1 | Rake $0 
Seat 4: DJNezz
Seat 1: socito (button) folded before Flop (didn't bet)
Seat 2: Lucastitos (small blind) folded before Flop
Seat 3: Nazareno1999 (big blind) collected ($1)
Seat 5: kvcsszblcs folded before Flop (didn't bet)
Seat 6: zhino folded before Flop (didn't bet)



PokerStars Hand #254628009109:  Hold'em No Limit ($0.50/$1.00 USD) - 2025/01/30 21:19:18 WET [2025/01/30 16:19:18 ET]
Table 'Primula' 6-max Seat #2 is the button
Seat 1: socito ($136.88 in chips) 
Seat 2: Lucastitos ($112.81 in chips) 
Seat 3: Nazareno1999 ($109.07 in chips) 
Seat 4: DJNezz ($100 in chips) 
Seat 5: kvcsszblcs ($114.97 in chips) 
Seat 6: zhino ($115.22 in chips) 
Nazareno1999: posts small blind $0.50
DJNezz: posts big blind $1
*** HOLE CARDS ***
kvcsszblcs: folds 
zhino: raises $1.59 to $2.59
socito: folds 
Lucastitos: folds 
Nazareno1999: folds 
DJNezz: calls $1.59
*** FLOP *** [6c 4d 7d]
DJNezz: checks 
zhino: bets $1.46
DJNezz: raises $4.16 to $5.62
zhino: calls $4.16
*** TURN *** [6c 4d 7d] [3c]
DJNezz: bets $5.30
zhino: calls $5.30
*** RIVER *** [6c 4d 7d 3c] [6d]
DJNezz: bets $32.68
zhino: folds 
Uncalled bet ($32.68) returned to DJNezz
DJNezz collected $26.14 from pot
*** SUMMARY ***
Total pot $27.52 | Rake $1.38 
Board [6c 4d 7d 3c 6d]
Seat 1: socito folded before Flop (didn't bet)
Seat 2: Lucastitos (button) folded before Flop (didn't bet)
Seat 3: Nazareno1999 (small blind) folded before Flop
Seat 4: DJNezz (big blind) collected ($26.14)
Seat 5: kvcsszblcs folded before Flop (didn't bet)
Seat 6: zhino folded on the River



PokerStars Hand #254628037870:  Hold'em No Limit ($0.50/$1.00 USD) - 2025/01/30 21:20:50 WET [2025/01/30 16:20:50 ET]
Table 'Primula' 6-max Seat #3 is the button
Seat 5: kvcsszblcs ($114.97 in chips) is sitting out
Seat 1: socito ($136.88 in chips) 
Seat 2: Lucastitos ($112.81 in chips) 
Seat 3: Nazareno1999 ($108.57 in chips) 
Seat 4: DJNezz ($112.63 in chips) 
Seat 6: zhino ($101.71 in chips) 
DJNezz: posts small blind $0.50
kvcsszblcs: is sitting out 
zhino: posts big blind $1
*** HOLE CARDS ***
socito: folds 
kvcsszblcs leaves the table
Lucastitos: raises $1.30 to $2.30
socito leaves the table
Conor1109 joins the table at seat #5 
Nazareno1999: folds 
DJNezz: folds 
zhino: folds 
Uncalled bet ($1.30) returned to Lucastitos
Lucastitos collected $2.50 from pot
Lucastitos: doesn't show hand 
*** SUMMARY ***
Total pot $2.50 | Rake $0 
Seat 5: kvcsszblcs
Seat 1: socito folded before Flop (didn't bet)
Seat 2: Lucastitos collected ($2.50)
Seat 3: Nazareno1999 (button) folded before Flop (didn't bet)
Seat 4: DJNezz (small blind) folded before Flop
Seat 6: zhino (big blind) folded before Flop



PokerStars Hand #254628045318:  Hold'em No Limit ($0.50/$1.00 USD) - 2025/01/30 21:21:14 WET [2025/01/30 16:21:14 ET]
Table 'Primula' 6-max Seat #4 is the button
Seat 5: Conor1109 ($100 in chips) is sitting out
Seat 2: Lucastitos ($114.31 in chips) 
Seat 3: Nazareno1999 ($108.57 in chips) 
Seat 4: DJNezz ($112.13 in chips) 
Seat 6: zhino ($100.71 in chips) 
zhino: posts small blind $0.50
Lucastitos: posts big blind $1
*** HOLE CARDS ***
Nazareno1999: folds 
DJNezz: folds 
YeeesMan joins the table at seat #1 
zhino: raises $2.49 to $3.49
Lucastitos: calls $2.49
*** FLOP *** [Jd Tc As]
zhino: checks 
Lucastitos: checks 
*** TURN *** [Jd Tc As] [Th]
zhino: checks 
Lucastitos: checks 
*** RIVER *** [Jd Tc As Th] [8d]
zhino: checks 
Lucastitos: checks 
*** SHOW DOWN ***
zhino: shows [9h Ah] (two pair, Aces and Tens)
Lucastitos: mucks hand 
zhino collected $6.63 from pot
*** SUMMARY ***
Total pot $6.98 | Rake $0.35 
Board [Jd Tc As Th 8d]
Seat 5: Conor1109
Seat 2: Lucastitos (big blind) mucked
Seat 3: Nazareno1999 folded before Flop (didn't bet)
Seat 4: DJNezz (button) folded before Flop (didn't bet)
Seat 6: zhino (small blind) showed [9h Ah] and won ($6.63) with two pair, Aces and Tens



PokerStars Hand #254628059622:  Hold'em No Limit ($0.50/$1.00 USD) - 2025/01/30 21:22:00 WET [2025/01/30 16:22:00 ET]
Table 'Primula' 6-max Seat #6 is the button
Seat 1: YeeesMan ($100 in chips) is sitting out
Seat 2: Lucastitos ($110.82 in chips) 
Seat 3: Nazareno1999 ($108.57 in chips) 
Seat 4: DJNezz ($112.13 in chips) 
Seat 5: Conor1109 ($100 in chips) 
Seat 6: zhino ($103.85 in chips) 
Lucastitos: posts small blind $0.50
Nazareno1999: posts big blind $1
Conor1109: posts big blind $1
*** HOLE CARDS ***
DJNezz: folds 
Conor1109: raises $1 to $2
zhino: folds 
Lucastitos: calls $1.50
Nazareno1999: folds 
*** FLOP *** [8h Qc Kc]
Lucastitos: checks 
Conor1109: bets $4.75
Lucastitos: calls $4.75
*** TURN *** [8h Qc Kc] [Ac]
Lucastitos: checks 
Conor1109: checks 
*** RIVER *** [8h Qc Kc Ac] [3s]
Lucastitos: checks 
Conor1109: checks 
*** SHOW DOWN ***
Lucastitos: shows [Qs Ts] (a pair of Queens)
Conor1109: shows [Kd Td] (a pair of Kings)
Conor1109 collected $13.78 from pot
*** SUMMARY ***
Total pot $14.50 | Rake $0.72 
Board [8h Qc Kc Ac 3s]
Seat 1: YeeesMan
Seat 2: Lucastitos (small blind) showed [Qs Ts] and lost with a pair of Queens
Seat 3: Nazareno1999 (big blind) folded before Flop
Seat 4: DJNezz folded before Flop (didn't bet)
Seat 5: Conor1109 showed [Kd Td] and won ($13.78) with a pair of Kings
Seat 6: zhino (button) folded before Flop (didn't bet)



PokerStars Hand #254628074589:  Hold'em No Limit ($0.50/$1.00 USD) - 2025/01/30 21:22:48 WET [2025/01/30 16:22:48 ET]
Table 'Primula' 6-max Seat #2 is the button
Seat 1: YeeesMan ($100 in chips) is sitting out
Seat 2: Lucastitos ($104.07 in chips) 
Seat 3: Nazareno1999 ($107.57 in chips) 
Seat 4: DJNezz ($112.13 in chips) 
Seat 5: Conor1109 ($107.03 in chips) 
Seat 6: zhino ($103.85 in chips) 
Nazareno1999: posts small blind $0.50
DJNezz: posts big blind $1
YeeesMan: sits out 
*** HOLE CARDS ***
Conor1109: calls $1
zhino: folds 
Lucastitos: raises $3 to $4
Nazareno1999: folds 
DJNezz: folds 
Conor1109: calls $3
*** FLOP *** [4c 7c 7d]
Conor1109: checks 
Lucastitos: bets $2.44
Conor1109: calls $2.44
*** TURN *** [4c 7c 7d] [Ad]
Conor1109: checks 
Lucastitos: bets $4.51
Conor1109: calls $4.51
*** RIVER *** [4c 7c 7d Ad] [3h]
Conor1109: checks 
Lucastitos: checks 
*** SHOW DOWN ***
Conor1109: shows [3c Kc] (two pair, Sevens and Threes)
Lucastitos: shows [5s 5c] (two pair, Sevens and Fives)
Lucastitos collected $22.23 from pot
*** SUMMARY ***
Total pot $23.40 | Rake $1.17 
Board [4c 7c 7d Ad 3h]
Seat 1: YeeesMan
Seat 2: Lucastitos (button) showed [5s 5c] and won ($22.23) with two pair, Sevens and Fives
Seat 3: Nazareno1999 (small blind) folded before Flop
Seat 4: DJNezz (big blind) folded before Flop
Seat 5: Conor1109 showed [3c Kc] and lost with two pair, Sevens and Threes
Seat 6: zhino folded before Flop (didn't bet)



PokerStars Hand #254628089336:  Hold'em No Limit ($0.50/$1.00 USD) - 2025/01/30 21:23:36 WET [2025/01/30 16:23:36 ET]
Table 'Primula' 6-max Seat #3 is the button
Seat 1: YeeesMan ($100 in chips) is sitting out
Seat 2: Lucastitos ($115.35 in chips) 
Seat 3: Nazareno1999 ($107.07 in chips) 
Seat 4: DJNezz ($111.13 in chips) 
Seat 5: Conor1109 ($96.08 in chips) 
Seat 6: zhino ($103.85 in chips) 
DJNezz: posts small blind $0.50
Conor1109: posts big blind $1
YeeesMan: sits out 
*** HOLE CARDS ***
zhino: folds 
Lucastitos: raises $1.30 to $2.30
Nazareno1999: calls $2.30
DJNezz: folds 
Conor1109: calls $1.30
*** FLOP *** [2h 5c 6s]
Conor1109: checks 
Lucastitos: checks 
Nazareno1999: checks 
*** TURN *** [2h 5c 6s] [8d]
Conor1109: bets $7.03
Lucastitos: folds 
Nazareno1999: folds 
Uncalled bet ($7.03) returned to Conor1109
Conor1109 collected $7.03 from pot
Conor1109: doesn't show hand 
*** SUMMARY ***
Total pot $7.40 | Rake $0.37 
Board [2h 5c 6s 8d]
Seat 1: YeeesMan
Seat 2: Lucastitos folded on the Turn
Seat 3: Nazareno1999 (button) folded on the Turn
Seat 4: DJNezz (small blind) folded before Flop
Seat 5: Conor1109 (big blind) collected ($7.03)
Seat 6: zhino folded before Flop (didn't bet)



PokerStars Hand #254628101529:  Hold'em No Limit ($0.50/$1.00 USD) - 2025/01/30 21:24:16 WET [2025/01/30 16:24:16 ET]
Table 'Primula' 6-max Seat #4 is the button
Seat 1: YeeesMan ($100 in chips) is sitting out
Seat 2: Lucastitos ($113.05 in chips) 
Seat 3: Nazareno1999 ($104.77 in chips) 
Seat 4: DJNezz ($110.63 in chips) 
Seat 5: Conor1109 ($100.81 in chips) 
Seat 6: zhino ($103.85 in chips) 
Conor1109: posts small blind $0.50
zhino: posts big blind $1
YeeesMan: sits out 
*** HOLE CARDS ***
Lucastitos: folds 
Nazareno1999: folds 
DJNezz: folds 
Conor1109: raises $2 to $3
zhino: calls $2
*** FLOP *** [Qs Kc 7c]
Conor1109: checks 
zhino: checks 
*** TURN *** [Qs Kc 7c] [Kd]
Conor1109: bets $5.70
zhino: calls $5.70
*** RIVER *** [Qs Kc 7c Kd] [8s]
Conor1109: checks 
zhino: checks 
*** SHOW DOWN ***
Conor1109: shows [4s 7s] (two pair, Kings and Sevens)
zhino: shows [7d Ad] (two pair, Kings and Sevens - Ace kicker)
zhino collected $16.53 from pot
*** SUMMARY ***
Total pot $17.40 | Rake $0.87 
Board [Qs Kc 7c Kd 8s]
Seat 1: YeeesMan
Seat 2: Lucastitos folded before Flop (didn't bet)
Seat 3: Nazareno1999 folded before Flop (didn't bet)
Seat 4: DJNezz (button) folded before Flop (didn't bet)
Seat 5: Conor1109 (small blind) showed [4s 7s] and lost with two pair, Kings and Sevens
Seat 6: zhino (big blind) showed [7d Ad] and won ($16.53) with two pair, Kings and Sevens



PokerStars Hand #254628121568:  Hold'em No Limit ($0.50/$1.00 USD) - 2025/01/30 21:25:20 WET [2025/01/30 16:25:20 ET]
Table 'Primula' 6-max Seat #5 is the button
Seat 1: YeeesMan ($100 in chips) 
Seat 2: Lucastitos ($113.05 in chips) 
Seat 3: Nazareno1999 ($104.77 in chips) 
Seat 4: DJNezz ($110.63 in chips) 
Seat 5: Conor1109 ($92.11 in chips) 
Seat 6: zhino ($111.68 in chips) 
zhino: posts small blind $0.50
YeeesMan: posts big blind $1
*** HOLE CARDS ***
Lucastitos: folds 
Nazareno1999: folds 
DJNezz: folds 
Conor1109: raises $2.50 to $3.50
zhino: folds 
YeeesMan: folds 
Uncalled bet ($2.50) returned to Conor1109
Conor1109 collected $2.50 from pot
Conor1109: doesn't show hand 
*** SUMMARY ***
Total pot $2.50 | Rake $0 
Seat 1: YeeesMan (big blind) folded before Flop
Seat 2: Lucastitos folded before Flop (didn't bet)
Seat 3: Nazareno1999 folded before Flop (didn't bet)
Seat 4: DJNezz folded before Flop (didn't bet)
Seat 5: Conor1109 (button) collected ($2.50)
Seat 6: zhino (small blind) folded before Flop



PokerStars Hand #254628128142:  Hold'em No Limit ($0.50/$1.00 USD) - 2025/01/30 21:25:42 WET [2025/01/30 16:25:42 ET]
Table 'Primula' 6-max Seat #6 is the button
Seat 1: YeeesMan ($100 in chips) 
Seat 2: Lucastitos ($113.05 in chips) 
Seat 3: Nazareno1999 ($104.77 in chips) 
Seat 4: DJNezz ($110.63 in chips) 
Seat 5: Conor1109 ($93.61 in chips) 
Seat 6: zhino ($111.18 in chips) 
YeeesMan: posts small blind $0.50
Lucastitos: posts big blind $1
*** HOLE CARDS ***
Nazareno1999: folds 
DJNezz: folds 
Conor1109: folds 
zhino: raises $1.99 to $2.99
YeeesMan: folds 
Lucastitos: folds 
Uncalled bet ($1.99) returned to zhino
zhino collected $2.50 from pot
zhino: doesn't show hand 
*** SUMMARY ***
Total pot $2.50 | Rake $0 
Seat 1: YeeesMan (small blind) folded before Flop
Seat 2: Lucastitos (big blind) folded before Flop
Seat 3: Nazareno1999 folded before Flop (didn't bet)
Seat 4: DJNezz folded before Flop (didn't bet)
Seat 5: Conor1109 folded before Flop (didn't bet)
Seat 6: zhino (button) collected ($2.50)



PokerStars Hand #254628133575:  Hold'em No Limit ($0.50/$1.00 USD) - 2025/01/30 21:26:00 WET [2025/01/30 16:26:00 ET]
Table 'Primula' 6-max Seat #1 is the button
Seat 1: YeeesMan ($100 in chips) 
Seat 2: Lucastitos ($112.05 in chips) 
Seat 3: Nazareno1999 ($104.77 in chips) 
Seat 4: DJNezz ($110.63 in chips) 
Seat 5: Conor1109 ($93.61 in chips) 
Seat 6: zhino ($112.68 in chips) 
Lucastitos: posts small blind $0.50
Nazareno1999: posts big blind $1
*** HOLE CARDS ***
DJNezz: folds 
Conor1109: calls $1
zhino: raises $3.10 to $4.10
YeeesMan: folds 
Lucastitos: folds 
Nazareno1999: raises $8.90 to $13
Conor1109: folds 
zhino: folds 
Uncalled bet ($8.90) returned to Nazareno1999
Nazareno1999 collected $9.70 from pot
Nazareno1999: doesn't show hand 
*** SUMMARY ***
Total pot $9.70 | Rake $0 
Seat 1: YeeesMan (button) folded before Flop (didn't bet)
Seat 2: Lucastitos (small blind) folded before Flop
Seat 3: Nazareno1999 (big blind) collected ($9.70)
Seat 4: DJNezz folded before Flop (didn't bet)
Seat 5: Conor1109 folded before Flop
Seat 6: zhino folded before Flop



PokerStars Hand #254628147179:  Hold'em No Limit ($0.50/$1.00 USD) - 2025/01/30 21:26:44 WET [2025/01/30 16:26:44 ET]
Table 'Primula' 6-max Seat #2 is the button
Seat 1: YeeesMan ($100 in chips) 
Seat 2: Lucastitos ($111.55 in chips) 
Seat 3: Nazareno1999 ($110.37 in chips) 
Seat 4: DJNezz ($110.63 in chips) 
Seat 5: Conor1109 ($92.61 in chips) 
Seat 6: zhino ($108.58 in chips) 
Nazareno1999: posts small blind $0.50
DJNezz: posts big blind $1
*** HOLE CARDS ***
Conor1109: folds 
zhino: folds 
YeeesMan: folds 
Lucastitos: folds 
Nazareno1999: raises $1.50 to $2.50
DJNezz: raises $7.50 to $10
Nazareno1999: folds 
Uncalled bet ($7.50) returned to DJNezz
DJNezz collected $5 from pot
*** SUMMARY ***
Total pot $5 | Rake $0 
Seat 1: YeeesMan folded before Flop (didn't bet)
Seat 2: Lucastitos (button) folded before Flop (didn't bet)
Seat 3: Nazareno1999 (small blind) folded before Flop
Seat 4: DJNezz (big blind) collected ($5)
Seat 5: Conor1109 folded before Flop (didn't bet)
Seat 6: zhino folded before Flop (didn't bet)



PokerStars Hand #254628158542:  Hold'em No Limit ($0.50/$1.00 USD) - 2025/01/30 21:27:21 WET [2025/01/30 16:27:21 ET]
Table 'Primula' 6-max Seat #3 is the button
Seat 1: YeeesMan ($100 in chips) 
Seat 2: Lucastitos ($111.55 in chips) 
Seat 3: Nazareno1999 ($107.87 in chips) 
Seat 4: DJNezz ($113.13 in chips) 
Seat 5: Conor1109 ($92.61 in chips) 
Seat 6: zhino ($108.58 in chips) 
DJNezz: posts small blind $0.50
Conor1109: posts big blind $1
*** HOLE CARDS ***
zhino: folds 
YeeesMan: folds 
Lucastitos: folds 
Nazareno1999: folds 
DJNezz: raises $2 to $3
Conor1109: calls $2
*** FLOP *** [9d Th 6d]
DJNezz: checks 
Conor1109: bets $5.70
DJNezz: folds 
Uncalled bet ($5.70) returned to Conor1109
Conor1109 collected $5.70 from pot
Conor1109: doesn't show hand 
*** SUMMARY ***
Total pot $6 | Rake $0.30 
Board [9d Th 6d]
Seat 1: YeeesMan folded before Flop (didn't bet)
Seat 2: Lucastitos folded before Flop (didn't bet)
Seat 3: Nazareno1999 (button) folded before Flop (didn't bet)
Seat 4: DJNezz (small blind) folded on the Flop
Seat 5: Conor1109 (big blind) collected ($5.70)
Seat 6: zhino folded before Flop (didn't bet)



PokerStars Hand #254628167964:  Hold'em No Limit ($0.50/$1.00 USD) - 2025/01/30 21:27:51 WET [2025/01/30 16:27:51 ET]
Table 'Primula' 6-max Seat #4 is the button
Seat 1: YeeesMan ($100 in chips) 
Seat 2: Lucastitos ($111.55 in chips) 
Seat 3: Nazareno1999 ($107.87 in chips) 
Seat 4: DJNezz ($110.13 in chips) 
Seat 5: Conor1109 ($95.31 in chips) 
Seat 6: zhino ($108.58 in chips) 
Conor1109: posts small blind $0.50
zhino: posts big blind $1
*** HOLE CARDS ***
YeeesMan: folds 
Lucastitos: raises $1.10 to $2.10
Nazareno1999: folds 
DJNezz: folds 
Conor1109: folds 
zhino: calls $1.10
*** FLOP *** [Ad Jc 3s]
zhino: checks 
Lucastitos: checks 
*** TURN *** [Ad Jc 3s] [Kh]
zhino: checks 
Lucastitos: checks 
*** RIVER *** [Ad Jc 3s Kh] [4h]
zhino: checks 
Lucastitos: checks 
*** SHOW DOWN ***
zhino: shows [6h 6d] (a pair of Sixes)
Lucastitos: shows [Jh Qc] (a pair of Jacks)
Lucastitos collected $4.46 from pot
*** SUMMARY ***
Total pot $4.70 | Rake $0.24 
Board [Ad Jc 3s Kh 4h]
Seat 1: YeeesMan folded before Flop (didn't bet)
Seat 2: Lucastitos showed [Jh Qc] and won ($4.46) with a pair of Jacks
Seat 3: Nazareno1999 folded before Flop (didn't bet)
Seat 4: DJNezz (button) folded before Flop (didn't bet)
Seat 5: Conor1109 (small blind) folded before Flop
Seat 6: zhino (big blind) showed [6h 6d] and lost with a pair of Sixes



PokerStars Hand #254628185305:  Hold'em No Limit ($0.50/$1.00 USD) - 2025/01/30 21:28:48 WET [2025/01/30 16:28:48 ET]
Table 'Primula' 6-max Seat #5 is the button
Seat 1: YeeesMan ($100 in chips) 
Seat 2: Lucastitos ($113.91 in chips) 
Seat 3: Nazareno1999 ($107.87 in chips) 
Seat 4: DJNezz ($110.13 in chips) 
Seat 5: Conor1109 ($94.81 in chips) 
Seat 6: zhino ($106.48 in chips) 
zhino: posts small blind $0.50
YeeesMan: posts big blind $1
*** HOLE CARDS ***
Lucastitos: folds 
Nazareno1999: raises $1.20 to $2.20
DJNezz: folds 
Conor1109: raises $8.20 to $10.40
zhino: folds 
YeeesMan: folds 
Nazareno1999: calls $8.20
*** FLOP *** [6c 8c 9d]
Nazareno1999: checks 
Conor1109: checks 
*** TURN *** [6c 8c 9d] [Jh]
Nazareno1999: checks 
Conor1109: checks 
*** RIVER *** [6c 8c 9d Jh] [8h]
Nazareno1999: checks 
Conor1109: checks 
*** SHOW DOWN ***
Nazareno1999: shows [6h 7h] (two pair, Eights and Sixes)
Conor1109: mucks hand 
Nazareno1999 collected $21.18 from pot
*** SUMMARY ***
Total pot $22.30 | Rake $1.12 
Board [6c 8c 9d Jh 8h]
Seat 1: YeeesMan (big blind) folded before Flop
Seat 2: Lucastitos folded before Flop (didn't bet)
Seat 3: Nazareno1999 showed [6h 7h] and won ($21.18) with two pair, Eights and Sixes
Seat 4: DJNezz folded before Flop (didn't bet)
Seat 5: Conor1109 (button) mucked
Seat 6: zhino (small blind) folded before Flop



PokerStars Hand #254628202590:  Hold'em No Limit ($0.50/$1.00 USD) - 2025/01/30 21:29:43 WET [2025/01/30 16:29:43 ET]
Table 'Primula' 6-max Seat #6 is the button
Seat 1: YeeesMan ($100 in chips) 
Seat 2: Lucastitos ($113.91 in chips) 
Seat 3: Nazareno1999 ($118.65 in chips) 
Seat 4: DJNezz ($110.13 in chips) 
Seat 5: Conor1109 ($84.41 in chips) 
Seat 6: zhino ($105.98 in chips) 
YeeesMan: posts small blind $0.50
Lucastitos: posts big blind $1
*** HOLE CARDS ***
Nazareno1999: folds 
DJNezz: folds 
Conor1109: raises $4.50 to $5.50
zhino: folds 
YeeesMan: folds 
Lucastitos: folds 
Uncalled bet ($4.50) returned to Conor1109
Conor1109 collected $2.50 from pot
Conor1109: doesn't show hand 
*** SUMMARY ***
Total pot $2.50 | Rake $0 
Seat 1: YeeesMan (small blind) folded before Flop
Seat 2: Lucastitos (big blind) folded before Flop
Seat 3: Nazareno1999 folded before Flop (didn't bet)
Seat 4: DJNezz folded before Flop (didn't bet)
Seat 5: Conor1109 collected ($2.50)
Seat 6: zhino (button) folded before Flop (didn't bet)



PokerStars Hand #254628208630:  Hold'em No Limit ($0.50/$1.00 USD) - 2025/01/30 21:30:03 WET [2025/01/30 16:30:03 ET]
Table 'Primula' 6-max Seat #1 is the button
Seat 1: YeeesMan ($100 in chips) 
Seat 2: Lucastitos ($112.91 in chips) 
Seat 3: Nazareno1999 ($118.65 in chips) 
Seat 4: DJNezz ($110.13 in chips) 
Seat 5: Conor1109 ($85.91 in chips) 
Seat 6: zhino ($105.98 in chips) 
Lucastitos: posts small blind $0.50
Nazareno1999: posts big blind $1
*** HOLE CARDS ***
DJNezz: folds 
Conor1109: folds 
zhino: folds 
YeeesMan: folds 
Lucastitos: folds 
Uncalled bet ($0.50) returned to Nazareno1999
Nazareno1999 collected $1 from pot
Nazareno1999: doesn't show hand 
*** SUMMARY ***
Total pot $1 | Rake $0 
Seat 1: YeeesMan (button) folded before Flop (didn't bet)
Seat 2: Lucastitos (small blind) folded before Flop
Seat 3: Nazareno1999 (big blind) collected ($1)
Seat 4: DJNezz folded before Flop (didn't bet)
Seat 5: Conor1109 folded before Flop (didn't bet)
Seat 6: zhino folded before Flop (didn't bet)



PokerStars Hand #254628212982:  Hold'em No Limit ($0.50/$1.00 USD) - 2025/01/30 21:30:17 WET [2025/01/30 16:30:17 ET]
Table 'Primula' 6-max Seat #2 is the button
Seat 1: YeeesMan ($100 in chips) 
Seat 2: Lucastitos ($112.41 in chips) 
Seat 3: Nazareno1999 ($119.15 in chips) 
Seat 4: DJNezz ($110.13 in chips) 
Seat 5: Conor1109 ($85.91 in chips) 
Seat 6: zhino ($105.98 in chips) 
Nazareno1999: posts small blind $0.50
DJNezz: posts big blind $1
*** HOLE CARDS ***
Conor1109: raises $2.50 to $3.50
zhino: folds 
YeeesMan: folds 
Lucastitos: folds 
Nazareno1999: folds 
DJNezz: folds 
Uncalled bet ($2.50) returned to Conor1109
Conor1109 collected $2.50 from pot
Conor1109: doesn't show hand 
*** SUMMARY ***
Total pot $2.50 | Rake $0 
Seat 1: YeeesMan folded before Flop (didn't bet)
Seat 2: Lucastitos (button) folded before Flop (didn't bet)
Seat 3: Nazareno1999 (small blind) folded before Flop
Seat 4: DJNezz (big blind) folded before Flop
Seat 5: Conor1109 collected ($2.50)
Seat 6: zhino folded before Flop (didn't bet)



PokerStars Hand #254628221241:  Hold'em No Limit ($0.50/$1.00 USD) - 2025/01/30 21:30:43 WET [2025/01/30 16:30:43 ET]
Table 'Primula' 6-max Seat #3 is the button
Seat 1: YeeesMan ($100 in chips) 
Seat 2: Lucastitos ($112.41 in chips) 
Seat 3: Nazareno1999 ($118.65 in chips) 
Seat 4: DJNezz ($109.13 in chips) 
Seat 5: Conor1109 ($87.41 in chips) 
Seat 6: zhino ($105.98 in chips) 
DJNezz: posts small blind $0.50
Conor1109: posts big blind $1
*** HOLE CARDS ***
zhino: folds 
YeeesMan: folds 
Lucastitos: folds 
Nazareno1999: folds 
DJNezz: raises $2 to $3
Conor1109: calls $2
*** FLOP *** [Ah 7s Jd]
DJNezz: checks 
Conor1109: bets $5.70
DJNezz: calls $5.70
*** TURN *** [Ah 7s Jd] [6c]
DJNezz: checks 
Conor1109: checks 
*** RIVER *** [Ah 7s Jd 6c] [3h]
DJNezz: checks 
Conor1109: checks 
*** SHOW DOWN ***
DJNezz: shows [Jc Qh] (a pair of Jacks)
Conor1109: mucks hand 
DJNezz collected $16.53 from pot
*** SUMMARY ***
Total pot $17.40 | Rake $0.87 
Board [Ah 7s Jd 6c 3h]
Seat 1: YeeesMan folded before Flop (didn't bet)
Seat 2: Lucastitos folded before Flop (didn't bet)
Seat 3: Nazareno1999 (button) folded before Flop (didn't bet)
Seat 4: DJNezz (small blind) showed [Jc Qh] and won ($16.53) with a pair of Jacks
Seat 5: Conor1109 (big blind) mucked
Seat 6: zhino folded before Flop (didn't bet)



PokerStars Hand #254628237483:  Hold'em No Limit ($0.50/$1.00 USD) - 2025/01/30 21:31:36 WET [2025/01/30 16:31:36 ET]
Table 'Primula' 6-max Seat #4 is the button
Seat 1: YeeesMan ($100 in chips) 
Seat 2: Lucastitos ($112.41 in chips) 
Seat 3: Nazareno1999 ($118.65 in chips) 
Seat 4: DJNezz ($116.96 in chips) 
Seat 5: Conor1109 ($78.71 in chips) 
Seat 6: zhino ($105.98 in chips) 
Conor1109: posts small blind $0.50
zhino: posts big blind $1
*** HOLE CARDS ***
YeeesMan: raises $1.50 to $2.50
Lucastitos: calls $2.50
Nazareno1999: folds 
DJNezz: folds 
Conor1109: raises $8.50 to $11
zhino: folds 
YeeesMan: folds 
Lucastitos: calls $8.50
*** FLOP *** [4c 2c Ts]
Conor1109: bets $67.71 and is all-in
Lucastitos: folds 
Uncalled bet ($67.71) returned to Conor1109
Conor1109 collected $24.22 from pot
Conor1109: doesn't show hand 
*** SUMMARY ***
Total pot $25.50 | Rake $1.28 
Board [4c 2c Ts]
Seat 1: YeeesMan folded before Flop
Seat 2: Lucastitos folded on the Flop
Seat 3: Nazareno1999 folded before Flop (didn't bet)
Seat 4: DJNezz (button) folded before Flop (didn't bet)
Seat 5: Conor1109 (small blind) collected ($24.22)
Seat 6: zhino (big blind) folded before Flop



PokerStars Hand #254628253790:  Hold'em No Limit ($0.50/$1.00 USD) - 2025/01/30 21:32:29 WET [2025/01/30 16:32:29 ET]
Table 'Primula' 6-max Seat #5 is the button
Seat 1: YeeesMan ($100 in chips) 
Seat 2: Lucastitos ($101.41 in chips) 
Seat 3: Nazareno1999 ($118.65 in chips) 
Seat 4: DJNezz ($116.96 in chips) 
Seat 5: Conor1109 ($91.93 in chips) 
Seat 6: zhino ($104.98 in chips) 
zhino: posts small blind $0.50
YeeesMan: posts big blind $1
*** HOLE CARDS ***
Lucastitos: folds 
Nazareno1999: folds 
DJNezz: folds 
Conor1109: calls $1
zhino: raises $4.70 to $5.70
YeeesMan: folds 
Conor1109: calls $4.70
*** FLOP *** [3c 7d 6h]
zhino: checks 
Conor1109: checks 
*** TURN *** [3c 7d 6h] [6d]
zhino: bets $3.42
Conor1109: calls $3.42
*** RIVER *** [3c 7d 6h 6d] [5s]
zhino: bets $9.32
Conor1109: calls $9.32
*** SHOW DOWN ***
zhino: shows [Td Ad] (a pair of Sixes)
Conor1109: shows [5d 3d] (two pair, Sixes and Fives)
Conor1109 collected $35.99 from pot
*** SUMMARY ***
Total pot $37.88 | Rake $1.89 
Board [3c 7d 6h 6d 5s]
Seat 1: YeeesMan (big blind) folded before Flop
Seat 2: Lucastitos folded before Flop (didn't bet)
Seat 3: Nazareno1999 folded before Flop (didn't bet)
Seat 4: DJNezz folded before Flop (didn't bet)
Seat 5: Conor1109 (button) showed [5d 3d] and won ($35.99) with two pair, Sixes and Fives
Seat 6: zhino (small blind) showed [Td Ad] and lost with a pair of Sixes



PokerStars Hand #254628270391:  Hold'em No Limit ($0.50/$1.00 USD) - 2025/01/30 21:33:23 WET [2025/01/30 16:33:23 ET]
Table 'Primula' 6-max Seat #6 is the button
Seat 1: YeeesMan ($100 in chips) 
Seat 2: Lucastitos ($101.41 in chips) 
Seat 3: Nazareno1999 ($118.65 in chips) 
Seat 4: DJNezz ($116.96 in chips) 
Seat 5: Conor1109 ($109.48 in chips) 
Seat 6: zhino ($100 in chips) 
YeeesMan: posts small blind $0.50
Lucastitos: posts big blind $1
*** HOLE CARDS ***
Nazareno1999: folds 
DJNezz: raises $1.20 to $2.20
Conor1109: calls $2.20
zhino: calls $2.20
YeeesMan: raises $12.80 to $15
Lucastitos: folds 
DJNezz: raises $101.96 to $116.96 and is all-in
Conor1109: folds 
zhino: folds 
YeeesMan: calls $85 and is all-in
Uncalled bet ($16.96) returned to DJNezz
Conor1109 leaves the table
*** FLOP *** [Jh 2s 4s]
*** TURN *** [Jh 2s 4s] [3d]
*** RIVER *** [Jh 2s 4s 3d] [5d]
*** SHOW DOWN ***
YeeesMan: shows [Kc Kh] (a pair of Kings)
DJNezz: shows [Jd Jc] (three of a kind, Jacks)
DJNezz collected $202.90 from pot
*** SUMMARY ***
Total pot $205.40 | Rake $2.50 
Board [Jh 2s 4s 3d 5d]
Seat 1: YeeesMan (small blind) showed [Kc Kh] and lost with a pair of Kings
Seat 2: Lucastitos (big blind) folded before Flop
Seat 3: Nazareno1999 folded before Flop (didn't bet)
Seat 4: DJNezz showed [Jd Jc] and won ($202.90) with three of a kind, Jacks
Seat 5: Conor1109 folded before Flop
Seat 6: zhino (button) folded before Flop



PokerStars Hand #254628291229:  Hold'em No Limit ($0.50/$1.00 USD) - 2025/01/30 21:34:31 WET [2025/01/30 16:34:31 ET]
Table 'Primula' 6-max Seat #1 is the button
Seat 1: YeeesMan ($100 in chips) 
Seat 2: Lucastitos ($100.41 in chips) 
Seat 3: Nazareno1999 ($118.65 in chips) 
Seat 4: DJNezz ($219.86 in chips) 
Seat 6: zhino ($100 in chips) 
Lucastitos: posts small blind $0.50
Nazareno1999: posts big blind $1
*** HOLE CARDS ***
DJNezz: folds 
zhino: raises $1.79 to $2.79
YeeesMan: folds 
Lucastitos: folds 
Nazareno1999: folds 
Uncalled bet ($1.79) returned to zhino
zhino collected $2.50 from pot
zhino: doesn't show hand 
*** SUMMARY ***
Total pot $2.50 | Rake $0 
Seat 1: YeeesMan (button) folded before Flop (didn't bet)
Seat 2: Lucastitos (small blind) folded before Flop
Seat 3: Nazareno1999 (big blind) folded before Flop
Seat 4: DJNezz folded before Flop (didn't bet)
Seat 6: zhino collected ($2.50)



PokerStars Hand #254628300036:  Hold'em No Limit ($0.50/$1.00 USD) - 2025/01/30 21:35:00 WET [2025/01/30 16:35:00 ET]
Table 'Primula' 6-max Seat #2 is the button
Seat 1: YeeesMan ($100 in chips) 
Seat 2: Lucastitos ($100 in chips) 
Seat 3: Nazareno1999 ($117.65 in chips) 
Seat 4: DJNezz ($219.86 in chips) 
Seat 6: zhino ($101.50 in chips) 
Nazareno1999: posts small blind $0.50
DJNezz: posts big blind $1
*** HOLE CARDS ***
zhino: folds 
YeeesMan: folds 
Lucastitos: folds 
Nazareno1999: folds 
Uncalled bet ($0.50) returned to DJNezz
DJNezz collected $1 from pot
*** SUMMARY ***
Total pot $1 | Rake $0 
Seat 1: YeeesMan folded before Flop (didn't bet)
Seat 2: Lucastitos (button) folded before Flop (didn't bet)
Seat 3: Nazareno1999 (small blind) folded before Flop
Seat 4: DJNezz (big blind) collected ($1)
Seat 6: zhino folded before Flop (didn't bet)



PokerStars Hand #254628307570:  Hold'em No Limit ($0.50/$1.00 USD) - 2025/01/30 21:35:24 WET [2025/01/30 16:35:24 ET]
Table 'Primula' 6-max Seat #3 is the button
Seat 1: YeeesMan ($100 in chips) 
Seat 2: Lucastitos ($100 in chips) 
Seat 3: Nazareno1999 ($117.15 in chips) 
Seat 4: DJNezz ($220.36 in chips) 
Seat 6: zhino ($101.50 in chips) 
DJNezz: posts small blind $0.50
zhino: posts big blind $1
*** HOLE CARDS ***
YeeesMan: raises $1.50 to $2.50
Lucastitos: folds 
Nazareno1999: folds 
DJNezz: folds 
zhino: folds 
Uncalled bet ($1.50) returned to YeeesMan
YeeesMan collected $2.50 from pot
YeeesMan: doesn't show hand 
*** SUMMARY ***
Total pot $2.50 | Rake $0 
Seat 1: YeeesMan collected ($2.50)
Seat 2: Lucastitos folded before Flop (didn't bet)
Seat 3: Nazareno1999 (button) folded before Flop (didn't bet)
Seat 4: DJNezz (small blind) folded before Flop
Seat 6: zhino (big blind) folded before Flop



PokerStars Hand #254628315072:  Hold'em No Limit ($0.50/$1.00 USD) - 2025/01/30 21:35:49 WET [2025/01/30 16:35:49 ET]
Table 'Primula' 6-max Seat #4 is the button
Seat 2: Lucastitos ($100 in chips) 
Seat 3: Nazareno1999 ($117.15 in chips) 
Seat 4: DJNezz ($219.86 in chips) 
Seat 6: zhino ($100.50 in chips) 
zhino: posts small blind $0.50
Lucastitos: posts big blind $1
*** HOLE CARDS ***
Nazareno1999: raises $1.20 to $2.20
DJNezz: folds 
zhino: folds 
Lucastitos: folds 
Uncalled bet ($1.20) returned to Nazareno1999
Nazareno1999 collected $2.50 from pot
Nazareno1999: doesn't show hand 
*** SUMMARY ***
Total pot $2.50 | Rake $0 
Seat 2: Lucastitos (big blind) folded before Flop
Seat 3: Nazareno1999 collected ($2.50)
Seat 4: DJNezz (button) folded before Flop (didn't bet)
Seat 6: zhino (small blind) folded before Flop



PokerStars Hand #254628319698:  Hold'em No Limit ($0.50/$1.00 USD) - 2025/01/30 21:36:04 WET [2025/01/30 16:36:04 ET]
Table 'Primula' 6-max Seat #6 is the button
Seat 3: Nazareno1999 ($118.65 in chips) is sitting out
Seat 2: Lucastitos ($100 in chips) 
Seat 4: DJNezz ($219.86 in chips) 
Seat 6: zhino ($100 in chips) 
Lucastitos: posts small blind $0.50
Nazareno1999: is sitting out 
DJNezz: posts big blind $1
*** HOLE CARDS ***
zhino: folds 
Nazareno1999 leaves the table
Lucastitos: raises $1.90 to $2.90
DJNezz: calls $1.90
*** FLOP *** [4s 8h Kd]
Lucastitos: bets $1.49
toplusen joins the table at seat #1 
toplusen is disconnected 
tintin641 joins the table at seat #3 
DJNezz: calls $1.49
*** TURN *** [4s 8h Kd] [Qd]
Lucastitos: checks 
DJNezz: checks 
*** RIVER *** [4s 8h Kd Qd] [Jh]
Nazareno1999 joins the table at seat #5 
Lucastitos: bets $2.75
DJNezz: raises $212.72 to $215.47 and is all-in
Lucastitos: folds 
Uncalled bet ($212.72) returned to DJNezz
DJNezz collected $13.57 from pot
*** SUMMARY ***
Total pot $14.28 | Rake $0.71 
Board [4s 8h Kd Qd Jh]
Seat 3: Nazareno1999
Seat 2: Lucastitos (small blind) folded on the River
Seat 4: DJNezz (big blind) collected ($13.57)
Seat 6: zhino (button) folded before Flop (didn't bet)



PokerStars Hand #254628346737:  Hold'em No Limit ($0.50/$1.00 USD) - 2025/01/30 21:37:33 WET [2025/01/30 16:37:33 ET]
Table 'Primula' 6-max Seat #2 is the button
Seat 3: tintin641 ($100 in chips) is sitting out
Seat 1: toplusen ($57.30 in chips) 
Seat 2: Lucastitos ($100 in chips) 
Seat 4: DJNezz ($226.29 in chips) 
Seat 5: Nazareno1999 ($118.65 in chips) 
Seat 6: zhino ($100 in chips) 
DJNezz: posts small blind $0.50
Nazareno1999: posts big blind $1
toplusen: posts big blind $1
*** HOLE CARDS ***
zhino: folds 
toplusen: checks 
Lucastitos: folds 
DJNezz: calls $0.50
Nazareno1999: checks 
*** FLOP *** [6s Th Tc]
DJNezz: checks 
Nazareno1999: checks 
toplusen: checks 
*** TURN *** [6s Th Tc] [6c]
DJNezz: bets $2.14
Nazareno1999: folds 
toplusen: folds 
Uncalled bet ($2.14) returned to DJNezz
DJNezz collected $2.85 from pot
*** SUMMARY ***
Total pot $3 | Rake $0.15 
Board [6s Th Tc 6c]
Seat 3: tintin641
Seat 1: toplusen folded on the Turn (didn't bet)
Seat 2: Lucastitos (button) folded before Flop (didn't bet)
Seat 4: DJNezz (small blind) collected ($2.85)
Seat 5: Nazareno1999 (big blind) folded on the Turn
Seat 6: zhino folded before Flop (didn't bet)



PokerStars Hand #254628361428:  Hold'em No Limit ($0.50/$1.00 USD) - 2025/01/30 21:38:22 WET [2025/01/30 16:38:22 ET]
Table 'Primula' 6-max Seat #4 is the button
Seat 3: tintin641 ($100 in chips) is sitting out
Seat 6: zhino ($100 in chips) is sitting out
Seat 1: toplusen ($56.30 in chips) 
Seat 2: Lucastitos ($100 in chips) 
Seat 4: DJNezz ($228.14 in chips) 
Seat 5: Nazareno1999 ($117.65 in chips) 
Nazareno1999: posts small blind $0.50
zhino: is sitting out 
toplusen: posts big blind $1
tintin641: sits out 
*** HOLE CARDS ***
Lucastitos: folds 
DJNezz: raises $1.20 to $2.20
Nazareno1999: folds 
toplusen: calls $1.20
*** FLOP *** [Js 6c 6d]
toplusen: checks 
DJNezz: bets $1.54
toplusen: calls $1.54
*** TURN *** [Js 6c 6d] [Kc]
toplusen: checks 
DJNezz: checks 
*** RIVER *** [Js 6c 6d Kc] [Td]
toplusen: bets $2.79
DJNezz: folds 
Uncalled bet ($2.79) returned to toplusen
toplusen collected $7.58 from pot
*** SUMMARY ***
Total pot $7.98 | Rake $0.40 
Board [Js 6c 6d Kc Td]
Seat 3: tintin641
Seat 6: zhino
Seat 1: toplusen (big blind) collected ($7.58)
Seat 2: Lucastitos folded before Flop (didn't bet)
Seat 4: DJNezz (button) folded on the River
Seat 5: Nazareno1999 (small blind) folded before Flop



PokerStars Hand #254628375789:  Hold'em No Limit ($0.50/$1.00 USD) - 2025/01/30 21:39:09 WET [2025/01/30 16:39:09 ET]
Table 'Primula' 6-max Seat #5 is the button
Seat 3: tintin641 ($100 in chips) is sitting out
Seat 6: zhino ($100 in chips) is sitting out
Seat 1: toplusen ($60.14 in chips) 
Seat 2: Lucastitos ($100 in chips) 
Seat 4: DJNezz ($224.40 in chips) 
Seat 5: Nazareno1999 ($117.15 in chips) 
toplusen: posts small blind $0.50
Lucastitos: posts big blind $1
tintin641: sits out 
*** HOLE CARDS ***
DJNezz: folds 
Nazareno1999: folds 
toplusen: raises $1 to $2
Lucastitos: calls $1
*** FLOP *** [5s 6h 4d]
toplusen: bets $1.90
Lucastitos: calls $1.90
*** TURN *** [5s 6h 4d] [As]
toplusen: checks 
Lucastitos: checks 
*** RIVER *** [5s 6h 4d As] [Jd]
toplusen: checks 
Lucastitos: bets $2.45
toplusen: calls $2.45
*** SHOW DOWN ***
Lucastitos: shows [8s Th] (high card Ace)
toplusen: shows [4c Tc] (a pair of Fours)
toplusen collected $12.06 from pot
*** SUMMARY ***
Total pot $12.70 | Rake $0.64 
Board [5s 6h 4d As Jd]
Seat 3: tintin641
Seat 6: zhino
Seat 1: toplusen (small blind) showed [4c Tc] and won ($12.06) with a pair of Fours
Seat 2: Lucastitos (big blind) showed [8s Th] and lost with high card Ace
Seat 4: DJNezz folded before Flop (didn't bet)
Seat 5: Nazareno1999 (button) folded before Flop (didn't bet)



PokerStars Hand #254628388233:  Hold'em No Limit ($0.50/$1.00 USD) - 2025/01/30 21:39:50 WET [2025/01/30 16:39:50 ET]
Table 'Primula' 6-max Seat #1 is the button
Seat 6: zhino ($100 in chips) is sitting out
Seat 1: toplusen ($65.85 in chips) 
Seat 2: Lucastitos ($100 in chips) 
Seat 3: tintin641 ($100 in chips) 
Seat 4: DJNezz ($224.40 in chips) 
Seat 5: Nazareno1999 ($117.15 in chips) 
Lucastitos: posts small blind $0.50
tintin641: posts big blind $1
*** HOLE CARDS ***
DJNezz: folds 
Nazareno1999: folds 
toplusen: raises $1 to $2
Lucastitos: folds 
tintin641: calls $1
*** FLOP *** [Jh Qc 7s]
tintin641: checks 
toplusen: checks 
*** TURN *** [Jh Qc 7s] [Ah]
tintin641: checks 
toplusen: bets $2.14
tintin641: calls $2.14
*** RIVER *** [Jh Qc 7s Ah] [4h]
tintin641: checks 
toplusen: checks 
*** SHOW DOWN ***
tintin641: shows [Ad 6s] (a pair of Aces)
toplusen: mucks hand 
tintin641 collected $8.34 from pot
*** SUMMARY ***
Total pot $8.78 | Rake $0.44 
Board [Jh Qc 7s Ah 4h]
Seat 6: zhino
Seat 1: toplusen (button) mucked
Seat 2: Lucastitos (small blind) folded before Flop
Seat 3: tintin641 (big blind) showed [Ad 6s] and won ($8.34) with a pair of Aces
Seat 4: DJNezz folded before Flop (didn't bet)
Seat 5: Nazareno1999 folded before Flop (didn't bet)



PokerStars Hand #254628405330:  Hold'em No Limit ($0.50/$1.00 USD) - 2025/01/30 21:40:47 WET [2025/01/30 16:40:47 ET]
Table 'Primula' 6-max Seat #2 is the button
Seat 6: zhino ($100 in chips) is sitting out
Seat 1: toplusen ($61.71 in chips) 
Seat 2: Lucastitos ($100 in chips) 
Seat 3: tintin641 ($104.20 in chips) 
Seat 4: DJNezz ($224.40 in chips) 
Seat 5: Nazareno1999 ($117.15 in chips) 
tintin641: posts small blind $0.50
DJNezz: posts big blind $1
*** HOLE CARDS ***
Nazareno1999: folds 
toplusen: raises $1 to $2
Lucastitos: folds 
tintin641: folds 
DJNezz: calls $1
*** FLOP *** [7d 6h 5h]
DJNezz: checks 
toplusen: bets $4.28
DJNezz: folds 
Uncalled bet ($4.28) returned to toplusen
toplusen collected $4.28 from pot
*** SUMMARY ***
Total pot $4.50 | Rake $0.22 
Board [7d 6h 5h]
Seat 6: zhino
Seat 1: toplusen collected ($4.28)
Seat 2: Lucastitos (button) folded before Flop (didn't bet)
Seat 3: tintin641 (small blind) folded before Flop
Seat 4: DJNezz (big blind) folded on the Flop
Seat 5: Nazareno1999 folded before Flop (didn't bet)



PokerStars Hand #254628415645:  Hold'em No Limit ($0.50/$1.00 USD) - 2025/01/30 21:41:21 WET [2025/01/30 16:41:21 ET]
Table 'Primula' 6-max Seat #3 is the button
Seat 6: zhino ($100 in chips) is sitting out
Seat 1: toplusen ($63.99 in chips) 
Seat 2: Lucastitos ($100 in chips) 
Seat 3: tintin641 ($103.70 in chips) 
Seat 4: DJNezz ($222.40 in chips) 
Seat 5: Nazareno1999 ($117.15 in chips) 
DJNezz: posts small blind $0.50
Nazareno1999: posts big blind $1
*** HOLE CARDS ***
toplusen: raises $1 to $2
Lucastitos: folds 
tintin641: folds 
DJNezz: folds 
Nazareno1999: folds 
Uncalled bet ($1) returned to toplusen
toplusen collected $2.50 from pot
*** SUMMARY ***
Total pot $2.50 | Rake $0 
Seat 6: zhino
Seat 1: toplusen collected ($2.50)
Seat 2: Lucastitos folded before Flop (didn't bet)
Seat 3: tintin641 (button) folded before Flop (didn't bet)
Seat 4: DJNezz (small blind) folded before Flop
Seat 5: Nazareno1999 (big blind) folded before Flop



PokerStars Hand #254628419427:  Hold'em No Limit ($0.50/$1.00 USD) - 2025/01/30 21:41:34 WET [2025/01/30 16:41:34 ET]
Table 'Primula' 6-max Seat #4 is the button
Seat 6: zhino ($100 in chips) is sitting out
Seat 1: toplusen ($65.49 in chips) 
Seat 2: Lucastitos ($100 in chips) 
Seat 3: tintin641 ($103.70 in chips) 
Seat 4: DJNezz ($221.90 in chips) 
Seat 5: Nazareno1999 ($116.15 in chips) 
Nazareno1999: posts small blind $0.50
toplusen: posts big blind $1
*** HOLE CARDS ***
Lucastitos: folds 
tintin641: folds 
DJNezz: raises $1.20 to $2.20
Nazareno1999: raises $8.80 to $11
toplusen: folds 
DJNezz: raises $14 to $25
Nazareno1999: folds 
Uncalled bet ($14) returned to DJNezz
DJNezz collected $23 from pot
*** SUMMARY ***
Total pot $23 | Rake $0 
Seat 6: zhino
Seat 1: toplusen (big blind) folded before Flop
Seat 2: Lucastitos folded before Flop (didn't bet)
Seat 3: tintin641 folded before Flop (didn't bet)
Seat 4: DJNezz (button) collected ($23)
Seat 5: Nazareno1999 (small blind) folded before Flop



PokerStars Hand #254628431432:  Hold'em No Limit ($0.50/$1.00 USD) - 2025/01/30 21:42:14 WET [2025/01/30 16:42:14 ET]
Table 'Primula' 6-max Seat #5 is the button
Seat 6: zhino ($100 in chips) is sitting out
Seat 1: toplusen ($64.49 in chips) 
Seat 2: Lucastitos ($100 in chips) 
Seat 3: tintin641 ($103.70 in chips) 
Seat 4: DJNezz ($233.90 in chips) 
Seat 5: Nazareno1999 ($105.15 in chips) 
toplusen: posts small blind $0.50
Lucastitos: posts big blind $1
*** HOLE CARDS ***
tintin641: folds 
DJNezz: folds 
Nazareno1999: raises $1.20 to $2.20
toplusen: calls $1.70
Lucastitos: folds 
*** FLOP *** [5h 7s 9s]
toplusen: checks 
Nazareno1999: bets $3.39
toplusen: calls $3.39
*** TURN *** [5h 7s 9s] [Jc]
toplusen: checks 
Nazareno1999: bets $8.68
toplusen: calls $8.68
*** RIVER *** [5h 7s 9s Jc] [9c]
toplusen: checks 
Nazareno1999: bets $9.26
toplusen: calls $9.26
*** SHOW DOWN ***
Nazareno1999: shows [Js Qs] (two pair, Jacks and Nines)
toplusen: mucks hand 
Nazareno1999 collected $45.66 from pot
*** SUMMARY ***
Total pot $48.06 | Rake $2.40 
Board [5h 7s 9s Jc 9c]
Seat 6: zhino
Seat 1: toplusen (small blind) mucked
Seat 2: Lucastitos (big blind) folded before Flop
Seat 3: tintin641 folded before Flop (didn't bet)
Seat 4: DJNezz folded before Flop (didn't bet)
Seat 5: Nazareno1999 (button) showed [Js Qs] and won ($45.66) with two pair, Jacks and Nines



PokerStars Hand #254628444919:  Hold'em No Limit ($0.50/$1.00 USD) - 2025/01/30 21:42:58 WET [2025/01/30 16:42:58 ET]
Table 'Primula' 6-max Seat #1 is the button
Seat 6: zhino ($100 in chips) is sitting out
Seat 1: toplusen ($40.96 in chips) 
Seat 2: Lucastitos ($100 in chips) 
Seat 3: tintin641 ($103.70 in chips) 
Seat 4: DJNezz ($233.90 in chips) 
Seat 5: Nazareno1999 ($127.28 in chips) 
Lucastitos: posts small blind $0.50
tintin641: posts big blind $1
*** HOLE CARDS ***
DJNezz: folds 
Nazareno1999: folds 
toplusen: raises $1 to $2
Lucastitos: folds 
tintin641: folds 
Uncalled bet ($1) returned to toplusen
toplusen collected $2.50 from pot
*** SUMMARY ***
Total pot $2.50 | Rake $0 
Seat 6: zhino
Seat 1: toplusen (button) collected ($2.50)
Seat 2: Lucastitos (small blind) folded before Flop
Seat 3: tintin641 (big blind) folded before Flop
Seat 4: DJNezz folded before Flop (didn't bet)
Seat 5: Nazareno1999 folded before Flop (didn't bet)



PokerStars Hand #254628454073:  Hold'em No Limit ($0.50/$1.00 USD) - 2025/01/30 21:43:29 WET [2025/01/30 16:43:29 ET]
Table 'Primula' 6-max Seat #2 is the button
Seat 6: zhino ($100 in chips) is sitting out
Seat 1: toplusen ($42.46 in chips) 
Seat 2: Lucastitos ($100 in chips) 
Seat 3: tintin641 ($102.70 in chips) 
Seat 4: DJNezz ($233.90 in chips) 
Seat 5: Nazareno1999 ($127.28 in chips) 
tintin641: posts small blind $0.50
DJNezz: posts big blind $1
*** HOLE CARDS ***
Nazareno1999: folds 
toplusen: folds 
Lucastitos: raises $1.40 to $2.40
tintin641: folds 
DJNezz: raises $9.60 to $12
Lucastitos: folds 
Uncalled bet ($9.60) returned to DJNezz
DJNezz collected $5.30 from pot
*** SUMMARY ***
Total pot $5.30 | Rake $0 
Seat 6: zhino
Seat 1: toplusen folded before Flop (didn't bet)
Seat 2: Lucastitos (button) folded before Flop
Seat 3: tintin641 (small blind) folded before Flop
Seat 4: DJNezz (big blind) collected ($5.30)
Seat 5: Nazareno1999 folded before Flop (didn't bet)



PokerStars Hand #254628463386:  Hold'em No Limit ($0.50/$1.00 USD) - 2025/01/30 21:44:00 WET [2025/01/30 16:44:00 ET]
Table 'Primula' 6-max Seat #3 is the button
Seat 6: zhino ($100 in chips) is sitting out
Seat 1: toplusen ($42.46 in chips) 
Seat 2: Lucastitos ($100 in chips) 
Seat 3: tintin641 ($102.20 in chips) 
Seat 4: DJNezz ($236.80 in chips) 
Seat 5: Nazareno1999 ($127.28 in chips) 
DJNezz: posts small blind $0.50
Nazareno1999: posts big blind $1
*** HOLE CARDS ***
toplusen: folds 
Lucastitos: folds 
tintin641: raises $1.50 to $2.50
DJNezz: folds 
Nazareno1999: calls $1.50
*** FLOP *** [Th Qs Kd]
Nazareno1999: checks 
tintin641: bets $2.61
Nazareno1999: calls $2.61
*** TURN *** [Th Qs Kd] [Jc]
Nazareno1999: checks 
tintin641: checks 
*** RIVER *** [Th Qs Kd Jc] [7c]
Nazareno1999: checks 
tintin641: bets $7.64
Nazareno1999: folds 
Uncalled bet ($7.64) returned to tintin641
tintin641 collected $10.18 from pot
tintin641: doesn't show hand 
*** SUMMARY ***
Total pot $10.72 | Rake $0.54 
Board [Th Qs Kd Jc 7c]
Seat 6: zhino
Seat 1: toplusen folded before Flop (didn't bet)
Seat 2: Lucastitos folded before Flop (didn't bet)
Seat 3: tintin641 (button) collected ($10.18)
Seat 4: DJNezz (small blind) folded before Flop
Seat 5: Nazareno1999 (big blind) folded on the River



PokerStars Hand #254628485839:  Hold'em No Limit ($0.50/$1.00 USD) - 2025/01/30 21:45:15 WET [2025/01/30 16:45:15 ET]
Table 'Primula' 6-max Seat #4 is the button
Seat 6: zhino ($100 in chips) is sitting out
Seat 1: toplusen ($42.46 in chips) 
Seat 2: Lucastitos ($100 in chips) 
Seat 3: tintin641 ($107.27 in chips) 
Seat 4: DJNezz ($236.30 in chips) 
Seat 5: Nazareno1999 ($122.17 in chips) 
Nazareno1999: posts small blind $0.50
toplusen: posts big blind $1
*** HOLE CARDS ***
Lucastitos: folds 
tintin641: folds 
DJNezz: raises $1.20 to $2.20
Nazareno1999: folds 
toplusen: calls $1.20
*** FLOP *** [6s 4c Ad]
toplusen: checks 
DJNezz: checks 
*** TURN *** [6s 4c Ad] [3s]
toplusen: checks 
DJNezz: checks 
*** RIVER *** [6s 4c Ad 3s] [Js]
toplusen: checks 
DJNezz: bets $3.50
toplusen: calls $3.50
*** SHOW DOWN ***
DJNezz: shows [8s Ks] (a flush, King high)
toplusen: mucks hand 
DJNezz collected $11.30 from pot
*** SUMMARY ***
Total pot $11.90 | Rake $0.60 
Board [6s 4c Ad 3s Js]
Seat 6: zhino
Seat 1: toplusen (big blind) mucked
Seat 2: Lucastitos folded before Flop (didn't bet)
Seat 3: tintin641 folded before Flop (didn't bet)
Seat 4: DJNezz (button) showed [8s Ks] and won ($11.30) with a flush, King high
Seat 5: Nazareno1999 (small blind) folded before Flop



PokerStars Hand #254628502741:  Hold'em No Limit ($0.50/$1.00 USD) - 2025/01/30 21:46:12 WET [2025/01/30 16:46:12 ET]
Table 'Primula' 6-max Seat #5 is the button
Seat 6: zhino ($100 in chips) is sitting out
Seat 1: toplusen ($36.76 in chips) 
Seat 2: Lucastitos ($100 in chips) 
Seat 3: tintin641 ($107.27 in chips) 
Seat 4: DJNezz ($241.90 in chips) 
Seat 5: Nazareno1999 ($121.67 in chips) 
toplusen: posts small blind $0.50
Lucastitos: posts big blind $1
*** HOLE CARDS ***
tintin641: folds 
DJNezz: raises $1.20 to $2.20
Nazareno1999: folds 
toplusen: raises $5.40 to $7.60
Lucastitos: folds 
DJNezz: raises $234.30 to $241.90 and is all-in
toplusen: calls $29.16 and is all-in
Uncalled bet ($205.14) returned to DJNezz
*** FLOP *** [8h 3c 2d]
*** TURN *** [8h 3c 2d] [7h]
*** RIVER *** [8h 3c 2d 7h] [Kd]
*** SHOW DOWN ***
toplusen: shows [Ks Jc] (a pair of Kings)
DJNezz: shows [Ad Qh] (high card Ace)
toplusen collected $72.02 from pot
*** SUMMARY ***
Total pot $74.52 | Rake $2.50 
Board [8h 3c 2d 7h Kd]
Seat 6: zhino
Seat 1: toplusen (small blind) showed [Ks Jc] and won ($72.02) with a pair of Kings
Seat 2: Lucastitos (big blind) folded before Flop
Seat 3: tintin641 folded before Flop (didn't bet)
Seat 4: DJNezz showed [Ad Qh] and lost with high card Ace
Seat 5: Nazareno1999 (button) folded before Flop (didn't bet)



PokerStars Hand #254628518738:  Hold'em No Limit ($0.50/$1.00 USD) - 2025/01/30 21:47:06 WET [2025/01/30 16:47:06 ET]
Table 'Primula' 6-max Seat #1 is the button
Seat 6: zhino ($100 in chips) is sitting out
Seat 1: toplusen ($72.02 in chips) 
Seat 2: Lucastitos ($100 in chips) 
Seat 3: tintin641 ($107.27 in chips) 
Seat 4: DJNezz ($205.14 in chips) 
Seat 5: Nazareno1999 ($121.67 in chips) 
Lucastitos: posts small blind $0.50
tintin641: posts big blind $1
*** HOLE CARDS ***
DJNezz: folds 
Nazareno1999: raises $1.20 to $2.20
toplusen: calls $2.20
Lucastitos: calls $1.70
tintin641: folds 
*** FLOP *** [Tc 8h Jd]
Lucastitos: checks 
Nazareno1999: checks 
toplusen: checks 
*** TURN *** [Tc 8h Jd] [9d]
Lucastitos: bets $5.42
Nazareno1999: folds 
toplusen: folds 
Uncalled bet ($5.42) returned to Lucastitos
Lucastitos collected $7.22 from pot
Lucastitos: doesn't show hand 
*** SUMMARY ***
Total pot $7.60 | Rake $0.38 
Board [Tc 8h Jd 9d]
Seat 6: zhino
Seat 1: toplusen (button) folded on the Turn
Seat 2: Lucastitos (small blind) collected ($7.22)
Seat 3: tintin641 (big blind) folded before Flop
Seat 4: DJNezz folded before Flop (didn't bet)
Seat 5: Nazareno1999 folded on the Turn



PokerStars Hand #254628531879:  Hold'em No Limit ($0.50/$1.00 USD) - 2025/01/30 21:47:50 WET [2025/01/30 16:47:50 ET]
Table 'Primula' 6-max Seat #2 is the button
Seat 6: zhino ($100 in chips) is sitting out
Seat 1: toplusen ($69.82 in chips) 
Seat 2: Lucastitos ($105.02 in chips) 
Seat 3: tintin641 ($106.27 in chips) 
Seat 4: DJNezz ($205.14 in chips) 
Seat 5: Nazareno1999 ($119.47 in chips) 
tintin641: posts small blind $0.50
DJNezz: posts big blind $1
*** HOLE CARDS ***
Nazareno1999: folds 
toplusen: raises $1 to $2
Lucastitos: folds 
tintin641: folds 
DJNezz: calls $1
*** FLOP *** [Kh 2c Qd]
DJNezz: checks 
toplusen: bets $2.14
DJNezz: folds 
Uncalled bet ($2.14) returned to toplusen
toplusen collected $4.28 from pot
*** SUMMARY ***
Total pot $4.50 | Rake $0.22 
Board [Kh 2c Qd]
Seat 6: zhino
Seat 1: toplusen collected ($4.28)
Seat 2: Lucastitos (button) folded before Flop (didn't bet)
Seat 3: tintin641 (small blind) folded before Flop
Seat 4: DJNezz (big blind) folded on the Flop
Seat 5: Nazareno1999 folded before Flop (didn't bet)



PokerStars Hand #254628540752:  Hold'em No Limit ($0.50/$1.00 USD) - 2025/01/30 21:48:20 WET [2025/01/30 16:48:20 ET]
Table 'Primula' 6-max Seat #3 is the button
Seat 6: zhino ($100 in chips) is sitting out
Seat 1: toplusen ($72.10 in chips) 
Seat 2: Lucastitos ($105.02 in chips) 
Seat 3: tintin641 ($105.77 in chips) 
Seat 4: DJNezz ($203.14 in chips) 
Seat 5: Nazareno1999 ($119.47 in chips) 
DJNezz: posts small blind $0.50
Nazareno1999: posts big blind $1
*** HOLE CARDS ***
toplusen: folds 
Lucastitos: raises $1.30 to $2.30
tintin641: folds 
DJNezz: folds 
Nazareno1999: folds 
Uncalled bet ($1.30) returned to Lucastitos
Lucastitos collected $2.50 from pot
Lucastitos: doesn't show hand 
*** SUMMARY ***
Total pot $2.50 | Rake $0 
Seat 6: zhino
Seat 1: toplusen folded before Flop (didn't bet)
Seat 2: Lucastitos collected ($2.50)
Seat 3: tintin641 (button) folded before Flop (didn't bet)
Seat 4: DJNezz (small blind) folded before Flop
Seat 5: Nazareno1999 (big blind) folded before Flop



PokerStars Hand #254628544438:  Hold'em No Limit ($0.50/$1.00 USD) - 2025/01/30 21:48:32 WET [2025/01/30 16:48:32 ET]
Table 'Primula' 6-max Seat #4 is the button
Seat 6: zhino ($100 in chips) is sitting out
Seat 1: toplusen ($72.10 in chips) 
Seat 2: Lucastitos ($106.52 in chips) 
Seat 3: tintin641 ($105.77 in chips) 
Seat 4: DJNezz ($202.64 in chips) 
Seat 5: Nazareno1999 ($118.47 in chips) 
Nazareno1999: posts small blind $0.50
toplusen: posts big blind $1
*** HOLE CARDS ***
Lucastitos: folds 
tintin641: folds 
DJNezz: raises $2 to $3
Nazareno1999: folds 
toplusen: calls $2
*** FLOP *** [Ks Qc 9d]
toplusen: checks 
DJNezz: checks 
*** TURN *** [Ks Qc 9d] [6h]
toplusen: bets $3.09
DJNezz: folds 
Uncalled bet ($3.09) returned to toplusen
toplusen collected $6.18 from pot
zhino leaves the table
*** SUMMARY ***
Total pot $6.50 | Rake $0.32 
Board [Ks Qc 9d 6h]
Seat 6: zhino
Seat 1: toplusen (big blind) collected ($6.18)
Seat 2: Lucastitos folded before Flop (didn't bet)
Seat 3: tintin641 folded before Flop (didn't bet)
Seat 4: DJNezz (button) folded on the Turn
Seat 5: Nazareno1999 (small blind) folded before Flop



PokerStars Hand #254628556759:  Hold'em No Limit ($0.50/$1.00 USD) - 2025/01/30 21:49:14 WET [2025/01/30 16:49:14 ET]
Table 'Primula' 6-max Seat #5 is the button
Seat 1: toplusen ($75.28 in chips) 
Seat 2: Lucastitos ($106.52 in chips) 
Seat 3: tintin641 ($105.77 in chips) 
Seat 4: DJNezz ($199.64 in chips) 
Seat 5: Nazareno1999 ($117.97 in chips) 
toplusen: posts small blind $0.50
Lucastitos: posts big blind $1
*** HOLE CARDS ***
tintin641: folds 
DJNezz: folds 
Nazareno1999: raises $1.20 to $2.20
toplusen: calls $1.70
Lucastitos: folds 
*** FLOP *** [Jd 8s 5d]
toplusen: bets $2.57
Nazareno1999: calls $2.57
*** TURN *** [Jd 8s 5d] [Kd]
toplusen: checks 
Nazareno1999: checks 
*** RIVER *** [Jd 8s 5d Kd] [4d]
toplusen: checks 
Nazareno1999: bets $3.30
BoyLoc0 joins the table at seat #6 
toplusen: folds 
Uncalled bet ($3.30) returned to Nazareno1999
Nazareno1999 collected $10.01 from pot
Nazareno1999: doesn't show hand 
*** SUMMARY ***
Total pot $10.54 | Rake $0.53 
Board [Jd 8s 5d Kd 4d]
Seat 1: toplusen (small blind) folded on the River
Seat 2: Lucastitos (big blind) folded before Flop
Seat 3: tintin641 folded before Flop (didn't bet)
Seat 4: DJNezz folded before Flop (didn't bet)
Seat 5: Nazareno1999 (button) collected ($10.01)



PokerStars Hand #254628576459:  Hold'em No Limit ($0.50/$1.00 USD) - 2025/01/30 21:50:20 WET [2025/01/30 16:50:20 ET]
Table 'Primula' 6-max Seat #1 is the button
Seat 6: BoyLoc0 ($100 in chips) is sitting out
Seat 1: toplusen ($70.51 in chips) 
Seat 2: Lucastitos ($105.52 in chips) 
Seat 3: tintin641 ($105.77 in chips) 
Seat 4: DJNezz ($199.64 in chips) 
Seat 5: Nazareno1999 ($123.21 in chips) 
Lucastitos: posts small blind $0.50
tintin641: posts big blind $1
BoyLoc0: sits out 
*** HOLE CARDS ***
DJNezz: folds 
Nazareno1999: raises $1.20 to $2.20
toplusen: calls $2.20
Lucastitos: raises $10.80 to $13
tintin641: folds 
Nazareno1999: folds 
toplusen: folds 
Uncalled bet ($10.80) returned to Lucastitos
Lucastitos collected $7.60 from pot
Lucastitos: doesn't show hand 
*** SUMMARY ***
Total pot $7.60 | Rake $0 
Seat 6: BoyLoc0
Seat 1: toplusen (button) folded before Flop
Seat 2: Lucastitos (small blind) collected ($7.60)
Seat 3: tintin641 (big blind) folded before Flop
Seat 4: DJNezz folded before Flop (didn't bet)
Seat 5: Nazareno1999 folded before Flop



PokerStars Hand #254628590794:  Hold'em No Limit ($0.50/$1.00 USD) - 2025/01/30 21:51:09 WET [2025/01/30 16:51:09 ET]
Table 'Primula' 6-max Seat #2 is the button
Seat 6: BoyLoc0 ($100 in chips) is sitting out
Seat 1: toplusen ($68.31 in chips) 
Seat 2: Lucastitos ($110.92 in chips) 
Seat 3: tintin641 ($104.77 in chips) 
Seat 4: DJNezz ($199.64 in chips) 
Seat 5: Nazareno1999 ($121.01 in chips) 
tintin641: posts small blind $0.50
DJNezz: posts big blind $1
BoyLoc0: sits out 
*** HOLE CARDS ***
Nazareno1999: folds 
toplusen: folds 
Lucastitos: raises $1.40 to $2.40
tintin641: folds 
DJNezz: folds 
Uncalled bet ($1.40) returned to Lucastitos
Lucastitos collected $2.50 from pot
Lucastitos: doesn't show hand 
*** SUMMARY ***
Total pot $2.50 | Rake $0 
Seat 6: BoyLoc0
Seat 1: toplusen folded before Flop (didn't bet)
Seat 2: Lucastitos (button) collected ($2.50)
Seat 3: tintin641 (small blind) folded before Flop
Seat 4: DJNezz (big blind) folded before Flop
Seat 5: Nazareno1999 folded before Flop (didn't bet)



PokerStars Hand #254628598134:  Hold'em No Limit ($0.50/$1.00 USD) - 2025/01/30 21:51:34 WET [2025/01/30 16:51:34 ET]
Table 'Primula' 6-max Seat #3 is the button
Seat 6: BoyLoc0 ($100 in chips) is sitting out
Seat 1: toplusen ($68.31 in chips) 
Seat 2: Lucastitos ($112.42 in chips) 
Seat 3: tintin641 ($104.27 in chips) 
Seat 4: DJNezz ($198.64 in chips) 
Seat 5: Nazareno1999 ($121.01 in chips) 
DJNezz: posts small blind $0.50
Nazareno1999: posts big blind $1
BoyLoc0: sits out 
*** HOLE CARDS ***
toplusen: folds 
Lucastitos: raises $1.30 to $2.30
tintin641: folds 
DJNezz: folds 
Nazareno1999: folds 
Uncalled bet ($1.30) returned to Lucastitos
Lucastitos collected $2.50 from pot
Lucastitos: doesn't show hand 
*** SUMMARY ***
Total pot $2.50 | Rake $0 
Seat 6: BoyLoc0
Seat 1: toplusen folded before Flop (didn't bet)
Seat 2: Lucastitos collected ($2.50)
Seat 3: tintin641 (button) folded before Flop (didn't bet)
Seat 4: DJNezz (small blind) folded before Flop
Seat 5: Nazareno1999 (big blind) folded before Flop



PokerStars Hand #254628601864:  Hold'em No Limit ($0.50/$1.00 USD) - 2025/01/30 21:51:46 WET [2025/01/30 16:51:46 ET]
Table 'Primula' 6-max Seat #4 is the button
Seat 1: toplusen ($68.31 in chips) 
Seat 2: Lucastitos ($113.92 in chips) 
Seat 3: tintin641 ($104.27 in chips) 
Seat 4: DJNezz ($198.14 in chips) 
Seat 5: Nazareno1999 ($120.01 in chips) 
Seat 6: BoyLoc0 ($100 in chips) 
Nazareno1999: posts small blind $0.50
BoyLoc0: posts big blind $1
*** HOLE CARDS ***
toplusen: raises $1 to $2
Lucastitos: folds 
tintin641: folds 
DJNezz: folds 
Nazareno1999: folds 
BoyLoc0: raises $8 to $10
toplusen: folds 
Uncalled bet ($8) returned to BoyLoc0
BoyLoc0 collected $4.50 from pot
BoyLoc0: doesn't show hand 
*** SUMMARY ***
Total pot $4.50 | Rake $0 
Seat 1: toplusen folded before Flop
Seat 2: Lucastitos folded before Flop (didn't bet)
Seat 3: tintin641 folded before Flop (didn't bet)
Seat 4: DJNezz (button) folded before Flop (didn't bet)
Seat 5: Nazareno1999 (small blind) folded before Flop
Seat 6: BoyLoc0 (big blind) collected ($4.50)



PokerStars Hand #254628613987:  Hold'em No Limit ($0.50/$1.00 USD) - 2025/01/30 21:52:28 WET [2025/01/30 16:52:28 ET]
Table 'Primula' 6-max Seat #5 is the button
Seat 1: toplusen ($66.31 in chips) 
Seat 2: Lucastitos ($113.92 in chips) 
Seat 3: tintin641 ($104.27 in chips) 
Seat 4: DJNezz ($198.14 in chips) 
Seat 5: Nazareno1999 ($119.51 in chips) 
Seat 6: BoyLoc0 ($102.50 in chips) 
BoyLoc0: posts small blind $0.50
toplusen: posts big blind $1
*** HOLE CARDS ***
Lucastitos: folds 
tintin641: raises $1.50 to $2.50
DJNezz: folds 
Nazareno1999: folds 
BoyLoc0: folds 
toplusen: calls $1.50
*** FLOP *** [2h 2c Ks]
toplusen: checks 
tintin641: bets $1.72
toplusen: folds 
Uncalled bet ($1.72) returned to tintin641
tintin641 collected $5.22 from pot
tintin641: doesn't show hand 
*** SUMMARY ***
Total pot $5.50 | Rake $0.28 
Board [2h 2c Ks]
Seat 1: toplusen (big blind) folded on the Flop
Seat 2: Lucastitos folded before Flop (didn't bet)
Seat 3: tintin641 collected ($5.22)
Seat 4: DJNezz folded before Flop (didn't bet)
Seat 5: Nazareno1999 (button) folded before Flop (didn't bet)
Seat 6: BoyLoc0 (small blind) folded before Flop



PokerStars Hand #254628623450:  Hold'em No Limit ($0.50/$1.00 USD) - 2025/01/30 21:53:00 WET [2025/01/30 16:53:00 ET]
Table 'Primula' 6-max Seat #6 is the button
Seat 1: toplusen ($63.81 in chips) 
Seat 2: Lucastitos ($113.92 in chips) 
Seat 3: tintin641 ($106.99 in chips) 
Seat 4: DJNezz ($198.14 in chips) 
Seat 5: Nazareno1999 ($119.51 in chips) 
Seat 6: BoyLoc0 ($102 in chips) 
toplusen: posts small blind $0.50
Lucastitos: posts big blind $1
*** HOLE CARDS ***
tintin641: folds 
DJNezz: folds 
Nazareno1999: raises $1.20 to $2.20
BoyLoc0: folds 
toplusen: folds 
Lucastitos: folds 
Uncalled bet ($1.20) returned to Nazareno1999
Nazareno1999 collected $2.50 from pot
Nazareno1999: doesn't show hand 
*** SUMMARY ***
Total pot $2.50 | Rake $0 
Seat 1: toplusen (small blind) folded before Flop
Seat 2: Lucastitos (big blind) folded before Flop
Seat 3: tintin641 folded before Flop (didn't bet)
Seat 4: DJNezz folded before Flop (didn't bet)
Seat 5: Nazareno1999 collected ($2.50)
Seat 6: BoyLoc0 (button) folded before Flop (didn't bet)



PokerStars Hand #254628737767:  Hold'em No Limit ($0.50/$1.00 USD) - 2025/01/30 22:01:04 WET [2025/01/30 17:01:04 ET]
Table 'Primula' 6-max Seat #2 is the button
Seat 1: toplusen ($57.57 in chips) 
Seat 2: Lucastitos ($113.12 in chips) 
Seat 3: tintin641 ($112.96 in chips) 
Seat 4: DJNezz ($200.42 in chips) 
Seat 5: Nazareno1999 ($111.64 in chips) 
Seat 6: BoyLoc0 ($105.36 in chips) 
tintin641: posts small blind $0.50
DJNezz: posts big blind $1
*** HOLE CARDS ***
Nazareno1999: raises $1.20 to $2.20
BoyLoc0: folds 
toplusen: folds 
Lucastitos: folds 
tintin641: folds 
DJNezz: folds 
Uncalled bet ($1.20) returned to Nazareno1999
Nazareno1999 collected $2.50 from pot
Nazareno1999: doesn't show hand 
*** SUMMARY ***
Total pot $2.50 | Rake $0 
Seat 1: toplusen folded before Flop (didn't bet)
Seat 2: Lucastitos (button) folded before Flop (didn't bet)
Seat 3: tintin641 (small blind) folded before Flop
Seat 4: DJNezz (big blind) folded before Flop
Seat 5: Nazareno1999 collected ($2.50)
Seat 6: BoyLoc0 folded before Flop (didn't bet)



PokerStars Hand #254628741185:  Hold'em No Limit ($0.50/$1.00 USD) - 2025/01/30 22:01:17 WET [2025/01/30 17:01:17 ET]
Table 'Primula' 6-max Seat #3 is the button
Seat 1: toplusen ($57.57 in chips) 
Seat 2: Lucastitos ($113.12 in chips) 
Seat 3: tintin641 ($112.46 in chips) 
Seat 4: DJNezz ($199.42 in chips) 
Seat 5: Nazareno1999 ($113.14 in chips) 
Seat 6: BoyLoc0 ($105.36 in chips) 
DJNezz: posts small blind $0.50
Nazareno1999: posts big blind $1
*** HOLE CARDS ***
BoyLoc0: folds 
toplusen: raises $1 to $2
Lucastitos: raises $4 to $6
tintin641: folds 
DJNezz: folds 
Nazareno1999: folds 
toplusen: calls $4
*** FLOP *** [9c 2s 9s]
toplusen: checks 
Lucastitos: bets $3.21
toplusen: calls $3.21
*** TURN *** [9c 2s 9s] [Kc]
toplusen: checks 
Lucastitos: bets $14.19
toplusen: calls $14.19
*** RIVER *** [9c 2s 9s Kc] [As]
toplusen: checks 
Lucastitos: bets $34.41
toplusen: calls $34.17 and is all-in
Uncalled bet ($0.24) returned to Lucastitos
*** SHOW DOWN ***
Lucastitos: shows [Tc Qc] (a pair of Nines)
toplusen: shows [9h 8d] (three of a kind, Nines)
toplusen collected $114.14 from pot
*** SUMMARY ***
Total pot $116.64 | Rake $2.50 
Board [9c 2s 9s Kc As]
Seat 1: toplusen showed [9h 8d] and won ($114.14) with three of a kind, Nines
Seat 2: Lucastitos showed [Tc Qc] and lost with a pair of Nines
Seat 3: tintin641 (button) folded before Flop (didn't bet)
Seat 4: DJNezz (small blind) folded before Flop
Seat 5: Nazareno1999 (big blind) folded before Flop
Seat 6: BoyLoc0 folded before Flop (didn't bet)



PokerStars Hand #254628758933:  Hold'em No Limit ($0.50/$1.00 USD) - 2025/01/30 22:02:22 WET [2025/01/30 17:02:22 ET]
Table 'Primula' 6-max Seat #4 is the button
Seat 1: toplusen ($114.14 in chips) 
Seat 2: Lucastitos ($100 in chips) 
Seat 3: tintin641 ($112.46 in chips) 
Seat 4: DJNezz ($198.92 in chips) 
Seat 5: Nazareno1999 ($112.14 in chips) 
Seat 6: BoyLoc0 ($105.36 in chips) 
Nazareno1999: posts small blind $0.50
BoyLoc0: posts big blind $1
*** HOLE CARDS ***
toplusen: folds 
Lucastitos: folds 
tintin641: raises $1.50 to $2.50
DJNezz: folds 
Nazareno1999: folds 
BoyLoc0: folds 
Uncalled bet ($1.50) returned to tintin641
tintin641 collected $2.50 from pot
tintin641: doesn't show hand 
*** SUMMARY ***
Total pot $2.50 | Rake $0 
Seat 1: toplusen folded before Flop (didn't bet)
Seat 2: Lucastitos folded before Flop (didn't bet)
Seat 3: tintin641 collected ($2.50)
Seat 4: DJNezz (button) folded before Flop (didn't bet)
Seat 5: Nazareno1999 (small blind) folded before Flop
Seat 6: BoyLoc0 (big blind) folded before Flop



PokerStars Hand #254628765835:  Hold'em No Limit ($0.50/$1.00 USD) - 2025/01/30 22:02:46 WET [2025/01/30 17:02:46 ET]
Table 'Primula' 6-max Seat #5 is the button
Seat 1: toplusen ($114.14 in chips) 
Seat 2: Lucastitos ($100 in chips) 
Seat 3: tintin641 ($113.96 in chips) 
Seat 4: DJNezz ($198.92 in chips) 
Seat 5: Nazareno1999 ($111.64 in chips) 
Seat 6: BoyLoc0 ($104.36 in chips) 
BoyLoc0: posts small blind $0.50
toplusen: posts big blind $1
*** HOLE CARDS ***
Lucastitos: folds 
tintin641: folds 
DJNezz: folds 
Nazareno1999: folds 
BoyLoc0: raises $2 to $3
toplusen: calls $2
*** FLOP *** [Ad Ts 8d]
BoyLoc0: checks 
toplusen: checks 
*** TURN *** [Ad Ts 8d] [7d]
BoyLoc0: bets $1.88
toplusen: calls $1.88
*** RIVER *** [Ad Ts 8d 7d] [4s]
BoyLoc0: checks 
toplusen: checks 
*** SHOW DOWN ***
BoyLoc0: shows [9c 9d] (a pair of Nines)
toplusen: mucks hand 
BoyLoc0 collected $9.27 from pot
*** SUMMARY ***
Total pot $9.76 | Rake $0.49 
Board [Ad Ts 8d 7d 4s]
Seat 1: toplusen (big blind) mucked
Seat 2: Lucastitos folded before Flop (didn't bet)
Seat 3: tintin641 folded before Flop (didn't bet)
Seat 4: DJNezz folded before Flop (didn't bet)
Seat 5: Nazareno1999 (button) folded before Flop (didn't bet)
Seat 6: BoyLoc0 (small blind) showed [9c 9d] and won ($9.27) with a pair of Nines



PokerStars Hand #254628777014:  Hold'em No Limit ($0.50/$1.00 USD) - 2025/01/30 22:03:24 WET [2025/01/30 17:03:24 ET]
Table 'Primula' 6-max Seat #6 is the button
Seat 1: toplusen ($109.26 in chips) 
Seat 2: Lucastitos ($100 in chips) 
Seat 3: tintin641 ($113.96 in chips) 
Seat 4: DJNezz ($198.92 in chips) 
Seat 5: Nazareno1999 ($111.64 in chips) 
Seat 6: BoyLoc0 ($108.75 in chips) 
toplusen: posts small blind $0.50
Lucastitos: posts big blind $1
*** HOLE CARDS ***
tintin641: folds 
DJNezz: folds 
Nazareno1999: folds 
BoyLoc0: raises $1.50 to $2.50
toplusen: calls $2
Lucastitos: folds 
*** FLOP *** [Kh 9s 2d]
toplusen: checks 
BoyLoc0: bets $4.28
toplusen: folds 
Uncalled bet ($4.28) returned to BoyLoc0
BoyLoc0 collected $5.70 from pot
BoyLoc0: doesn't show hand 
*** SUMMARY ***
Total pot $6 | Rake $0.30 
Board [Kh 9s 2d]
Seat 1: toplusen (small blind) folded on the Flop
Seat 2: Lucastitos (big blind) folded before Flop
Seat 3: tintin641 folded before Flop (didn't bet)
Seat 4: DJNezz folded before Flop (didn't bet)
Seat 5: Nazareno1999 folded before Flop (didn't bet)
Seat 6: BoyLoc0 (button) collected ($5.70)



PokerStars Hand #254628788325:  Hold'em No Limit ($0.50/$1.00 USD) - 2025/01/30 22:04:03 WET [2025/01/30 17:04:03 ET]
Table 'Primula' 6-max Seat #1 is the button
Seat 3: tintin641 ($113.96 in chips) is sitting out
Seat 1: toplusen ($106.76 in chips) 
Seat 2: Lucastitos ($100 in chips) 
Seat 4: DJNezz ($198.92 in chips) 
Seat 5: Nazareno1999 ($111.64 in chips) 
Seat 6: BoyLoc0 ($111.95 in chips) 
Lucastitos: posts small blind $0.50
tintin641: is sitting out 
DJNezz: posts big blind $1
*** HOLE CARDS ***
Nazareno1999: folds 
BoyLoc0: raises $1.50 to $2.50
toplusen: calls $2.50
Lucastitos: folds 
DJNezz: folds 
*** FLOP *** [3h 8h 4h]
BoyLoc0: checks 
toplusen: checks 
*** TURN *** [3h 8h 4h] [2d]
BoyLoc0: bets $3.09
toplusen: calls $3.09
*** RIVER *** [3h 8h 4h 2d] [7c]
BoyLoc0: bets $9.04
toplusen: folds 
Uncalled bet ($9.04) returned to BoyLoc0
BoyLoc0 collected $12.05 from pot
BoyLoc0: doesn't show hand 
*** SUMMARY ***
Total pot $12.68 | Rake $0.63 
Board [3h 8h 4h 2d 7c]
Seat 3: tintin641
Seat 1: toplusen (button) folded on the River
Seat 2: Lucastitos (small blind) folded before Flop
Seat 4: DJNezz (big blind) folded before Flop
Seat 5: Nazareno1999 folded before Flop (didn't bet)
Seat 6: BoyLoc0 collected ($12.05)



PokerStars Hand #254628802768:  Hold'em No Limit ($0.50/$1.00 USD) - 2025/01/30 22:04:52 WET [2025/01/30 17:04:52 ET]
Table 'Primula' 6-max Seat #2 is the button
Seat 3: tintin641 ($113.96 in chips) is sitting out
Seat 1: toplusen ($101.17 in chips) 
Seat 2: Lucastitos ($100 in chips) 
Seat 4: DJNezz ($197.92 in chips) 
Seat 5: Nazareno1999 ($111.64 in chips) 
Seat 6: BoyLoc0 ($118.41 in chips) 
DJNezz: posts small blind $0.50
Nazareno1999: posts big blind $1
*** HOLE CARDS ***
BoyLoc0: folds 
toplusen: raises $1 to $2
Lucastitos: raises $4 to $6
DJNezz: folds 
Nazareno1999: folds 
toplusen: calls $4
*** FLOP *** [Ah 3d 4c]
toplusen: checks 
Lucastitos: bets $6.41
toplusen: calls $6.41
*** TURN *** [Ah 3d 4c] [Jd]
toplusen: checks 
Lucastitos: bets $19
toplusen: folds 
Uncalled bet ($19) returned to Lucastitos
Lucastitos collected $25 from pot
Lucastitos: doesn't show hand 
*** SUMMARY ***
Total pot $26.32 | Rake $1.32 
Board [Ah 3d 4c Jd]
Seat 3: tintin641
Seat 1: toplusen folded on the Turn
Seat 2: Lucastitos (button) collected ($25)
Seat 4: DJNezz (small blind) folded before Flop
Seat 5: Nazareno1999 (big blind) folded before Flop
Seat 6: BoyLoc0 folded before Flop (didn't bet)



PokerStars Hand #254628819173:  Hold'em No Limit ($0.50/$1.00 USD) - 2025/01/30 22:05:47 WET [2025/01/30 17:05:47 ET]
Table 'Primula' 6-max Seat #4 is the button
Seat 3: tintin641 ($113.96 in chips) is sitting out
Seat 1: toplusen ($88.76 in chips) 
Seat 2: Lucastitos ($112.59 in chips) 
Seat 4: DJNezz ($197.42 in chips) 
Seat 5: Nazareno1999 ($110.64 in chips) 
Seat 6: BoyLoc0 ($118.41 in chips) 
Nazareno1999: posts small blind $0.50
BoyLoc0: posts big blind $1
*** HOLE CARDS ***
toplusen: folds 
Lucastitos: folds 
DJNezz: folds 
Nazareno1999: raises $1.50 to $2.50
BoyLoc0: calls $1.50
*** FLOP *** [Td 2d 2c]
Nazareno1999: bets $1.57
BoyLoc0: folds 
Uncalled bet ($1.57) returned to Nazareno1999
Nazareno1999 collected $4.75 from pot
Nazareno1999: doesn't show hand 
*** SUMMARY ***
Total pot $5 | Rake $0.25 
Board [Td 2d 2c]
Seat 3: tintin641
Seat 1: toplusen folded before Flop (didn't bet)
Seat 2: Lucastitos folded before Flop (didn't bet)
Seat 4: DJNezz (button) folded before Flop (didn't bet)
Seat 5: Nazareno1999 (small blind) collected ($4.75)
Seat 6: BoyLoc0 (big blind) folded on the Flop



PokerStars Hand #254628828549:  Hold'em No Limit ($0.50/$1.00 USD) - 2025/01/30 22:06:19 WET [2025/01/30 17:06:19 ET]
Table 'Primula' 6-max Seat #5 is the button
Seat 3: tintin641 ($113.96 in chips) is sitting out
Seat 1: toplusen ($88.76 in chips) 
Seat 2: Lucastitos ($112.59 in chips) 
Seat 4: DJNezz ($197.42 in chips) 
Seat 5: Nazareno1999 ($112.89 in chips) 
Seat 6: BoyLoc0 ($115.91 in chips) 
BoyLoc0: posts small blind $0.50
toplusen: posts big blind $1
*** HOLE CARDS ***
Lucastitos: folds 
DJNezz: folds 
Nazareno1999: raises $1.20 to $2.20
BoyLoc0: folds 
toplusen: folds 
Uncalled bet ($1.20) returned to Nazareno1999
Nazareno1999 collected $2.50 from pot
Nazareno1999: doesn't show hand 
*** SUMMARY ***
Total pot $2.50 | Rake $0 
Seat 3: tintin641
Seat 1: toplusen (big blind) folded before Flop
Seat 2: Lucastitos folded before Flop (didn't bet)
Seat 4: DJNezz folded before Flop (didn't bet)
Seat 5: Nazareno1999 (button) collected ($2.50)
Seat 6: BoyLoc0 (small blind) folded before Flop



PokerStars Hand #254628838379:  Hold'em No Limit ($0.50/$1.00 USD) - 2025/01/30 22:06:52 WET [2025/01/30 17:06:52 ET]
Table 'Primula' 6-max Seat #6 is the button
Seat 3: tintin641 ($113.96 in chips) is sitting out
Seat 1: toplusen ($87.76 in chips) 
Seat 2: Lucastitos ($112.59 in chips) 
Seat 4: DJNezz ($197.42 in chips) 
Seat 5: Nazareno1999 ($114.39 in chips) 
Seat 6: BoyLoc0 ($115.41 in chips) 
toplusen: posts small blind $0.50
Lucastitos: posts big blind $1
tintin641: sits out 
*** HOLE CARDS ***
DJNezz: folds 
Nazareno1999: raises $1.20 to $2.20
BoyLoc0: folds 
toplusen: calls $1.70
Lucastitos: folds 
*** FLOP *** [5d 8h 4h]
toplusen: checks 
Nazareno1999: checks 
*** TURN *** [5d 8h 4h] [8d]
toplusen: bets $2.57
Nazareno1999: folds 
Uncalled bet ($2.57) returned to toplusen
toplusen collected $5.13 from pot
*** SUMMARY ***
Total pot $5.40 | Rake $0.27 
Board [5d 8h 4h 8d]
Seat 3: tintin641
Seat 1: toplusen (small blind) collected ($5.13)
Seat 2: Lucastitos (big blind) folded before Flop
Seat 4: DJNezz folded before Flop (didn't bet)
Seat 5: Nazareno1999 folded on the Turn
Seat 6: BoyLoc0 (button) folded before Flop (didn't bet)



PokerStars Hand #254628848027:  Hold'em No Limit ($0.50/$1.00 USD) - 2025/01/30 22:07:25 WET [2025/01/30 17:07:25 ET]
Table 'Primula' 6-max Seat #1 is the button
Seat 1: toplusen ($90.69 in chips) 
Seat 2: Lucastitos ($111.59 in chips) 
Seat 3: tintin641 ($113.96 in chips) 
Seat 4: DJNezz ($197.42 in chips) 
Seat 5: Nazareno1999 ($112.19 in chips) 
Seat 6: BoyLoc0 ($115.41 in chips) 
Lucastitos: posts small blind $0.50
tintin641: posts big blind $1
*** HOLE CARDS ***
DJNezz: folds 
Nazareno1999: raises $1.20 to $2.20
BoyLoc0: folds 
toplusen: calls $2.20
Lucastitos: folds 
tintin641: folds 
*** FLOP *** [9d Ts Qh]
Nazareno1999: bets $1.85
toplusen: calls $1.85
*** TURN *** [9d Ts Qh] [6d]
Nazareno1999: bets $13.50
toplusen: calls $13.50
*** RIVER *** [9d Ts Qh 6d] [8h]
Nazareno1999: checks 
toplusen: bets $17.39
Nazareno1999: calls $17.39
*** SHOW DOWN ***
toplusen: shows [Jd Qd] (a straight, Eight to Queen)
Nazareno1999: mucks hand 
toplusen collected $68.88 from pot
*** SUMMARY ***
Total pot $71.38 | Rake $2.50 
Board [9d Ts Qh 6d 8h]
Seat 1: toplusen (button) showed [Jd Qd] and won ($68.88) with a straight, Eight to Queen
Seat 2: Lucastitos (small blind) folded before Flop
Seat 3: tintin641 (big blind) folded before Flop
Seat 4: DJNezz folded before Flop (didn't bet)
Seat 5: Nazareno1999 mucked
Seat 6: BoyLoc0 folded before Flop (didn't bet)



PokerStars Hand #254628869990:  Hold'em No Limit ($0.50/$1.00 USD) - 2025/01/30 22:08:40 WET [2025/01/30 17:08:40 ET]
Table 'Primula' 6-max Seat #2 is the button
Seat 1: toplusen ($124.63 in chips) 
Seat 2: Lucastitos ($111.09 in chips) 
Seat 3: tintin641 ($112.96 in chips) 
Seat 4: DJNezz ($197.42 in chips) 
Seat 5: Nazareno1999 ($100 in chips) 
Seat 6: BoyLoc0 ($115.41 in chips) 
tintin641: posts small blind $0.50
DJNezz: posts big blind $1
*** HOLE CARDS ***
Nazareno1999: folds 
BoyLoc0: folds 
toplusen: folds 
Lucastitos: folds 
tintin641: raises $2 to $3
DJNezz: calls $2
*** FLOP *** [8c Kc 5c]
tintin641: checks 
DJNezz: checks 
*** TURN *** [8c Kc 5c] [2d]
tintin641: bets $4.28
DJNezz: folds 
Uncalled bet ($4.28) returned to tintin641
tintin641 collected $5.70 from pot
tintin641: doesn't show hand 
*** SUMMARY ***
Total pot $6 | Rake $0.30 
Board [8c Kc 5c 2d]
Seat 1: toplusen folded before Flop (didn't bet)
Seat 2: Lucastitos (button) folded before Flop (didn't bet)
Seat 3: tintin641 (small blind) collected ($5.70)
Seat 4: DJNezz (big blind) folded on the Turn
Seat 5: Nazareno1999 folded before Flop (didn't bet)
Seat 6: BoyLoc0 folded before Flop (didn't bet)



PokerStars Hand #254628882397:  Hold'em No Limit ($0.50/$1.00 USD) - 2025/01/30 22:09:23 WET [2025/01/30 17:09:23 ET]
Table 'Primula' 6-max Seat #3 is the button
Seat 1: toplusen ($124.63 in chips) 
Seat 2: Lucastitos ($111.09 in chips) 
Seat 3: tintin641 ($115.66 in chips) 
Seat 4: DJNezz ($194.42 in chips) 
Seat 5: Nazareno1999 ($100 in chips) 
Seat 6: BoyLoc0 ($115.41 in chips) 
DJNezz: posts small blind $0.50
Nazareno1999: posts big blind $1
*** HOLE CARDS ***
BoyLoc0: folds 
toplusen: raises $1 to $2
Lucastitos: folds 
tintin641: folds 
DJNezz: folds 
Nazareno1999: folds 
Uncalled bet ($1) returned to toplusen
toplusen collected $2.50 from pot
*** SUMMARY ***
Total pot $2.50 | Rake $0 
Seat 1: toplusen collected ($2.50)
Seat 2: Lucastitos folded before Flop (didn't bet)
Seat 3: tintin641 (button) folded before Flop (didn't bet)
Seat 4: DJNezz (small blind) folded before Flop
Seat 5: Nazareno1999 (big blind) folded before Flop
Seat 6: BoyLoc0 folded before Flop (didn't bet)



PokerStars Hand #254628887526:  Hold'em No Limit ($0.50/$1.00 USD) - 2025/01/30 22:09:40 WET [2025/01/30 17:09:40 ET]
Table 'Primula' 6-max Seat #4 is the button
Seat 1: toplusen ($126.13 in chips) 
Seat 2: Lucastitos ($111.09 in chips) 
Seat 3: tintin641 ($115.66 in chips) 
Seat 4: DJNezz ($193.92 in chips) 
Seat 5: Nazareno1999 ($100 in chips) 
Seat 6: BoyLoc0 ($115.41 in chips) 
Nazareno1999: posts small blind $0.50
BoyLoc0: posts big blind $1
*** HOLE CARDS ***
toplusen: folds 
Lucastitos: folds 
tintin641: folds 
DJNezz: raises $1.20 to $2.20
Nazareno1999: folds 
BoyLoc0: folds 
Uncalled bet ($1.20) returned to DJNezz
DJNezz collected $2.50 from pot
*** SUMMARY ***
Total pot $2.50 | Rake $0 
Seat 1: toplusen folded before Flop (didn't bet)
Seat 2: Lucastitos folded before Flop (didn't bet)
Seat 3: tintin641 folded before Flop (didn't bet)
Seat 4: DJNezz (button) collected ($2.50)
Seat 5: Nazareno1999 (small blind) folded before Flop
Seat 6: BoyLoc0 (big blind) folded before Flop



PokerStars Hand #254628893286:  Hold'em No Limit ($0.50/$1.00 USD) - 2025/01/30 22:10:00 WET [2025/01/30 17:10:00 ET]
Table 'Primula' 6-max Seat #5 is the button
Seat 1: toplusen ($126.13 in chips) 
Seat 2: Lucastitos ($111.09 in chips) 
Seat 3: tintin641 ($115.66 in chips) 
Seat 4: DJNezz ($195.42 in chips) 
Seat 5: Nazareno1999 ($100 in chips) 
Seat 6: BoyLoc0 ($114.41 in chips) 
BoyLoc0: posts small blind $0.50
toplusen: posts big blind $1
*** HOLE CARDS ***
Lucastitos: folds 
tintin641: raises $1.50 to $2.50
DJNezz: folds 
Nazareno1999: folds 
BoyLoc0: folds 
toplusen: calls $1.50
*** FLOP *** [3s Ad 6s]
toplusen: checks 
tintin641: bets $1.72
toplusen: calls $1.72
*** TURN *** [3s Ad 6s] [Ts]
toplusen: checks 
tintin641: checks 
*** RIVER *** [3s Ad 6s Ts] [5c]
toplusen: checks 
tintin641: checks 
*** SHOW DOWN ***
toplusen: shows [4c 3c] (a pair of Threes)
tintin641: shows [Tc Kc] (a pair of Tens)
tintin641 collected $8.49 from pot
*** SUMMARY ***
Total pot $8.94 | Rake $0.45 
Board [3s Ad 6s Ts 5c]
Seat 1: toplusen (big blind) showed [4c 3c] and lost with a pair of Threes
Seat 2: Lucastitos folded before Flop (didn't bet)
Seat 3: tintin641 showed [Tc Kc] and won ($8.49) with a pair of Tens
Seat 4: DJNezz folded before Flop (didn't bet)
Seat 5: Nazareno1999 (button) folded before Flop (didn't bet)
Seat 6: BoyLoc0 (small blind) folded before Flop



PokerStars Hand #254628915063:  Hold'em No Limit ($0.50/$1.00 USD) - 2025/01/30 22:11:14 WET [2025/01/30 17:11:14 ET]
Table 'Primula' 6-max Seat #6 is the button
Seat 2: Lucastitos ($111.09 in chips) is sitting out
Seat 1: toplusen ($121.91 in chips) 
Seat 3: tintin641 ($119.93 in chips) 
Seat 4: DJNezz ($195.42 in chips) 
Seat 5: Nazareno1999 ($100 in chips) 
Seat 6: BoyLoc0 ($113.91 in chips) 
toplusen: posts small blind $0.50
Lucastitos: is sitting out 
tintin641: posts big blind $1
*** HOLE CARDS ***
Lucastitos leaves the table
DJNezz: folds 
Nazareno1999: folds 
BoyLoc0: folds 
toplusen: folds 
Uncalled bet ($0.50) returned to tintin641
tintin641 collected $1 from pot
tintin641: doesn't show hand 
*** SUMMARY ***
Total pot $1 | Rake $0 
Seat 2: Lucastitos
Seat 1: toplusen (small blind) folded before Flop
Seat 3: tintin641 (big blind) collected ($1)
Seat 4: DJNezz folded before Flop (didn't bet)
Seat 5: Nazareno1999 folded before Flop (didn't bet)
Seat 6: BoyLoc0 (button) folded before Flop (didn't bet)



PokerStars Hand #254628918842:  Hold'em No Limit ($0.50/$1.00 USD) - 2025/01/30 22:11:27 WET [2025/01/30 17:11:27 ET]
Table 'Primula' 6-max Seat #1 is the button
Seat 1: toplusen ($121.41 in chips) 
Seat 3: tintin641 ($120.43 in chips) 
Seat 4: DJNezz ($195.42 in chips) 
Seat 5: Nazareno1999 ($100 in chips) 
Seat 6: BoyLoc0 ($113.91 in chips) 
tintin641: posts small blind $0.50
DJNezz: posts big blind $1
*** HOLE CARDS ***
Nazareno1999: raises $1.20 to $2.20
BoyLoc0: folds 
toplusen: folds 
tintin641: folds 
DJNezz: folds 
Uncalled bet ($1.20) returned to Nazareno1999
Nazareno1999 collected $2.50 from pot
Nazareno1999: doesn't show hand 
*** SUMMARY ***
Total pot $2.50 | Rake $0 
Seat 1: toplusen (button) folded before Flop (didn't bet)
Seat 3: tintin641 (small blind) folded before Flop
Seat 4: DJNezz (big blind) folded before Flop
Seat 5: Nazareno1999 collected ($2.50)
Seat 6: BoyLoc0 folded before Flop (didn't bet)



PokerStars Hand #254628923651:  Hold'em No Limit ($0.50/$1.00 USD) - 2025/01/30 22:11:44 WET [2025/01/30 17:11:44 ET]
Table 'Primula' 6-max Seat #3 is the button
Seat 1: toplusen ($121.41 in chips) 
Seat 3: tintin641 ($119.93 in chips) 
Seat 4: DJNezz ($194.42 in chips) 
Seat 5: Nazareno1999 ($101.50 in chips) 
Seat 6: BoyLoc0 ($113.91 in chips) 
DJNezz: posts small blind $0.50
Nazareno1999: posts big blind $1
*** HOLE CARDS ***
kvcsszblcs joins the table at seat #2 
BoyLoc0: raises $1.50 to $2.50
toplusen: calls $2.50
tintin641: folds 
DJNezz: folds 
Nazareno1999: raises $11.50 to $14
BoyLoc0: folds 
toplusen: folds 
Uncalled bet ($11.50) returned to Nazareno1999
Nazareno1999 collected $8 from pot
Nazareno1999: doesn't show hand 
*** SUMMARY ***
Total pot $8 | Rake $0 
Seat 1: toplusen folded before Flop
Seat 3: tintin641 (button) folded before Flop (didn't bet)
Seat 4: DJNezz (small blind) folded before Flop
Seat 5: Nazareno1999 (big blind) collected ($8)
Seat 6: BoyLoc0 folded before Flop



PokerStars Hand #254628937263:  Hold'em No Limit ($0.50/$1.00 USD) - 2025/01/30 22:12:31 WET [2025/01/30 17:12:31 ET]
Table 'Primula' 6-max Seat #4 is the button
Seat 2: kvcsszblcs ($114.97 in chips) is sitting out
Seat 1: toplusen ($118.91 in chips) 
Seat 3: tintin641 ($119.93 in chips) 
Seat 4: DJNezz ($193.92 in chips) 
Seat 5: Nazareno1999 ($107 in chips) 
Seat 6: BoyLoc0 ($111.41 in chips) 
Nazareno1999: posts small blind $0.50
BoyLoc0: posts big blind $1
kvcsszblcs: sits out 
*** HOLE CARDS ***
toplusen: folds 
tintin641: folds 
DJNezz: folds 
Nazareno1999: raises $1.50 to $2.50
BoyLoc0: calls $1.50
*** FLOP *** [4h 3s 5h]
Nazareno1999: checks 
BoyLoc0: checks 
*** TURN *** [4h 3s 5h] [2c]
Nazareno1999: checks 
BoyLoc0: bets $1.57
Nazareno1999: calls $1.57
*** RIVER *** [4h 3s 5h 2c] [Jc]
Nazareno1999: checks 
BoyLoc0: checks 
*** SHOW DOWN ***
Nazareno1999: shows [7d 4d] (a pair of Fours)
BoyLoc0: mucks hand 
Nazareno1999 collected $7.73 from pot
*** SUMMARY ***
Total pot $8.14 | Rake $0.41 
Board [4h 3s 5h 2c Jc]
Seat 2: kvcsszblcs
Seat 1: toplusen folded before Flop (didn't bet)
Seat 3: tintin641 folded before Flop (didn't bet)
Seat 4: DJNezz (button) folded before Flop (didn't bet)
Seat 5: Nazareno1999 (small blind) showed [7d 4d] and won ($7.73) with a pair of Fours
Seat 6: BoyLoc0 (big blind) mucked



PokerStars Hand #254628955724:  Hold'em No Limit ($0.50/$1.00 USD) - 2025/01/30 22:13:34 WET [2025/01/30 17:13:34 ET]
Table 'Primula' 6-max Seat #5 is the button
Seat 2: kvcsszblcs ($114.97 in chips) is sitting out
Seat 1: toplusen ($118.91 in chips) 
Seat 3: tintin641 ($119.93 in chips) 
Seat 4: DJNezz ($193.92 in chips) 
Seat 5: Nazareno1999 ($110.66 in chips) 
Seat 6: BoyLoc0 ($107.34 in chips) 
BoyLoc0: posts small blind $0.50
toplusen: posts big blind $1
kvcsszblcs: sits out 
*** HOLE CARDS ***
tintin641: folds 
DJNezz: folds 
Nazareno1999: folds 
BoyLoc0: raises $2 to $3
toplusen: folds 
Uncalled bet ($2) returned to BoyLoc0
BoyLoc0 collected $2 from pot
BoyLoc0: doesn't show hand 
*** SUMMARY ***
Total pot $2 | Rake $0 
Seat 2: kvcsszblcs
Seat 1: toplusen (big blind) folded before Flop
Seat 3: tintin641 folded before Flop (didn't bet)
Seat 4: DJNezz folded before Flop (didn't bet)
Seat 5: Nazareno1999 (button) folded before Flop (didn't bet)
Seat 6: BoyLoc0 (small blind) collected ($2)



PokerStars Hand #254628962839:  Hold'em No Limit ($0.50/$1.00 USD) - 2025/01/30 22:13:59 WET [2025/01/30 17:13:59 ET]
Table 'Primula' 6-max Seat #6 is the button
Seat 1: toplusen ($117.91 in chips) 
Seat 2: kvcsszblcs ($114.97 in chips) 
Seat 3: tintin641 ($119.93 in chips) 
Seat 4: DJNezz ($193.92 in chips) 
Seat 5: Nazareno1999 ($110.66 in chips) 
Seat 6: BoyLoc0 ($108.34 in chips) 
toplusen: posts small blind $0.50
kvcsszblcs: posts big blind $1
*** HOLE CARDS ***
tintin641: folds 
DJNezz: folds 
Nazareno1999: raises $1.20 to $2.20
BoyLoc0: raises $5.30 to $7.50
toplusen: folds 
kvcsszblcs: folds 
Nazareno1999: raises $15 to $22.50
BoyLoc0: calls $15
*** FLOP *** [6d 4s Ts]
Nazareno1999: bets $11.05
BoyLoc0: calls $11.05
*** TURN *** [6d 4s Ts] [3s]
Nazareno1999: bets $16.53
BoyLoc0: calls $16.53
*** RIVER *** [6d 4s Ts 3s] [7c]
Nazareno1999: bets $60.58 and is all-in
BoyLoc0: calls $58.26 and is all-in
Uncalled bet ($2.32) returned to Nazareno1999
*** SHOW DOWN ***
Nazareno1999: shows [Kh Ks] (a pair of Kings)
BoyLoc0: shows [Th Jh] (a pair of Tens)
Nazareno1999 collected $215.68 from pot
*** SUMMARY ***
Total pot $218.18 | Rake $2.50 
Board [6d 4s Ts 3s 7c]
Seat 1: toplusen (small blind) folded before Flop
Seat 2: kvcsszblcs (big blind) folded before Flop
Seat 3: tintin641 folded before Flop (didn't bet)
Seat 4: DJNezz folded before Flop (didn't bet)
Seat 5: Nazareno1999 showed [Kh Ks] and won ($215.68) with a pair of Kings
Seat 6: BoyLoc0 (button) showed [Th Jh] and lost with a pair of Tens



PokerStars Hand #254628986919:  Hold'em No Limit ($0.50/$1.00 USD) - 2025/01/30 22:15:23 WET [2025/01/30 17:15:23 ET]
Table 'Primula' 6-max Seat #1 is the button
Seat 1: toplusen ($117.41 in chips) 
Seat 2: kvcsszblcs ($113.97 in chips) 
Seat 3: tintin641 ($119.93 in chips) 
Seat 4: DJNezz ($193.92 in chips) 
Seat 5: Nazareno1999 ($218 in chips) 
Seat 6: BoyLoc0 ($100 in chips) 
kvcsszblcs: posts small blind $0.50
tintin641: posts big blind $1
*** HOLE CARDS ***
DJNezz: folds 
Nazareno1999: raises $1.20 to $2.20
BoyLoc0: folds 
toplusen: folds 
kvcsszblcs: folds 
tintin641: folds 
Uncalled bet ($1.20) returned to Nazareno1999
Nazareno1999 collected $2.50 from pot
Nazareno1999: doesn't show hand 
*** SUMMARY ***
Total pot $2.50 | Rake $0 
Seat 1: toplusen (button) folded before Flop (didn't bet)
Seat 2: kvcsszblcs (small blind) folded before Flop
Seat 3: tintin641 (big blind) folded before Flop
Seat 4: DJNezz folded before Flop (didn't bet)
Seat 5: Nazareno1999 collected ($2.50)
Seat 6: BoyLoc0 folded before Flop (didn't bet)



PokerStars Hand #254628991446:  Hold'em No Limit ($0.50/$1.00 USD) - 2025/01/30 22:15:39 WET [2025/01/30 17:15:39 ET]
Table 'Primula' 6-max Seat #2 is the button
Seat 1: toplusen ($117.41 in chips) 
Seat 2: kvcsszblcs ($113.47 in chips) 
Seat 3: tintin641 ($118.93 in chips) 
Seat 4: DJNezz ($193.92 in chips) 
Seat 5: Nazareno1999 ($219.50 in chips) 
Seat 6: BoyLoc0 ($100 in chips) 
tintin641: posts small blind $0.50
DJNezz: posts big blind $1
*** HOLE CARDS ***
Nazareno1999: folds 
BoyLoc0: folds 
toplusen: raises $1 to $2
kvcsszblcs: folds 
tintin641: folds 
DJNezz: folds 
Uncalled bet ($1) returned to toplusen
toplusen collected $2.50 from pot
*** SUMMARY ***
Total pot $2.50 | Rake $0 
Seat 1: toplusen collected ($2.50)
Seat 2: kvcsszblcs (button) folded before Flop (didn't bet)
Seat 3: tintin641 (small blind) folded before Flop
Seat 4: DJNezz (big blind) folded before Flop
Seat 5: Nazareno1999 folded before Flop (didn't bet)
Seat 6: BoyLoc0 folded before Flop (didn't bet)



PokerStars Hand #254628995893:  Hold'em No Limit ($0.50/$1.00 USD) - 2025/01/30 22:15:54 WET [2025/01/30 17:15:54 ET]
Table 'Primula' 6-max Seat #3 is the button
Seat 1: toplusen ($118.91 in chips) 
Seat 2: kvcsszblcs ($113.47 in chips) 
Seat 3: tintin641 ($118.43 in chips) 
Seat 4: DJNezz ($192.92 in chips) 
Seat 5: Nazareno1999 ($219.50 in chips) 
Seat 6: BoyLoc0 ($100 in chips) 
DJNezz: posts small blind $0.50
Nazareno1999: posts big blind $1
*** HOLE CARDS ***
BoyLoc0: folds 
toplusen: folds 
kvcsszblcs: raises $1 to $2
tintin641: folds 
DJNezz: folds 
Nazareno1999: calls $1
*** FLOP *** [As Qd 2d]
Nazareno1999: checks 
kvcsszblcs: checks 
*** TURN *** [As Qd 2d] [9c]
Nazareno1999: checks 
kvcsszblcs: checks 
*** RIVER *** [As Qd 2d 9c] [6s]
Nazareno1999: checks 
kvcsszblcs: bets $2.14
Nazareno1999: folds 
Uncalled bet ($2.14) returned to kvcsszblcs
kvcsszblcs collected $4.28 from pot
kvcsszblcs: doesn't show hand 
*** SUMMARY ***
Total pot $4.50 | Rake $0.22 
Board [As Qd 2d 9c 6s]
Seat 1: toplusen folded before Flop (didn't bet)
Seat 2: kvcsszblcs collected ($4.28)
Seat 3: tintin641 (button) folded before Flop (didn't bet)
Seat 4: DJNezz (small blind) folded before Flop
Seat 5: Nazareno1999 (big blind) folded on the River
Seat 6: BoyLoc0 folded before Flop (didn't bet)



PokerStars Hand #254629016579:  Hold'em No Limit ($0.50/$1.00 USD) - 2025/01/30 22:17:06 WET [2025/01/30 17:17:06 ET]
Table 'Primula' 6-max Seat #4 is the button
Seat 1: toplusen ($118.91 in chips) 
Seat 2: kvcsszblcs ($115.75 in chips) 
Seat 3: tintin641 ($118.43 in chips) 
Seat 4: DJNezz ($192.42 in chips) 
Seat 5: Nazareno1999 ($217.50 in chips) 
Seat 6: BoyLoc0 ($100 in chips) 
Nazareno1999: posts small blind $0.50
BoyLoc0: posts big blind $1
*** HOLE CARDS ***
toplusen: raises $1 to $2
kvcsszblcs: raises $5 to $7
tintin641: folds 
DJNezz: folds 
Nazareno1999: folds 
BoyLoc0: folds 
toplusen: calls $5
*** FLOP *** [6c Td 9h]
toplusen: checks 
kvcsszblcs: bets $5.89
toplusen: calls $5.89
*** TURN *** [6c Td 9h] [5s]
toplusen: checks 
kvcsszblcs: bets $25.78
toplusen: calls $25.78
*** RIVER *** [6c Td 9h 5s] [7h]
toplusen: bets $80.24 and is all-in
kvcsszblcs: calls $77.08 and is all-in
Uncalled bet ($3.16) returned to toplusen
*** SHOW DOWN ***
toplusen: shows [7c 8c] (a straight, Six to Ten)
kvcsszblcs: shows [Ad As] (a pair of Aces)
toplusen collected $230.50 from pot
*** SUMMARY ***
Total pot $233 | Rake $2.50 
Board [6c Td 9h 5s 7h]
Seat 1: toplusen showed [7c 8c] and won ($230.50) with a straight, Six to Ten
Seat 2: kvcsszblcs showed [Ad As] and lost with a pair of Aces
Seat 3: tintin641 folded before Flop (didn't bet)
Seat 4: DJNezz (button) folded before Flop (didn't bet)
Seat 5: Nazareno1999 (small blind) folded before Flop
Seat 6: BoyLoc0 (big blind) folded before Flop



PokerStars Hand #254629046711:  Hold'em No Limit ($0.50/$1.00 USD) - 2025/01/30 22:18:50 WET [2025/01/30 17:18:50 ET]
Table 'Primula' 6-max Seat #5 is the button
Seat 1: toplusen ($233.66 in chips) 
Seat 2: kvcsszblcs ($100 in chips) 
Seat 3: tintin641 ($118.43 in chips) 
Seat 4: DJNezz ($192.42 in chips) 
Seat 5: Nazareno1999 ($217 in chips) 
Seat 6: BoyLoc0 ($100 in chips) 
BoyLoc0: posts small blind $0.50
toplusen: posts big blind $1
*** HOLE CARDS ***
kvcsszblcs: folds 
tintin641: folds 
DJNezz: folds 
Nazareno1999: folds 
BoyLoc0: raises $2 to $3
toplusen: calls $2
*** FLOP *** [Tc Qc 4h]
BoyLoc0: bets $4.28
toplusen: calls $4.28
*** TURN *** [Tc Qc 4h] [7c]
BoyLoc0: checks 
toplusen: bets $6.92
BoyLoc0: folds 
Uncalled bet ($6.92) returned to toplusen
toplusen collected $13.83 from pot
*** SUMMARY ***
Total pot $14.56 | Rake $0.73 
Board [Tc Qc 4h 7c]
Seat 1: toplusen (big blind) collected ($13.83)
Seat 2: kvcsszblcs folded before Flop (didn't bet)
Seat 3: tintin641 folded before Flop (didn't bet)
Seat 4: DJNezz folded before Flop (didn't bet)
Seat 5: Nazareno1999 (button) folded before Flop (didn't bet)
Seat 6: BoyLoc0 (small blind) folded on the Turn



PokerStars Hand #254629072785:  Hold'em No Limit ($0.50/$1.00 USD) - 2025/01/30 22:20:20 WET [2025/01/30 17:20:20 ET]
Table 'Primula' 6-max Seat #6 is the button
Seat 1: toplusen ($240.21 in chips) 
Seat 2: kvcsszblcs ($100 in chips) 
Seat 3: tintin641 ($118.43 in chips) 
Seat 4: DJNezz ($192.42 in chips) 
Seat 5: Nazareno1999 ($217 in chips) 
Seat 6: BoyLoc0 ($100 in chips) 
toplusen: posts small blind $0.50
kvcsszblcs: posts big blind $1
*** HOLE CARDS ***
tintin641: folds 
DJNezz: folds 
Nazareno1999: raises $1.20 to $2.20
BoyLoc0: folds 
toplusen: folds 
kvcsszblcs: folds 
Uncalled bet ($1.20) returned to Nazareno1999
Nazareno1999 collected $2.50 from pot
Nazareno1999: doesn't show hand 
*** SUMMARY ***
Total pot $2.50 | Rake $0 
Seat 1: toplusen (small blind) folded before Flop
Seat 2: kvcsszblcs (big blind) folded before Flop
Seat 3: tintin641 folded before Flop (didn't bet)
Seat 4: DJNezz folded before Flop (didn't bet)
Seat 5: Nazareno1999 collected ($2.50)
Seat 6: BoyLoc0 (button) folded before Flop (didn't bet)



PokerStars Hand #254629077865:  Hold'em No Limit ($0.50/$1.00 USD) - 2025/01/30 22:20:37 WET [2025/01/30 17:20:37 ET]
Table 'Primula' 6-max Seat #1 is the button
Seat 1: toplusen ($239.71 in chips) 
Seat 2: kvcsszblcs ($100 in chips) 
Seat 3: tintin641 ($118.43 in chips) 
Seat 4: DJNezz ($192.42 in chips) 
Seat 5: Nazareno1999 ($218.50 in chips) 
Seat 6: BoyLoc0 ($100 in chips) 
kvcsszblcs: posts small blind $0.50
tintin641: posts big blind $1
*** HOLE CARDS ***
DJNezz: folds 
Nazareno1999: folds 
BoyLoc0: raises $1.50 to $2.50
toplusen: calls $2.50
kvcsszblcs: folds 
tintin641: folds 
*** FLOP *** [Kd 8d 7s]
BoyLoc0: bets $4.64
toplusen: calls $4.64
*** TURN *** [Kd 8d 7s] [Qs]
BoyLoc0: bets $11.24
toplusen: calls $11.24
*** RIVER *** [Kd 8d 7s Qs] [Tc]
BoyLoc0: checks 
toplusen: checks 
*** SHOW DOWN ***
BoyLoc0: shows [Jh Ks] (a pair of Kings)
toplusen: shows [Jd Kh] (a pair of Kings)
BoyLoc0 collected $18.18 from pot
toplusen collected $18.17 from pot
*** SUMMARY ***
Total pot $38.26 | Rake $1.91 
Board [Kd 8d 7s Qs Tc]
Seat 1: toplusen (button) showed [Jd Kh] and won ($18.17) with a pair of Kings
Seat 2: kvcsszblcs (small blind) folded before Flop
Seat 3: tintin641 (big blind) folded before Flop
Seat 4: DJNezz folded before Flop (didn't bet)
Seat 5: Nazareno1999 folded before Flop (didn't bet)
Seat 6: BoyLoc0 showed [Jh Ks] and won ($18.18) with a pair of Kings



PokerStars Hand #254629089541:  Hold'em No Limit ($0.50/$1.00 USD) - 2025/01/30 22:21:18 WET [2025/01/30 17:21:18 ET]
Table 'Primula' 6-max Seat #2 is the button
Seat 1: toplusen ($239.50 in chips) 
Seat 2: kvcsszblcs ($100 in chips) 
Seat 3: tintin641 ($117.43 in chips) 
Seat 4: DJNezz ($192.42 in chips) 
Seat 5: Nazareno1999 ($218.50 in chips) 
Seat 6: BoyLoc0 ($100 in chips) 
tintin641: posts small blind $0.50
DJNezz: posts big blind $1
*** HOLE CARDS ***
Nazareno1999: folds 
BoyLoc0: folds 
toplusen: raises $1 to $2
kvcsszblcs: folds 
tintin641: folds 
DJNezz: calls $1
*** FLOP *** [Ts Js 7h]
DJNezz: checks 
toplusen: checks 
*** TURN *** [Ts Js 7h] [Td]
DJNezz: checks 
toplusen: checks 
*** RIVER *** [Ts Js 7h Td] [4s]
DJNezz: checks 
toplusen: checks 
*** SHOW DOWN ***
DJNezz: shows [4c As] (two pair, Tens and Fours)
toplusen: mucks hand 
DJNezz collected $4.28 from pot
*** SUMMARY ***
Total pot $4.50 | Rake $0.22 
Board [Ts Js 7h Td 4s]
Seat 1: toplusen mucked
Seat 2: kvcsszblcs (button) folded before Flop (didn't bet)
Seat 3: tintin641 (small blind) folded before Flop
Seat 4: DJNezz (big blind) showed [4c As] and won ($4.28) with two pair, Tens and Fours
Seat 5: Nazareno1999 folded before Flop (didn't bet)
Seat 6: BoyLoc0 folded before Flop (didn't bet)



PokerStars Hand #254629102288:  Hold'em No Limit ($0.50/$1.00 USD) - 2025/01/30 22:22:02 WET [2025/01/30 17:22:02 ET]
Table 'Primula' 6-max Seat #3 is the button
Seat 1: toplusen ($237.50 in chips) 
Seat 2: kvcsszblcs ($100 in chips) 
Seat 3: tintin641 ($116.93 in chips) 
Seat 4: DJNezz ($194.70 in chips) 
Seat 5: Nazareno1999 ($218.50 in chips) 
Seat 6: BoyLoc0 ($100 in chips) 
DJNezz: posts small blind $0.50
Nazareno1999: posts big blind $1
*** HOLE CARDS ***
BoyLoc0: raises $1.50 to $2.50
toplusen: folds 
kvcsszblcs: folds 
tintin641: folds 
DJNezz: folds 
Nazareno1999: calls $1.50
*** FLOP *** [Qs As 8s]
Nazareno1999: checks 
BoyLoc0: checks 
*** TURN *** [Qs As 8s] [7h]
Nazareno1999: bets $7.83
BoyLoc0: calls $7.83
*** RIVER *** [Qs As 8s 7h] [6s]
Nazareno1999: bets $15.08
BoyLoc0: raises $74.59 to $89.67 and is all-in
Nazareno1999: folds 
Uncalled bet ($74.59) returned to BoyLoc0
BoyLoc0 collected $48.82 from pot
BoyLoc0: doesn't show hand 
*** SUMMARY ***
Total pot $51.32 | Rake $2.50 
Board [Qs As 8s 7h 6s]
Seat 1: toplusen folded before Flop (didn't bet)
Seat 2: kvcsszblcs folded before Flop (didn't bet)
Seat 3: tintin641 (button) folded before Flop (didn't bet)
Seat 4: DJNezz (small blind) folded before Flop
Seat 5: Nazareno1999 (big blind) folded on the River
Seat 6: BoyLoc0 collected ($48.82)



PokerStars Hand #254629121927:  Hold'em No Limit ($0.50/$1.00 USD) - 2025/01/30 22:23:11 WET [2025/01/30 17:23:11 ET]
Table 'Primula' 6-max Seat #4 is the button
Seat 1: toplusen ($237.50 in chips) 
Seat 2: kvcsszblcs ($100 in chips) 
Seat 3: tintin641 ($116.93 in chips) 
Seat 4: DJNezz ($194.20 in chips) 
Seat 5: Nazareno1999 ($193.09 in chips) 
Seat 6: BoyLoc0 ($123.41 in chips) 
Nazareno1999: posts small blind $0.50
BoyLoc0: posts big blind $1
*** HOLE CARDS ***
toplusen: folds 
kvcsszblcs: folds 
tintin641: folds 
DJNezz: raises $1.20 to $2.20
Nazareno1999: folds 
BoyLoc0: folds 
Uncalled bet ($1.20) returned to DJNezz
DJNezz collected $2.50 from pot
*** SUMMARY ***
Total pot $2.50 | Rake $0 
Seat 1: toplusen folded before Flop (didn't bet)
Seat 2: kvcsszblcs folded before Flop (didn't bet)
Seat 3: tintin641 folded before Flop (didn't bet)
Seat 4: DJNezz (button) collected ($2.50)
Seat 5: Nazareno1999 (small blind) folded before Flop
Seat 6: BoyLoc0 (big blind) folded before Flop



PokerStars Hand #254629126756:  Hold'em No Limit ($0.50/$1.00 USD) - 2025/01/30 22:23:28 WET [2025/01/30 17:23:28 ET]
Table 'Primula' 6-max Seat #5 is the button
Seat 1: toplusen ($237.50 in chips) 
Seat 2: kvcsszblcs ($100 in chips) 
Seat 3: tintin641 ($116.93 in chips) 
Seat 4: DJNezz ($195.70 in chips) 
Seat 5: Nazareno1999 ($192.59 in chips) 
Seat 6: BoyLoc0 ($122.41 in chips) 
BoyLoc0: posts small blind $0.50
toplusen: posts big blind $1
*** HOLE CARDS ***
kvcsszblcs: raises $1 to $2
tintin641: raises $5 to $7
DJNezz: folds 
Nazareno1999: folds 
BoyLoc0: folds 
toplusen: folds 
kvcsszblcs: folds 
Uncalled bet ($5) returned to tintin641
tintin641 collected $5.50 from pot
tintin641: doesn't show hand 
*** SUMMARY ***
Total pot $5.50 | Rake $0 
Seat 1: toplusen (big blind) folded before Flop
Seat 2: kvcsszblcs folded before Flop
Seat 3: tintin641 collected ($5.50)
Seat 4: DJNezz folded before Flop (didn't bet)
Seat 5: Nazareno1999 (button) folded before Flop (didn't bet)
Seat 6: BoyLoc0 (small blind) folded before Flop



PokerStars Hand #254629137345:  Hold'em No Limit ($0.50/$1.00 USD) - 2025/01/30 22:24:05 WET [2025/01/30 17:24:05 ET]
Table 'Primula' 6-max Seat #6 is the button
Seat 1: toplusen ($236.50 in chips) 
Seat 2: kvcsszblcs ($100 in chips) 
Seat 3: tintin641 ($120.43 in chips) 
Seat 4: DJNezz ($195.70 in chips) 
Seat 5: Nazareno1999 ($192.59 in chips) 
Seat 6: BoyLoc0 ($121.91 in chips) 
toplusen: posts small blind $0.50
kvcsszblcs: posts big blind $1
*** HOLE CARDS ***
tintin641: folds 
DJNezz: folds 
Nazareno1999: folds 
BoyLoc0: folds 
toplusen: raises $1 to $2
kvcsszblcs: folds 
Uncalled bet ($1) returned to toplusen
toplusen collected $2 from pot
*** SUMMARY ***
Total pot $2 | Rake $0 
Seat 1: toplusen (small blind) collected ($2)
Seat 2: kvcsszblcs (big blind) folded before Flop
Seat 3: tintin641 folded before Flop (didn't bet)
Seat 4: DJNezz folded before Flop (didn't bet)
Seat 5: Nazareno1999 folded before Flop (didn't bet)
Seat 6: BoyLoc0 (button) folded before Flop (didn't bet)



PokerStars Hand #254629142335:  Hold'em No Limit ($0.50/$1.00 USD) - 2025/01/30 22:24:22 WET [2025/01/30 17:24:22 ET]
Table 'Primula' 6-max Seat #1 is the button
Seat 1: toplusen ($237.50 in chips) 
Seat 2: kvcsszblcs ($100 in chips) 
Seat 3: tintin641 ($120.43 in chips) 
Seat 4: DJNezz ($195.70 in chips) 
Seat 5: Nazareno1999 ($192.59 in chips) 
Seat 6: BoyLoc0 ($121.91 in chips) 
kvcsszblcs: posts small blind $0.50
tintin641: posts big blind $1
*** HOLE CARDS ***
DJNezz: folds 
Nazareno1999: folds 
BoyLoc0: folds 
toplusen: folds 
kvcsszblcs: raises $1.85 to $2.85
tintin641: raises $7.15 to $10
kvcsszblcs: raises $13 to $23
tintin641: calls $13
*** FLOP *** [Qd 8s 3c]
kvcsszblcs: bets $10.93
tintin641: calls $10.93
*** TURN *** [Qd 8s 3c] [6c]
kvcsszblcs: bets $21.58
tintin641: folds 
Uncalled bet ($21.58) returned to kvcsszblcs
kvcsszblcs collected $65.36 from pot
kvcsszblcs: doesn't show hand 
*** SUMMARY ***
Total pot $67.86 | Rake $2.50 
Board [Qd 8s 3c 6c]
Seat 1: toplusen (button) folded before Flop (didn't bet)
Seat 2: kvcsszblcs (small blind) collected ($65.36)
Seat 3: tintin641 (big blind) folded on the Turn
Seat 4: DJNezz folded before Flop (didn't bet)
Seat 5: Nazareno1999 folded before Flop (didn't bet)
Seat 6: BoyLoc0 folded before Flop (didn't bet)



PokerStars Hand #254629170015:  Hold'em No Limit ($0.50/$1.00 USD) - 2025/01/30 22:26:00 WET [2025/01/30 17:26:00 ET]
Table 'Primula' 6-max Seat #2 is the button
Seat 1: toplusen ($237.50 in chips) 
Seat 2: kvcsszblcs ($131.43 in chips) 
Seat 3: tintin641 ($100 in chips) 
Seat 4: DJNezz ($195.70 in chips) 
Seat 5: Nazareno1999 ($192.59 in chips) 
Seat 6: BoyLoc0 ($121.91 in chips) 
tintin641: posts small blind $0.50
DJNezz: posts big blind $1
*** HOLE CARDS ***
Nazareno1999: folds 
BoyLoc0: folds 
toplusen: calls $1
kvcsszblcs: folds 
tintin641: folds 
DJNezz: raises $4 to $5
toplusen: calls $4
*** FLOP *** [3d Kc Kd]
DJNezz: bets $3.29
toplusen: calls $3.29
*** TURN *** [3d Kc Kd] [Jc]
DJNezz: bets $24.29
toplusen: folds 
Uncalled bet ($24.29) returned to DJNezz
DJNezz collected $16.23 from pot
*** SUMMARY ***
Total pot $17.08 | Rake $0.85 
Board [3d Kc Kd Jc]
Seat 1: toplusen folded on the Turn
Seat 2: kvcsszblcs (button) folded before Flop (didn't bet)
Seat 3: tintin641 (small blind) folded before Flop
Seat 4: DJNezz (big blind) collected ($16.23)
Seat 5: Nazareno1999 folded before Flop (didn't bet)
Seat 6: BoyLoc0 folded before Flop (didn't bet)



PokerStars Hand #254629194942:  Hold'em No Limit ($0.50/$1.00 USD) - 2025/01/30 22:27:27 WET [2025/01/30 17:27:27 ET]
Table 'Primula' 6-max Seat #3 is the button
Seat 1: toplusen ($229.21 in chips) 
Seat 2: kvcsszblcs ($131.43 in chips) 
Seat 3: tintin641 ($100 in chips) 
Seat 4: DJNezz ($203.64 in chips) 
Seat 5: Nazareno1999 ($192.59 in chips) 
Seat 6: BoyLoc0 ($121.91 in chips) 
DJNezz: posts small blind $0.50
Nazareno1999: posts big blind $1
*** HOLE CARDS ***
BoyLoc0: raises $1.50 to $2.50
toplusen: raises $4.50 to $7
kvcsszblcs: folds 
tintin641: folds 
DJNezz: folds 
Nazareno1999: folds 
BoyLoc0: calls $4.50
*** FLOP *** [4c 9h Kc]
BoyLoc0: checks 
toplusen: bets $7.36
BoyLoc0: folds 
Uncalled bet ($7.36) returned to toplusen
toplusen collected $14.72 from pot
*** SUMMARY ***
Total pot $15.50 | Rake $0.78 
Board [4c 9h Kc]
Seat 1: toplusen collected ($14.72)
Seat 2: kvcsszblcs folded before Flop (didn't bet)
Seat 3: tintin641 (button) folded before Flop (didn't bet)
Seat 4: DJNezz (small blind) folded before Flop
Seat 5: Nazareno1999 (big blind) folded before Flop
Seat 6: BoyLoc0 folded on the Flop



PokerStars Hand #254629205540:  Hold'em No Limit ($0.50/$1.00 USD) - 2025/01/30 22:28:04 WET [2025/01/30 17:28:04 ET]
Table 'Primula' 6-max Seat #4 is the button
Seat 1: toplusen ($236.93 in chips) 
Seat 2: kvcsszblcs ($131.43 in chips) 
Seat 3: tintin641 ($100 in chips) 
Seat 4: DJNezz ($203.14 in chips) 
Seat 5: Nazareno1999 ($191.59 in chips) 
Seat 6: BoyLoc0 ($114.91 in chips) 
Nazareno1999: posts small blind $0.50
BoyLoc0: posts big blind $1
*** HOLE CARDS ***
toplusen: folds 
kvcsszblcs: folds 
tintin641: folds 
DJNezz: folds 
Nazareno1999: raises $1.50 to $2.50
BoyLoc0: raises $6.50 to $9
Nazareno1999: calls $6.50
*** FLOP *** [5d 3s Tc]
Nazareno1999: checks 
BoyLoc0: bets $10.83
Nazareno1999: raises $16.67 to $27.50
BoyLoc0: calls $16.67
*** TURN *** [5d 3s Tc] [6d]
Nazareno1999: bets $15.50
BoyLoc0: calls $15.50
*** RIVER *** [5d 3s Tc 6d] [4d]
Nazareno1999: bets $139.59 and is all-in
BoyLoc0: calls $62.91 and is all-in
Uncalled bet ($76.68) returned to Nazareno1999
*** SHOW DOWN ***
Nazareno1999: shows [9s 8s] (high card Ten)
BoyLoc0: shows [Ad 2s] (a straight, Deuce to Six)
BoyLoc0 collected $227.32 from pot
*** SUMMARY ***
Total pot $229.82 | Rake $2.50 
Board [5d 3s Tc 6d 4d]
Seat 1: toplusen folded before Flop (didn't bet)
Seat 2: kvcsszblcs folded before Flop (didn't bet)
Seat 3: tintin641 folded before Flop (didn't bet)
Seat 4: DJNezz (button) folded before Flop (didn't bet)
Seat 5: Nazareno1999 (small blind) showed [9s 8s] and lost with high card Ten
Seat 6: BoyLoc0 (big blind) showed [Ad 2s] and won ($227.32) with a straight, Deuce to Six



PokerStars Hand #254629226786:  Hold'em No Limit ($0.50/$1.00 USD) - 2025/01/30 22:29:19 WET [2025/01/30 17:29:19 ET]
Table 'Primula' 6-max Seat #5 is the button
Seat 1: toplusen ($236.93 in chips) 
Seat 2: kvcsszblcs ($131.43 in chips) 
Seat 3: tintin641 ($100 in chips) 
Seat 4: DJNezz ($203.14 in chips) 
Seat 5: Nazareno1999 ($100 in chips) 
Seat 6: BoyLoc0 ($227.32 in chips) 
BoyLoc0: posts small blind $0.50
toplusen: posts big blind $1
*** HOLE CARDS ***
kvcsszblcs: raises $1 to $2
tintin641: folds 
DJNezz: folds 
Nazareno1999: folds 
BoyLoc0: folds 
toplusen: folds 
Uncalled bet ($1) returned to kvcsszblcs
kvcsszblcs collected $2.50 from pot
kvcsszblcs: doesn't show hand 
*** SUMMARY ***
Total pot $2.50 | Rake $0 
Seat 1: toplusen (big blind) folded before Flop
Seat 2: kvcsszblcs collected ($2.50)
Seat 3: tintin641 folded before Flop (didn't bet)
Seat 4: DJNezz folded before Flop (didn't bet)
Seat 5: Nazareno1999 (button) folded before Flop (didn't bet)
Seat 6: BoyLoc0 (small blind) folded before Flop



PokerStars Hand #254629236952:  Hold'em No Limit ($0.50/$1.00 USD) - 2025/01/30 22:29:55 WET [2025/01/30 17:29:55 ET]
Table 'Primula' 6-max Seat #6 is the button
Seat 1: toplusen ($235.93 in chips) 
Seat 2: kvcsszblcs ($132.93 in chips) 
Seat 3: tintin641 ($100 in chips) 
Seat 4: DJNezz ($203.14 in chips) 
Seat 5: Nazareno1999 ($100 in chips) 
Seat 6: BoyLoc0 ($226.82 in chips) 
toplusen: posts small blind $0.50
kvcsszblcs: posts big blind $1
*** HOLE CARDS ***
tintin641: folds 
DJNezz: folds 
Nazareno1999: raises $1.20 to $2.20
BoyLoc0: folds 
toplusen: calls $1.70
kvcsszblcs: folds 
*** FLOP *** [Qh 9c Td]
toplusen: checks 
Nazareno1999: bets $1.69
toplusen: calls $1.69
*** TURN *** [Qh 9c Td] [2s]
toplusen: checks 
Nazareno1999: checks 
*** RIVER *** [Qh 9c Td 2s] [2c]
toplusen: checks 
Nazareno1999: bets $6.26
toplusen: raises $225.78 to $232.04 and is all-in
Nazareno1999: folds 
Uncalled bet ($225.78) returned to toplusen
toplusen collected $20.24 from pot
*** SUMMARY ***
Total pot $21.30 | Rake $1.06 
Board [Qh 9c Td 2s 2c]
Seat 1: toplusen (small blind) collected ($20.24)
Seat 2: kvcsszblcs (big blind) folded before Flop
Seat 3: tintin641 folded before Flop (didn't bet)
Seat 4: DJNezz folded before Flop (didn't bet)
Seat 5: Nazareno1999 folded on the River
Seat 6: BoyLoc0 (button) folded before Flop (didn't bet)



PokerStars Hand #254629254385:  Hold'em No Limit ($0.50/$1.00 USD) - 2025/01/30 22:30:56 WET [2025/01/30 17:30:56 ET]
Table 'Primula' 6-max Seat #1 is the button
Seat 1: toplusen ($246.02 in chips) 
Seat 2: kvcsszblcs ($131.93 in chips) 
Seat 3: tintin641 ($100 in chips) 
Seat 4: DJNezz ($203.14 in chips) 
Seat 5: Nazareno1999 ($100 in chips) 
Seat 6: BoyLoc0 ($226.82 in chips) 
kvcsszblcs: posts small blind $0.50
tintin641: posts big blind $1
*** HOLE CARDS ***
DJNezz: folds 
Nazareno1999: raises $1.20 to $2.20
BoyLoc0: folds 
toplusen: calls $2.20
kvcsszblcs: folds 
tintin641: folds 
*** FLOP *** [9d Qs 2c]
Nazareno1999: bets $1.85
toplusen: calls $1.85
*** TURN *** [9d Qs 2c] [Tc]
Nazareno1999: checks 
toplusen: checks 
*** RIVER *** [9d Qs 2c Tc] [4s]
Nazareno1999: checks 
toplusen: checks 
*** SHOW DOWN ***
Nazareno1999: shows [6d Kd] (high card King)
toplusen: shows [Qh Jc] (a pair of Queens)
toplusen collected $9.12 from pot
*** SUMMARY ***
Total pot $9.60 | Rake $0.48 
Board [9d Qs 2c Tc 4s]
Seat 1: toplusen (button) showed [Qh Jc] and won ($9.12) with a pair of Queens
Seat 2: kvcsszblcs (small blind) folded before Flop
Seat 3: tintin641 (big blind) folded before Flop
Seat 4: DJNezz folded before Flop (didn't bet)
Seat 5: Nazareno1999 showed [6d Kd] and lost with high card King
Seat 6: BoyLoc0 folded before Flop (didn't bet)



PokerStars Hand #254629267934:  Hold'em No Limit ($0.50/$1.00 USD) - 2025/01/30 22:31:45 WET [2025/01/30 17:31:45 ET]
Table 'Primula' 6-max Seat #2 is the button
Seat 1: toplusen ($251.09 in chips) 
Seat 2: kvcsszblcs ($131.43 in chips) 
Seat 3: tintin641 ($100 in chips) 
Seat 4: DJNezz ($203.14 in chips) 
Seat 5: Nazareno1999 ($100 in chips) 
Seat 6: BoyLoc0 ($226.82 in chips) 
tintin641: posts small blind $0.50
DJNezz: posts big blind $1
*** HOLE CARDS ***
Nazareno1999: folds 
BoyLoc0: folds 
toplusen: folds 
kvcsszblcs: raises $1.25 to $2.25
tintin641: raises $8.75 to $11
DJNezz: folds 
kvcsszblcs: folds 
Uncalled bet ($8.75) returned to tintin641
tintin641 collected $5.50 from pot
tintin641: doesn't show hand 
*** SUMMARY ***
Total pot $5.50 | Rake $0 
Seat 1: toplusen folded before Flop (didn't bet)
Seat 2: kvcsszblcs (button) folded before Flop
Seat 3: tintin641 (small blind) collected ($5.50)
Seat 4: DJNezz (big blind) folded before Flop
Seat 5: Nazareno1999 folded before Flop (didn't bet)
Seat 6: BoyLoc0 folded before Flop (didn't bet)



PokerStars Hand #254629273933:  Hold'em No Limit ($0.50/$1.00 USD) - 2025/01/30 22:32:07 WET [2025/01/30 17:32:07 ET]
Table 'Primula' 6-max Seat #3 is the button
Seat 1: toplusen ($251.09 in chips) 
Seat 2: kvcsszblcs ($129.18 in chips) 
Seat 3: tintin641 ($103.25 in chips) 
Seat 4: DJNezz ($202.14 in chips) 
Seat 5: Nazareno1999 ($100 in chips) 
Seat 6: BoyLoc0 ($226.82 in chips) 
DJNezz: posts small blind $0.50
Nazareno1999: posts big blind $1
*** HOLE CARDS ***
BoyLoc0: folds 
toplusen: raises $1 to $2
kvcsszblcs: folds 
tintin641: folds 
DJNezz: folds 
Nazareno1999: folds 
Uncalled bet ($1) returned to toplusen
toplusen collected $2.50 from pot
*** SUMMARY ***
Total pot $2.50 | Rake $0 
Seat 1: toplusen collected ($2.50)
Seat 2: kvcsszblcs folded before Flop (didn't bet)
Seat 3: tintin641 (button) folded before Flop (didn't bet)
Seat 4: DJNezz (small blind) folded before Flop
Seat 5: Nazareno1999 (big blind) folded before Flop
Seat 6: BoyLoc0 folded before Flop (didn't bet)



PokerStars Hand #254629282424:  Hold'em No Limit ($0.50/$1.00 USD) - 2025/01/30 22:32:36 WET [2025/01/30 17:32:36 ET]
Table 'Primula' 6-max Seat #4 is the button
Seat 1: toplusen ($252.59 in chips) 
Seat 2: kvcsszblcs ($129.18 in chips) 
Seat 3: tintin641 ($103.25 in chips) 
Seat 4: DJNezz ($201.64 in chips) 
Seat 5: Nazareno1999 ($100 in chips) 
Seat 6: BoyLoc0 ($226.82 in chips) 
Nazareno1999: posts small blind $0.50
BoyLoc0: posts big blind $1
*** HOLE CARDS ***
toplusen: folds 
kvcsszblcs: raises $1 to $2
tintin641: folds 
DJNezz: folds 
Nazareno1999: folds 
BoyLoc0: calls $1
*** FLOP *** [7c Qs 2c]
BoyLoc0: checks 
kvcsszblcs: bets $2.82
BoyLoc0: folds 
Uncalled bet ($2.82) returned to kvcsszblcs
kvcsszblcs collected $4.28 from pot
kvcsszblcs: doesn't show hand 
*** SUMMARY ***
Total pot $4.50 | Rake $0.22 
Board [7c Qs 2c]
Seat 1: toplusen folded before Flop (didn't bet)
Seat 2: kvcsszblcs collected ($4.28)
Seat 3: tintin641 folded before Flop (didn't bet)
Seat 4: DJNezz (button) folded before Flop (didn't bet)
Seat 5: Nazareno1999 (small blind) folded before Flop
Seat 6: BoyLoc0 (big blind) folded on the Flop



PokerStars Hand #254629291285:  Hold'em No Limit ($0.50/$1.00 USD) - 2025/01/30 22:33:08 WET [2025/01/30 17:33:08 ET]
Table 'Primula' 6-max Seat #5 is the button
Seat 1: toplusen ($252.59 in chips) 
Seat 2: kvcsszblcs ($131.46 in chips) 
Seat 3: tintin641 ($103.25 in chips) 
Seat 4: DJNezz ($201.64 in chips) 
Seat 5: Nazareno1999 ($100 in chips) 
Seat 6: BoyLoc0 ($224.82 in chips) 
BoyLoc0: posts small blind $0.50
toplusen: posts big blind $1
*** HOLE CARDS ***
kvcsszblcs: folds 
tintin641: folds 
DJNezz: folds 
Nazareno1999: folds 
BoyLoc0: raises $2 to $3
toplusen: calls $2
*** FLOP *** [2d 4d Ts]
BoyLoc0: checks 
toplusen: checks 
*** TURN *** [2d 4d Ts] [6c]
BoyLoc0: checks 
toplusen: checks 
*** RIVER *** [2d 4d Ts 6c] [5c]
BoyLoc0: checks 
toplusen: checks 
*** SHOW DOWN ***
BoyLoc0: shows [As 2c] (a pair of Deuces)
toplusen: shows [Kc 5d] (a pair of Fives)
toplusen collected $5.70 from pot
*** SUMMARY ***
Total pot $6 | Rake $0.30 
Board [2d 4d Ts 6c 5c]
Seat 1: toplusen (big blind) showed [Kc 5d] and won ($5.70) with a pair of Fives
Seat 2: kvcsszblcs folded before Flop (didn't bet)
Seat 3: tintin641 folded before Flop (didn't bet)
Seat 4: DJNezz folded before Flop (didn't bet)
Seat 5: Nazareno1999 (button) folded before Flop (didn't bet)
Seat 6: BoyLoc0 (small blind) showed [As 2c] and lost with a pair of Deuces



PokerStars Hand #254629301227:  Hold'em No Limit ($0.50/$1.00 USD) - 2025/01/30 22:33:44 WET [2025/01/30 17:33:44 ET]
Table 'Primula' 6-max Seat #6 is the button
Seat 1: toplusen ($255.29 in chips) 
Seat 2: kvcsszblcs ($131.46 in chips) 
Seat 3: tintin641 ($103.25 in chips) 
Seat 4: DJNezz ($201.64 in chips) 
Seat 5: Nazareno1999 ($100 in chips) 
Seat 6: BoyLoc0 ($221.82 in chips) 
toplusen: posts small blind $0.50
kvcsszblcs: posts big blind $1
*** HOLE CARDS ***
tintin641: folds 
DJNezz: folds 
Nazareno1999: folds 
BoyLoc0: folds 
toplusen: raises $1 to $2
kvcsszblcs: calls $1
*** FLOP *** [5c Th 6c]
toplusen: checks 
kvcsszblcs: bets $2.85
toplusen: calls $2.85
*** TURN *** [5c Th 6c] [Td]
toplusen: checks 
kvcsszblcs: bets $9
toplusen: folds 
Uncalled bet ($9) returned to kvcsszblcs
kvcsszblcs collected $9.22 from pot
kvcsszblcs: doesn't show hand 
*** SUMMARY ***
Total pot $9.70 | Rake $0.48 
Board [5c Th 6c Td]
Seat 1: toplusen (small blind) folded on the Turn
Seat 2: kvcsszblcs (big blind) collected ($9.22)
Seat 3: tintin641 folded before Flop (didn't bet)
Seat 4: DJNezz folded before Flop (didn't bet)
Seat 5: Nazareno1999 folded before Flop (didn't bet)
Seat 6: BoyLoc0 (button) folded before Flop (didn't bet)



PokerStars Hand #254629316774:  Hold'em No Limit ($0.50/$1.00 USD) - 2025/01/30 22:34:41 WET [2025/01/30 17:34:41 ET]
Table 'Primula' 6-max Seat #1 is the button
Seat 1: toplusen ($250.44 in chips) 
Seat 2: kvcsszblcs ($135.83 in chips) 
Seat 3: tintin641 ($103.25 in chips) 
Seat 4: DJNezz ($201.64 in chips) 
Seat 5: Nazareno1999 ($100 in chips) 
Seat 6: BoyLoc0 ($221.82 in chips) 
kvcsszblcs: posts small blind $0.50
tintin641: posts big blind $1
*** HOLE CARDS ***
DJNezz: folds 
Nazareno1999: folds 
BoyLoc0: folds 
toplusen: folds 
kvcsszblcs: raises $1.85 to $2.85
tintin641: calls $1.85
*** FLOP *** [7c 5c Ah]
kvcsszblcs: bets $3.58
tintin641: folds 
Uncalled bet ($3.58) returned to kvcsszblcs
kvcsszblcs collected $5.42 from pot
kvcsszblcs: doesn't show hand 
*** SUMMARY ***
Total pot $5.70 | Rake $0.28 
Board [7c 5c Ah]
Seat 1: toplusen (button) folded before Flop (didn't bet)
Seat 2: kvcsszblcs (small blind) collected ($5.42)
Seat 3: tintin641 (big blind) folded on the Flop
Seat 4: DJNezz folded before Flop (didn't bet)
Seat 5: Nazareno1999 folded before Flop (didn't bet)
Seat 6: BoyLoc0 folded before Flop (didn't bet)



PokerStars Hand #254629329627:  Hold'em No Limit ($0.50/$1.00 USD) - 2025/01/30 22:35:28 WET [2025/01/30 17:35:28 ET]
Table 'Primula' 6-max Seat #2 is the button
Seat 1: toplusen ($250.44 in chips) 
Seat 2: kvcsszblcs ($138.40 in chips) 
Seat 3: tintin641 ($100.40 in chips) 
Seat 4: DJNezz ($201.64 in chips) 
Seat 5: Nazareno1999 ($100 in chips) 
Seat 6: BoyLoc0 ($221.82 in chips) 
tintin641: posts small blind $0.50
DJNezz: posts big blind $1
*** HOLE CARDS ***
Nazareno1999: folds 
BoyLoc0: folds 
toplusen: raises $1 to $2
kvcsszblcs: folds 
tintin641: folds 
DJNezz: calls $1
*** FLOP *** [As Qs Jd]
DJNezz: checks 
toplusen: checks 
*** TURN *** [As Qs Jd] [Kh]
DJNezz: checks 
toplusen: bets $2.14
DJNezz: folds 
Uncalled bet ($2.14) returned to toplusen
toplusen collected $4.28 from pot
*** SUMMARY ***
Total pot $4.50 | Rake $0.22 
Board [As Qs Jd Kh]
Seat 1: toplusen collected ($4.28)
Seat 2: kvcsszblcs (button) folded before Flop (didn't bet)
Seat 3: tintin641 (small blind) folded before Flop
Seat 4: DJNezz (big blind) folded on the Turn
Seat 5: Nazareno1999 folded before Flop (didn't bet)
Seat 6: BoyLoc0 folded before Flop (didn't bet)



PokerStars Hand #254629346622:  Hold'em No Limit ($0.50/$1.00 USD) - 2025/01/30 22:36:29 WET [2025/01/30 17:36:29 ET]
Table 'Primula' 6-max Seat #3 is the button
Seat 1: toplusen ($252.72 in chips) 
Seat 2: kvcsszblcs ($138.40 in chips) 
Seat 3: tintin641 ($100 in chips) 
Seat 4: DJNezz ($199.64 in chips) 
Seat 5: Nazareno1999 ($100 in chips) 
Seat 6: BoyLoc0 ($221.82 in chips) 
DJNezz: posts small blind $0.50
Nazareno1999: posts big blind $1
*** HOLE CARDS ***
BoyLoc0: folds 
toplusen: folds 
kvcsszblcs: folds 
tintin641: folds 
DJNezz: raises $2 to $3
Nazareno1999: folds 
Uncalled bet ($2) returned to DJNezz
DJNezz collected $2 from pot
*** SUMMARY ***
Total pot $2 | Rake $0 
Seat 1: toplusen folded before Flop (didn't bet)
Seat 2: kvcsszblcs folded before Flop (didn't bet)
Seat 3: tintin641 (button) folded before Flop (didn't bet)
Seat 4: DJNezz (small blind) collected ($2)
Seat 5: Nazareno1999 (big blind) folded before Flop
Seat 6: BoyLoc0 folded before Flop (didn't bet)



PokerStars Hand #254629355346:  Hold'em No Limit ($0.50/$1.00 USD) - 2025/01/30 22:37:01 WET [2025/01/30 17:37:01 ET]
Table 'Primula' 6-max Seat #4 is the button
Seat 1: toplusen ($252.72 in chips) 
Seat 2: kvcsszblcs ($138.40 in chips) 
Seat 3: tintin641 ($100 in chips) 
Seat 4: DJNezz ($200.64 in chips) 
Seat 5: Nazareno1999 ($100 in chips) 
Seat 6: BoyLoc0 ($221.82 in chips) 
Nazareno1999: posts small blind $0.50
BoyLoc0: posts big blind $1
*** HOLE CARDS ***
toplusen: raises $1 to $2
kvcsszblcs: folds 
tintin641: raises $5 to $7
DJNezz: folds 
Nazareno1999: folds 
BoyLoc0: folds 
toplusen: calls $5
*** FLOP *** [Ac 3d Qs]
toplusen: checks 
tintin641: bets $4.86
toplusen: calls $4.86
*** TURN *** [Ac 3d Qs] [As]
toplusen: checks 
tintin641: bets $17.97
toplusen: folds 
Uncalled bet ($17.97) returned to tintin641
tintin641 collected $23.96 from pot
tintin641: doesn't show hand 
*** SUMMARY ***
Total pot $25.22 | Rake $1.26 
Board [Ac 3d Qs As]
Seat 1: toplusen folded on the Turn
Seat 2: kvcsszblcs folded before Flop (didn't bet)
Seat 3: tintin641 collected ($23.96)
Seat 4: DJNezz (button) folded before Flop (didn't bet)
Seat 5: Nazareno1999 (small blind) folded before Flop
Seat 6: BoyLoc0 (big blind) folded before Flop



PokerStars Hand #254629379672:  Hold'em No Limit ($0.50/$1.00 USD) - 2025/01/30 22:38:30 WET [2025/01/30 17:38:30 ET]
Table 'Primula' 6-max Seat #5 is the button
Seat 1: toplusen ($240.86 in chips) 
Seat 2: kvcsszblcs ($138.40 in chips) 
Seat 3: tintin641 ($112.10 in chips) 
Seat 4: DJNezz ($200.64 in chips) 
Seat 5: Nazareno1999 ($100 in chips) 
Seat 6: BoyLoc0 ($220.82 in chips) 
BoyLoc0: posts small blind $0.50
toplusen: posts big blind $1
*** HOLE CARDS ***
kvcsszblcs: raises $1 to $2
tintin641: folds 
DJNezz: folds 
Nazareno1999: folds 
BoyLoc0: folds 
toplusen: folds 
Uncalled bet ($1) returned to kvcsszblcs
kvcsszblcs collected $2.50 from pot
kvcsszblcs: doesn't show hand 
*** SUMMARY ***
Total pot $2.50 | Rake $0 
Seat 1: toplusen (big blind) folded before Flop
Seat 2: kvcsszblcs collected ($2.50)
Seat 3: tintin641 folded before Flop (didn't bet)
Seat 4: DJNezz folded before Flop (didn't bet)
Seat 5: Nazareno1999 (button) folded before Flop (didn't bet)
Seat 6: BoyLoc0 (small blind) folded before Flop



PokerStars Hand #254629385334:  Hold'em No Limit ($0.50/$1.00 USD) - 2025/01/30 22:38:50 WET [2025/01/30 17:38:50 ET]
Table 'Primula' 6-max Seat #6 is the button
Seat 1: toplusen ($239.86 in chips) 
Seat 2: kvcsszblcs ($139.90 in chips) 
Seat 3: tintin641 ($112.10 in chips) 
Seat 4: DJNezz ($200.64 in chips) 
Seat 5: Nazareno1999 ($100 in chips) 
Seat 6: BoyLoc0 ($220.32 in chips) 
toplusen: posts small blind $0.50
kvcsszblcs: posts big blind $1
*** HOLE CARDS ***
tintin641: folds 
DJNezz: folds 
Nazareno1999: raises $1.20 to $2.20
BoyLoc0: raises $5.30 to $7.50
toplusen: folds 
kvcsszblcs: folds 
Nazareno1999: folds 
Uncalled bet ($5.30) returned to BoyLoc0
BoyLoc0 collected $5.90 from pot
BoyLoc0: doesn't show hand 
*** SUMMARY ***
Total pot $5.90 | Rake $0 
Seat 1: toplusen (small blind) folded before Flop
Seat 2: kvcsszblcs (big blind) folded before Flop
Seat 3: tintin641 folded before Flop (didn't bet)
Seat 4: DJNezz folded before Flop (didn't bet)
Seat 5: Nazareno1999 folded before Flop
Seat 6: BoyLoc0 (button) collected ($5.90)



PokerStars Hand #254629392152:  Hold'em No Limit ($0.50/$1.00 USD) - 2025/01/30 22:39:15 WET [2025/01/30 17:39:15 ET]
Table 'Primula' 6-max Seat #1 is the button
Seat 1: toplusen ($239.36 in chips) 
Seat 2: kvcsszblcs ($138.90 in chips) 
Seat 3: tintin641 ($112.10 in chips) 
Seat 4: DJNezz ($200.64 in chips) 
Seat 5: Nazareno1999 ($100 in chips) 
Seat 6: BoyLoc0 ($224.02 in chips) 
kvcsszblcs: posts small blind $0.50
tintin641: posts big blind $1
*** HOLE CARDS ***
DJNezz: folds 
Nazareno1999: folds 
BoyLoc0: folds 
toplusen: raises $1 to $2
kvcsszblcs: folds 
tintin641: calls $1
*** FLOP *** [6s 5h 5c]
tintin641: checks 
toplusen: checks 
*** TURN *** [6s 5h 5c] [5d]
tintin641: checks 
toplusen: bets $2.14
tintin641: folds 
Uncalled bet ($2.14) returned to toplusen
toplusen collected $4.28 from pot
*** SUMMARY ***
Total pot $4.50 | Rake $0.22 
Board [6s 5h 5c 5d]
Seat 1: toplusen (button) collected ($4.28)
Seat 2: kvcsszblcs (small blind) folded before Flop
Seat 3: tintin641 (big blind) folded on the Turn
Seat 4: DJNezz folded before Flop (didn't bet)
Seat 5: Nazareno1999 folded before Flop (didn't bet)
Seat 6: BoyLoc0 folded before Flop (didn't bet)



PokerStars Hand #254629407253:  Hold'em No Limit ($0.50/$1.00 USD) - 2025/01/30 22:40:09 WET [2025/01/30 17:40:09 ET]
Table 'Primula' 6-max Seat #2 is the button
Seat 1: toplusen ($241.64 in chips) 
Seat 2: kvcsszblcs ($138.40 in chips) 
Seat 3: tintin641 ($110.10 in chips) 
Seat 4: DJNezz ($200.64 in chips) 
Seat 5: Nazareno1999 ($100 in chips) 
Seat 6: BoyLoc0 ($224.02 in chips) 
tintin641: posts small blind $0.50
DJNezz: posts big blind $1
*** HOLE CARDS ***
Nazareno1999: folds 
BoyLoc0: folds 
toplusen: folds 
kvcsszblcs: folds 
tintin641: folds 
Uncalled bet ($0.50) returned to DJNezz
DJNezz collected $1 from pot
*** SUMMARY ***
Total pot $1 | Rake $0 
Seat 1: toplusen folded before Flop (didn't bet)
Seat 2: kvcsszblcs (button) folded before Flop (didn't bet)
Seat 3: tintin641 (small blind) folded before Flop
Seat 4: DJNezz (big blind) collected ($1)
Seat 5: Nazareno1999 folded before Flop (didn't bet)
Seat 6: BoyLoc0 folded before Flop (didn't bet)



PokerStars Hand #254629411044:  Hold'em No Limit ($0.50/$1.00 USD) - 2025/01/30 22:40:22 WET [2025/01/30 17:40:22 ET]
Table 'Primula' 6-max Seat #3 is the button
Seat 1: toplusen ($241.64 in chips) 
Seat 2: kvcsszblcs ($138.40 in chips) 
Seat 3: tintin641 ($109.60 in chips) 
Seat 4: DJNezz ($201.14 in chips) 
Seat 5: Nazareno1999 ($100 in chips) 
Seat 6: BoyLoc0 ($224.02 in chips) 
DJNezz: posts small blind $0.50
Nazareno1999: posts big blind $1
*** HOLE CARDS ***
BoyLoc0: folds 
toplusen: folds 
kvcsszblcs: folds 
tintin641: folds 
DJNezz: folds 
Uncalled bet ($0.50) returned to Nazareno1999
Nazareno1999 collected $1 from pot
Nazareno1999: doesn't show hand 
*** SUMMARY ***
Total pot $1 | Rake $0 
Seat 1: toplusen folded before Flop (didn't bet)
Seat 2: kvcsszblcs folded before Flop (didn't bet)
Seat 3: tintin641 (button) folded before Flop (didn't bet)
Seat 4: DJNezz (small blind) folded before Flop
Seat 5: Nazareno1999 (big blind) collected ($1)
Seat 6: BoyLoc0 folded before Flop (didn't bet)



PokerStars Hand #254629414209:  Hold'em No Limit ($0.50/$1.00 USD) - 2025/01/30 22:40:33 WET [2025/01/30 17:40:33 ET]
Table 'Primula' 6-max Seat #4 is the button
Seat 1: toplusen ($241.64 in chips) 
Seat 2: kvcsszblcs ($138.40 in chips) 
Seat 3: tintin641 ($109.60 in chips) 
Seat 4: DJNezz ($200.64 in chips) 
Seat 5: Nazareno1999 ($100.50 in chips) 
Seat 6: BoyLoc0 ($224.02 in chips) 
Nazareno1999: posts small blind $0.50
BoyLoc0: posts big blind $1
*** HOLE CARDS ***
toplusen: folds 
kvcsszblcs: folds 
tintin641: folds 
DJNezz: folds 
Nazareno1999: folds 
Uncalled bet ($0.50) returned to BoyLoc0
BoyLoc0 collected $1 from pot
BoyLoc0: doesn't show hand 
*** SUMMARY ***
Total pot $1 | Rake $0 
Seat 1: toplusen folded before Flop (didn't bet)
Seat 2: kvcsszblcs folded before Flop (didn't bet)
Seat 3: tintin641 folded before Flop (didn't bet)
Seat 4: DJNezz (button) folded before Flop (didn't bet)
Seat 5: Nazareno1999 (small blind) folded before Flop
Seat 6: BoyLoc0 (big blind) collected ($1)



PokerStars Hand #254629418186:  Hold'em No Limit ($0.50/$1.00 USD) - 2025/01/30 22:40:48 WET [2025/01/30 17:40:48 ET]
Table 'Primula' 6-max Seat #5 is the button
Seat 1: toplusen ($241.64 in chips) 
Seat 2: kvcsszblcs ($138.40 in chips) 
Seat 3: tintin641 ($109.60 in chips) 
Seat 4: DJNezz ($200.64 in chips) 
Seat 5: Nazareno1999 ($100 in chips) 
Seat 6: BoyLoc0 ($224.52 in chips) 
BoyLoc0: posts small blind $0.50
toplusen: posts big blind $1
*** HOLE CARDS ***
kvcsszblcs: folds 
tintin641: raises $1.50 to $2.50
DJNezz: folds 
Nazareno1999: raises $5 to $7.50
BoyLoc0: folds 
toplusen: folds 
tintin641: folds 
Uncalled bet ($5) returned to Nazareno1999
Nazareno1999 collected $6.50 from pot
Nazareno1999: doesn't show hand 
*** SUMMARY ***
Total pot $6.50 | Rake $0 
Seat 1: toplusen (big blind) folded before Flop
Seat 2: kvcsszblcs folded before Flop (didn't bet)
Seat 3: tintin641 folded before Flop
Seat 4: DJNezz folded before Flop (didn't bet)
Seat 5: Nazareno1999 (button) collected ($6.50)
Seat 6: BoyLoc0 (small blind) folded before Flop



PokerStars Hand #254629427352:  Hold'em No Limit ($0.50/$1.00 USD) - 2025/01/30 22:41:21 WET [2025/01/30 17:41:21 ET]
Table 'Primula' 6-max Seat #6 is the button
Seat 1: toplusen ($240.64 in chips) 
Seat 2: kvcsszblcs ($138.40 in chips) 
Seat 3: tintin641 ($107.10 in chips) 
Seat 4: DJNezz ($200.64 in chips) 
Seat 5: Nazareno1999 ($104 in chips) 
Seat 6: BoyLoc0 ($224.02 in chips) 
toplusen: posts small blind $0.50
kvcsszblcs: posts big blind $1
*** HOLE CARDS ***
tintin641: folds 
DJNezz: folds 
Nazareno1999: raises $1.20 to $2.20
BoyLoc0: raises $5.30 to $7.50
toplusen: folds 
kvcsszblcs: raises $14.50 to $22
Nazareno1999: folds 
BoyLoc0: folds 
Uncalled bet ($14.50) returned to kvcsszblcs
kvcsszblcs collected $17.70 from pot
kvcsszblcs: doesn't show hand 
*** SUMMARY ***
Total pot $17.70 | Rake $0 
Seat 1: toplusen (small blind) folded before Flop
Seat 2: kvcsszblcs (big blind) collected ($17.70)
Seat 3: tintin641 folded before Flop (didn't bet)
Seat 4: DJNezz folded before Flop (didn't bet)
Seat 5: Nazareno1999 folded before Flop
Seat 6: BoyLoc0 (button) folded before Flop



PokerStars Hand #254629440427:  Hold'em No Limit ($0.50/$1.00 USD) - 2025/01/30 22:42:09 WET [2025/01/30 17:42:09 ET]
Table 'Primula' 6-max Seat #1 is the button
Seat 1: toplusen ($240.14 in chips) 
Seat 2: kvcsszblcs ($148.60 in chips) 
Seat 3: tintin641 ($107.10 in chips) 
Seat 4: DJNezz ($200.64 in chips) 
Seat 5: Nazareno1999 ($101.80 in chips) 
Seat 6: BoyLoc0 ($216.52 in chips) 
kvcsszblcs: posts small blind $0.50
tintin641: posts big blind $1
*** HOLE CARDS ***
DJNezz: folds 
Nazareno1999: raises $1.20 to $2.20
BoyLoc0: folds 
toplusen: raises $5.90 to $8.10
kvcsszblcs: folds 
tintin641: folds 
Nazareno1999: calls $5.90
*** FLOP *** [6d 4c 2s]
Nazareno1999: checks 
toplusen: bets $8.41
Nazareno1999: folds 
Uncalled bet ($8.41) returned to toplusen
toplusen collected $16.82 from pot
*** SUMMARY ***
Total pot $17.70 | Rake $0.88 
Board [6d 4c 2s]
Seat 1: toplusen (button) collected ($16.82)
Seat 2: kvcsszblcs (small blind) folded before Flop
Seat 3: tintin641 (big blind) folded before Flop
Seat 4: DJNezz folded before Flop (didn't bet)
Seat 5: Nazareno1999 folded on the Flop
Seat 6: BoyLoc0 folded before Flop (didn't bet)



PokerStars Hand #254629450230:  Hold'em No Limit ($0.50/$1.00 USD) - 2025/01/30 22:42:44 WET [2025/01/30 17:42:44 ET]
Table 'Primula' 6-max Seat #2 is the button
Seat 1: toplusen ($248.86 in chips) 
Seat 2: kvcsszblcs ($148.10 in chips) 
Seat 3: tintin641 ($106.10 in chips) 
Seat 4: DJNezz ($200.64 in chips) 
Seat 5: Nazareno1999 ($100 in chips) 
Seat 6: BoyLoc0 ($216.52 in chips) 
tintin641: posts small blind $0.50
DJNezz: posts big blind $1
*** HOLE CARDS ***
Nazareno1999: folds 
BoyLoc0: raises $1.50 to $2.50
toplusen: folds 
kvcsszblcs: folds 
tintin641: folds 
DJNezz: folds 
Uncalled bet ($1.50) returned to BoyLoc0
BoyLoc0 collected $2.50 from pot
BoyLoc0: doesn't show hand 
*** SUMMARY ***
Total pot $2.50 | Rake $0 
Seat 1: toplusen folded before Flop (didn't bet)
Seat 2: kvcsszblcs (button) folded before Flop (didn't bet)
Seat 3: tintin641 (small blind) folded before Flop
Seat 4: DJNezz (big blind) folded before Flop
Seat 5: Nazareno1999 folded before Flop (didn't bet)
Seat 6: BoyLoc0 collected ($2.50)



PokerStars Hand #254629454290:  Hold'em No Limit ($0.50/$1.00 USD) - 2025/01/30 22:42:59 WET [2025/01/30 17:42:59 ET]
Table 'Primula' 6-max Seat #3 is the button
Seat 1: toplusen ($248.86 in chips) 
Seat 2: kvcsszblcs ($148.10 in chips) 
Seat 3: tintin641 ($105.60 in chips) 
Seat 4: DJNezz ($199.64 in chips) 
Seat 5: Nazareno1999 ($100 in chips) 
Seat 6: BoyLoc0 ($218.02 in chips) 
DJNezz: posts small blind $0.50
Nazareno1999: posts big blind $1
*** HOLE CARDS ***
BoyLoc0: folds 
toplusen: folds 
kvcsszblcs: raises $1 to $2
tintin641: folds 
DJNezz: raises $10 to $12
Nazareno1999: folds 
kvcsszblcs: folds 
Uncalled bet ($10) returned to DJNezz
DJNezz collected $5 from pot
*** SUMMARY ***
Total pot $5 | Rake $0 
Seat 1: toplusen folded before Flop (didn't bet)
Seat 2: kvcsszblcs folded before Flop
Seat 3: tintin641 (button) folded before Flop (didn't bet)
Seat 4: DJNezz (small blind) collected ($5)
Seat 5: Nazareno1999 (big blind) folded before Flop
Seat 6: BoyLoc0 folded before Flop (didn't bet)



PokerStars Hand #254629462054:  Hold'em No Limit ($0.50/$1.00 USD) - 2025/01/30 22:43:27 WET [2025/01/30 17:43:27 ET]
Table 'Primula' 6-max Seat #4 is the button
Seat 1: toplusen ($248.86 in chips) 
Seat 2: kvcsszblcs ($146.10 in chips) 
Seat 3: tintin641 ($105.60 in chips) 
Seat 4: DJNezz ($202.64 in chips) 
Seat 5: Nazareno1999 ($100 in chips) 
Seat 6: BoyLoc0 ($218.02 in chips) 
Nazareno1999: posts small blind $0.50
BoyLoc0: posts big blind $1
*** HOLE CARDS ***
toplusen: folds 
kvcsszblcs: raises $1 to $2
tintin641: folds 
DJNezz: folds 
Nazareno1999: folds 
BoyLoc0: folds 
Uncalled bet ($1) returned to kvcsszblcs
kvcsszblcs collected $2.50 from pot
kvcsszblcs: doesn't show hand 
*** SUMMARY ***
Total pot $2.50 | Rake $0 
Seat 1: toplusen folded before Flop (didn't bet)
Seat 2: kvcsszblcs collected ($2.50)
Seat 3: tintin641 folded before Flop (didn't bet)
Seat 4: DJNezz (button) folded before Flop (didn't bet)
Seat 5: Nazareno1999 (small blind) folded before Flop
Seat 6: BoyLoc0 (big blind) folded before Flop



PokerStars Hand #254629468234:  Hold'em No Limit ($0.50/$1.00 USD) - 2025/01/30 22:43:49 WET [2025/01/30 17:43:49 ET]
Table 'Primula' 6-max Seat #5 is the button
Seat 1: toplusen ($248.86 in chips) 
Seat 2: kvcsszblcs ($147.60 in chips) 
Seat 3: tintin641 ($105.60 in chips) 
Seat 4: DJNezz ($202.64 in chips) 
Seat 5: Nazareno1999 ($100 in chips) 
Seat 6: BoyLoc0 ($217.02 in chips) 
BoyLoc0: posts small blind $0.50
toplusen: posts big blind $1
*** HOLE CARDS ***
kvcsszblcs: folds 
tintin641: raises $1.50 to $2.50
DJNezz: folds 
Nazareno1999: folds 
BoyLoc0: folds 
toplusen: calls $1.50
*** FLOP *** [Kc 6c 9c]
toplusen: checks 
tintin641: bets $1.72
toplusen: calls $1.72
*** TURN *** [Kc 6c 9c] [8h]
toplusen: checks 
tintin641: checks 
*** RIVER *** [Kc 6c 9c 8h] [Ac]
toplusen: checks 
tintin641: bets $2.80
toplusen: calls $2.80
*** SHOW DOWN ***
tintin641: shows [Tc Td] (a flush, Ace high)
toplusen: mucks hand 
tintin641 collected $13.81 from pot
*** SUMMARY ***
Total pot $14.54 | Rake $0.73 
Board [Kc 6c 9c 8h Ac]
Seat 1: toplusen (big blind) mucked
Seat 2: kvcsszblcs folded before Flop (didn't bet)
Seat 3: tintin641 showed [Tc Td] and won ($13.81) with a flush, Ace high
Seat 4: DJNezz folded before Flop (didn't bet)
Seat 5: Nazareno1999 (button) folded before Flop (didn't bet)
Seat 6: BoyLoc0 (small blind) folded before Flop



PokerStars Hand #254629486551:  Hold'em No Limit ($0.50/$1.00 USD) - 2025/01/30 22:44:56 WET [2025/01/30 17:44:56 ET]
Table 'Primula' 6-max Seat #6 is the button
Seat 1: toplusen ($241.84 in chips) 
Seat 2: kvcsszblcs ($147.60 in chips) 
Seat 3: tintin641 ($112.39 in chips) 
Seat 4: DJNezz ($202.64 in chips) 
Seat 5: Nazareno1999 ($100 in chips) 
Seat 6: BoyLoc0 ($216.52 in chips) 
toplusen: posts small blind $0.50
kvcsszblcs: posts big blind $1
*** HOLE CARDS ***
tintin641: folds 
DJNezz: folds 
Nazareno1999: folds 
BoyLoc0: raises $1.50 to $2.50
toplusen: folds 
kvcsszblcs: folds 
Uncalled bet ($1.50) returned to BoyLoc0
BoyLoc0 collected $2.50 from pot
BoyLoc0: doesn't show hand 
*** SUMMARY ***
Total pot $2.50 | Rake $0 
Seat 1: toplusen (small blind) folded before Flop
Seat 2: kvcsszblcs (big blind) folded before Flop
Seat 3: tintin641 folded before Flop (didn't bet)
Seat 4: DJNezz folded before Flop (didn't bet)
Seat 5: Nazareno1999 folded before Flop (didn't bet)
Seat 6: BoyLoc0 (button) collected ($2.50)



PokerStars Hand #254629490261:  Hold'em No Limit ($0.50/$1.00 USD) - 2025/01/30 22:45:09 WET [2025/01/30 17:45:09 ET]
Table 'Primula' 6-max Seat #1 is the button
Seat 1: toplusen ($241.34 in chips) 
Seat 2: kvcsszblcs ($146.60 in chips) 
Seat 3: tintin641 ($112.39 in chips) 
Seat 4: DJNezz ($202.64 in chips) 
Seat 5: Nazareno1999 ($100 in chips) 
Seat 6: BoyLoc0 ($218.02 in chips) 
kvcsszblcs: posts small blind $0.50
tintin641: posts big blind $1
*** HOLE CARDS ***
DJNezz: folds 
Nazareno1999: folds 
BoyLoc0: folds 
toplusen: folds 
kvcsszblcs: folds 
Uncalled bet ($0.50) returned to tintin641
tintin641 collected $1 from pot
tintin641: doesn't show hand 
*** SUMMARY ***
Total pot $1 | Rake $0 
Seat 1: toplusen (button) folded before Flop (didn't bet)
Seat 2: kvcsszblcs (small blind) folded before Flop
Seat 3: tintin641 (big blind) collected ($1)
Seat 4: DJNezz folded before Flop (didn't bet)
Seat 5: Nazareno1999 folded before Flop (didn't bet)
Seat 6: BoyLoc0 folded before Flop (didn't bet)



PokerStars Hand #254629493429:  Hold'em No Limit ($0.50/$1.00 USD) - 2025/01/30 22:45:21 WET [2025/01/30 17:45:21 ET]
Table 'Primula' 6-max Seat #2 is the button
Seat 1: toplusen ($241.34 in chips) 
Seat 2: kvcsszblcs ($146.10 in chips) 
Seat 3: tintin641 ($112.89 in chips) 
Seat 4: DJNezz ($202.64 in chips) 
Seat 5: Nazareno1999 ($100 in chips) 
Seat 6: BoyLoc0 ($218.02 in chips) 
tintin641: posts small blind $0.50
DJNezz: posts big blind $1
*** HOLE CARDS ***
Nazareno1999: folds 
BoyLoc0: folds 
toplusen: folds 
kvcsszblcs: folds 
tintin641: folds 
Uncalled bet ($0.50) returned to DJNezz
DJNezz collected $1 from pot
*** SUMMARY ***
Total pot $1 | Rake $0 
Seat 1: toplusen folded before Flop (didn't bet)
Seat 2: kvcsszblcs (button) folded before Flop (didn't bet)
Seat 3: tintin641 (small blind) folded before Flop
Seat 4: DJNezz (big blind) collected ($1)
Seat 5: Nazareno1999 folded before Flop (didn't bet)
Seat 6: BoyLoc0 folded before Flop (didn't bet)



PokerStars Hand #254629497442:  Hold'em No Limit ($0.50/$1.00 USD) - 2025/01/30 22:45:35 WET [2025/01/30 17:45:35 ET]
Table 'Primula' 6-max Seat #3 is the button
Seat 1: toplusen ($241.34 in chips) 
Seat 2: kvcsszblcs ($146.10 in chips) 
Seat 3: tintin641 ($112.39 in chips) 
Seat 4: DJNezz ($203.14 in chips) 
Seat 5: Nazareno1999 ($100 in chips) 
Seat 6: BoyLoc0 ($218.02 in chips) 
DJNezz: posts small blind $0.50
Nazareno1999: posts big blind $1
*** HOLE CARDS ***
BoyLoc0: raises $1.50 to $2.50
toplusen: folds 
kvcsszblcs: folds 
tintin641: raises $5 to $7.50
DJNezz: folds 
Nazareno1999: folds 
BoyLoc0: calls $5
*** FLOP *** [Ts Td 9c]
BoyLoc0: checks 
tintin641: bets $7.84
BoyLoc0: calls $7.84
*** TURN *** [Ts Td 9c] [6d]
BoyLoc0: checks 
tintin641: bets $22.93
BoyLoc0: folds 
Uncalled bet ($22.93) returned to tintin641
tintin641 collected $30.57 from pot
tintin641: doesn't show hand 
*** SUMMARY ***
Total pot $32.18 | Rake $1.61 
Board [Ts Td 9c 6d]
Seat 1: toplusen folded before Flop (didn't bet)
Seat 2: kvcsszblcs folded before Flop (didn't bet)
Seat 3: tintin641 (button) collected ($30.57)
Seat 4: DJNezz (small blind) folded before Flop
Seat 5: Nazareno1999 (big blind) folded before Flop
Seat 6: BoyLoc0 folded on the Turn



PokerStars Hand #254629517438:  Hold'em No Limit ($0.50/$1.00 USD) - 2025/01/30 22:46:48 WET [2025/01/30 17:46:48 ET]
Table 'Primula' 6-max Seat #4 is the button
Seat 1: toplusen ($241.34 in chips) 
Seat 2: kvcsszblcs ($146.10 in chips) 
Seat 3: tintin641 ($127.62 in chips) 
Seat 4: DJNezz ($202.64 in chips) 
Seat 5: Nazareno1999 ($100 in chips) 
Seat 6: BoyLoc0 ($202.68 in chips) 
Nazareno1999: posts small blind $0.50
BoyLoc0: posts big blind $1
*** HOLE CARDS ***
toplusen: raises $1 to $2
kvcsszblcs: folds 
tintin641: folds 
DJNezz: folds 
Nazareno1999: folds 
BoyLoc0: calls $1
*** FLOP *** [Qs Ts Ac]
BoyLoc0: checks 
toplusen: bets $2.14
BoyLoc0: folds 
Uncalled bet ($2.14) returned to toplusen
toplusen collected $4.28 from pot
*** SUMMARY ***
Total pot $4.50 | Rake $0.22 
Board [Qs Ts Ac]
Seat 1: toplusen collected ($4.28)
Seat 2: kvcsszblcs folded before Flop (didn't bet)
Seat 3: tintin641 folded before Flop (didn't bet)
Seat 4: DJNezz (button) folded before Flop (didn't bet)
Seat 5: Nazareno1999 (small blind) folded before Flop
Seat 6: BoyLoc0 (big blind) folded on the Flop



PokerStars Hand #254629534521:  Hold'em No Limit ($0.50/$1.00 USD) - 2025/01/30 22:47:51 WET [2025/01/30 17:47:51 ET]
Table 'Primula' 6-max Seat #5 is the button
Seat 1: toplusen ($243.62 in chips) 
Seat 2: kvcsszblcs ($146.10 in chips) 
Seat 3: tintin641 ($127.62 in chips) 
Seat 4: DJNezz ($202.64 in chips) 
Seat 5: Nazareno1999 ($100 in chips) 
Seat 6: BoyLoc0 ($200.68 in chips) 
BoyLoc0: posts small blind $0.50
toplusen: posts big blind $1
*** HOLE CARDS ***
kvcsszblcs: folds 
tintin641: folds 
DJNezz: raises $1.20 to $2.20
Nazareno1999: folds 
BoyLoc0: folds 
toplusen: folds 
Uncalled bet ($1.20) returned to DJNezz
DJNezz collected $2.50 from pot
*** SUMMARY ***
Total pot $2.50 | Rake $0 
Seat 1: toplusen (big blind) folded before Flop
Seat 2: kvcsszblcs folded before Flop (didn't bet)
Seat 3: tintin641 folded before Flop (didn't bet)
Seat 4: DJNezz collected ($2.50)
Seat 5: Nazareno1999 (button) folded before Flop (didn't bet)
Seat 6: BoyLoc0 (small blind) folded before Flop



PokerStars Hand #254629542354:  Hold'em No Limit ($0.50/$1.00 USD) - 2025/01/30 22:48:20 WET [2025/01/30 17:48:20 ET]
Table 'Primula' 6-max Seat #6 is the button
Seat 1: toplusen ($242.62 in chips) 
Seat 2: kvcsszblcs ($146.10 in chips) 
Seat 3: tintin641 ($127.62 in chips) 
Seat 4: DJNezz ($204.14 in chips) 
Seat 5: Nazareno1999 ($100 in chips) 
Seat 6: BoyLoc0 ($200.18 in chips) 
toplusen: posts small blind $0.50
kvcsszblcs: posts big blind $1
*** HOLE CARDS ***
tintin641: folds 
DJNezz: folds 
Nazareno1999: folds 
BoyLoc0: folds 
toplusen: raises $1 to $2
kvcsszblcs: calls $1
*** FLOP *** [8h 8c 9s]
toplusen: checks 
kvcsszblcs: checks 
*** TURN *** [8h 8c 9s] [4s]
toplusen: checks 
kvcsszblcs: checks 
*** RIVER *** [8h 8c 9s 4s] [Qs]
toplusen: checks 
kvcsszblcs: checks 
*** SHOW DOWN ***
toplusen: shows [Th Kh] (a pair of Eights)
kvcsszblcs: mucks hand 
toplusen collected $3.80 from pot
*** SUMMARY ***
Total pot $4 | Rake $0.20 
Board [8h 8c 9s 4s Qs]
Seat 1: toplusen (small blind) showed [Th Kh] and won ($3.80) with a pair of Eights
Seat 2: kvcsszblcs (big blind) mucked
Seat 3: tintin641 folded before Flop (didn't bet)
Seat 4: DJNezz folded before Flop (didn't bet)
Seat 5: Nazareno1999 folded before Flop (didn't bet)
Seat 6: BoyLoc0 (button) folded before Flop (didn't bet)



PokerStars Hand #254629558638:  Hold'em No Limit ($0.50/$1.00 USD) - 2025/01/30 22:49:20 WET [2025/01/30 17:49:20 ET]
Table 'Primula' 6-max Seat #1 is the button
Seat 1: toplusen ($244.42 in chips) 
Seat 2: kvcsszblcs ($144.10 in chips) 
Seat 3: tintin641 ($127.62 in chips) 
Seat 4: DJNezz ($204.14 in chips) 
Seat 5: Nazareno1999 ($100 in chips) 
Seat 6: BoyLoc0 ($200.18 in chips) 
kvcsszblcs: posts small blind $0.50
tintin641: posts big blind $1
*** HOLE CARDS ***
DJNezz: raises $1.20 to $2.20
toplusen is disconnected 
Nazareno1999: folds 
BoyLoc0: folds 
toplusen has timed out while disconnected
toplusen: folds 
kvcsszblcs: folds 
tintin641: folds 
Uncalled bet ($1.20) returned to DJNezz
DJNezz collected $2.50 from pot
*** SUMMARY ***
Total pot $2.50 | Rake $0 
Seat 1: toplusen (button) folded before Flop (didn't bet)
Seat 2: kvcsszblcs (small blind) folded before Flop
Seat 3: tintin641 (big blind) folded before Flop
Seat 4: DJNezz collected ($2.50)
Seat 5: Nazareno1999 folded before Flop (didn't bet)
Seat 6: BoyLoc0 folded before Flop (didn't bet)



PokerStars Hand #254629566070:  Hold'em No Limit ($0.50/$1.00 USD) - 2025/01/30 22:49:48 WET [2025/01/30 17:49:48 ET]
Table 'Primula' 6-max Seat #2 is the button
Seat 1: toplusen ($244.42 in chips) is sitting out
Seat 2: kvcsszblcs ($143.60 in chips) 
Seat 3: tintin641 ($126.62 in chips) 
Seat 4: DJNezz ($205.64 in chips) 
Seat 5: Nazareno1999 ($100 in chips) 
Seat 6: BoyLoc0 ($200.18 in chips) 
tintin641: posts small blind $0.50
DJNezz: posts big blind $1
*** HOLE CARDS ***
Nazareno1999: folds 
BoyLoc0: raises $1.50 to $2.50
kvcsszblcs: folds 
tintin641: folds 
DJNezz: folds 
Uncalled bet ($1.50) returned to BoyLoc0
BoyLoc0 collected $2.50 from pot
BoyLoc0: doesn't show hand 
*** SUMMARY ***
Total pot $2.50 | Rake $0 
Seat 1: toplusen
Seat 2: kvcsszblcs (button) folded before Flop (didn't bet)
Seat 3: tintin641 (small blind) folded before Flop
Seat 4: DJNezz (big blind) folded before Flop
Seat 5: Nazareno1999 folded before Flop (didn't bet)
Seat 6: BoyLoc0 collected ($2.50)



PokerStars Hand #254629569668:  Hold'em No Limit ($0.50/$1.00 USD) - 2025/01/30 22:50:02 WET [2025/01/30 17:50:02 ET]
Table 'Primula' 6-max Seat #3 is the button
Seat 1: toplusen ($244.42 in chips) is sitting out
Seat 2: kvcsszblcs ($143.60 in chips) 
Seat 3: tintin641 ($126.12 in chips) 
Seat 4: DJNezz ($204.64 in chips) 
Seat 5: Nazareno1999 ($100 in chips) 
Seat 6: BoyLoc0 ($201.68 in chips) 
DJNezz: posts small blind $0.50
Nazareno1999: posts big blind $1
*** HOLE CARDS ***
BoyLoc0: folds 
kvcsszblcs: raises $1 to $2
tintin641: folds 
DJNezz: folds 
Nazareno1999: folds 
Uncalled bet ($1) returned to kvcsszblcs
kvcsszblcs collected $2.50 from pot
kvcsszblcs: doesn't show hand 
*** SUMMARY ***
Total pot $2.50 | Rake $0 
Seat 1: toplusen
Seat 2: kvcsszblcs collected ($2.50)
Seat 3: tintin641 (button) folded before Flop (didn't bet)
Seat 4: DJNezz (small blind) folded before Flop
Seat 5: Nazareno1999 (big blind) folded before Flop
Seat 6: BoyLoc0 folded before Flop (didn't bet)



PokerStars Hand #254629574082:  Hold'em No Limit ($0.50/$1.00 USD) - 2025/01/30 22:50:18 WET [2025/01/30 17:50:18 ET]
Table 'Primula' 6-max Seat #4 is the button
Seat 1: toplusen ($244.42 in chips) is sitting out
Seat 2: kvcsszblcs ($145.10 in chips) 
Seat 3: tintin641 ($126.12 in chips) 
Seat 4: DJNezz ($204.14 in chips) 
Seat 5: Nazareno1999 ($100 in chips) 
Seat 6: BoyLoc0 ($201.68 in chips) 
Nazareno1999: posts small blind $0.50
BoyLoc0: posts big blind $1
*** HOLE CARDS ***
kvcsszblcs: folds 
tintin641: folds 
DJNezz: folds 
Nazareno1999: raises $1.50 to $2.50
BoyLoc0: folds 
Uncalled bet ($1.50) returned to Nazareno1999
Nazareno1999 collected $2 from pot
Nazareno1999: doesn't show hand 
*** SUMMARY ***
Total pot $2 | Rake $0 
Seat 1: toplusen
Seat 2: kvcsszblcs folded before Flop (didn't bet)
Seat 3: tintin641 folded before Flop (didn't bet)
Seat 4: DJNezz (button) folded before Flop (didn't bet)
Seat 5: Nazareno1999 (small blind) collected ($2)
Seat 6: BoyLoc0 (big blind) folded before Flop



PokerStars Hand #254629577382:  Hold'em No Limit ($0.50/$1.00 USD) - 2025/01/30 22:50:30 WET [2025/01/30 17:50:30 ET]
Table 'Primula' 6-max Seat #5 is the button
Seat 1: toplusen ($244.42 in chips) is sitting out
Seat 2: kvcsszblcs ($145.10 in chips) 
Seat 3: tintin641 ($126.12 in chips) 
Seat 4: DJNezz ($204.14 in chips) 
Seat 5: Nazareno1999 ($101 in chips) 
Seat 6: BoyLoc0 ($200.68 in chips) 
BoyLoc0: posts small blind $0.50
kvcsszblcs: posts big blind $1
*** HOLE CARDS ***
tintin641: folds 
DJNezz: folds 
Nazareno1999: folds 
BoyLoc0: folds 
Uncalled bet ($0.50) returned to kvcsszblcs
kvcsszblcs collected $1 from pot
kvcsszblcs: doesn't show hand 
*** SUMMARY ***
Total pot $1 | Rake $0 
Seat 1: toplusen
Seat 2: kvcsszblcs (big blind) collected ($1)
Seat 3: tintin641 folded before Flop (didn't bet)
Seat 4: DJNezz folded before Flop (didn't bet)
Seat 5: Nazareno1999 (button) folded before Flop (didn't bet)
Seat 6: BoyLoc0 (small blind) folded before Flop



PokerStars Hand #254629580446:  Hold'em No Limit ($0.50/$1.00 USD) - 2025/01/30 22:50:41 WET [2025/01/30 17:50:41 ET]
Table 'Primula' 6-max Seat #6 is the button
Seat 1: toplusen ($244.42 in chips) is sitting out
Seat 2: kvcsszblcs ($145.60 in chips) 
Seat 3: tintin641 ($126.12 in chips) 
Seat 4: DJNezz ($204.14 in chips) 
Seat 5: Nazareno1999 ($101 in chips) 
Seat 6: BoyLoc0 ($200.18 in chips) 
kvcsszblcs: posts small blind $0.50
tintin641: posts big blind $1
*** HOLE CARDS ***
DJNezz: folds 
Nazareno1999: folds 
BoyLoc0: raises $1.50 to $2.50
kvcsszblcs: folds 
tintin641: folds 
Uncalled bet ($1.50) returned to BoyLoc0
BoyLoc0 collected $2.50 from pot
BoyLoc0: doesn't show hand 
*** SUMMARY ***
Total pot $2.50 | Rake $0 
Seat 1: toplusen
Seat 2: kvcsszblcs (small blind) folded before Flop
Seat 3: tintin641 (big blind) folded before Flop
Seat 4: DJNezz folded before Flop (didn't bet)
Seat 5: Nazareno1999 folded before Flop (didn't bet)
Seat 6: BoyLoc0 (button) collected ($2.50)



PokerStars Hand #254629585268:  Hold'em No Limit ($0.50/$1.00 USD) - 2025/01/30 22:50:59 WET [2025/01/30 17:50:59 ET]
Table 'Primula' 6-max Seat #2 is the button
Seat 1: toplusen ($244.42 in chips) is sitting out
Seat 4: DJNezz ($204.14 in chips) is sitting out
Seat 2: kvcsszblcs ($145.10 in chips) 
Seat 3: tintin641 ($125.12 in chips) 
Seat 5: Nazareno1999 ($101 in chips) 
Seat 6: BoyLoc0 ($201.68 in chips) 
tintin641: posts small blind $0.50
DJNezz: is sitting out 
Nazareno1999: posts big blind $1
*** HOLE CARDS ***
DJNezz leaves the table
BoyLoc0: raises $1.50 to $2.50
kvcsszblcs: folds 
tintin641: folds 
Nazareno1999: calls $1.50
*** FLOP *** [8h Kc 5s]
Nazareno1999: checks 
BoyLoc0: bets $6.83
Nazareno1999: folds 
Uncalled bet ($6.83) returned to BoyLoc0
BoyLoc0 collected $5.22 from pot
BoyLoc0: doesn't show hand 
*** SUMMARY ***
Total pot $5.50 | Rake $0.28 
Board [8h Kc 5s]
Seat 1: toplusen
Seat 4: DJNezz
Seat 2: kvcsszblcs (button) folded before Flop (didn't bet)
Seat 3: tintin641 (small blind) folded before Flop
Seat 5: Nazareno1999 (big blind) folded on the Flop
Seat 6: BoyLoc0 collected ($5.22)



PokerStars Hand #254629594114:  Hold'em No Limit ($0.50/$1.00 USD) - 2025/01/30 22:51:31 WET [2025/01/30 17:51:31 ET]
Table 'Primula' 6-max Seat #3 is the button
Seat 1: toplusen ($244.42 in chips) is sitting out
Seat 2: kvcsszblcs ($145.10 in chips) 
Seat 3: tintin641 ($124.62 in chips) 
Seat 5: Nazareno1999 ($100 in chips) 
Seat 6: BoyLoc0 ($204.40 in chips) 
Nazareno1999: posts small blind $0.50
BoyLoc0: posts big blind $1
*** HOLE CARDS ***
kvcsszblcs: raises $1 to $2
tintin641: folds 
Nazareno1999: folds 
BoyLoc0: folds 
Uncalled bet ($1) returned to kvcsszblcs
kvcsszblcs collected $2.50 from pot
kvcsszblcs: doesn't show hand 
*** SUMMARY ***
Total pot $2.50 | Rake $0 
Seat 1: toplusen
Seat 2: kvcsszblcs collected ($2.50)
Seat 3: tintin641 (button) folded before Flop (didn't bet)
Seat 5: Nazareno1999 (small blind) folded before Flop
Seat 6: BoyLoc0 (big blind) folded before Flop



PokerStars Hand #254629597780:  Hold'em No Limit ($0.50/$1.00 USD) - 2025/01/30 22:51:45 WET [2025/01/30 17:51:45 ET]
Table 'Primula' 6-max Seat #5 is the button
Seat 1: toplusen ($244.42 in chips) is sitting out
Seat 2: kvcsszblcs ($146.60 in chips) 
Seat 3: tintin641 ($124.62 in chips) 
Seat 5: Nazareno1999 ($100 in chips) 
Seat 6: BoyLoc0 ($203.40 in chips) 
BoyLoc0: posts small blind $0.50
kvcsszblcs: posts big blind $1
*** HOLE CARDS ***
tintin641: raises $1.50 to $2.50
Nazareno1999: folds 
BoyLoc0: folds 
kvcsszblcs: raises $9.50 to $12
tintin641: folds 
Uncalled bet ($9.50) returned to kvcsszblcs
kvcsszblcs collected $5.50 from pot
kvcsszblcs: doesn't show hand 
*** SUMMARY ***
Total pot $5.50 | Rake $0 
Seat 1: toplusen
Seat 2: kvcsszblcs (big blind) collected ($5.50)
Seat 3: tintin641 folded before Flop
Seat 5: Nazareno1999 (button) folded before Flop (didn't bet)
Seat 6: BoyLoc0 (small blind) folded before Flop



PokerStars Hand #254629602617:  Hold'em No Limit ($0.50/$1.00 USD) - 2025/01/30 22:52:03 WET [2025/01/30 17:52:03 ET]
Table 'Primula' 6-max Seat #6 is the button
Seat 1: toplusen ($244.42 in chips) is sitting out
Seat 2: kvcsszblcs ($149.60 in chips) 
Seat 3: tintin641 ($122.12 in chips) 
Seat 5: Nazareno1999 ($100 in chips) 
Seat 6: BoyLoc0 ($202.90 in chips) 
kvcsszblcs: posts small blind $0.50
tintin641: posts big blind $1
*** HOLE CARDS ***
Nazareno1999: folds 
BoyLoc0: folds 
kvcsszblcs: raises $1.85 to $2.85
tintin641: folds 
Uncalled bet ($1.85) returned to kvcsszblcs
kvcsszblcs collected $2 from pot
kvcsszblcs: doesn't show hand 
*** SUMMARY ***
Total pot $2 | Rake $0 
Seat 1: toplusen
Seat 2: kvcsszblcs (small blind) collected ($2)
Seat 3: tintin641 (big blind) folded before Flop
Seat 5: Nazareno1999 folded before Flop (didn't bet)
Seat 6: BoyLoc0 (button) folded before Flop (didn't bet)



PokerStars Hand #254629608156:  Hold'em No Limit ($0.50/$1.00 USD) - 2025/01/30 22:52:23 WET [2025/01/30 17:52:23 ET]
Table 'Primula' 6-max Seat #2 is the button
Seat 1: toplusen ($244.42 in chips) is sitting out
Seat 2: kvcsszblcs ($150.60 in chips) 
Seat 3: tintin641 ($121.12 in chips) 
Seat 5: Nazareno1999 ($100 in chips) 
Seat 6: BoyLoc0 ($202.90 in chips) 
tintin641: posts small blind $0.50
Nazareno1999: posts big blind $1
*** HOLE CARDS ***
BoyLoc0: folds 
kvcsszblcs: raises $1.25 to $2.25
tintin641: folds 
Nazareno1999: raises $9.75 to $12
kvcsszblcs: folds 
Uncalled bet ($9.75) returned to Nazareno1999
Nazareno1999 collected $5 from pot
Nazareno1999: doesn't show hand 
*** SUMMARY ***
Total pot $5 | Rake $0 
Seat 1: toplusen
Seat 2: kvcsszblcs (button) folded before Flop
Seat 3: tintin641 (small blind) folded before Flop
Seat 5: Nazareno1999 (big blind) collected ($5)
Seat 6: BoyLoc0 folded before Flop (didn't bet)



PokerStars Hand #254629614245:  Hold'em No Limit ($0.50/$1.00 USD) - 2025/01/30 22:52:46 WET [2025/01/30 17:52:46 ET]
Table 'Primula' 6-max Seat #3 is the button
Seat 1: toplusen ($244.42 in chips) is sitting out
Seat 2: kvcsszblcs ($148.35 in chips) 
Seat 3: tintin641 ($120.62 in chips) 
Seat 5: Nazareno1999 ($102.75 in chips) 
Seat 6: BoyLoc0 ($202.90 in chips) 
Nazareno1999: posts small blind $0.50
BoyLoc0: posts big blind $1
*** HOLE CARDS ***
kvcsszblcs: folds 
tintin641: raises $1.50 to $2.50
Nazareno1999: folds 
BoyLoc0: folds 
Uncalled bet ($1.50) returned to tintin641
tintin641 collected $2.50 from pot
tintin641: doesn't show hand 
*** SUMMARY ***
Total pot $2.50 | Rake $0 
Seat 1: toplusen
Seat 2: kvcsszblcs folded before Flop (didn't bet)
Seat 3: tintin641 (button) collected ($2.50)
Seat 5: Nazareno1999 (small blind) folded before Flop
Seat 6: BoyLoc0 (big blind) folded before Flop



