PokerStars Hand #254620011480:  Hold'em No Limit ($0.50/$1.00 USD) - 2025/01/30 12:09:26 WET [2025/01/30 7:09:26 ET]
Table 'Ilona' 6-max Seat #5 is the button
Seat 6: Kristo 914 ($100 in chips) is sitting out
Seat 1: valmble ($40 in chips) 
Seat 4: habib beye ($100 in chips) 
Seat 5: Gfoer ($100 in chips) 
valmble: posts small blind $0.50
habib beye: posts big blind $1
*** HOLE CARDS ***
Gfoer: raises $1 to $2
valmble: folds 
habib beye: folds 
Uncalled bet ($1) returned to Gfoer
Gfoer collected $2.50 from pot
Gfoer: doesn't show hand 
*** SUMMARY ***
Total pot $2.50 | Rake $0 
Seat 6: Kristo 914
Seat 1: valmble (small blind) folded before Flop
Seat 4: habib beye (big blind) folded before Flop
Seat 5: Gfoer (button) collected ($2.50)



PokerStars Hand #254620014601:  Hold'em No Limit ($0.50/$1.00 USD) - 2025/01/30 12:09:50 WET [2025/01/30 7:09:50 ET]
Table 'Ilona' 6-max Seat #1 is the button
Seat 6: Kristo 914 ($100 in chips) is sitting out
Seat 1: valmble ($39.50 in chips) 
Seat 4: habib beye ($100 in chips) 
Seat 5: Gfoer ($101.50 in chips) 
habib beye: posts small blind $0.50
Gfoer: posts big blind $1
Kristo 914: sits out 
*** HOLE CARDS ***
valmble: folds 
habib beye: folds 
Uncalled bet ($0.50) returned to Gfoer
Gfoer collected $1 from pot
Gfoer: doesn't show hand 
*** SUMMARY ***
Total pot $1 | Rake $0 
Seat 6: Kristo 914
Seat 1: valmble (button) folded before Flop (didn't bet)
Seat 4: habib beye (small blind) folded before Flop
Seat 5: Gfoer (big blind) collected ($1)



PokerStars Hand #254620016998:  Hold'em No Limit ($0.50/$1.00 USD) - 2025/01/30 12:10:08 WET [2025/01/30 7:10:08 ET]
Table 'Ilona' 6-max Seat #4 is the button
Seat 1: valmble ($39.50 in chips) 
Seat 4: habib beye ($100 in chips) 
Seat 5: Gfoer ($102 in chips) 
Seat 6: Kristo 914 ($100 in chips) 
Gfoer: posts small blind $0.50
Kristo 914: posts big blind $1
*** HOLE CARDS ***
valmble: folds 
habib beye: folds 
Gfoer: raises $1.50 to $2.50
Kristo 914: folds 
Uncalled bet ($1.50) returned to Gfoer
Gfoer collected $2 from pot
Gfoer: doesn't show hand 
*** SUMMARY ***
Total pot $2 | Rake $0 
Seat 1: valmble folded before Flop (didn't bet)
Seat 4: habib beye (button) folded before Flop (didn't bet)
Seat 5: Gfoer (small blind) collected ($2)
Seat 6: Kristo 914 (big blind) folded before Flop



PokerStars Hand #254620018838:  Hold'em No Limit ($0.50/$1.00 USD) - 2025/01/30 12:10:22 WET [2025/01/30 7:10:22 ET]
Table 'Ilona' 6-max Seat #5 is the button
Seat 1: valmble ($39.50 in chips) is sitting out
Seat 4: habib beye ($100 in chips) 
Seat 5: Gfoer ($103 in chips) 
Seat 6: Kristo 914 ($100 in chips) 
Kristo 914: posts small blind $0.50
valmble: is sitting out 
habib beye: posts big blind $1
*** HOLE CARDS ***
valmble leaves the table
Gfoer: raises $1 to $2
Kristo 914: folds 
habib beye: folds 
Uncalled bet ($1) returned to Gfoer
Gfoer collected $2.50 from pot
Gfoer: doesn't show hand 
*** SUMMARY ***
Total pot $2.50 | Rake $0 
Seat 1: valmble
Seat 4: habib beye (big blind) folded before Flop
Seat 5: Gfoer (button) collected ($2.50)
Seat 6: Kristo 914 (small blind) folded before Flop



PokerStars Hand #254620020362:  Hold'em No Limit ($0.50/$1.00 USD) - 2025/01/30 12:10:34 WET [2025/01/30 7:10:34 ET]
Table 'Ilona' 6-max Seat #4 is the button
Seat 5: Gfoer ($104.50 in chips) is sitting out
Seat 4: habib beye ($100 in chips) 
Seat 6: Kristo 914 ($100 in chips) 
habib beye: posts small blind $0.50
Gfoer: is sitting out 
Kristo 914: posts big blind $1
*** HOLE CARDS ***
Gfoer leaves the table
habib beye: raises $1.50 to $2.50
Kristo 914: calls $1.50
*** FLOP *** [3d 4d 8d]
Kristo 914: checks 
habib beye: bets $1.57
Kristo 914: folds 
Uncalled bet ($1.57) returned to habib beye
habib beye collected $4.75 from pot
*** SUMMARY ***
Total pot $5 | Rake $0.25 
Board [3d 4d 8d]
Seat 5: Gfoer
Seat 4: habib beye (button) (small blind) collected ($4.75)
Seat 6: Kristo 914 (big blind) folded on the Flop



PokerStars Hand #254620045278:  Hold'em No Limit ($0.50/$1.00 USD) - 2025/01/30 12:13:45 WET [2025/01/30 7:13:45 ET]
Table 'Ilona' 6-max Seat #5 is the button
Seat 1: antey89 ($80 in chips) 
Seat 2: Gfoer ($104.50 in chips) 
Seat 3: DL1B ($100 in chips) 
Seat 5: valmble ($40 in chips) 
Seat 6: seedcatcher ($80 in chips) 
seedcatcher: posts small blind $0.50
antey89: posts big blind $1
*** HOLE CARDS ***
Gfoer: raises $1.20 to $2.20
DL1B: folds 
valmble: folds 
seedcatcher: folds 
antey89: folds 
Uncalled bet ($1.20) returned to Gfoer
Gfoer collected $2.50 from pot
Gfoer: doesn't show hand 
*** SUMMARY ***
Total pot $2.50 | Rake $0 
Seat 1: antey89 (big blind) folded before Flop
Seat 2: Gfoer collected ($2.50)
Seat 3: DL1B folded before Flop (didn't bet)
Seat 5: valmble (button) folded before Flop (didn't bet)
Seat 6: seedcatcher (small blind) folded before Flop



PokerStars Hand #254620048959:  Hold'em No Limit ($0.50/$1.00 USD) - 2025/01/30 12:14:13 WET [2025/01/30 7:14:13 ET]
Table 'Ilona' 6-max Seat #6 is the button
Seat 1: antey89 ($100 in chips) 
Seat 2: Gfoer ($106 in chips) 
Seat 3: DL1B ($100 in chips) 
Seat 5: valmble ($40 in chips) 
Seat 6: seedcatcher ($79.50 in chips) 
antey89: posts small blind $0.50
Gfoer: posts big blind $1
*** HOLE CARDS ***
DL1B: folds 
valmble: folds 
seedcatcher: raises $1 to $2
antey89: folds 
Gfoer: folds 
Uncalled bet ($1) returned to seedcatcher
seedcatcher collected $2.50 from pot
*** SUMMARY ***
Total pot $2.50 | Rake $0 
Seat 1: antey89 (small blind) folded before Flop
Seat 2: Gfoer (big blind) folded before Flop
Seat 3: DL1B folded before Flop (didn't bet)
Seat 5: valmble folded before Flop (didn't bet)
Seat 6: seedcatcher (button) collected ($2.50)



PokerStars Hand #254620052540:  Hold'em No Limit ($0.50/$1.00 USD) - 2025/01/30 12:14:40 WET [2025/01/30 7:14:40 ET]
Table 'Ilona' 6-max Seat #1 is the button
Seat 1: antey89 ($100 in chips) 
Seat 2: Gfoer ($105 in chips) 
Seat 3: DL1B ($100 in chips) 
Seat 5: valmble ($40 in chips) 
Seat 6: seedcatcher ($81 in chips) 
Gfoer: posts small blind $0.50
DL1B: posts big blind $1
*** HOLE CARDS ***
valmble: folds 
seedcatcher: folds 
DJNezz joins the table at seat #4 
antey89: folds 
Gfoer: folds 
Uncalled bet ($0.50) returned to DL1B
DL1B collected $1 from pot
DL1B: doesn't show hand 
*** SUMMARY ***
Total pot $1 | Rake $0 
Seat 1: antey89 (button) folded before Flop (didn't bet)
Seat 2: Gfoer (small blind) folded before Flop
Seat 3: DL1B (big blind) collected ($1)
Seat 5: valmble folded before Flop (didn't bet)
Seat 6: seedcatcher folded before Flop (didn't bet)



PokerStars Hand #254620054834:  Hold'em No Limit ($0.50/$1.00 USD) - 2025/01/30 12:14:57 WET [2025/01/30 7:14:57 ET]
Table 'Ilona' 6-max Seat #2 is the button
Seat 1: antey89 ($100 in chips) 
Seat 2: Gfoer ($104.50 in chips) 
Seat 3: DL1B ($100.50 in chips) 
Seat 4: DJNezz ($100 in chips) 
Seat 5: valmble ($40 in chips) 
Seat 6: seedcatcher ($81 in chips) 
DL1B: posts small blind $0.50
DJNezz: posts big blind $1
*** HOLE CARDS ***
valmble: folds 
seedcatcher: raises $2 to $3
antey89: folds 
Gfoer: folds 
DL1B: folds 
DJNezz: folds 
Uncalled bet ($2) returned to seedcatcher
seedcatcher collected $2.50 from pot
*** SUMMARY ***
Total pot $2.50 | Rake $0 
Seat 1: antey89 folded before Flop (didn't bet)
Seat 2: Gfoer (button) folded before Flop (didn't bet)
Seat 3: DL1B (small blind) folded before Flop
Seat 4: DJNezz (big blind) folded before Flop
Seat 5: valmble folded before Flop (didn't bet)
Seat 6: seedcatcher collected ($2.50)



PokerStars Hand #254620057537:  Hold'em No Limit ($0.50/$1.00 USD) - 2025/01/30 12:15:18 WET [2025/01/30 7:15:18 ET]
Table 'Ilona' 6-max Seat #3 is the button
Seat 5: valmble ($40 in chips) is sitting out
Seat 1: antey89 ($100 in chips) 
Seat 2: Gfoer ($104.50 in chips) 
Seat 3: DL1B ($100 in chips) 
Seat 4: DJNezz ($100 in chips) 
Seat 6: seedcatcher ($82.50 in chips) 
DJNezz: posts small blind $0.50
valmble: is sitting out 
seedcatcher: posts big blind $1
*** HOLE CARDS ***
antey89: folds 
Gfoer: raises $1.20 to $2.20
DL1B: folds 
DJNezz: folds 
seedcatcher: calls $1.20
*** FLOP *** [Js 3d 9s]
seedcatcher: checks 
Gfoer: bets $1.55
seedcatcher: calls $1.55
*** TURN *** [Js 3d 9s] [Qd]
seedcatcher: checks 
Gfoer: bets $3.80
seedcatcher: calls $3.80
*** RIVER *** [Js 3d 9s Qd] [2d]
seedcatcher: checks 
Gfoer: bets $23.25
seedcatcher: folds 
Uncalled bet ($23.25) returned to Gfoer
Gfoer collected $14.82 from pot
Gfoer: doesn't show hand 
*** SUMMARY ***
Total pot $15.60 | Rake $0.78 
Board [Js 3d 9s Qd 2d]
Seat 5: valmble
Seat 1: antey89 folded before Flop (didn't bet)
Seat 2: Gfoer collected ($14.82)
Seat 3: DL1B (button) folded before Flop (didn't bet)
Seat 4: DJNezz (small blind) folded before Flop
Seat 6: seedcatcher (big blind) folded on the River



PokerStars Hand #254620065292:  Hold'em No Limit ($0.50/$1.00 USD) - 2025/01/30 12:16:16 WET [2025/01/30 7:16:16 ET]
Table 'Ilona' 6-max Seat #4 is the button
Seat 5: valmble ($40 in chips) is sitting out
Seat 1: antey89 ($100 in chips) 
Seat 2: Gfoer ($111.77 in chips) 
Seat 3: DL1B ($100 in chips) 
Seat 4: DJNezz ($100 in chips) 
Seat 6: seedcatcher ($74.95 in chips) 
seedcatcher: posts small blind $0.50
antey89: posts big blind $1
*** HOLE CARDS ***
Gfoer: folds 
DL1B: folds 
DJNezz: folds 
seedcatcher: folds 
Uncalled bet ($0.50) returned to antey89
antey89 collected $1 from pot
antey89: doesn't show hand 
*** SUMMARY ***
Total pot $1 | Rake $0 
Seat 5: valmble
Seat 1: antey89 (big blind) collected ($1)
Seat 2: Gfoer folded before Flop (didn't bet)
Seat 3: DL1B folded before Flop (didn't bet)
Seat 4: DJNezz (button) folded before Flop (didn't bet)
Seat 6: seedcatcher (small blind) folded before Flop



PokerStars Hand #254620066518:  Hold'em No Limit ($0.50/$1.00 USD) - 2025/01/30 12:16:25 WET [2025/01/30 7:16:25 ET]
Table 'Ilona' 6-max Seat #6 is the button
Seat 2: Gfoer ($111.77 in chips) is sitting out
Seat 5: valmble ($40 in chips) is sitting out
Seat 1: antey89 ($100.50 in chips) 
Seat 3: DL1B ($100 in chips) 
Seat 4: DJNezz ($100 in chips) 
Seat 6: seedcatcher ($74.45 in chips) 
antey89: posts small blind $0.50
Gfoer: is sitting out 
DL1B: posts big blind $1
*** HOLE CARDS ***
DJNezz: folds 
valmble leaves the table
seedcatcher: folds 
antey89: raises $2 to $3
Gfoer leaves the table
DL1B: calls $2
*** FLOP *** [7d Qs Qh]
seedcatcher leaves the table
antey89: bets $1.88
DL1B: calls $1.88
*** TURN *** [7d Qs Qh] [Kd]
antey89: bets $6.03
DL1B: folds 
Uncalled bet ($6.03) returned to antey89
antey89 collected $9.27 from pot
antey89: doesn't show hand 
*** SUMMARY ***
Total pot $9.76 | Rake $0.49 
Board [7d Qs Qh Kd]
Seat 2: Gfoer
Seat 5: valmble
Seat 1: antey89 (small blind) collected ($9.27)
Seat 3: DL1B (big blind) folded on the Turn
Seat 4: DJNezz folded before Flop (didn't bet)
Seat 6: seedcatcher (button) folded before Flop (didn't bet)



PokerStars Hand #254620073679:  Hold'em No Limit ($0.50/$1.00 USD) - 2025/01/30 12:17:20 WET [2025/01/30 7:17:20 ET]
Table 'Ilona' 6-max Seat #1 is the button
Seat 1: antey89 ($104.89 in chips) 
Seat 3: DL1B ($100 in chips) 
Seat 4: DJNezz ($100 in chips) 
DL1B: posts small blind $0.50
DJNezz: posts big blind $1
*** HOLE CARDS ***
antey89: raises $1.50 to $2.50
DL1B: folds 
DJNezz: folds 
Uncalled bet ($1.50) returned to antey89
antey89 collected $2.50 from pot
antey89: doesn't show hand 
*** SUMMARY ***
Total pot $2.50 | Rake $0 
Seat 1: antey89 (button) collected ($2.50)
Seat 3: DL1B (small blind) folded before Flop
Seat 4: DJNezz (big blind) folded before Flop



