PokerStars Hand #254617498075:  Hold'em No Limit ($0.50/$1.00 USD) - 2025/01/30 4:25:11 WET [2025/01/29 23:25:11 ET]
Table 'Roma' 6-max Seat #3 is the button
Seat 1: joaquin612 ($204.34 in chips) is sitting out
Seat 2: 50CandyJoe ($111.30 in chips) 
Seat 3: Seavus10 ($169.16 in chips) 
Seat 4: b2k-Snick ($99 in chips) 
Seat 5: CashfishT ($121.85 in chips) 
Seat 6: Calvmcd85 ($123.60 in chips) 
b2k-Snick: posts small blind $0.50
CashfishT: posts big blind $1
*** HOLE CARDS ***
Calvmcd85: folds 
50CandyJoe: folds 
Seavus10: folds 
b2k-Snick: raises $2 to $3
CashfishT: calls $2
*** FLOP *** [As 6s 9c]
b2k-Snick: bets $3.14
CashfishT: calls $3.14
*** TURN *** [As 6s 9c] [4d]
b2k-Snick: bets $9.50
CashfishT: calls $9.50
*** RIVER *** [As 6s 9c 4d] [8h]
b2k-Snick: checks 
CashfishT: checks 
*** SHOW DOWN ***
b2k-Snick: shows [Ks 3s] (high card Ace)
CashfishT: shows [Ah 3h] (a pair of Aces)
CashfishT collected $29.72 from pot
*** SUMMARY ***
Total pot $31.28 | Rake $1.56 
Board [As 6s 9c 4d 8h]
Seat 1: joaquin612
Seat 2: 50CandyJoe folded before Flop (didn't bet)
Seat 3: Seavus10 (button) folded before Flop (didn't bet)
Seat 4: b2k-Snick (small blind) showed [Ks 3s] and lost with high card Ace
Seat 5: CashfishT (big blind) showed [Ah 3h] and won ($29.72) with a pair of Aces
Seat 6: Calvmcd85 folded before Flop (didn't bet)



PokerStars Hand #254617506446:  Hold'em No Limit ($0.50/$1.00 USD) - 2025/01/30 4:26:33 WET [2025/01/29 23:26:33 ET]
Table 'Roma' 6-max Seat #4 is the button
Seat 1: joaquin612 ($204.34 in chips) is sitting out
Seat 2: 50CandyJoe ($111.30 in chips) 
Seat 3: Seavus10 ($169.16 in chips) 
Seat 4: b2k-Snick ($83.36 in chips) 
Seat 5: CashfishT ($135.93 in chips) 
Seat 6: Calvmcd85 ($123.60 in chips) 
CashfishT: posts small blind $0.50
Calvmcd85: posts big blind $1
*** HOLE CARDS ***
50CandyJoe: folds 
Seavus10: raises $1.20 to $2.20
b2k-Snick: folds 
CashfishT: folds 
Calvmcd85: folds 
Uncalled bet ($1.20) returned to Seavus10
Seavus10 collected $2.50 from pot
Seavus10: doesn't show hand 
*** SUMMARY ***
Total pot $2.50 | Rake $0 
Seat 1: joaquin612
Seat 2: 50CandyJoe folded before Flop (didn't bet)
Seat 3: Seavus10 collected ($2.50)
Seat 4: b2k-Snick (button) folded before Flop (didn't bet)
Seat 5: CashfishT (small blind) folded before Flop
Seat 6: Calvmcd85 (big blind) folded before Flop



PokerStars Hand #254617509680:  Hold'em No Limit ($0.50/$1.00 USD) - 2025/01/30 4:27:05 WET [2025/01/29 23:27:05 ET]
Table 'Roma' 6-max Seat #5 is the button
Seat 1: joaquin612 ($204.34 in chips) is sitting out
Seat 2: 50CandyJoe ($111.30 in chips) 
Seat 3: Seavus10 ($170.66 in chips) 
Seat 4: b2k-Snick ($100 in chips) 
Seat 5: CashfishT ($135.43 in chips) 
Seat 6: Calvmcd85 ($122.60 in chips) 
Calvmcd85: posts small blind $0.50
50CandyJoe: posts big blind $1
*** HOLE CARDS ***
Seavus10: folds 
b2k-Snick: raises $1.50 to $2.50
CashfishT: raises $4.50 to $7
Calvmcd85: calls $6.50
50CandyJoe: folds 
b2k-Snick: folds 
*** FLOP *** [6s 8d 4h]
Calvmcd85: checks 
CashfishT: bets $8.31
Calvmcd85: folds 
Uncalled bet ($8.31) returned to CashfishT
CashfishT collected $16.62 from pot
CashfishT: doesn't show hand 
*** SUMMARY ***
Total pot $17.50 | Rake $0.88 
Board [6s 8d 4h]
Seat 1: joaquin612
Seat 2: 50CandyJoe (big blind) folded before Flop
Seat 3: Seavus10 folded before Flop (didn't bet)
Seat 4: b2k-Snick folded before Flop
Seat 5: CashfishT (button) collected ($16.62)
Seat 6: Calvmcd85 (small blind) folded on the Flop



PokerStars Hand #254617514378:  Hold'em No Limit ($0.50/$1.00 USD) - 2025/01/30 4:27:52 WET [2025/01/29 23:27:52 ET]
Table 'Roma' 6-max Seat #6 is the button
Seat 1: joaquin612 ($204.34 in chips) is sitting out
Seat 2: 50CandyJoe ($110.30 in chips) 
Seat 3: Seavus10 ($170.66 in chips) 
Seat 4: b2k-Snick ($97.50 in chips) 
Seat 5: CashfishT ($145.05 in chips) 
Seat 6: Calvmcd85 ($115.60 in chips) 
50CandyJoe: posts small blind $0.50
Seavus10: posts big blind $1
*** HOLE CARDS ***
b2k-Snick: folds 
CashfishT: folds 
Calvmcd85: calls $1
50CandyJoe: raises $3.50 to $4.50
Seavus10: folds 
Calvmcd85: calls $3.50
*** FLOP *** [5d Ac 7h]
50CandyJoe: checks 
Calvmcd85: checks 
*** TURN *** [5d Ac 7h] [2s]
50CandyJoe: checks 
Calvmcd85: checks 
*** RIVER *** [5d Ac 7h 2s] [3s]
50CandyJoe: bets $2.38
Calvmcd85: folds 
Uncalled bet ($2.38) returned to 50CandyJoe
50CandyJoe collected $9.50 from pot
50CandyJoe: doesn't show hand 
*** SUMMARY ***
Total pot $10 | Rake $0.50 
Board [5d Ac 7h 2s 3s]
Seat 1: joaquin612
Seat 2: 50CandyJoe (small blind) collected ($9.50)
Seat 3: Seavus10 (big blind) folded before Flop
Seat 4: b2k-Snick folded before Flop (didn't bet)
Seat 5: CashfishT folded before Flop (didn't bet)
Seat 6: Calvmcd85 (button) folded on the River



PokerStars Hand #254617519271:  Hold'em No Limit ($0.50/$1.00 USD) - 2025/01/30 4:28:41 WET [2025/01/29 23:28:41 ET]
Table 'Roma' 6-max Seat #2 is the button
Seat 1: joaquin612 ($204.34 in chips) is sitting out
Seat 2: 50CandyJoe ($115.30 in chips) 
Seat 3: Seavus10 ($169.66 in chips) 
Seat 4: b2k-Snick ($97.50 in chips) 
Seat 5: CashfishT ($145.05 in chips) 
Seat 6: Calvmcd85 ($111.10 in chips) 
Seavus10: posts small blind $0.50
b2k-Snick: posts big blind $1
*** HOLE CARDS ***
CashfishT: folds 
Calvmcd85: folds 
50CandyJoe: raises $1.50 to $2.50
Seavus10: folds 
b2k-Snick: folds 
Uncalled bet ($1.50) returned to 50CandyJoe
50CandyJoe collected $2.50 from pot
50CandyJoe: doesn't show hand 
*** SUMMARY ***
Total pot $2.50 | Rake $0 
Seat 1: joaquin612
Seat 2: 50CandyJoe (button) collected ($2.50)
Seat 3: Seavus10 (small blind) folded before Flop
Seat 4: b2k-Snick (big blind) folded before Flop
Seat 5: CashfishT folded before Flop (didn't bet)
Seat 6: Calvmcd85 folded before Flop (didn't bet)



PokerStars Hand #254617522172:  Hold'em No Limit ($0.50/$1.00 USD) - 2025/01/30 4:29:10 WET [2025/01/29 23:29:10 ET]
Table 'Roma' 6-max Seat #3 is the button
Seat 1: joaquin612 ($204.34 in chips) is sitting out
Seat 2: 50CandyJoe ($116.80 in chips) 
Seat 3: Seavus10 ($169.16 in chips) 
Seat 4: b2k-Snick ($96.50 in chips) 
Seat 5: CashfishT ($145.05 in chips) 
Seat 6: Calvmcd85 ($111.10 in chips) 
b2k-Snick: posts small blind $0.50
CashfishT: posts big blind $1
*** HOLE CARDS ***
Calvmcd85: folds 
50CandyJoe: folds 
Seavus10: folds 
b2k-Snick: raises $2 to $3
CashfishT: folds 
Uncalled bet ($2) returned to b2k-Snick
b2k-Snick collected $2 from pot
b2k-Snick: doesn't show hand 
*** SUMMARY ***
Total pot $2 | Rake $0 
Seat 1: joaquin612
Seat 2: 50CandyJoe folded before Flop (didn't bet)
Seat 3: Seavus10 (button) folded before Flop (didn't bet)
Seat 4: b2k-Snick (small blind) collected ($2)
Seat 5: CashfishT (big blind) folded before Flop
Seat 6: Calvmcd85 folded before Flop (didn't bet)



PokerStars Hand #254617524050:  Hold'em No Limit ($0.50/$1.00 USD) - 2025/01/30 4:29:28 WET [2025/01/29 23:29:28 ET]
Table 'Roma' 6-max Seat #4 is the button
Seat 1: joaquin612 ($204.34 in chips) is sitting out
Seat 2: 50CandyJoe ($116.80 in chips) 
Seat 3: Seavus10 ($169.16 in chips) 
Seat 4: b2k-Snick ($97.50 in chips) 
Seat 5: CashfishT ($144.05 in chips) 
Seat 6: Calvmcd85 ($111.10 in chips) 
CashfishT: posts small blind $0.50
Calvmcd85: posts big blind $1
*** HOLE CARDS ***
50CandyJoe: folds 
Seavus10: folds 
b2k-Snick: raises $1.50 to $2.50
CashfishT: folds 
Calvmcd85: calls $1.50
*** FLOP *** [6s 3s 8s]
Calvmcd85: checks 
b2k-Snick: bets $1.72
Calvmcd85: folds 
Uncalled bet ($1.72) returned to b2k-Snick
b2k-Snick collected $5.22 from pot
b2k-Snick: doesn't show hand 
*** SUMMARY ***
Total pot $5.50 | Rake $0.28 
Board [6s 3s 8s]
Seat 1: joaquin612
Seat 2: 50CandyJoe folded before Flop (didn't bet)
Seat 3: Seavus10 folded before Flop (didn't bet)
Seat 4: b2k-Snick (button) collected ($5.22)
Seat 5: CashfishT (small blind) folded before Flop
Seat 6: Calvmcd85 (big blind) folded on the Flop



PokerStars Hand #254617526870:  Hold'em No Limit ($0.50/$1.00 USD) - 2025/01/30 4:29:56 WET [2025/01/29 23:29:56 ET]
Table 'Roma' 6-max Seat #5 is the button
Seat 1: joaquin612 ($204.34 in chips) is sitting out
Seat 2: 50CandyJoe ($116.80 in chips) 
Seat 3: Seavus10 ($169.16 in chips) 
Seat 4: b2k-Snick ($100.22 in chips) 
Seat 5: CashfishT ($143.55 in chips) 
Seat 6: Calvmcd85 ($108.60 in chips) 
Calvmcd85: posts small blind $0.50
50CandyJoe: posts big blind $1
*** HOLE CARDS ***
Seavus10: folds 
b2k-Snick: raises $1.50 to $2.50
CashfishT: folds 
Calvmcd85: calls $2
50CandyJoe: calls $1.50
*** FLOP *** [Ac 6c 7s]
Calvmcd85: checks 
50CandyJoe: checks 
b2k-Snick: bets $3.92
Calvmcd85: folds 
50CandyJoe: folds 
Uncalled bet ($3.92) returned to b2k-Snick
b2k-Snick collected $7.12 from pot
joaquin612 leaves the table
b2k-Snick: doesn't show hand 
*** SUMMARY ***
Total pot $7.50 | Rake $0.38 
Board [Ac 6c 7s]
Seat 1: joaquin612
Seat 2: 50CandyJoe (big blind) folded on the Flop
Seat 3: Seavus10 folded before Flop (didn't bet)
Seat 4: b2k-Snick collected ($7.12)
Seat 5: CashfishT (button) folded before Flop (didn't bet)
Seat 6: Calvmcd85 (small blind) folded on the Flop



PokerStars Hand #254617530432:  Hold'em No Limit ($0.50/$1.00 USD) - 2025/01/30 4:30:30 WET [2025/01/29 23:30:30 ET]
Table 'Roma' 6-max Seat #6 is the button
Seat 2: 50CandyJoe ($114.30 in chips) 
Seat 3: Seavus10 ($169.16 in chips) 
Seat 4: b2k-Snick ($104.84 in chips) 
Seat 5: CashfishT ($143.55 in chips) 
Seat 6: Calvmcd85 ($106.10 in chips) 
50CandyJoe: posts small blind $0.50
Seavus10: posts big blind $1
*** HOLE CARDS ***
b2k-Snick: folds 
CashfishT: raises $1.20 to $2.20
Calvmcd85: folds 
Xenicide joins the table at seat #1 
50CandyJoe: folds 
Seavus10: folds 
Uncalled bet ($1.20) returned to CashfishT
CashfishT collected $2.50 from pot
CashfishT: doesn't show hand 
*** SUMMARY ***
Total pot $2.50 | Rake $0 
Seat 2: 50CandyJoe (small blind) folded before Flop
Seat 3: Seavus10 (big blind) folded before Flop
Seat 4: b2k-Snick folded before Flop (didn't bet)
Seat 5: CashfishT collected ($2.50)
Seat 6: Calvmcd85 (button) folded before Flop (didn't bet)



PokerStars Hand #254617531909:  Hold'em No Limit ($0.50/$1.00 USD) - 2025/01/30 4:30:45 WET [2025/01/29 23:30:45 ET]
Table 'Roma' 6-max Seat #2 is the button
Seat 1: Xenicide ($100 in chips) is sitting out
Seat 2: 50CandyJoe ($113.80 in chips) 
Seat 3: Seavus10 ($168.16 in chips) 
Seat 4: b2k-Snick ($104.84 in chips) 
Seat 5: CashfishT ($145.05 in chips) 
Seat 6: Calvmcd85 ($106.10 in chips) 
Seavus10: posts small blind $0.50
b2k-Snick: posts big blind $1
Xenicide: sits out 
*** HOLE CARDS ***
CashfishT: raises $1.20 to $2.20
Calvmcd85: folds 
50CandyJoe: folds 
Seavus10: folds 
b2k-Snick: folds 
Uncalled bet ($1.20) returned to CashfishT
CashfishT collected $2.50 from pot
CashfishT: doesn't show hand 
*** SUMMARY ***
Total pot $2.50 | Rake $0 
Seat 1: Xenicide
Seat 2: 50CandyJoe (button) folded before Flop (didn't bet)
Seat 3: Seavus10 (small blind) folded before Flop
Seat 4: b2k-Snick (big blind) folded before Flop
Seat 5: CashfishT collected ($2.50)
Seat 6: Calvmcd85 folded before Flop (didn't bet)



PokerStars Hand #254617533244:  Hold'em No Limit ($0.50/$1.00 USD) - 2025/01/30 4:30:58 WET [2025/01/29 23:30:58 ET]
Table 'Roma' 6-max Seat #3 is the button
Seat 1: Xenicide ($100 in chips) is sitting out
Seat 2: 50CandyJoe ($113.80 in chips) 
Seat 3: Seavus10 ($167.66 in chips) 
Seat 4: b2k-Snick ($103.84 in chips) 
Seat 5: CashfishT ($146.55 in chips) 
Seat 6: Calvmcd85 ($106.10 in chips) 
b2k-Snick: posts small blind $0.50
CashfishT: posts big blind $1
Xenicide: sits out 
*** HOLE CARDS ***
Calvmcd85: calls $1
50CandyJoe: folds 
Seavus10: raises $3.50 to $4.50
b2k-Snick: folds 
CashfishT: folds 
Calvmcd85: calls $3.50
*** FLOP *** [8h Th 8c]
Calvmcd85: checks 
Seavus10: bets $3.32
Calvmcd85: folds 
Uncalled bet ($3.32) returned to Seavus10
Seavus10 collected $9.98 from pot
Seavus10: doesn't show hand 
*** SUMMARY ***
Total pot $10.50 | Rake $0.52 
Board [8h Th 8c]
Seat 1: Xenicide
Seat 2: 50CandyJoe folded before Flop (didn't bet)
Seat 3: Seavus10 (button) collected ($9.98)
Seat 4: b2k-Snick (small blind) folded before Flop
Seat 5: CashfishT (big blind) folded before Flop
Seat 6: Calvmcd85 folded on the Flop



PokerStars Hand #254617536710:  Hold'em No Limit ($0.50/$1.00 USD) - 2025/01/30 4:31:33 WET [2025/01/29 23:31:33 ET]
Table 'Roma' 6-max Seat #4 is the button
Seat 1: Xenicide ($100 in chips) is sitting out
Seat 2: 50CandyJoe ($113.80 in chips) 
Seat 3: Seavus10 ($173.14 in chips) 
Seat 4: b2k-Snick ($103.34 in chips) 
Seat 5: CashfishT ($145.55 in chips) 
Seat 6: Calvmcd85 ($101.60 in chips) 
CashfishT: posts small blind $0.50
Calvmcd85: posts big blind $1
Xenicide: sits out 
*** HOLE CARDS ***
50CandyJoe: folds 
Seavus10: raises $1.20 to $2.20
b2k-Snick: folds 
CashfishT: folds 
Calvmcd85: calls $1.20
*** FLOP *** [5h Kh 3c]
Calvmcd85: bets $3
Seavus10: calls $3
*** TURN *** [5h Kh 3c] [Qc]
Calvmcd85: checks 
Seavus10: checks 
*** RIVER *** [5h Kh 3c Qc] [6h]
Calvmcd85: checks 
Seavus10: bets $7.77
Calvmcd85: folds 
Uncalled bet ($7.77) returned to Seavus10
Seavus10 collected $10.36 from pot
Seavus10: doesn't show hand 
*** SUMMARY ***
Total pot $10.90 | Rake $0.54 
Board [5h Kh 3c Qc 6h]
Seat 1: Xenicide
Seat 2: 50CandyJoe folded before Flop (didn't bet)
Seat 3: Seavus10 collected ($10.36)
Seat 4: b2k-Snick (button) folded before Flop (didn't bet)
Seat 5: CashfishT (small blind) folded before Flop
Seat 6: Calvmcd85 (big blind) folded on the River



PokerStars Hand #254617543380:  Hold'em No Limit ($0.50/$1.00 USD) - 2025/01/30 4:32:40 WET [2025/01/29 23:32:40 ET]
Table 'Roma' 6-max Seat #5 is the button
Seat 1: Xenicide ($100 in chips) 
Seat 2: 50CandyJoe ($113.80 in chips) 
Seat 3: Seavus10 ($178.30 in chips) 
Seat 4: b2k-Snick ($103.34 in chips) 
Seat 5: CashfishT ($145.05 in chips) 
Seat 6: Calvmcd85 ($96.40 in chips) 
Calvmcd85: posts small blind $0.50
Xenicide: posts big blind $1
*** HOLE CARDS ***
50CandyJoe: raises $1.20 to $2.20
Seavus10: folds 
b2k-Snick: folds 
CashfishT: folds 
Calvmcd85: calls $1.70
Xenicide: calls $1.20
*** FLOP *** [Qs 9d Ks]
Calvmcd85: checks 
Xenicide: checks 
50CandyJoe: bets $2.07
Calvmcd85: calls $2.07
Xenicide: calls $2.07
*** TURN *** [Qs 9d Ks] [4h]
Calvmcd85: checks 
Xenicide: checks 
50CandyJoe: checks 
*** RIVER *** [Qs 9d Ks 4h] [6c]
Calvmcd85: checks 
Xenicide: checks 
50CandyJoe: checks 
*** SHOW DOWN ***
Calvmcd85: shows [7c 9s] (a pair of Nines)
Xenicide: mucks hand 
50CandyJoe: shows [Qh Js] (a pair of Queens)
50CandyJoe collected $12.17 from pot
*** SUMMARY ***
Total pot $12.81 | Rake $0.64 
Board [Qs 9d Ks 4h 6c]
Seat 1: Xenicide (big blind) mucked
Seat 2: 50CandyJoe showed [Qh Js] and won ($12.17) with a pair of Queens
Seat 3: Seavus10 folded before Flop (didn't bet)
Seat 4: b2k-Snick folded before Flop (didn't bet)
Seat 5: CashfishT (button) folded before Flop (didn't bet)
Seat 6: Calvmcd85 (small blind) showed [7c 9s] and lost with a pair of Nines



PokerStars Hand #254617554133:  Hold'em No Limit ($0.50/$1.00 USD) - 2025/01/30 4:34:29 WET [2025/01/29 23:34:29 ET]
Table 'Roma' 6-max Seat #6 is the button
Seat 1: Xenicide ($100 in chips) 
Seat 2: 50CandyJoe ($121.70 in chips) 
Seat 3: Seavus10 ($178.30 in chips) 
Seat 4: b2k-Snick ($103.34 in chips) 
Seat 5: CashfishT ($145.05 in chips) 
Seat 6: Calvmcd85 ($92.13 in chips) 
Xenicide: posts small blind $0.50
50CandyJoe: posts big blind $1
*** HOLE CARDS ***
Seavus10: folds 
b2k-Snick: folds 
CashfishT: folds 
Calvmcd85: folds 
Xenicide: folds 
Uncalled bet ($0.50) returned to 50CandyJoe
50CandyJoe collected $1 from pot
50CandyJoe: doesn't show hand 
*** SUMMARY ***
Total pot $1 | Rake $0 
Seat 1: Xenicide (small blind) folded before Flop
Seat 2: 50CandyJoe (big blind) collected ($1)
Seat 3: Seavus10 folded before Flop (didn't bet)
Seat 4: b2k-Snick folded before Flop (didn't bet)
Seat 5: CashfishT folded before Flop (didn't bet)
Seat 6: Calvmcd85 (button) folded before Flop (didn't bet)



PokerStars Hand #254617555274:  Hold'em No Limit ($0.50/$1.00 USD) - 2025/01/30 4:34:40 WET [2025/01/29 23:34:40 ET]
Table 'Roma' 6-max Seat #1 is the button
Seat 1: Xenicide ($100 in chips) 
Seat 2: 50CandyJoe ($122.20 in chips) 
Seat 3: Seavus10 ($178.30 in chips) 
Seat 4: b2k-Snick ($103.34 in chips) 
Seat 5: CashfishT ($145.05 in chips) 
Seat 6: Calvmcd85 ($92.13 in chips) 
50CandyJoe: posts small blind $0.50
Seavus10: posts big blind $1
*** HOLE CARDS ***
b2k-Snick: folds 
CashfishT: folds 
Calvmcd85: folds 
Xenicide: raises $1.25 to $2.25
50CandyJoe: folds 
Seavus10: folds 
Uncalled bet ($1.25) returned to Xenicide
Xenicide collected $2.50 from pot
*** SUMMARY ***
Total pot $2.50 | Rake $0 
Seat 1: Xenicide (button) collected ($2.50)
Seat 2: 50CandyJoe (small blind) folded before Flop
Seat 3: Seavus10 (big blind) folded before Flop
Seat 4: b2k-Snick folded before Flop (didn't bet)
Seat 5: CashfishT folded before Flop (didn't bet)
Seat 6: Calvmcd85 folded before Flop (didn't bet)



PokerStars Hand #254617557391:  Hold'em No Limit ($0.50/$1.00 USD) - 2025/01/30 4:35:02 WET [2025/01/29 23:35:02 ET]
Table 'Roma' 6-max Seat #2 is the button
Seat 1: Xenicide ($101.50 in chips) 
Seat 2: 50CandyJoe ($121.70 in chips) 
Seat 3: Seavus10 ($177.30 in chips) 
Seat 4: b2k-Snick ($103.34 in chips) 
Seat 5: CashfishT ($145.05 in chips) 
Seat 6: Calvmcd85 ($92.13 in chips) 
Seavus10: posts small blind $0.50
b2k-Snick: posts big blind $1
*** HOLE CARDS ***
CashfishT: folds 
Calvmcd85: calls $1
Xenicide: folds 
50CandyJoe: folds 
Seavus10: folds 
b2k-Snick: checks 
*** FLOP *** [Kc 6d 4h]
b2k-Snick: checks 
Calvmcd85: checks 
*** TURN *** [Kc 6d 4h] [5h]
b2k-Snick: bets $1.05
Calvmcd85: folds 
Uncalled bet ($1.05) returned to b2k-Snick
b2k-Snick collected $2.38 from pot
b2k-Snick: doesn't show hand 
*** SUMMARY ***
Total pot $2.50 | Rake $0.12 
Board [Kc 6d 4h 5h]
Seat 1: Xenicide folded before Flop (didn't bet)
Seat 2: 50CandyJoe (button) folded before Flop (didn't bet)
Seat 3: Seavus10 (small blind) folded before Flop
Seat 4: b2k-Snick (big blind) collected ($2.38)
Seat 5: CashfishT folded before Flop (didn't bet)
Seat 6: Calvmcd85 folded on the Turn



PokerStars Hand #254617560002:  Hold'em No Limit ($0.50/$1.00 USD) - 2025/01/30 4:35:28 WET [2025/01/29 23:35:28 ET]
Table 'Roma' 6-max Seat #3 is the button
Seat 1: Xenicide ($101.50 in chips) 
Seat 2: 50CandyJoe ($121.70 in chips) 
Seat 3: Seavus10 ($176.80 in chips) 
Seat 4: b2k-Snick ($104.72 in chips) 
Seat 5: CashfishT ($145.05 in chips) 
Seat 6: Calvmcd85 ($91.13 in chips) 
b2k-Snick: posts small blind $0.50
CashfishT: posts big blind $1
*** HOLE CARDS ***
Calvmcd85: folds 
Xenicide: folds 
50CandyJoe: folds 
Seavus10: folds 
b2k-Snick: raises $2 to $3
CashfishT: folds 
Uncalled bet ($2) returned to b2k-Snick
b2k-Snick collected $2 from pot
b2k-Snick: doesn't show hand 
*** SUMMARY ***
Total pot $2 | Rake $0 
Seat 1: Xenicide folded before Flop (didn't bet)
Seat 2: 50CandyJoe folded before Flop (didn't bet)
Seat 3: Seavus10 (button) folded before Flop (didn't bet)
Seat 4: b2k-Snick (small blind) collected ($2)
Seat 5: CashfishT (big blind) folded before Flop
Seat 6: Calvmcd85 folded before Flop (didn't bet)



PokerStars Hand #254617562613:  Hold'em No Limit ($0.50/$1.00 USD) - 2025/01/30 4:35:54 WET [2025/01/29 23:35:54 ET]
Table 'Roma' 6-max Seat #4 is the button
Seat 1: Xenicide ($101.50 in chips) 
Seat 2: 50CandyJoe ($121.70 in chips) 
Seat 3: Seavus10 ($176.80 in chips) 
Seat 4: b2k-Snick ($105.72 in chips) 
Seat 5: CashfishT ($144.05 in chips) 
Seat 6: Calvmcd85 ($91.13 in chips) 
CashfishT: posts small blind $0.50
Calvmcd85: posts big blind $1
*** HOLE CARDS ***
Xenicide: folds 
50CandyJoe: folds 
Seavus10: folds 
b2k-Snick: folds 
CashfishT: raises $2 to $3
Calvmcd85: calls $2
*** FLOP *** [Jd Js 4c]
CashfishT: bets $1.43
Calvmcd85: calls $1.43
*** TURN *** [Jd Js 4c] [5c]
CashfishT: checks 
Calvmcd85: checks 
*** RIVER *** [Jd Js 4c 5c] [8d]
CashfishT: checks 
Calvmcd85: bets $7
CashfishT: folds 
Uncalled bet ($7) returned to Calvmcd85
Calvmcd85 collected $8.42 from pot
Calvmcd85: doesn't show hand 
*** SUMMARY ***
Total pot $8.86 | Rake $0.44 
Board [Jd Js 4c 5c 8d]
Seat 1: Xenicide folded before Flop (didn't bet)
Seat 2: 50CandyJoe folded before Flop (didn't bet)
Seat 3: Seavus10 folded before Flop (didn't bet)
Seat 4: b2k-Snick (button) folded before Flop (didn't bet)
Seat 5: CashfishT (small blind) folded on the River
Seat 6: Calvmcd85 (big blind) collected ($8.42)



PokerStars Hand #254617567712:  Hold'em No Limit ($0.50/$1.00 USD) - 2025/01/30 4:36:47 WET [2025/01/29 23:36:47 ET]
Table 'Roma' 6-max Seat #5 is the button
Seat 1: Xenicide ($101.50 in chips) 
Seat 2: 50CandyJoe ($121.70 in chips) 
Seat 3: Seavus10 ($176.80 in chips) 
Seat 4: b2k-Snick ($105.72 in chips) 
Seat 5: CashfishT ($139.62 in chips) 
Seat 6: Calvmcd85 ($95.12 in chips) 
Calvmcd85: posts small blind $0.50
Xenicide: posts big blind $1
*** HOLE CARDS ***
50CandyJoe: folds 
50CandyJoe leaves the table
Seavus10: folds 
b2k-Snick: folds 
CashfishT: folds 
Calvmcd85: calls $0.50
Xenicide: checks 
*** FLOP *** [Td 5d 7h]
sutata joins the table at seat #2 
Calvmcd85: checks 
Xenicide: bets $1
Calvmcd85: folds 
Uncalled bet ($1) returned to Xenicide
Xenicide collected $1.90 from pot
*** SUMMARY ***
Total pot $2 | Rake $0.10 
Board [Td 5d 7h]
Seat 1: Xenicide (big blind) collected ($1.90)
Seat 2: 50CandyJoe folded before Flop (didn't bet)
Seat 3: Seavus10 folded before Flop (didn't bet)
Seat 4: b2k-Snick folded before Flop (didn't bet)
Seat 5: CashfishT (button) folded before Flop (didn't bet)
Seat 6: Calvmcd85 (small blind) folded on the Flop



PokerStars Hand #254617572200:  Hold'em No Limit ($0.50/$1.00 USD) - 2025/01/30 4:37:32 WET [2025/01/29 23:37:32 ET]
Table 'Roma' 6-max Seat #6 is the button
Seat 1: Xenicide ($102.40 in chips) 
Seat 2: sutata ($100 in chips) 
Seat 3: Seavus10 ($176.80 in chips) 
Seat 4: b2k-Snick ($105.72 in chips) 
Seat 5: CashfishT ($139.62 in chips) 
Seat 6: Calvmcd85 ($94.12 in chips) 
Xenicide: posts small blind $0.50
sutata: posts big blind $1
*** HOLE CARDS ***
Seavus10: folds 
b2k-Snick: folds 
CashfishT: folds 
Calvmcd85: calls $1
Xenicide: folds 
sutata: raises $5.90 to $6.90
Calvmcd85: folds 
Uncalled bet ($5.90) returned to sutata
sutata collected $2.50 from pot
sutata: doesn't show hand 
*** SUMMARY ***
Total pot $2.50 | Rake $0 
Seat 1: Xenicide (small blind) folded before Flop
Seat 2: sutata (big blind) collected ($2.50)
Seat 3: Seavus10 folded before Flop (didn't bet)
Seat 4: b2k-Snick folded before Flop (didn't bet)
Seat 5: CashfishT folded before Flop (didn't bet)
Seat 6: Calvmcd85 (button) folded before Flop



PokerStars Hand #254617573925:  Hold'em No Limit ($0.50/$1.00 USD) - 2025/01/30 4:37:50 WET [2025/01/29 23:37:50 ET]
Table 'Roma' 6-max Seat #1 is the button
Seat 1: Xenicide ($101.90 in chips) 
Seat 2: sutata ($101.50 in chips) 
Seat 3: Seavus10 ($176.80 in chips) 
Seat 4: b2k-Snick ($105.72 in chips) 
Seat 5: CashfishT ($139.62 in chips) 
Seat 6: Calvmcd85 ($93.12 in chips) 
sutata: posts small blind $0.50
Seavus10: posts big blind $1
*** HOLE CARDS ***
b2k-Snick: folds 
CashfishT: folds 
Calvmcd85: raises $2 to $3
Xenicide: folds 
sutata: folds 
Seavus10: calls $2
*** FLOP *** [5h Ks 9h]
Seavus10: checks 
Calvmcd85: checks 
*** TURN *** [5h Ks 9h] [Qs]
Seavus10: checks 
Calvmcd85: checks 
*** RIVER *** [5h Ks 9h Qs] [4d]
Seavus10: checks 
Calvmcd85: checks 
*** SHOW DOWN ***
Seavus10: shows [Jh 7h] (high card King)
Calvmcd85: shows [7s Ad] (high card Ace)
Calvmcd85 collected $6.18 from pot
*** SUMMARY ***
Total pot $6.50 | Rake $0.32 
Board [5h Ks 9h Qs 4d]
Seat 1: Xenicide (button) folded before Flop (didn't bet)
Seat 2: sutata (small blind) folded before Flop
Seat 3: Seavus10 (big blind) showed [Jh 7h] and lost with high card King
Seat 4: b2k-Snick folded before Flop (didn't bet)
Seat 5: CashfishT folded before Flop (didn't bet)
Seat 6: Calvmcd85 showed [7s Ad] and won ($6.18) with high card Ace



PokerStars Hand #254617578852:  Hold'em No Limit ($0.50/$1.00 USD) - 2025/01/30 4:38:40 WET [2025/01/29 23:38:40 ET]
Table 'Roma' 6-max Seat #2 is the button
Seat 1: Xenicide ($101.90 in chips) 
Seat 2: sutata ($101 in chips) 
Seat 3: Seavus10 ($173.80 in chips) 
Seat 4: b2k-Snick ($105.72 in chips) 
Seat 5: CashfishT ($139.62 in chips) 
Seat 6: Calvmcd85 ($96.30 in chips) 
Seavus10: posts small blind $0.50
b2k-Snick: posts big blind $1
*** HOLE CARDS ***
CashfishT: raises $1.20 to $2.20
Calvmcd85: folds 
Xenicide: folds 
sutata: folds 
Seavus10: folds 
b2k-Snick: raises $9.80 to $12
CashfishT: raises $15 to $27
b2k-Snick: folds 
Uncalled bet ($15) returned to CashfishT
CashfishT collected $24.50 from pot
CashfishT: doesn't show hand 
*** SUMMARY ***
Total pot $24.50 | Rake $0 
Seat 1: Xenicide folded before Flop (didn't bet)
Seat 2: sutata (button) folded before Flop (didn't bet)
Seat 3: Seavus10 (small blind) folded before Flop
Seat 4: b2k-Snick (big blind) folded before Flop
Seat 5: CashfishT collected ($24.50)
Seat 6: Calvmcd85 folded before Flop (didn't bet)



PokerStars Hand #254617583365:  Hold'em No Limit ($0.50/$1.00 USD) - 2025/01/30 4:39:26 WET [2025/01/29 23:39:26 ET]
Table 'Roma' 6-max Seat #3 is the button
Seat 1: Xenicide ($101.90 in chips) 
Seat 2: sutata ($101 in chips) 
Seat 3: Seavus10 ($173.30 in chips) 
Seat 4: b2k-Snick ($93.72 in chips) 
Seat 5: CashfishT ($152.12 in chips) 
Seat 6: Calvmcd85 ($96.30 in chips) 
b2k-Snick: posts small blind $0.50
CashfishT: posts big blind $1
*** HOLE CARDS ***
Calvmcd85: folds 
Xenicide: folds 
sutata: folds 
Seavus10: raises $1.50 to $2.50
b2k-Snick: folds 
CashfishT: calls $1.50
*** FLOP *** [Tc 4d 8d]
CashfishT: checks 
Seavus10: bets $2.61
CashfishT: folds 
Uncalled bet ($2.61) returned to Seavus10
Seavus10 collected $5.22 from pot
Seavus10: doesn't show hand 
*** SUMMARY ***
Total pot $5.50 | Rake $0.28 
Board [Tc 4d 8d]
Seat 1: Xenicide folded before Flop (didn't bet)
Seat 2: sutata folded before Flop (didn't bet)
Seat 3: Seavus10 (button) collected ($5.22)
Seat 4: b2k-Snick (small blind) folded before Flop
Seat 5: CashfishT (big blind) folded on the Flop
Seat 6: Calvmcd85 folded before Flop (didn't bet)



PokerStars Hand #254617586904:  Hold'em No Limit ($0.50/$1.00 USD) - 2025/01/30 4:40:02 WET [2025/01/29 23:40:02 ET]
Table 'Roma' 6-max Seat #4 is the button
Seat 1: Xenicide ($101.90 in chips) 
Seat 2: sutata ($101 in chips) 
Seat 3: Seavus10 ($176.02 in chips) 
Seat 4: b2k-Snick ($93.22 in chips) 
Seat 5: CashfishT ($149.62 in chips) 
Seat 6: Calvmcd85 ($96.30 in chips) 
CashfishT: posts small blind $0.50
Calvmcd85: posts big blind $1
*** HOLE CARDS ***
Xenicide: folds 
sutata has timed out
sutata: folds 
Seavus10: folds 
b2k-Snick: folds 
CashfishT: folds 
Uncalled bet ($0.50) returned to Calvmcd85
Calvmcd85 collected $1 from pot
Calvmcd85: doesn't show hand 
*** SUMMARY ***
Total pot $1 | Rake $0 
Seat 1: Xenicide folded before Flop (didn't bet)
Seat 2: sutata folded before Flop (didn't bet)
Seat 3: Seavus10 folded before Flop (didn't bet)
Seat 4: b2k-Snick (button) folded before Flop (didn't bet)
Seat 5: CashfishT (small blind) folded before Flop
Seat 6: Calvmcd85 (big blind) collected ($1)



PokerStars Hand #254617589181:  Hold'em No Limit ($0.50/$1.00 USD) - 2025/01/30 4:40:25 WET [2025/01/29 23:40:25 ET]
Table 'Roma' 6-max Seat #5 is the button
Seat 1: Xenicide ($101.90 in chips) 
Seat 2: sutata ($101 in chips) 
Seat 3: Seavus10 ($176.02 in chips) 
Seat 4: b2k-Snick ($93.22 in chips) 
Seat 5: CashfishT ($149.12 in chips) 
Seat 6: Calvmcd85 ($96.80 in chips) 
Calvmcd85: posts small blind $0.50
Xenicide: posts big blind $1
*** HOLE CARDS ***
sutata: folds 
Seavus10: folds 
b2k-Snick: folds 
CashfishT: folds 
Calvmcd85: folds 
Uncalled bet ($0.50) returned to Xenicide
Xenicide collected $1 from pot
*** SUMMARY ***
Total pot $1 | Rake $0 
Seat 1: Xenicide (big blind) collected ($1)
Seat 2: sutata folded before Flop (didn't bet)
Seat 3: Seavus10 folded before Flop (didn't bet)
Seat 4: b2k-Snick folded before Flop (didn't bet)
Seat 5: CashfishT (button) folded before Flop (didn't bet)
Seat 6: Calvmcd85 (small blind) folded before Flop



PokerStars Hand #254617592126:  Hold'em No Limit ($0.50/$1.00 USD) - 2025/01/30 4:40:55 WET [2025/01/29 23:40:55 ET]
Table 'Roma' 6-max Seat #6 is the button
Seat 1: Xenicide ($102.40 in chips) 
Seat 2: sutata ($101 in chips) 
Seat 3: Seavus10 ($176.02 in chips) 
Seat 4: b2k-Snick ($100 in chips) 
Seat 5: CashfishT ($149.12 in chips) 
Seat 6: Calvmcd85 ($96.30 in chips) 
Xenicide: posts small blind $0.50
sutata: posts big blind $1
*** HOLE CARDS ***
Seavus10: folds 
b2k-Snick: folds 
CashfishT: folds 
Calvmcd85: folds 
Xenicide: raises $2.50 to $3.50
sutata: folds 
Uncalled bet ($2.50) returned to Xenicide
Xenicide collected $2 from pot
*** SUMMARY ***
Total pot $2 | Rake $0 
Seat 1: Xenicide (small blind) collected ($2)
Seat 2: sutata (big blind) folded before Flop
Seat 3: Seavus10 folded before Flop (didn't bet)
Seat 4: b2k-Snick folded before Flop (didn't bet)
Seat 5: CashfishT folded before Flop (didn't bet)
Seat 6: Calvmcd85 (button) folded before Flop (didn't bet)



PokerStars Hand #254617593932:  Hold'em No Limit ($0.50/$1.00 USD) - 2025/01/30 4:41:13 WET [2025/01/29 23:41:13 ET]
Table 'Roma' 6-max Seat #1 is the button
Seat 1: Xenicide ($103.40 in chips) 
Seat 2: sutata ($100 in chips) 
Seat 3: Seavus10 ($176.02 in chips) 
Seat 4: b2k-Snick ($100 in chips) 
Seat 5: CashfishT ($149.12 in chips) 
Seat 6: Calvmcd85 ($96.30 in chips) 
sutata: posts small blind $0.50
Seavus10: posts big blind $1
*** HOLE CARDS ***
b2k-Snick: folds 
CashfishT: folds 
Calvmcd85: folds 
Xenicide: raises $1.25 to $2.25
sutata: folds 
Seavus10: folds 
Uncalled bet ($1.25) returned to Xenicide
Xenicide collected $2.50 from pot
*** SUMMARY ***
Total pot $2.50 | Rake $0 
Seat 1: Xenicide (button) collected ($2.50)
Seat 2: sutata (small blind) folded before Flop
Seat 3: Seavus10 (big blind) folded before Flop
Seat 4: b2k-Snick folded before Flop (didn't bet)
Seat 5: CashfishT folded before Flop (didn't bet)
Seat 6: Calvmcd85 folded before Flop (didn't bet)



PokerStars Hand #254617595789:  Hold'em No Limit ($0.50/$1.00 USD) - 2025/01/30 4:41:34 WET [2025/01/29 23:41:34 ET]
Table 'Roma' 6-max Seat #2 is the button
Seat 1: Xenicide ($104.90 in chips) 
Seat 2: sutata ($100 in chips) 
Seat 3: Seavus10 ($175.02 in chips) 
Seat 4: b2k-Snick ($100 in chips) 
Seat 5: CashfishT ($149.12 in chips) 
Seat 6: Calvmcd85 ($96.30 in chips) 
Seavus10: posts small blind $0.50
b2k-Snick: posts big blind $1
*** HOLE CARDS ***
CashfishT: folds 
Calvmcd85: calls $1
Xenicide: folds 
sutata: folds 
Seavus10: folds 
b2k-Snick: raises $3 to $4
Calvmcd85: calls $3
*** FLOP *** [2h Kc 2c]
b2k-Snick: checks 
Calvmcd85: bets $4
b2k-Snick: raises $8 to $12
Calvmcd85: calls $8
*** TURN *** [2h Kc 2c] [Ah]
b2k-Snick: bets $24.85
Calvmcd85: folds 
Uncalled bet ($24.85) returned to b2k-Snick
b2k-Snick collected $30.88 from pot
b2k-Snick: doesn't show hand 
*** SUMMARY ***
Total pot $32.50 | Rake $1.62 
Board [2h Kc 2c Ah]
Seat 1: Xenicide folded before Flop (didn't bet)
Seat 2: sutata (button) folded before Flop (didn't bet)
Seat 3: Seavus10 (small blind) folded before Flop
Seat 4: b2k-Snick (big blind) collected ($30.88)
Seat 5: CashfishT folded before Flop (didn't bet)
Seat 6: Calvmcd85 folded on the Turn



PokerStars Hand #254617601217:  Hold'em No Limit ($0.50/$1.00 USD) - 2025/01/30 4:42:30 WET [2025/01/29 23:42:30 ET]
Table 'Roma' 6-max Seat #3 is the button
Seat 1: Xenicide ($104.90 in chips) 
Seat 2: sutata ($100 in chips) 
Seat 3: Seavus10 ($174.52 in chips) 
Seat 4: b2k-Snick ($114.88 in chips) 
Seat 5: CashfishT ($149.12 in chips) 
Seat 6: Calvmcd85 ($80.30 in chips) 
b2k-Snick: posts small blind $0.50
CashfishT: posts big blind $1
*** HOLE CARDS ***
Calvmcd85: calls $1
Xenicide: folds 
sutata: folds 
Seavus10: folds 
b2k-Snick: calls $0.50
CashfishT: checks 
*** FLOP *** [4c Ts Jd]
b2k-Snick: checks 
CashfishT: checks 
Calvmcd85: checks 
*** TURN *** [4c Ts Jd] [3d]
b2k-Snick: checks 
CashfishT: checks 
Calvmcd85: checks 
*** RIVER *** [4c Ts Jd 3d] [7s]
b2k-Snick: bets $1.25
CashfishT: folds 
Calvmcd85: calls $1.25
*** SHOW DOWN ***
b2k-Snick: shows [Tc 6c] (a pair of Tens)
Calvmcd85: mucks hand 
b2k-Snick collected $5.22 from pot
*** SUMMARY ***
Total pot $5.50 | Rake $0.28 
Board [4c Ts Jd 3d 7s]
Seat 1: Xenicide folded before Flop (didn't bet)
Seat 2: sutata folded before Flop (didn't bet)
Seat 3: Seavus10 (button) folded before Flop (didn't bet)
Seat 4: b2k-Snick (small blind) showed [Tc 6c] and won ($5.22) with a pair of Tens
Seat 5: CashfishT (big blind) folded on the River
Seat 6: Calvmcd85 mucked



PokerStars Hand #254617606992:  Hold'em No Limit ($0.50/$1.00 USD) - 2025/01/30 4:43:30 WET [2025/01/29 23:43:30 ET]
Table 'Roma' 6-max Seat #4 is the button
Seat 1: Xenicide ($104.90 in chips) 
Seat 2: sutata ($100 in chips) 
Seat 3: Seavus10 ($174.52 in chips) 
Seat 4: b2k-Snick ($117.85 in chips) 
Seat 5: CashfishT ($148.12 in chips) 
Seat 6: Calvmcd85 ($78.05 in chips) 
CashfishT: posts small blind $0.50
Calvmcd85: posts big blind $1
*** HOLE CARDS ***
Xenicide: folds 
sutata: folds 
Seavus10: raises $1.20 to $2.20
b2k-Snick: folds 
CashfishT: folds 
Calvmcd85: calls $1.20
*** FLOP *** [Th 5c 4s]
Calvmcd85: bets $3
Seavus10: calls $3
*** TURN *** [Th 5c 4s] [6d]
Calvmcd85: checks 
Seavus10: checks 
*** RIVER *** [Th 5c 4s 6d] [Td]
Calvmcd85: bets $6
Seavus10: calls $6
*** SHOW DOWN ***
Calvmcd85: shows [Ts Jc] (three of a kind, Tens)
Seavus10: mucks hand 
Calvmcd85 collected $21.76 from pot
*** SUMMARY ***
Total pot $22.90 | Rake $1.14 
Board [Th 5c 4s 6d Td]
Seat 1: Xenicide folded before Flop (didn't bet)
Seat 2: sutata folded before Flop (didn't bet)
Seat 3: Seavus10 mucked
Seat 4: b2k-Snick (button) folded before Flop (didn't bet)
Seat 5: CashfishT (small blind) folded before Flop
Seat 6: Calvmcd85 (big blind) showed [Ts Jc] and won ($21.76) with three of a kind, Tens



PokerStars Hand #254617612274:  Hold'em No Limit ($0.50/$1.00 USD) - 2025/01/30 4:44:25 WET [2025/01/29 23:44:25 ET]
Table 'Roma' 6-max Seat #5 is the button
Seat 1: Xenicide ($104.90 in chips) 
Seat 2: sutata ($100 in chips) 
Seat 3: Seavus10 ($163.32 in chips) 
Seat 4: b2k-Snick ($117.85 in chips) 
Seat 5: CashfishT ($147.62 in chips) 
Seat 6: Calvmcd85 ($88.61 in chips) 
Calvmcd85: posts small blind $0.50
Xenicide: posts big blind $1
*** HOLE CARDS ***
sutata: folds 
Seavus10: folds 
b2k-Snick: raises $1.50 to $2.50
CashfishT: raises $4.50 to $7
Calvmcd85: folds 
Xenicide: folds 
b2k-Snick: calls $4.50
*** FLOP *** [Qc 5h Ks]
b2k-Snick: checks 
CashfishT: bets $7.36
b2k-Snick: folds 
Uncalled bet ($7.36) returned to CashfishT
CashfishT collected $14.72 from pot
CashfishT: doesn't show hand 
*** SUMMARY ***
Total pot $15.50 | Rake $0.78 
Board [Qc 5h Ks]
Seat 1: Xenicide (big blind) folded before Flop
Seat 2: sutata folded before Flop (didn't bet)
Seat 3: Seavus10 folded before Flop (didn't bet)
Seat 4: b2k-Snick folded on the Flop
Seat 5: CashfishT (button) collected ($14.72)
Seat 6: Calvmcd85 (small blind) folded before Flop



PokerStars Hand #254617615875:  Hold'em No Limit ($0.50/$1.00 USD) - 2025/01/30 4:45:02 WET [2025/01/29 23:45:02 ET]
Table 'Roma' 6-max Seat #6 is the button
Seat 1: Xenicide ($103.90 in chips) 
Seat 2: sutata ($100 in chips) 
Seat 3: Seavus10 ($163.32 in chips) 
Seat 4: b2k-Snick ($110.85 in chips) 
Seat 5: CashfishT ($155.34 in chips) 
Seat 6: Calvmcd85 ($88.11 in chips) 
Xenicide: posts small blind $0.50
sutata: posts big blind $1
*** HOLE CARDS ***
Seavus10: folds 
b2k-Snick: raises $1.10 to $2.10
CashfishT: folds 
Calvmcd85: folds 
Xenicide: folds 
sutata: folds 
Uncalled bet ($1.10) returned to b2k-Snick
b2k-Snick collected $2.50 from pot
b2k-Snick: doesn't show hand 
*** SUMMARY ***
Total pot $2.50 | Rake $0 
Seat 1: Xenicide (small blind) folded before Flop
Seat 2: sutata (big blind) folded before Flop
Seat 3: Seavus10 folded before Flop (didn't bet)
Seat 4: b2k-Snick collected ($2.50)
Seat 5: CashfishT folded before Flop (didn't bet)
Seat 6: Calvmcd85 (button) folded before Flop (didn't bet)



PokerStars Hand #254617618192:  Hold'em No Limit ($0.50/$1.00 USD) - 2025/01/30 4:45:27 WET [2025/01/29 23:45:27 ET]
Table 'Roma' 6-max Seat #1 is the button
Seat 1: Xenicide ($103.40 in chips) 
Seat 2: sutata ($100 in chips) 
Seat 3: Seavus10 ($163.32 in chips) 
Seat 4: b2k-Snick ($112.35 in chips) 
Seat 5: CashfishT ($155.34 in chips) 
Seat 6: Calvmcd85 ($88.11 in chips) 
sutata: posts small blind $0.50
Seavus10: posts big blind $1
*** HOLE CARDS ***
b2k-Snick: folds 
CashfishT: folds 
Calvmcd85: raises $2 to $3
Xenicide: folds 
sutata: folds 
Seavus10: folds 
Uncalled bet ($2) returned to Calvmcd85
Calvmcd85 collected $2.50 from pot
Calvmcd85: doesn't show hand 
*** SUMMARY ***
Total pot $2.50 | Rake $0 
Seat 1: Xenicide (button) folded before Flop (didn't bet)
Seat 2: sutata (small blind) folded before Flop
Seat 3: Seavus10 (big blind) folded before Flop
Seat 4: b2k-Snick folded before Flop (didn't bet)
Seat 5: CashfishT folded before Flop (didn't bet)
Seat 6: Calvmcd85 collected ($2.50)



PokerStars Hand #254617619937:  Hold'em No Limit ($0.50/$1.00 USD) - 2025/01/30 4:45:45 WET [2025/01/29 23:45:45 ET]
Table 'Roma' 6-max Seat #2 is the button
Seat 1: Xenicide ($103.40 in chips) 
Seat 2: sutata ($100 in chips) 
Seat 3: Seavus10 ($162.32 in chips) 
Seat 4: b2k-Snick ($112.35 in chips) 
Seat 5: CashfishT ($155.34 in chips) 
Seat 6: Calvmcd85 ($89.61 in chips) 
Seavus10: posts small blind $0.50
b2k-Snick: posts big blind $1
*** HOLE CARDS ***
CashfishT: folds 
Calvmcd85: folds 
Xenicide: folds 
sutata: raises $2 to $3
Seavus10: folds 
b2k-Snick: folds 
Uncalled bet ($2) returned to sutata
sutata collected $2.50 from pot
sutata: doesn't show hand 
*** SUMMARY ***
Total pot $2.50 | Rake $0 
Seat 1: Xenicide folded before Flop (didn't bet)
Seat 2: sutata (button) collected ($2.50)
Seat 3: Seavus10 (small blind) folded before Flop
Seat 4: b2k-Snick (big blind) folded before Flop
Seat 5: CashfishT folded before Flop (didn't bet)
Seat 6: Calvmcd85 folded before Flop (didn't bet)



PokerStars Hand #254617621340:  Hold'em No Limit ($0.50/$1.00 USD) - 2025/01/30 4:45:59 WET [2025/01/29 23:45:59 ET]
Table 'Roma' 6-max Seat #3 is the button
Seat 1: Xenicide ($103.40 in chips) 
Seat 2: sutata ($101.50 in chips) 
Seat 3: Seavus10 ($161.82 in chips) 
Seat 4: b2k-Snick ($111.35 in chips) 
Seat 5: CashfishT ($155.34 in chips) 
Seat 6: Calvmcd85 ($89.61 in chips) 
b2k-Snick: posts small blind $0.50
CashfishT: posts big blind $1
*** HOLE CARDS ***
Calvmcd85: calls $1
Xenicide: folds 
sutata: folds 
Seavus10: folds 
b2k-Snick: folds 
CashfishT: raises $4 to $5
Calvmcd85: calls $4
*** FLOP *** [4c 3d 4s]
CashfishT: bets $7
Calvmcd85: folds 
Uncalled bet ($7) returned to CashfishT
CashfishT collected $9.98 from pot
CashfishT: doesn't show hand 
*** SUMMARY ***
Total pot $10.50 | Rake $0.52 
Board [4c 3d 4s]
Seat 1: Xenicide folded before Flop (didn't bet)
Seat 2: sutata folded before Flop (didn't bet)
Seat 3: Seavus10 (button) folded before Flop (didn't bet)
Seat 4: b2k-Snick (small blind) folded before Flop
Seat 5: CashfishT (big blind) collected ($9.98)
Seat 6: Calvmcd85 folded on the Flop



PokerStars Hand #254617624945:  Hold'em No Limit ($0.50/$1.00 USD) - 2025/01/30 4:46:37 WET [2025/01/29 23:46:37 ET]
Table 'Roma' 6-max Seat #4 is the button
Seat 1: Xenicide ($103.40 in chips) 
Seat 2: sutata ($101.50 in chips) 
Seat 3: Seavus10 ($161.82 in chips) 
Seat 4: b2k-Snick ($110.85 in chips) 
Seat 5: CashfishT ($160.32 in chips) 
Seat 6: Calvmcd85 ($84.61 in chips) 
CashfishT: posts small blind $0.50
Calvmcd85: posts big blind $1
*** HOLE CARDS ***
Xenicide: folds 
sutata: folds 
Seavus10: raises $1.20 to $2.20
b2k-Snick: folds 
CashfishT: raises $8.80 to $11
Calvmcd85: folds 
Seavus10: folds 
Uncalled bet ($8.80) returned to CashfishT
CashfishT collected $5.40 from pot
CashfishT: doesn't show hand 
*** SUMMARY ***
Total pot $5.40 | Rake $0 
Seat 1: Xenicide folded before Flop (didn't bet)
Seat 2: sutata folded before Flop (didn't bet)
Seat 3: Seavus10 folded before Flop
Seat 4: b2k-Snick (button) folded before Flop (didn't bet)
Seat 5: CashfishT (small blind) collected ($5.40)
Seat 6: Calvmcd85 (big blind) folded before Flop



PokerStars Hand #254617627490:  Hold'em No Limit ($0.50/$1.00 USD) - 2025/01/30 4:47:04 WET [2025/01/29 23:47:04 ET]
Table 'Roma' 6-max Seat #5 is the button
Seat 1: Xenicide ($103.40 in chips) 
Seat 2: sutata ($101.50 in chips) 
Seat 3: Seavus10 ($159.62 in chips) 
Seat 4: b2k-Snick ($110.85 in chips) 
Seat 5: CashfishT ($163.52 in chips) 
Seat 6: Calvmcd85 ($83.61 in chips) 
Calvmcd85: posts small blind $0.50
Xenicide: posts big blind $1
*** HOLE CARDS ***
sutata: folds 
Seavus10: folds 
b2k-Snick: folds 
CashfishT: raises $1.20 to $2.20
Calvmcd85: calls $1.70
Xenicide: folds 
*** FLOP *** [Td As 5d]
Calvmcd85: checks 
CashfishT: bets $3.85
Calvmcd85: folds 
Uncalled bet ($3.85) returned to CashfishT
CashfishT collected $5.13 from pot
CashfishT: doesn't show hand 
*** SUMMARY ***
Total pot $5.40 | Rake $0.27 
Board [Td As 5d]
Seat 1: Xenicide (big blind) folded before Flop
Seat 2: sutata folded before Flop (didn't bet)
Seat 3: Seavus10 folded before Flop (didn't bet)
Seat 4: b2k-Snick folded before Flop (didn't bet)
Seat 5: CashfishT (button) collected ($5.13)
Seat 6: Calvmcd85 (small blind) folded on the Flop



PokerStars Hand #254617630585:  Hold'em No Limit ($0.50/$1.00 USD) - 2025/01/30 4:47:36 WET [2025/01/29 23:47:36 ET]
Table 'Roma' 6-max Seat #6 is the button
Seat 1: Xenicide ($102.40 in chips) 
Seat 2: sutata ($101.50 in chips) 
Seat 3: Seavus10 ($159.62 in chips) 
Seat 4: b2k-Snick ($110.85 in chips) 
Seat 5: CashfishT ($166.45 in chips) 
Seat 6: Calvmcd85 ($81.41 in chips) 
Xenicide: posts small blind $0.50
sutata: posts big blind $1
*** HOLE CARDS ***
Seavus10: folds 
b2k-Snick: folds 
CashfishT: folds 
Calvmcd85: folds 
Xenicide: folds 
Uncalled bet ($0.50) returned to sutata
sutata collected $1 from pot
sutata: doesn't show hand 
*** SUMMARY ***
Total pot $1 | Rake $0 
Seat 1: Xenicide (small blind) folded before Flop
Seat 2: sutata (big blind) collected ($1)
Seat 3: Seavus10 folded before Flop (didn't bet)
Seat 4: b2k-Snick folded before Flop (didn't bet)
Seat 5: CashfishT folded before Flop (didn't bet)
Seat 6: Calvmcd85 (button) folded before Flop (didn't bet)



PokerStars Hand #254617632317:  Hold'em No Limit ($0.50/$1.00 USD) - 2025/01/30 4:47:54 WET [2025/01/29 23:47:54 ET]
Table 'Roma' 6-max Seat #1 is the button
Seat 1: Xenicide ($101.90 in chips) 
Seat 2: sutata ($102 in chips) 
Seat 3: Seavus10 ($159.62 in chips) 
Seat 4: b2k-Snick ($110.85 in chips) 
Seat 5: CashfishT ($166.45 in chips) 
Seat 6: Calvmcd85 ($81.41 in chips) 
sutata: posts small blind $0.50
Seavus10: posts big blind $1
*** HOLE CARDS ***
b2k-Snick: folds 
CashfishT: folds 
Calvmcd85: folds 
Xenicide: folds 
sutata: folds 
Uncalled bet ($0.50) returned to Seavus10
Seavus10 collected $1 from pot
Seavus10: doesn't show hand 
*** SUMMARY ***
Total pot $1 | Rake $0 
Seat 1: Xenicide (button) folded before Flop (didn't bet)
Seat 2: sutata (small blind) folded before Flop
Seat 3: Seavus10 (big blind) collected ($1)
Seat 4: b2k-Snick folded before Flop (didn't bet)
Seat 5: CashfishT folded before Flop (didn't bet)
Seat 6: Calvmcd85 folded before Flop (didn't bet)



PokerStars Hand #254617633415:  Hold'em No Limit ($0.50/$1.00 USD) - 2025/01/30 4:48:06 WET [2025/01/29 23:48:06 ET]
Table 'Roma' 6-max Seat #2 is the button
Seat 1: Xenicide ($101.90 in chips) 
Seat 2: sutata ($101.50 in chips) 
Seat 3: Seavus10 ($160.12 in chips) 
Seat 4: b2k-Snick ($110.85 in chips) 
Seat 5: CashfishT ($166.45 in chips) 
Seat 6: Calvmcd85 ($81.41 in chips) 
Seavus10: posts small blind $0.50
b2k-Snick: posts big blind $1
*** HOLE CARDS ***
CashfishT: folds 
Calvmcd85: folds 
Xenicide: raises $1 to $2
sutata: raises $6.30 to $8.30
Seavus10: folds 
b2k-Snick: folds 
Xenicide: folds 
Uncalled bet ($6.30) returned to sutata
sutata collected $5.50 from pot
sutata: doesn't show hand 
*** SUMMARY ***
Total pot $5.50 | Rake $0 
Seat 1: Xenicide folded before Flop
Seat 2: sutata (button) collected ($5.50)
Seat 3: Seavus10 (small blind) folded before Flop
Seat 4: b2k-Snick (big blind) folded before Flop
Seat 5: CashfishT folded before Flop (didn't bet)
Seat 6: Calvmcd85 folded before Flop (didn't bet)



PokerStars Hand #254617636221:  Hold'em No Limit ($0.50/$1.00 USD) - 2025/01/30 4:48:35 WET [2025/01/29 23:48:35 ET]
Table 'Roma' 6-max Seat #3 is the button
Seat 1: Xenicide ($100 in chips) 
Seat 3: Seavus10 ($159.62 in chips) 
Seat 4: b2k-Snick ($109.85 in chips) 
Seat 5: CashfishT ($166.45 in chips) 
Seat 6: Calvmcd85 ($81.41 in chips) 
b2k-Snick: posts small blind $0.50
CashfishT: posts big blind $1
*** HOLE CARDS ***
Calvmcd85: calls $1
Xenicide: folds 
Seavus10: folds 
b2k-Snick: folds 
ponchua joins the table at seat #2 
CashfishT: raises $4 to $5
Calvmcd85: calls $4
*** FLOP *** [9d 9c 3c]
CashfishT: bets $3.29
Calvmcd85: calls $3.29
*** TURN *** [9d 9c 3c] [8c]
CashfishT: bets $5.36
Calvmcd85: calls $5.36
*** RIVER *** [9d 9c 3c 8c] [2h]
CashfishT: checks 
Calvmcd85: checks 
*** SHOW DOWN ***
CashfishT: shows [Js Kc] (a pair of Nines)
Calvmcd85: shows [4s 4d] (two pair, Nines and Fours)
Calvmcd85 collected $26.41 from pot
*** SUMMARY ***
Total pot $27.80 | Rake $1.39 
Board [9d 9c 3c 8c 2h]
Seat 1: Xenicide folded before Flop (didn't bet)
Seat 3: Seavus10 (button) folded before Flop (didn't bet)
Seat 4: b2k-Snick (small blind) folded before Flop
Seat 5: CashfishT (big blind) showed [Js Kc] and lost with a pair of Nines
Seat 6: Calvmcd85 showed [4s 4d] and won ($26.41) with two pair, Nines and Fours



PokerStars Hand #254617640146:  Hold'em No Limit ($0.50/$1.00 USD) - 2025/01/30 4:49:16 WET [2025/01/29 23:49:16 ET]
Table 'Roma' 6-max Seat #4 is the button
Seat 2: ponchua ($100 in chips) is sitting out
Seat 1: Xenicide ($100 in chips) 
Seat 3: Seavus10 ($159.62 in chips) 
Seat 4: b2k-Snick ($109.35 in chips) 
Seat 5: CashfishT ($152.80 in chips) 
Seat 6: Calvmcd85 ($94.17 in chips) 
CashfishT: posts small blind $0.50
Calvmcd85: posts big blind $1
ponchua: sits out 
*** HOLE CARDS ***
Xenicide: folds 
Seavus10: folds 
b2k-Snick: raises $1.50 to $2.50
CashfishT: folds 
Calvmcd85: calls $1.50
*** FLOP *** [9c Ad 2d]
Calvmcd85: bets $3
b2k-Snick: folds 
Uncalled bet ($3) returned to Calvmcd85
Calvmcd85 collected $5.22 from pot
Calvmcd85: doesn't show hand 
*** SUMMARY ***
Total pot $5.50 | Rake $0.28 
Board [9c Ad 2d]
Seat 2: ponchua
Seat 1: Xenicide folded before Flop (didn't bet)
Seat 3: Seavus10 folded before Flop (didn't bet)
Seat 4: b2k-Snick (button) folded on the Flop
Seat 5: CashfishT (small blind) folded before Flop
Seat 6: Calvmcd85 (big blind) collected ($5.22)



PokerStars Hand #254617643081:  Hold'em No Limit ($0.50/$1.00 USD) - 2025/01/30 4:49:48 WET [2025/01/29 23:49:48 ET]
Table 'Roma' 6-max Seat #5 is the button
Seat 2: ponchua ($100 in chips) is sitting out
Seat 1: Xenicide ($100 in chips) 
Seat 3: Seavus10 ($159.62 in chips) 
Seat 4: b2k-Snick ($106.85 in chips) 
Seat 5: CashfishT ($152.30 in chips) 
Seat 6: Calvmcd85 ($96.89 in chips) 
Calvmcd85: posts small blind $0.50
Xenicide: posts big blind $1
ponchua: sits out 
*** HOLE CARDS ***
Seavus10: raises $1.20 to $2.20
b2k-Snick: calls $2.20
CashfishT: raises $8.80 to $11
Calvmcd85: folds 
Xenicide: folds 
Seavus10: folds 
b2k-Snick: raises $16 to $27
CashfishT: folds 
Uncalled bet ($16) returned to b2k-Snick
b2k-Snick collected $25.70 from pot
b2k-Snick: doesn't show hand 
*** SUMMARY ***
Total pot $25.70 | Rake $0 
Seat 2: ponchua
Seat 1: Xenicide (big blind) folded before Flop
Seat 3: Seavus10 folded before Flop
Seat 4: b2k-Snick collected ($25.70)
Seat 5: CashfishT (button) folded before Flop
Seat 6: Calvmcd85 (small blind) folded before Flop



PokerStars Hand #254617648300:  Hold'em No Limit ($0.50/$1.00 USD) - 2025/01/30 4:50:45 WET [2025/01/29 23:50:45 ET]
Table 'Roma' 6-max Seat #6 is the button
Seat 1: Xenicide ($100 in chips) 
Seat 2: ponchua ($100 in chips) 
Seat 3: Seavus10 ($157.42 in chips) 
Seat 4: b2k-Snick ($121.55 in chips) 
Seat 5: CashfishT ($141.30 in chips) 
Seat 6: Calvmcd85 ($96.39 in chips) 
Xenicide: posts small blind $0.50
ponchua: posts big blind $1
*** HOLE CARDS ***
Seavus10: folds 
b2k-Snick: raises $1.10 to $2.10
CashfishT: folds 
Calvmcd85: calls $2.10
Xenicide: folds 
ponchua: folds 
*** FLOP *** [5d 8d Ad]
b2k-Snick: bets $3.50
Calvmcd85: calls $3.50
*** TURN *** [5d 8d Ad] [Jc]
b2k-Snick: bets $8.59
Calvmcd85: folds 
Uncalled bet ($8.59) returned to b2k-Snick
b2k-Snick collected $12.06 from pot
b2k-Snick: doesn't show hand 
*** SUMMARY ***
Total pot $12.70 | Rake $0.64 
Board [5d 8d Ad Jc]
Seat 1: Xenicide (small blind) folded before Flop
Seat 2: ponchua (big blind) folded before Flop
Seat 3: Seavus10 folded before Flop (didn't bet)
Seat 4: b2k-Snick collected ($12.06)
Seat 5: CashfishT folded before Flop (didn't bet)
Seat 6: Calvmcd85 (button) folded on the Turn



PokerStars Hand #254617652851:  Hold'em No Limit ($0.50/$1.00 USD) - 2025/01/30 4:51:35 WET [2025/01/29 23:51:35 ET]
Table 'Roma' 6-max Seat #1 is the button
Seat 1: Xenicide ($100 in chips) 
Seat 2: ponchua ($100 in chips) 
Seat 3: Seavus10 ($157.42 in chips) 
Seat 4: b2k-Snick ($128.01 in chips) 
Seat 5: CashfishT ($141.30 in chips) 
Seat 6: Calvmcd85 ($90.79 in chips) 
ponchua: posts small blind $0.50
Seavus10: posts big blind $1
*** HOLE CARDS ***
b2k-Snick: folds 
CashfishT: folds 
Calvmcd85: calls $1
Xenicide: raises $3.50 to $4.50
ponchua: folds 
Seavus10: folds 
Calvmcd85: folds 
Uncalled bet ($3.50) returned to Xenicide
Xenicide collected $3.50 from pot
*** SUMMARY ***
Total pot $3.50 | Rake $0 
Seat 1: Xenicide (button) collected ($3.50)
Seat 2: ponchua (small blind) folded before Flop
Seat 3: Seavus10 (big blind) folded before Flop
Seat 4: b2k-Snick folded before Flop (didn't bet)
Seat 5: CashfishT folded before Flop (didn't bet)
Seat 6: Calvmcd85 folded before Flop



PokerStars Hand #254617655170:  Hold'em No Limit ($0.50/$1.00 USD) - 2025/01/30 4:52:01 WET [2025/01/29 23:52:01 ET]
Table 'Roma' 6-max Seat #2 is the button
Seat 1: Xenicide ($102.50 in chips) 
Seat 2: ponchua ($100 in chips) 
Seat 3: Seavus10 ($156.42 in chips) 
Seat 4: b2k-Snick ($128.01 in chips) 
Seat 5: CashfishT ($141.30 in chips) 
Seat 6: Calvmcd85 ($89.79 in chips) 
Seavus10: posts small blind $0.50
b2k-Snick: posts big blind $1
*** HOLE CARDS ***
CashfishT: raises $1.20 to $2.20
Calvmcd85: calls $2.20
Xenicide: folds 
ponchua: folds 
Seavus10: folds 
b2k-Snick: folds 
*** FLOP *** [9c 4d 4c]
CashfishT: bets $1.85
Calvmcd85: calls $1.85
*** TURN *** [9c 4d 4c] [5d]
CashfishT: bets $11.40
Calvmcd85: folds 
Uncalled bet ($11.40) returned to CashfishT
CashfishT collected $9.12 from pot
CashfishT: doesn't show hand 
*** SUMMARY ***
Total pot $9.60 | Rake $0.48 
Board [9c 4d 4c 5d]
Seat 1: Xenicide folded before Flop (didn't bet)
Seat 2: ponchua (button) folded before Flop (didn't bet)
Seat 3: Seavus10 (small blind) folded before Flop
Seat 4: b2k-Snick (big blind) folded before Flop
Seat 5: CashfishT collected ($9.12)
Seat 6: Calvmcd85 folded on the Turn



PokerStars Hand #254617658129:  Hold'em No Limit ($0.50/$1.00 USD) - 2025/01/30 4:52:33 WET [2025/01/29 23:52:33 ET]
Table 'Roma' 6-max Seat #3 is the button
Seat 1: Xenicide ($102.50 in chips) 
Seat 2: ponchua ($100 in chips) 
Seat 3: Seavus10 ($155.92 in chips) 
Seat 4: b2k-Snick ($127.01 in chips) 
Seat 5: CashfishT ($146.37 in chips) 
Seat 6: Calvmcd85 ($85.74 in chips) 
b2k-Snick: posts small blind $0.50
CashfishT: posts big blind $1
*** HOLE CARDS ***
Calvmcd85: folds 
Xenicide: folds 
ponchua: folds 
Seavus10: raises $1.50 to $2.50
b2k-Snick: folds 
CashfishT: folds 
Uncalled bet ($1.50) returned to Seavus10
Seavus10 collected $2.50 from pot
Seavus10: doesn't show hand 
*** SUMMARY ***
Total pot $2.50 | Rake $0 
Seat 1: Xenicide folded before Flop (didn't bet)
Seat 2: ponchua folded before Flop (didn't bet)
Seat 3: Seavus10 (button) collected ($2.50)
Seat 4: b2k-Snick (small blind) folded before Flop
Seat 5: CashfishT (big blind) folded before Flop
Seat 6: Calvmcd85 folded before Flop (didn't bet)



PokerStars Hand #254617659945:  Hold'em No Limit ($0.50/$1.00 USD) - 2025/01/30 4:52:52 WET [2025/01/29 23:52:52 ET]
Table 'Roma' 6-max Seat #4 is the button
Seat 1: Xenicide ($102.50 in chips) 
Seat 2: ponchua ($100 in chips) 
Seat 3: Seavus10 ($157.42 in chips) 
Seat 4: b2k-Snick ($126.51 in chips) 
Seat 5: CashfishT ($145.37 in chips) 
Seat 6: Calvmcd85 ($85.74 in chips) 
CashfishT: posts small blind $0.50
Calvmcd85: posts big blind $1
*** HOLE CARDS ***
Xenicide: folds 
ponchua: folds 
Seavus10: folds 
b2k-Snick: folds 
CashfishT: folds 
Uncalled bet ($0.50) returned to Calvmcd85
Calvmcd85 collected $1 from pot
Calvmcd85: doesn't show hand 
*** SUMMARY ***
Total pot $1 | Rake $0 
Seat 1: Xenicide folded before Flop (didn't bet)
Seat 2: ponchua folded before Flop (didn't bet)
Seat 3: Seavus10 folded before Flop (didn't bet)
Seat 4: b2k-Snick (button) folded before Flop (didn't bet)
Seat 5: CashfishT (small blind) folded before Flop
Seat 6: Calvmcd85 (big blind) collected ($1)



PokerStars Hand #254617662632:  Hold'em No Limit ($0.50/$1.00 USD) - 2025/01/30 4:53:23 WET [2025/01/29 23:53:23 ET]
Table 'Roma' 6-max Seat #5 is the button
Seat 1: Xenicide ($102.50 in chips) 
Seat 2: ponchua ($100 in chips) 
Seat 3: Seavus10 ($157.42 in chips) 
Seat 4: b2k-Snick ($126.51 in chips) 
Seat 5: CashfishT ($144.87 in chips) 
Seat 6: Calvmcd85 ($86.24 in chips) 
Calvmcd85: posts small blind $0.50
Xenicide: posts big blind $1
*** HOLE CARDS ***
ponchua: folds 
Seavus10: folds 
b2k-Snick: folds 
CashfishT: raises $1.20 to $2.20
Calvmcd85: calls $1.70
Xenicide: calls $1.20
*** FLOP *** [8h 7d 6s]
Calvmcd85: checks 
Xenicide: checks 
CashfishT: bets $2.07
Calvmcd85: calls $2.07
Xenicide: calls $2.07
*** TURN *** [8h 7d 6s] [Jd]
Calvmcd85: checks 
Xenicide: checks 
CashfishT: checks 
*** RIVER *** [8h 7d 6s Jd] [Tc]
Calvmcd85: checks 
Xenicide: bets $3.77
CashfishT: folds 
Calvmcd85: folds 
Uncalled bet ($3.77) returned to Xenicide
Xenicide collected $12.17 from pot
*** SUMMARY ***
Total pot $12.81 | Rake $0.64 
Board [8h 7d 6s Jd Tc]
Seat 1: Xenicide (big blind) collected ($12.17)
Seat 2: ponchua folded before Flop (didn't bet)
Seat 3: Seavus10 folded before Flop (didn't bet)
Seat 4: b2k-Snick folded before Flop (didn't bet)
Seat 5: CashfishT (button) folded on the River
Seat 6: Calvmcd85 (small blind) folded on the River



PokerStars Hand #254617673269:  Hold'em No Limit ($0.50/$1.00 USD) - 2025/01/30 4:55:28 WET [2025/01/29 23:55:28 ET]
Table 'Roma' 6-max Seat #6 is the button
Seat 1: Xenicide ($110.40 in chips) 
Seat 2: ponchua ($100 in chips) 
Seat 3: Seavus10 ($157.42 in chips) 
Seat 4: b2k-Snick ($126.51 in chips) 
Seat 5: CashfishT ($140.60 in chips) 
Seat 6: Calvmcd85 ($81.97 in chips) 
Xenicide: posts small blind $0.50
ponchua: posts big blind $1
*** HOLE CARDS ***
Seavus10: folds 
b2k-Snick: folds 
CashfishT: folds 
Calvmcd85: calls $1
Xenicide: folds 
ponchua: checks 
*** FLOP *** [7s Jd 9c]
ponchua: checks 
Calvmcd85: checks 
*** TURN *** [7s Jd 9c] [Qs]
ponchua: checks 
Calvmcd85: bets $3
ponchua: folds 
Uncalled bet ($3) returned to Calvmcd85
Calvmcd85 collected $2.38 from pot
Calvmcd85: doesn't show hand 
*** SUMMARY ***
Total pot $2.50 | Rake $0.12 
Board [7s Jd 9c Qs]
Seat 1: Xenicide (small blind) folded before Flop
Seat 2: ponchua (big blind) folded on the Turn
Seat 3: Seavus10 folded before Flop (didn't bet)
Seat 4: b2k-Snick folded before Flop (didn't bet)
Seat 5: CashfishT folded before Flop (didn't bet)
Seat 6: Calvmcd85 (button) collected ($2.38)



PokerStars Hand #254617676095:  Hold'em No Limit ($0.50/$1.00 USD) - 2025/01/30 4:56:08 WET [2025/01/29 23:56:08 ET]
Table 'Roma' 6-max Seat #1 is the button
Seat 1: Xenicide ($109.90 in chips) 
Seat 2: ponchua ($100 in chips) 
Seat 3: Seavus10 ($157.42 in chips) 
Seat 4: b2k-Snick ($126.51 in chips) 
Seat 5: CashfishT ($140.60 in chips) 
Seat 6: Calvmcd85 ($83.35 in chips) 
ponchua: posts small blind $0.50
Seavus10: posts big blind $1
*** HOLE CARDS ***
b2k-Snick: raises $1.10 to $2.10
CashfishT: folds 
Calvmcd85: folds 
Xenicide: folds 
ponchua: folds 
Seavus10: folds 
Uncalled bet ($1.10) returned to b2k-Snick
b2k-Snick collected $2.50 from pot
b2k-Snick: doesn't show hand 
*** SUMMARY ***
Total pot $2.50 | Rake $0 
Seat 1: Xenicide (button) folded before Flop (didn't bet)
Seat 2: ponchua (small blind) folded before Flop
Seat 3: Seavus10 (big blind) folded before Flop
Seat 4: b2k-Snick collected ($2.50)
Seat 5: CashfishT folded before Flop (didn't bet)
Seat 6: Calvmcd85 folded before Flop (didn't bet)



PokerStars Hand #254617678422:  Hold'em No Limit ($0.50/$1.00 USD) - 2025/01/30 4:56:39 WET [2025/01/29 23:56:39 ET]
Table 'Roma' 6-max Seat #2 is the button
Seat 1: Xenicide ($109.90 in chips) 
Seat 2: ponchua ($100 in chips) 
Seat 3: Seavus10 ($156.42 in chips) 
Seat 4: b2k-Snick ($128.01 in chips) 
Seat 5: CashfishT ($140.60 in chips) 
Seat 6: Calvmcd85 ($83.35 in chips) 
Seavus10: posts small blind $0.50
b2k-Snick: posts big blind $1
*** HOLE CARDS ***
CashfishT: folds 
Calvmcd85: calls $1
Xenicide: folds 
ponchua: folds 
Seavus10: folds 
b2k-Snick: checks 
*** FLOP *** [Ts 6d 9d]
b2k-Snick: checks 
Calvmcd85: bets $3
b2k-Snick: folds 
Uncalled bet ($3) returned to Calvmcd85
Calvmcd85 collected $2.38 from pot
Calvmcd85: doesn't show hand 
*** SUMMARY ***
Total pot $2.50 | Rake $0.12 
Board [Ts 6d 9d]
Seat 1: Xenicide folded before Flop (didn't bet)
Seat 2: ponchua (button) folded before Flop (didn't bet)
Seat 3: Seavus10 (small blind) folded before Flop
Seat 4: b2k-Snick (big blind) folded on the Flop
Seat 5: CashfishT folded before Flop (didn't bet)
Seat 6: Calvmcd85 collected ($2.38)



PokerStars Hand #254617681524:  Hold'em No Limit ($0.50/$1.00 USD) - 2025/01/30 4:57:21 WET [2025/01/29 23:57:21 ET]
Table 'Roma' 6-max Seat #3 is the button
Seat 1: Xenicide ($109.90 in chips) 
Seat 2: ponchua ($100 in chips) 
Seat 3: Seavus10 ($155.92 in chips) 
Seat 4: b2k-Snick ($127.01 in chips) 
Seat 5: CashfishT ($140.60 in chips) 
Seat 6: Calvmcd85 ($84.73 in chips) 
b2k-Snick: posts small blind $0.50
CashfishT: posts big blind $1
*** HOLE CARDS ***
Calvmcd85: folds 
Xenicide: folds 
ponchua: folds 
Seavus10: folds 
b2k-Snick: raises $2 to $3
CashfishT: calls $2
*** FLOP *** [4d 4h 6d]
b2k-Snick: bets $2.51
CashfishT: folds 
Uncalled bet ($2.51) returned to b2k-Snick
b2k-Snick collected $5.70 from pot
b2k-Snick: doesn't show hand 
*** SUMMARY ***
Total pot $6 | Rake $0.30 
Board [4d 4h 6d]
Seat 1: Xenicide folded before Flop (didn't bet)
Seat 2: ponchua folded before Flop (didn't bet)
Seat 3: Seavus10 (button) folded before Flop (didn't bet)
Seat 4: b2k-Snick (small blind) collected ($5.70)
Seat 5: CashfishT (big blind) folded on the Flop
Seat 6: Calvmcd85 folded before Flop (didn't bet)



PokerStars Hand #254617685129:  Hold'em No Limit ($0.50/$1.00 USD) - 2025/01/30 4:58:10 WET [2025/01/29 23:58:10 ET]
Table 'Roma' 6-max Seat #4 is the button
Seat 1: Xenicide ($109.90 in chips) 
Seat 2: ponchua ($100 in chips) 
Seat 3: Seavus10 ($155.92 in chips) 
Seat 4: b2k-Snick ($129.71 in chips) 
Seat 5: CashfishT ($137.60 in chips) 
Seat 6: Calvmcd85 ($84.73 in chips) 
CashfishT: posts small blind $0.50
Calvmcd85: posts big blind $1
*** HOLE CARDS ***
Xenicide: folds 
ponchua: folds 
Seavus10: raises $1.20 to $2.20
b2k-Snick: folds 
CashfishT: folds 
Calvmcd85: calls $1.20
*** FLOP *** [2h 5s 2c]
Calvmcd85: bets $3
Seavus10: folds 
Uncalled bet ($3) returned to Calvmcd85
Calvmcd85 collected $4.66 from pot
Calvmcd85: doesn't show hand 
*** SUMMARY ***
Total pot $4.90 | Rake $0.24 
Board [2h 5s 2c]
Seat 1: Xenicide folded before Flop (didn't bet)
Seat 2: ponchua folded before Flop (didn't bet)
Seat 3: Seavus10 folded on the Flop
Seat 4: b2k-Snick (button) folded before Flop (didn't bet)
Seat 5: CashfishT (small blind) folded before Flop
Seat 6: Calvmcd85 (big blind) collected ($4.66)



PokerStars Hand #254617687998:  Hold'em No Limit ($0.50/$1.00 USD) - 2025/01/30 4:58:50 WET [2025/01/29 23:58:50 ET]
Table 'Roma' 6-max Seat #5 is the button
Seat 1: Xenicide ($109.90 in chips) 
Seat 2: ponchua ($100 in chips) 
Seat 3: Seavus10 ($153.72 in chips) 
Seat 4: b2k-Snick ($129.71 in chips) 
Seat 5: CashfishT ($137.10 in chips) 
Seat 6: Calvmcd85 ($87.19 in chips) 
Calvmcd85: posts small blind $0.50
Xenicide: posts big blind $1
*** HOLE CARDS ***
ponchua: folds 
Seavus10: raises $1.20 to $2.20
b2k-Snick: folds 
CashfishT: folds 
Calvmcd85: calls $1.70
Xenicide: folds 
*** FLOP *** [8c 2h 2c]
Calvmcd85: checks 
Seavus10: bets $1.71
Calvmcd85: calls $1.71
*** TURN *** [8c 2h 2c] [7h]
Calvmcd85: bets $4
Seavus10: raises $8 to $12
Calvmcd85: calls $8
*** RIVER *** [8c 2h 2c 7h] [Tc]
Calvmcd85: bets $15
Seavus10: raises $122.81 to $137.81 and is all-in
Calvmcd85: calls $56.28 and is all-in
Uncalled bet ($66.53) returned to Seavus10
*** SHOW DOWN ***
Seavus10: shows [6c Kc] (a flush, King high)
Calvmcd85: shows [As Js] (a pair of Deuces)
Seavus10 collected $172.88 from pot
*** SUMMARY ***
Total pot $175.38 | Rake $2.50 
Board [8c 2h 2c 7h Tc]
Seat 1: Xenicide (big blind) folded before Flop
Seat 2: ponchua folded before Flop (didn't bet)
Seat 3: Seavus10 showed [6c Kc] and won ($172.88) with a flush, King high
Seat 4: b2k-Snick folded before Flop (didn't bet)
Seat 5: CashfishT (button) folded before Flop (didn't bet)
Seat 6: Calvmcd85 (small blind) showed [As Js] and lost with a pair of Deuces



PokerStars Hand #254617693827:  Hold'em No Limit ($0.50/$1.00 USD) - 2025/01/30 5:00:09 WET [2025/01/30 0:00:09 ET]
Table 'Roma' 6-max Seat #1 is the button
Seat 6: Calvmcd85 ($0 in chips) is sitting out
Seat 1: Xenicide ($108.90 in chips) 
Seat 2: ponchua ($100 in chips) 
Seat 3: Seavus10 ($239.41 in chips) 
Seat 4: b2k-Snick ($129.71 in chips) 
Seat 5: CashfishT ($137.10 in chips) 
ponchua: posts small blind $0.50
Seavus10: posts big blind $1
*** HOLE CARDS ***
b2k-Snick: folds 
Calvmcd85 leaves the table
CashfishT: folds 
Xenicide: folds 
ponchua: raises $2 to $3
Seavus10: folds 
Uncalled bet ($2) returned to ponchua
ponchua collected $2 from pot
ponchua: doesn't show hand 
*** SUMMARY ***
Total pot $2 | Rake $0 
Seat 6: Calvmcd85
Seat 1: Xenicide (button) folded before Flop (didn't bet)
Seat 2: ponchua (small blind) collected ($2)
Seat 3: Seavus10 (big blind) folded before Flop
Seat 4: b2k-Snick folded before Flop (didn't bet)
Seat 5: CashfishT folded before Flop (didn't bet)



PokerStars Hand #254617695488:  Hold'em No Limit ($0.50/$1.00 USD) - 2025/01/30 5:00:29 WET [2025/01/30 0:00:29 ET]
Table 'Roma' 6-max Seat #2 is the button
Seat 1: Xenicide ($108.90 in chips) 
Seat 2: ponchua ($101 in chips) 
Seat 3: Seavus10 ($238.41 in chips) 
Seat 4: b2k-Snick ($129.71 in chips) 
Seat 5: CashfishT ($137.10 in chips) 
Seavus10: posts small blind $0.50
b2k-Snick: posts big blind $1
*** HOLE CARDS ***
CashfishT: folds 
Xenicide: raises $1 to $2
ponchua: folds 
Seavus10: folds 
b2k-Snick: calls $1
*** FLOP *** [7s 4s 5c]
b2k-Snick: checks 
Xenicide: checks 
*** TURN *** [7s 4s 5c] [3s]
b2k-Snick: bets $3.50
Xenicide: calls $3.50
*** RIVER *** [7s 4s 5c 3s] [Ad]
b2k-Snick: checks 
Xenicide: bets $16.38
b2k-Snick: calls $16.38
*** SHOW DOWN ***
Xenicide: shows [Ks 6s] (a flush, King high)
b2k-Snick: mucks hand 
Xenicide collected $42.05 from pot
*** SUMMARY ***
Total pot $44.26 | Rake $2.21 
Board [7s 4s 5c 3s Ad]
Seat 1: Xenicide showed [Ks 6s] and won ($42.05) with a flush, King high
Seat 2: ponchua (button) folded before Flop (didn't bet)
Seat 3: Seavus10 (small blind) folded before Flop
Seat 4: b2k-Snick (big blind) mucked
Seat 5: CashfishT folded before Flop (didn't bet)



PokerStars Hand #254617704266:  Hold'em No Limit ($0.50/$1.00 USD) - 2025/01/30 5:02:10 WET [2025/01/30 0:02:10 ET]
Table 'Roma' 6-max Seat #3 is the button
Seat 1: Xenicide ($129.07 in chips) 
Seat 2: ponchua ($101 in chips) 
Seat 3: Seavus10 ($237.91 in chips) 
Seat 4: b2k-Snick ($107.83 in chips) 
Seat 5: CashfishT ($137.10 in chips) 
b2k-Snick: posts small blind $0.50
CashfishT: posts big blind $1
*** HOLE CARDS ***
Xenicide: folds 
ponchua: folds 
Seavus10: folds 
b2k-Snick: folds 
Uncalled bet ($0.50) returned to CashfishT
CashfishT collected $1 from pot
CashfishT: doesn't show hand 
*** SUMMARY ***
Total pot $1 | Rake $0 
Seat 1: Xenicide folded before Flop (didn't bet)
Seat 2: ponchua folded before Flop (didn't bet)
Seat 3: Seavus10 (button) folded before Flop (didn't bet)
Seat 4: b2k-Snick (small blind) folded before Flop
Seat 5: CashfishT (big blind) collected ($1)



PokerStars Hand #254617236027:  Hold'em No Limit ($0.50/$1.00 USD) - 2025/01/30 3:43:44 WET [2025/01/29 22:43:44 ET]
Table 'Roma' 6-max Seat #2 is the button
Seat 1: joaquin612 ($159.46 in chips) 
Seat 2: 50CandyJoe ($118.24 in chips) 
Seat 3: Seavus10 ($132.21 in chips) 
Seat 4: b2k-Snick ($107.24 in chips) 
Seat 5: CashfishT ($112.14 in chips) 
Seat 6: Calvmcd85 ($77.35 in chips) 
Seavus10: posts small blind $0.50
b2k-Snick: posts big blind $1
*** HOLE CARDS ***
CashfishT: folds 
Calvmcd85: raises $2 to $3
joaquin612: folds 
50CandyJoe: folds 
Seavus10: folds 
b2k-Snick: folds 
Uncalled bet ($2) returned to Calvmcd85
Calvmcd85 collected $2.50 from pot
Calvmcd85: doesn't show hand 
*** SUMMARY ***
Total pot $2.50 | Rake $0 
Seat 1: joaquin612 folded before Flop (didn't bet)
Seat 2: 50CandyJoe (button) folded before Flop (didn't bet)
Seat 3: Seavus10 (small blind) folded before Flop
Seat 4: b2k-Snick (big blind) folded before Flop
Seat 5: CashfishT folded before Flop (didn't bet)
Seat 6: Calvmcd85 collected ($2.50)



PokerStars Hand #254617238647:  Hold'em No Limit ($0.50/$1.00 USD) - 2025/01/30 3:44:06 WET [2025/01/29 22:44:06 ET]
Table 'Roma' 6-max Seat #3 is the button
Seat 1: joaquin612 ($159.46 in chips) 
Seat 2: 50CandyJoe ($118.24 in chips) 
Seat 3: Seavus10 ($131.71 in chips) 
Seat 4: b2k-Snick ($106.24 in chips) 
Seat 5: CashfishT ($112.14 in chips) 
Seat 6: Calvmcd85 ($78.85 in chips) 
b2k-Snick: posts small blind $0.50
CashfishT: posts big blind $1
*** HOLE CARDS ***
Calvmcd85: folds 
joaquin612: raises $1.50 to $2.50
50CandyJoe: folds 
Seavus10: folds 
b2k-Snick: folds 
CashfishT: calls $1.50
*** FLOP *** [6h Jd 3h]
CashfishT: checks 
joaquin612: bets $1.72
CashfishT: calls $1.72
*** TURN *** [6h Jd 3h] [7s]
CashfishT: checks 
joaquin612: bets $12.74
CashfishT: folds 
Uncalled bet ($12.74) returned to joaquin612
joaquin612 collected $8.49 from pot
joaquin612: doesn't show hand 
*** SUMMARY ***
Total pot $8.94 | Rake $0.45 
Board [6h Jd 3h 7s]
Seat 1: joaquin612 collected ($8.49)
Seat 2: 50CandyJoe folded before Flop (didn't bet)
Seat 3: Seavus10 (button) folded before Flop (didn't bet)
Seat 4: b2k-Snick (small blind) folded before Flop
Seat 5: CashfishT (big blind) folded on the Turn
Seat 6: Calvmcd85 folded before Flop (didn't bet)



PokerStars Hand #254617246725:  Hold'em No Limit ($0.50/$1.00 USD) - 2025/01/30 3:45:15 WET [2025/01/29 22:45:15 ET]
Table 'Roma' 6-max Seat #4 is the button
Seat 1: joaquin612 ($163.73 in chips) 
Seat 2: 50CandyJoe ($118.24 in chips) 
Seat 3: Seavus10 ($131.71 in chips) 
Seat 4: b2k-Snick ($105.74 in chips) 
Seat 5: CashfishT ($107.92 in chips) 
Seat 6: Calvmcd85 ($78.85 in chips) 
CashfishT: posts small blind $0.50
Calvmcd85: posts big blind $1
*** HOLE CARDS ***
joaquin612: folds 
50CandyJoe: folds 
Seavus10: raises $1.20 to $2.20
b2k-Snick: folds 
CashfishT: folds 
Calvmcd85: calls $1.20
*** FLOP *** [8c 6s 8s]
Calvmcd85: checks 
Seavus10: bets $1.55
Calvmcd85: folds 
Uncalled bet ($1.55) returned to Seavus10
Seavus10 collected $4.66 from pot
Seavus10: doesn't show hand 
*** SUMMARY ***
Total pot $4.90 | Rake $0.24 
Board [8c 6s 8s]
Seat 1: joaquin612 folded before Flop (didn't bet)
Seat 2: 50CandyJoe folded before Flop (didn't bet)
Seat 3: Seavus10 collected ($4.66)
Seat 4: b2k-Snick (button) folded before Flop (didn't bet)
Seat 5: CashfishT (small blind) folded before Flop
Seat 6: Calvmcd85 (big blind) folded on the Flop



PokerStars Hand #254617249786:  Hold'em No Limit ($0.50/$1.00 USD) - 2025/01/30 3:45:42 WET [2025/01/29 22:45:42 ET]
Table 'Roma' 6-max Seat #5 is the button
Seat 1: joaquin612 ($163.73 in chips) 
Seat 2: 50CandyJoe ($118.24 in chips) 
Seat 3: Seavus10 ($134.17 in chips) 
Seat 4: b2k-Snick ($105.74 in chips) 
Seat 5: CashfishT ($107.42 in chips) 
Seat 6: Calvmcd85 ($76.65 in chips) 
Calvmcd85: posts small blind $0.50
joaquin612: posts big blind $1
*** HOLE CARDS ***
50CandyJoe: folds 
Seavus10: folds 
b2k-Snick: raises $1.50 to $2.50
CashfishT: folds 
Calvmcd85: calls $2
joaquin612: raises $12.50 to $15
b2k-Snick: folds 
Calvmcd85: folds 
Uncalled bet ($12.50) returned to joaquin612
joaquin612 collected $7.50 from pot
joaquin612: doesn't show hand 
*** SUMMARY ***
Total pot $7.50 | Rake $0 
Seat 1: joaquin612 (big blind) collected ($7.50)
Seat 2: 50CandyJoe folded before Flop (didn't bet)
Seat 3: Seavus10 folded before Flop (didn't bet)
Seat 4: b2k-Snick folded before Flop
Seat 5: CashfishT (button) folded before Flop (didn't bet)
Seat 6: Calvmcd85 (small blind) folded before Flop



PokerStars Hand #254617254142:  Hold'em No Limit ($0.50/$1.00 USD) - 2025/01/30 3:46:18 WET [2025/01/29 22:46:18 ET]
Table 'Roma' 6-max Seat #6 is the button
Seat 1: joaquin612 ($168.73 in chips) 
Seat 2: 50CandyJoe ($118.24 in chips) 
Seat 3: Seavus10 ($134.17 in chips) 
Seat 4: b2k-Snick ($103.24 in chips) 
Seat 5: CashfishT ($107.42 in chips) 
Seat 6: Calvmcd85 ($74.15 in chips) 
joaquin612: posts small blind $0.50
50CandyJoe: posts big blind $1
*** HOLE CARDS ***
Seavus10: folds 
b2k-Snick: folds 
CashfishT: folds 
Calvmcd85: folds 
joaquin612: raises $2 to $3
50CandyJoe: folds 
Uncalled bet ($2) returned to joaquin612
joaquin612 collected $2 from pot
joaquin612: doesn't show hand 
*** SUMMARY ***
Total pot $2 | Rake $0 
Seat 1: joaquin612 (small blind) collected ($2)
Seat 2: 50CandyJoe (big blind) folded before Flop
Seat 3: Seavus10 folded before Flop (didn't bet)
Seat 4: b2k-Snick folded before Flop (didn't bet)
Seat 5: CashfishT folded before Flop (didn't bet)
Seat 6: Calvmcd85 (button) folded before Flop (didn't bet)



PokerStars Hand #254617256532:  Hold'em No Limit ($0.50/$1.00 USD) - 2025/01/30 3:46:39 WET [2025/01/29 22:46:39 ET]
Table 'Roma' 6-max Seat #1 is the button
Seat 1: joaquin612 ($169.73 in chips) 
Seat 2: 50CandyJoe ($117.24 in chips) 
Seat 3: Seavus10 ($134.17 in chips) 
Seat 4: b2k-Snick ($103.24 in chips) 
Seat 5: CashfishT ($107.42 in chips) 
Seat 6: Calvmcd85 ($74.15 in chips) 
50CandyJoe: posts small blind $0.50
Seavus10: posts big blind $1
*** HOLE CARDS ***
b2k-Snick: folds 
CashfishT: folds 
Calvmcd85: folds 
joaquin612: folds 
50CandyJoe: folds 
Uncalled bet ($0.50) returned to Seavus10
Seavus10 collected $1 from pot
Seavus10: doesn't show hand 
*** SUMMARY ***
Total pot $1 | Rake $0 
Seat 1: joaquin612 (button) folded before Flop (didn't bet)
Seat 2: 50CandyJoe (small blind) folded before Flop
Seat 3: Seavus10 (big blind) collected ($1)
Seat 4: b2k-Snick folded before Flop (didn't bet)
Seat 5: CashfishT folded before Flop (didn't bet)
Seat 6: Calvmcd85 folded before Flop (didn't bet)



PokerStars Hand #254617258035:  Hold'em No Limit ($0.50/$1.00 USD) - 2025/01/30 3:46:52 WET [2025/01/29 22:46:52 ET]
Table 'Roma' 6-max Seat #2 is the button
Seat 1: joaquin612 ($169.73 in chips) 
Seat 2: 50CandyJoe ($116.74 in chips) 
Seat 3: Seavus10 ($134.67 in chips) 
Seat 4: b2k-Snick ($103.24 in chips) 
Seat 5: CashfishT ($107.42 in chips) 
Seat 6: Calvmcd85 ($74.15 in chips) 
Seavus10: posts small blind $0.50
b2k-Snick: posts big blind $1
*** HOLE CARDS ***
CashfishT: folds 
Calvmcd85: folds 
joaquin612: folds 
50CandyJoe: folds 
Seavus10: raises $2 to $3
b2k-Snick: folds 
Uncalled bet ($2) returned to Seavus10
Seavus10 collected $2 from pot
Seavus10: doesn't show hand 
*** SUMMARY ***
Total pot $2 | Rake $0 
Seat 1: joaquin612 folded before Flop (didn't bet)
Seat 2: 50CandyJoe (button) folded before Flop (didn't bet)
Seat 3: Seavus10 (small blind) collected ($2)
Seat 4: b2k-Snick (big blind) folded before Flop
Seat 5: CashfishT folded before Flop (didn't bet)
Seat 6: Calvmcd85 folded before Flop (didn't bet)



PokerStars Hand #254617259559:  Hold'em No Limit ($0.50/$1.00 USD) - 2025/01/30 3:47:06 WET [2025/01/29 22:47:06 ET]
Table 'Roma' 6-max Seat #3 is the button
Seat 1: joaquin612 ($169.73 in chips) 
Seat 2: 50CandyJoe ($116.74 in chips) 
Seat 3: Seavus10 ($135.67 in chips) 
Seat 4: b2k-Snick ($102.24 in chips) 
Seat 5: CashfishT ($107.42 in chips) 
Seat 6: Calvmcd85 ($74.15 in chips) 
b2k-Snick: posts small blind $0.50
CashfishT: posts big blind $1
*** HOLE CARDS ***
Calvmcd85: calls $1
joaquin612: folds 
50CandyJoe: folds 
Seavus10: calls $1
b2k-Snick: calls $0.50
CashfishT: checks 
*** FLOP *** [5d 6c 3c]
b2k-Snick: checks 
CashfishT: checks 
Calvmcd85: bets $3
Seavus10: calls $3
b2k-Snick: calls $3
CashfishT: calls $3
*** TURN *** [5d 6c 3c] [7h]
b2k-Snick: bets $5.02
CashfishT: calls $5.02
Calvmcd85: calls $5.02
Seavus10: raises $25.08 to $30.10
b2k-Snick: raises $68.14 to $98.24 and is all-in
CashfishT: folds 
Calvmcd85: folds 
Seavus10: folds 
Uncalled bet ($68.14) returned to b2k-Snick
b2k-Snick collected $83.74 from pot
b2k-Snick: doesn't show hand 
*** SUMMARY ***
Total pot $86.24 | Rake $2.50 
Board [5d 6c 3c 7h]
Seat 1: joaquin612 folded before Flop (didn't bet)
Seat 2: 50CandyJoe folded before Flop (didn't bet)
Seat 3: Seavus10 (button) folded on the Turn
Seat 4: b2k-Snick (small blind) collected ($83.74)
Seat 5: CashfishT (big blind) folded on the Turn
Seat 6: Calvmcd85 folded on the Turn



PokerStars Hand #254617274899:  Hold'em No Limit ($0.50/$1.00 USD) - 2025/01/30 3:49:19 WET [2025/01/29 22:49:19 ET]
Table 'Roma' 6-max Seat #4 is the button
Seat 1: joaquin612 ($169.73 in chips) 
Seat 2: 50CandyJoe ($116.74 in chips) 
Seat 3: Seavus10 ($101.57 in chips) 
Seat 4: b2k-Snick ($151.88 in chips) 
Seat 5: CashfishT ($100 in chips) 
Seat 6: Calvmcd85 ($65.13 in chips) 
CashfishT: posts small blind $0.50
Calvmcd85: posts big blind $1
*** HOLE CARDS ***
joaquin612: raises $1.50 to $2.50
50CandyJoe: folds 
Seavus10: raises $5 to $7.50
b2k-Snick: folds 
CashfishT: folds 
Calvmcd85: folds 
joaquin612: folds 
Uncalled bet ($5) returned to Seavus10
Seavus10 collected $6.50 from pot
Seavus10: doesn't show hand 
*** SUMMARY ***
Total pot $6.50 | Rake $0 
Seat 1: joaquin612 folded before Flop
Seat 2: 50CandyJoe folded before Flop (didn't bet)
Seat 3: Seavus10 collected ($6.50)
Seat 4: b2k-Snick (button) folded before Flop (didn't bet)
Seat 5: CashfishT (small blind) folded before Flop
Seat 6: Calvmcd85 (big blind) folded before Flop



PokerStars Hand #254617277458:  Hold'em No Limit ($0.50/$1.00 USD) - 2025/01/30 3:49:42 WET [2025/01/29 22:49:42 ET]
Table 'Roma' 6-max Seat #5 is the button
Seat 1: joaquin612 ($167.23 in chips) 
Seat 2: 50CandyJoe ($116.74 in chips) 
Seat 3: Seavus10 ($105.57 in chips) 
Seat 4: b2k-Snick ($151.88 in chips) 
Seat 5: CashfishT ($100 in chips) 
Seat 6: Calvmcd85 ($64.13 in chips) 
Calvmcd85: posts small blind $0.50
joaquin612: posts big blind $1
*** HOLE CARDS ***
50CandyJoe: raises $1.20 to $2.20
Seavus10: folds 
b2k-Snick: raises $3.80 to $6
CashfishT: folds 
Calvmcd85: folds 
joaquin612: folds 
50CandyJoe: calls $3.80
*** FLOP *** [8h As Ts]
50CandyJoe: checks 
b2k-Snick: bets $7.05
50CandyJoe: folds 
Uncalled bet ($7.05) returned to b2k-Snick
b2k-Snick collected $12.82 from pot
b2k-Snick: doesn't show hand 
*** SUMMARY ***
Total pot $13.50 | Rake $0.68 
Board [8h As Ts]
Seat 1: joaquin612 (big blind) folded before Flop
Seat 2: 50CandyJoe folded on the Flop
Seat 3: Seavus10 folded before Flop (didn't bet)
Seat 4: b2k-Snick collected ($12.82)
Seat 5: CashfishT (button) folded before Flop (didn't bet)
Seat 6: Calvmcd85 (small blind) folded before Flop



PokerStars Hand #254617281874:  Hold'em No Limit ($0.50/$1.00 USD) - 2025/01/30 3:50:22 WET [2025/01/29 22:50:22 ET]
Table 'Roma' 6-max Seat #6 is the button
Seat 1: joaquin612 ($166.23 in chips) 
Seat 2: 50CandyJoe ($110.74 in chips) 
Seat 3: Seavus10 ($105.57 in chips) 
Seat 4: b2k-Snick ($158.70 in chips) 
Seat 5: CashfishT ($100 in chips) 
Seat 6: Calvmcd85 ($63.63 in chips) 
joaquin612: posts small blind $0.50
50CandyJoe: posts big blind $1
*** HOLE CARDS ***
Seavus10: folds 
b2k-Snick: folds 
CashfishT: folds 
Calvmcd85: calls $1
joaquin612: calls $0.50
50CandyJoe: checks 
*** FLOP *** [Ac 9c 6d]
joaquin612: checks 
50CandyJoe: checks 
Calvmcd85: checks 
*** TURN *** [Ac 9c 6d] [Ks]
joaquin612: checks 
50CandyJoe: checks 
Calvmcd85: bets $2
joaquin612: folds 
50CandyJoe: folds 
Uncalled bet ($2) returned to Calvmcd85
Calvmcd85 collected $2.85 from pot
Calvmcd85: doesn't show hand 
*** SUMMARY ***
Total pot $3 | Rake $0.15 
Board [Ac 9c 6d Ks]
Seat 1: joaquin612 (small blind) folded on the Turn
Seat 2: 50CandyJoe (big blind) folded on the Turn
Seat 3: Seavus10 folded before Flop (didn't bet)
Seat 4: b2k-Snick folded before Flop (didn't bet)
Seat 5: CashfishT folded before Flop (didn't bet)
Seat 6: Calvmcd85 (button) collected ($2.85)



PokerStars Hand #254617286290:  Hold'em No Limit ($0.50/$1.00 USD) - 2025/01/30 3:51:02 WET [2025/01/29 22:51:02 ET]
Table 'Roma' 6-max Seat #1 is the button
Seat 1: joaquin612 ($165.23 in chips) 
Seat 2: 50CandyJoe ($109.74 in chips) 
Seat 3: Seavus10 ($105.57 in chips) 
Seat 4: b2k-Snick ($158.70 in chips) 
Seat 5: CashfishT ($100 in chips) 
Seat 6: Calvmcd85 ($65.48 in chips) 
50CandyJoe: posts small blind $0.50
Seavus10: posts big blind $1
*** HOLE CARDS ***
b2k-Snick: folds 
CashfishT: folds 
Calvmcd85: raises $2 to $3
joaquin612: folds 
50CandyJoe: folds 
Seavus10: folds 
Uncalled bet ($2) returned to Calvmcd85
Calvmcd85 collected $2.50 from pot
Calvmcd85: doesn't show hand 
*** SUMMARY ***
Total pot $2.50 | Rake $0 
Seat 1: joaquin612 (button) folded before Flop (didn't bet)
Seat 2: 50CandyJoe (small blind) folded before Flop
Seat 3: Seavus10 (big blind) folded before Flop
Seat 4: b2k-Snick folded before Flop (didn't bet)
Seat 5: CashfishT folded before Flop (didn't bet)
Seat 6: Calvmcd85 collected ($2.50)



PokerStars Hand #254617288837:  Hold'em No Limit ($0.50/$1.00 USD) - 2025/01/30 3:51:25 WET [2025/01/29 22:51:25 ET]
Table 'Roma' 6-max Seat #2 is the button
Seat 1: joaquin612 ($165.23 in chips) 
Seat 2: 50CandyJoe ($109.24 in chips) 
Seat 3: Seavus10 ($104.57 in chips) 
Seat 4: b2k-Snick ($158.70 in chips) 
Seat 5: CashfishT ($100 in chips) 
Seat 6: Calvmcd85 ($66.98 in chips) 
Seavus10: posts small blind $0.50
b2k-Snick: posts big blind $1
*** HOLE CARDS ***
CashfishT: folds 
Calvmcd85: folds 
joaquin612: folds 
50CandyJoe: folds 
Seavus10: raises $2 to $3
b2k-Snick: folds 
Uncalled bet ($2) returned to Seavus10
Seavus10 collected $2 from pot
Seavus10: doesn't show hand 
*** SUMMARY ***
Total pot $2 | Rake $0 
Seat 1: joaquin612 folded before Flop (didn't bet)
Seat 2: 50CandyJoe (button) folded before Flop (didn't bet)
Seat 3: Seavus10 (small blind) collected ($2)
Seat 4: b2k-Snick (big blind) folded before Flop
Seat 5: CashfishT folded before Flop (didn't bet)
Seat 6: Calvmcd85 folded before Flop (didn't bet)



PokerStars Hand #254617290597:  Hold'em No Limit ($0.50/$1.00 USD) - 2025/01/30 3:51:41 WET [2025/01/29 22:51:41 ET]
Table 'Roma' 6-max Seat #3 is the button
Seat 1: joaquin612 ($165.23 in chips) 
Seat 2: 50CandyJoe ($109.24 in chips) 
Seat 3: Seavus10 ($105.57 in chips) 
Seat 4: b2k-Snick ($157.70 in chips) 
Seat 5: CashfishT ($100 in chips) 
Seat 6: Calvmcd85 ($66.98 in chips) 
b2k-Snick: posts small blind $0.50
CashfishT: posts big blind $1
*** HOLE CARDS ***
Calvmcd85: folds 
joaquin612: folds 
50CandyJoe: raises $1.20 to $2.20
Seavus10: raises $5.50 to $7.70
b2k-Snick: folds 
CashfishT: folds 
50CandyJoe: folds 
Uncalled bet ($5.50) returned to Seavus10
Seavus10 collected $5.90 from pot
Seavus10: doesn't show hand 
*** SUMMARY ***
Total pot $5.90 | Rake $0 
Seat 1: joaquin612 folded before Flop (didn't bet)
Seat 2: 50CandyJoe folded before Flop
Seat 3: Seavus10 (button) collected ($5.90)
Seat 4: b2k-Snick (small blind) folded before Flop
Seat 5: CashfishT (big blind) folded before Flop
Seat 6: Calvmcd85 folded before Flop (didn't bet)



PokerStars Hand #254617293279:  Hold'em No Limit ($0.50/$1.00 USD) - 2025/01/30 3:52:04 WET [2025/01/29 22:52:04 ET]
Table 'Roma' 6-max Seat #4 is the button
Seat 1: joaquin612 ($165.23 in chips) 
Seat 2: 50CandyJoe ($107.04 in chips) 
Seat 3: Seavus10 ($109.27 in chips) 
Seat 4: b2k-Snick ($157.20 in chips) 
Seat 5: CashfishT ($100 in chips) 
Seat 6: Calvmcd85 ($66.98 in chips) 
CashfishT: posts small blind $0.50
Calvmcd85: posts big blind $1
*** HOLE CARDS ***
joaquin612: folds 
50CandyJoe: folds 
Seavus10: folds 
b2k-Snick: raises $1.50 to $2.50
CashfishT: folds 
Calvmcd85: folds 
Uncalled bet ($1.50) returned to b2k-Snick
b2k-Snick collected $2.50 from pot
b2k-Snick: doesn't show hand 
*** SUMMARY ***
Total pot $2.50 | Rake $0 
Seat 1: joaquin612 folded before Flop (didn't bet)
Seat 2: 50CandyJoe folded before Flop (didn't bet)
Seat 3: Seavus10 folded before Flop (didn't bet)
Seat 4: b2k-Snick (button) collected ($2.50)
Seat 5: CashfishT (small blind) folded before Flop
Seat 6: Calvmcd85 (big blind) folded before Flop



PokerStars Hand #254617294997:  Hold'em No Limit ($0.50/$1.00 USD) - 2025/01/30 3:52:19 WET [2025/01/29 22:52:19 ET]
Table 'Roma' 6-max Seat #5 is the button
Seat 1: joaquin612 ($165.23 in chips) 
Seat 2: 50CandyJoe ($107.04 in chips) 
Seat 3: Seavus10 ($109.27 in chips) 
Seat 4: b2k-Snick ($158.70 in chips) 
Seat 5: CashfishT ($100 in chips) 
Seat 6: Calvmcd85 ($65.98 in chips) 
Calvmcd85: posts small blind $0.50
joaquin612: posts big blind $1
*** HOLE CARDS ***
50CandyJoe: folds 
Seavus10: folds 
b2k-Snick: folds 
CashfishT: raises $1.20 to $2.20
Calvmcd85: folds 
joaquin612: folds 
Uncalled bet ($1.20) returned to CashfishT
CashfishT collected $2.50 from pot
CashfishT: doesn't show hand 
*** SUMMARY ***
Total pot $2.50 | Rake $0 
Seat 1: joaquin612 (big blind) folded before Flop
Seat 2: 50CandyJoe folded before Flop (didn't bet)
Seat 3: Seavus10 folded before Flop (didn't bet)
Seat 4: b2k-Snick folded before Flop (didn't bet)
Seat 5: CashfishT (button) collected ($2.50)
Seat 6: Calvmcd85 (small blind) folded before Flop



PokerStars Hand #254617298063:  Hold'em No Limit ($0.50/$1.00 USD) - 2025/01/30 3:52:47 WET [2025/01/29 22:52:47 ET]
Table 'Roma' 6-max Seat #6 is the button
Seat 1: joaquin612 ($164.23 in chips) 
Seat 2: 50CandyJoe ($107.04 in chips) 
Seat 3: Seavus10 ($109.27 in chips) 
Seat 4: b2k-Snick ($158.70 in chips) 
Seat 5: CashfishT ($101.50 in chips) 
Seat 6: Calvmcd85 ($65.48 in chips) 
joaquin612: posts small blind $0.50
50CandyJoe: posts big blind $1
*** HOLE CARDS ***
Seavus10: raises $1 to $2
b2k-Snick: folds 
CashfishT: folds 
Calvmcd85: calls $2
joaquin612: folds 
50CandyJoe: folds 
*** FLOP *** [2s 2c 6s]
Seavus10: checks 
Calvmcd85: checks 
*** TURN *** [2s 2c 6s] [Ac]
Seavus10: checks 
Calvmcd85: checks 
*** RIVER *** [2s 2c 6s Ac] [4d]
Seavus10: bets $1.31
Calvmcd85: folds 
Uncalled bet ($1.31) returned to Seavus10
Seavus10 collected $5.22 from pot
Seavus10: doesn't show hand 
*** SUMMARY ***
Total pot $5.50 | Rake $0.28 
Board [2s 2c 6s Ac 4d]
Seat 1: joaquin612 (small blind) folded before Flop
Seat 2: 50CandyJoe (big blind) folded before Flop
Seat 3: Seavus10 collected ($5.22)
Seat 4: b2k-Snick folded before Flop (didn't bet)
Seat 5: CashfishT folded before Flop (didn't bet)
Seat 6: Calvmcd85 (button) folded on the River



PokerStars Hand #254617304326:  Hold'em No Limit ($0.50/$1.00 USD) - 2025/01/30 3:53:42 WET [2025/01/29 22:53:42 ET]
Table 'Roma' 6-max Seat #1 is the button
Seat 1: joaquin612 ($163.73 in chips) 
Seat 2: 50CandyJoe ($106.04 in chips) 
Seat 3: Seavus10 ($112.49 in chips) 
Seat 4: b2k-Snick ($158.70 in chips) 
Seat 5: CashfishT ($101.50 in chips) 
Seat 6: Calvmcd85 ($63.48 in chips) 
50CandyJoe: posts small blind $0.50
Seavus10: posts big blind $1
*** HOLE CARDS ***
b2k-Snick: raises $1.10 to $2.10
CashfishT: folds 
Calvmcd85: folds 
joaquin612: folds 
50CandyJoe: raises $7.90 to $10
Seavus10: folds 
b2k-Snick: calls $7.90
*** FLOP *** [Js Jc 5d]
50CandyJoe: bets $6.58
b2k-Snick: folds 
Uncalled bet ($6.58) returned to 50CandyJoe
50CandyJoe collected $19.95 from pot
50CandyJoe: doesn't show hand 
*** SUMMARY ***
Total pot $21 | Rake $1.05 
Board [Js Jc 5d]
Seat 1: joaquin612 (button) folded before Flop (didn't bet)
Seat 2: 50CandyJoe (small blind) collected ($19.95)
Seat 3: Seavus10 (big blind) folded before Flop
Seat 4: b2k-Snick folded on the Flop
Seat 5: CashfishT folded before Flop (didn't bet)
Seat 6: Calvmcd85 folded before Flop (didn't bet)



PokerStars Hand #254617309762:  Hold'em No Limit ($0.50/$1.00 USD) - 2025/01/30 3:54:32 WET [2025/01/29 22:54:32 ET]
Table 'Roma' 6-max Seat #2 is the button
Seat 1: joaquin612 ($163.73 in chips) 
Seat 2: 50CandyJoe ($115.99 in chips) 
Seat 3: Seavus10 ($111.49 in chips) 
Seat 4: b2k-Snick ($148.70 in chips) 
Seat 5: CashfishT ($101.50 in chips) 
Seat 6: Calvmcd85 ($63.48 in chips) 
Seavus10: posts small blind $0.50
b2k-Snick: posts big blind $1
*** HOLE CARDS ***
CashfishT: folds 
Calvmcd85: calls $1
joaquin612: folds 
50CandyJoe: raises $2.50 to $3.50
Seavus10: raises $8.50 to $12
b2k-Snick: folds 
Calvmcd85: folds 
50CandyJoe: folds 
Uncalled bet ($8.50) returned to Seavus10
Seavus10 collected $9 from pot
Seavus10: doesn't show hand 
*** SUMMARY ***
Total pot $9 | Rake $0 
Seat 1: joaquin612 folded before Flop (didn't bet)
Seat 2: 50CandyJoe (button) folded before Flop
Seat 3: Seavus10 (small blind) collected ($9)
Seat 4: b2k-Snick (big blind) folded before Flop
Seat 5: CashfishT folded before Flop (didn't bet)
Seat 6: Calvmcd85 folded before Flop



PokerStars Hand #254617313723:  Hold'em No Limit ($0.50/$1.00 USD) - 2025/01/30 3:55:08 WET [2025/01/29 22:55:08 ET]
Table 'Roma' 6-max Seat #3 is the button
Seat 1: joaquin612 ($163.73 in chips) 
Seat 2: 50CandyJoe ($112.49 in chips) 
Seat 3: Seavus10 ($116.99 in chips) 
Seat 4: b2k-Snick ($147.70 in chips) 
Seat 5: CashfishT ($101.50 in chips) 
Seat 6: Calvmcd85 ($62.48 in chips) 
b2k-Snick: posts small blind $0.50
CashfishT: posts big blind $1
*** HOLE CARDS ***
Calvmcd85: folds 
joaquin612: folds 
50CandyJoe: folds 
Seavus10: raises $1.50 to $2.50
b2k-Snick: folds 
CashfishT: raises $10.50 to $13
Seavus10: folds 
Uncalled bet ($10.50) returned to CashfishT
CashfishT collected $5.50 from pot
CashfishT: doesn't show hand 
*** SUMMARY ***
Total pot $5.50 | Rake $0 
Seat 1: joaquin612 folded before Flop (didn't bet)
Seat 2: 50CandyJoe folded before Flop (didn't bet)
Seat 3: Seavus10 (button) folded before Flop
Seat 4: b2k-Snick (small blind) folded before Flop
Seat 5: CashfishT (big blind) collected ($5.50)
Seat 6: Calvmcd85 folded before Flop (didn't bet)



PokerStars Hand #254617316319:  Hold'em No Limit ($0.50/$1.00 USD) - 2025/01/30 3:55:36 WET [2025/01/29 22:55:36 ET]
Table 'Roma' 6-max Seat #4 is the button
Seat 1: joaquin612 ($163.73 in chips) 
Seat 2: 50CandyJoe ($112.49 in chips) 
Seat 3: Seavus10 ($114.49 in chips) 
Seat 4: b2k-Snick ($147.20 in chips) 
Seat 5: CashfishT ($104.50 in chips) 
Seat 6: Calvmcd85 ($62.48 in chips) 
CashfishT: posts small blind $0.50
Calvmcd85: posts big blind $1
*** HOLE CARDS ***
joaquin612: folds 
50CandyJoe: folds 
Seavus10: folds 
b2k-Snick: folds 
CashfishT: raises $2 to $3
Calvmcd85: calls $2
*** FLOP *** [6c Ts 6d]
CashfishT: bets $1.43
Calvmcd85: calls $1.43
*** TURN *** [6c Ts 6d] [Ac]
CashfishT: bets $6
Calvmcd85: calls $6
*** RIVER *** [6c Ts 6d Ac] [7s]
CashfishT: bets $14.87
Calvmcd85: calls $14.87
*** SHOW DOWN ***
CashfishT: shows [Ah Kh] (two pair, Aces and Sixes)
Calvmcd85: shows [Th As] (two pair, Aces and Tens)
Calvmcd85 collected $48.10 from pot
*** SUMMARY ***
Total pot $50.60 | Rake $2.50 
Board [6c Ts 6d Ac 7s]
Seat 1: joaquin612 folded before Flop (didn't bet)
Seat 2: 50CandyJoe folded before Flop (didn't bet)
Seat 3: Seavus10 folded before Flop (didn't bet)
Seat 4: b2k-Snick (button) folded before Flop (didn't bet)
Seat 5: CashfishT (small blind) showed [Ah Kh] and lost with two pair, Aces and Sixes
Seat 6: Calvmcd85 (big blind) showed [Th As] and won ($48.10) with two pair, Aces and Tens



PokerStars Hand #254617322121:  Hold'em No Limit ($0.50/$1.00 USD) - 2025/01/30 3:56:41 WET [2025/01/29 22:56:41 ET]
Table 'Roma' 6-max Seat #5 is the button
Seat 1: joaquin612 ($163.73 in chips) 
Seat 2: 50CandyJoe ($112.49 in chips) 
Seat 3: Seavus10 ($114.49 in chips) 
Seat 4: b2k-Snick ($147.20 in chips) 
Seat 5: CashfishT ($100 in chips) 
Seat 6: Calvmcd85 ($85.28 in chips) 
Calvmcd85: posts small blind $0.50
joaquin612: posts big blind $1
*** HOLE CARDS ***
50CandyJoe: folds 
Seavus10: raises $1.20 to $2.20
b2k-Snick: folds 
CashfishT: folds 
Calvmcd85: calls $1.70
joaquin612: raises $11.80 to $14
Seavus10: folds 
Calvmcd85: folds 
Uncalled bet ($11.80) returned to joaquin612
joaquin612 collected $6.60 from pot
joaquin612: doesn't show hand 
*** SUMMARY ***
Total pot $6.60 | Rake $0 
Seat 1: joaquin612 (big blind) collected ($6.60)
Seat 2: 50CandyJoe folded before Flop (didn't bet)
Seat 3: Seavus10 folded before Flop
Seat 4: b2k-Snick folded before Flop (didn't bet)
Seat 5: CashfishT (button) folded before Flop (didn't bet)
Seat 6: Calvmcd85 (small blind) folded before Flop



PokerStars Hand #254617325846:  Hold'em No Limit ($0.50/$1.00 USD) - 2025/01/30 3:57:21 WET [2025/01/29 22:57:21 ET]
Table 'Roma' 6-max Seat #6 is the button
Seat 1: joaquin612 ($168.13 in chips) 
Seat 2: 50CandyJoe ($112.49 in chips) 
Seat 3: Seavus10 ($112.29 in chips) 
Seat 4: b2k-Snick ($147.20 in chips) 
Seat 5: CashfishT ($100 in chips) 
Seat 6: Calvmcd85 ($83.08 in chips) 
joaquin612: posts small blind $0.50
50CandyJoe: posts big blind $1
*** HOLE CARDS ***
Seavus10: folds 
b2k-Snick: raises $1.10 to $2.10
CashfishT: folds 
Calvmcd85: folds 
joaquin612: folds 
50CandyJoe: raises $10.40 to $12.50
b2k-Snick: folds 
Uncalled bet ($10.40) returned to 50CandyJoe
50CandyJoe collected $4.70 from pot
50CandyJoe: doesn't show hand 
*** SUMMARY ***
Total pot $4.70 | Rake $0 
Seat 1: joaquin612 (small blind) folded before Flop
Seat 2: 50CandyJoe (big blind) collected ($4.70)
Seat 3: Seavus10 folded before Flop (didn't bet)
Seat 4: b2k-Snick folded before Flop
Seat 5: CashfishT folded before Flop (didn't bet)
Seat 6: Calvmcd85 (button) folded before Flop (didn't bet)



PokerStars Hand #254617329175:  Hold'em No Limit ($0.50/$1.00 USD) - 2025/01/30 3:57:56 WET [2025/01/29 22:57:56 ET]
Table 'Roma' 6-max Seat #1 is the button
Seat 1: joaquin612 ($167.63 in chips) 
Seat 2: 50CandyJoe ($115.09 in chips) 
Seat 3: Seavus10 ($112.29 in chips) 
Seat 4: b2k-Snick ($145.10 in chips) 
Seat 5: CashfishT ($100 in chips) 
Seat 6: Calvmcd85 ($83.08 in chips) 
50CandyJoe: posts small blind $0.50
Seavus10: posts big blind $1
*** HOLE CARDS ***
b2k-Snick: folds 
CashfishT: raises $1.20 to $2.20
Calvmcd85: calls $2.20
joaquin612: folds 
50CandyJoe: raises $11.30 to $13.50
Seavus10: folds 
CashfishT: folds 
Calvmcd85: folds 
Uncalled bet ($11.30) returned to 50CandyJoe
50CandyJoe collected $7.60 from pot
50CandyJoe: doesn't show hand 
*** SUMMARY ***
Total pot $7.60 | Rake $0 
Seat 1: joaquin612 (button) folded before Flop (didn't bet)
Seat 2: 50CandyJoe (small blind) collected ($7.60)
Seat 3: Seavus10 (big blind) folded before Flop
Seat 4: b2k-Snick folded before Flop (didn't bet)
Seat 5: CashfishT folded before Flop
Seat 6: Calvmcd85 folded before Flop



PokerStars Hand #254617331615:  Hold'em No Limit ($0.50/$1.00 USD) - 2025/01/30 3:58:23 WET [2025/01/29 22:58:23 ET]
Table 'Roma' 6-max Seat #2 is the button
Seat 1: joaquin612 ($167.63 in chips) 
Seat 2: 50CandyJoe ($120.49 in chips) 
Seat 3: Seavus10 ($111.29 in chips) 
Seat 4: b2k-Snick ($145.10 in chips) 
Seat 5: CashfishT ($100 in chips) 
Seat 6: Calvmcd85 ($80.88 in chips) 
Seavus10: posts small blind $0.50
b2k-Snick: posts big blind $1
*** HOLE CARDS ***
CashfishT: raises $1.20 to $2.20
Calvmcd85: calls $2.20
joaquin612: folds 
50CandyJoe: calls $2.20
Seavus10: raises $13.20 to $15.40
b2k-Snick: folds 
CashfishT: folds 
Calvmcd85: folds 
50CandyJoe: folds 
Uncalled bet ($13.20) returned to Seavus10
Seavus10 collected $9.80 from pot
Seavus10: doesn't show hand 
*** SUMMARY ***
Total pot $9.80 | Rake $0 
Seat 1: joaquin612 folded before Flop (didn't bet)
Seat 2: 50CandyJoe (button) folded before Flop
Seat 3: Seavus10 (small blind) collected ($9.80)
Seat 4: b2k-Snick (big blind) folded before Flop
Seat 5: CashfishT folded before Flop
Seat 6: Calvmcd85 folded before Flop



PokerStars Hand #254617334171:  Hold'em No Limit ($0.50/$1.00 USD) - 2025/01/30 3:58:52 WET [2025/01/29 22:58:52 ET]
Table 'Roma' 6-max Seat #3 is the button
Seat 1: joaquin612 ($167.63 in chips) 
Seat 2: 50CandyJoe ($118.29 in chips) 
Seat 3: Seavus10 ($118.89 in chips) 
Seat 4: b2k-Snick ($144.10 in chips) 
Seat 5: CashfishT ($100 in chips) 
Seat 6: Calvmcd85 ($78.68 in chips) 
b2k-Snick: posts small blind $0.50
CashfishT: posts big blind $1
*** HOLE CARDS ***
Calvmcd85: folds 
joaquin612: folds 
50CandyJoe: raises $1.20 to $2.20
Seavus10: folds 
b2k-Snick: folds 
CashfishT: calls $1.20
*** FLOP *** [Qc 7c 7s]
CashfishT: checks 
50CandyJoe: bets $1.54
CashfishT: folds 
Uncalled bet ($1.54) returned to 50CandyJoe
50CandyJoe collected $4.66 from pot
50CandyJoe: doesn't show hand 
*** SUMMARY ***
Total pot $4.90 | Rake $0.24 
Board [Qc 7c 7s]
Seat 1: joaquin612 folded before Flop (didn't bet)
Seat 2: 50CandyJoe collected ($4.66)
Seat 3: Seavus10 (button) folded before Flop (didn't bet)
Seat 4: b2k-Snick (small blind) folded before Flop
Seat 5: CashfishT (big blind) folded on the Flop
Seat 6: Calvmcd85 folded before Flop (didn't bet)



PokerStars Hand #254617337655:  Hold'em No Limit ($0.50/$1.00 USD) - 2025/01/30 3:59:31 WET [2025/01/29 22:59:31 ET]
Table 'Roma' 6-max Seat #4 is the button
Seat 1: joaquin612 ($167.63 in chips) 
Seat 2: 50CandyJoe ($120.75 in chips) 
Seat 3: Seavus10 ($118.89 in chips) 
Seat 4: b2k-Snick ($143.60 in chips) 
Seat 5: CashfishT ($100 in chips) 
Seat 6: Calvmcd85 ($78.68 in chips) 
CashfishT: posts small blind $0.50
Calvmcd85: posts big blind $1
*** HOLE CARDS ***
joaquin612: raises $1.50 to $2.50
50CandyJoe: folds 
Seavus10: folds 
b2k-Snick: folds 
CashfishT: folds 
Calvmcd85: calls $1.50
*** FLOP *** [Jd Kh 2h]
Calvmcd85: checks 
joaquin612: bets $1.72
Calvmcd85: calls $1.72
*** TURN *** [Jd Kh 2h] [Td]
Calvmcd85: bets $5
joaquin612: raises $27.74 to $32.74
Calvmcd85: calls $27.74
*** RIVER *** [Jd Kh 2h Td] [7s]
Calvmcd85: checks 
joaquin612: bets $39.56
Calvmcd85: folds 
Uncalled bet ($39.56) returned to joaquin612
joaquin612 collected $71.92 from pot
joaquin612: doesn't show hand 
*** SUMMARY ***
Total pot $74.42 | Rake $2.50 
Board [Jd Kh 2h Td 7s]
Seat 1: joaquin612 collected ($71.92)
Seat 2: 50CandyJoe folded before Flop (didn't bet)
Seat 3: Seavus10 folded before Flop (didn't bet)
Seat 4: b2k-Snick (button) folded before Flop (didn't bet)
Seat 5: CashfishT (small blind) folded before Flop
Seat 6: Calvmcd85 (big blind) folded on the River



PokerStars Hand #254617345021:  Hold'em No Limit ($0.50/$1.00 USD) - 2025/01/30 4:00:45 WET [2025/01/29 23:00:45 ET]
Table 'Roma' 6-max Seat #5 is the button
Seat 1: joaquin612 ($202.59 in chips) 
Seat 2: 50CandyJoe ($120.75 in chips) 
Seat 3: Seavus10 ($118.89 in chips) 
Seat 4: b2k-Snick ($143.60 in chips) 
Seat 5: CashfishT ($100 in chips) 
Seat 6: Calvmcd85 ($41.72 in chips) 
Calvmcd85: posts small blind $0.50
joaquin612: posts big blind $1
*** HOLE CARDS ***
50CandyJoe: folds 
Seavus10: folds 
b2k-Snick: folds 
CashfishT: folds 
Calvmcd85: calls $0.50
joaquin612: checks 
*** FLOP *** [3h Th 6c]
Calvmcd85: checks 
joaquin612: bets $1.05
Calvmcd85: calls $1.05
*** TURN *** [3h Th 6c] [2s]
Calvmcd85: checks 
joaquin612: checks 
*** RIVER *** [3h Th 6c 2s] [5c]
Calvmcd85: checks 
joaquin612: checks 
*** SHOW DOWN ***
Calvmcd85: shows [6d 8d] (a pair of Sixes)
joaquin612: mucks hand 
Calvmcd85 collected $3.90 from pot
*** SUMMARY ***
Total pot $4.10 | Rake $0.20 
Board [3h Th 6c 2s 5c]
Seat 1: joaquin612 (big blind) mucked
Seat 2: 50CandyJoe folded before Flop (didn't bet)
Seat 3: Seavus10 folded before Flop (didn't bet)
Seat 4: b2k-Snick folded before Flop (didn't bet)
Seat 5: CashfishT (button) folded before Flop (didn't bet)
Seat 6: Calvmcd85 (small blind) showed [6d 8d] and won ($3.90) with a pair of Sixes



PokerStars Hand #254617351015:  Hold'em No Limit ($0.50/$1.00 USD) - 2025/01/30 4:01:40 WET [2025/01/29 23:01:40 ET]
Table 'Roma' 6-max Seat #6 is the button
Seat 1: joaquin612 ($200.54 in chips) 
Seat 2: 50CandyJoe ($120.75 in chips) 
Seat 3: Seavus10 ($118.89 in chips) 
Seat 4: b2k-Snick ($143.60 in chips) 
Seat 5: CashfishT ($100 in chips) 
Seat 6: Calvmcd85 ($43.57 in chips) 
joaquin612: posts small blind $0.50
50CandyJoe: posts big blind $1
*** HOLE CARDS ***
Seavus10: folds 
b2k-Snick: folds 
CashfishT: raises $1.20 to $2.20
Calvmcd85: calls $2.20
joaquin612: folds 
50CandyJoe: folds 
*** FLOP *** [Qc Jh As]
CashfishT: bets $1.40
Calvmcd85: calls $1.40
*** TURN *** [Qc Jh As] [2d]
CashfishT: checks 
Calvmcd85: checks 
*** RIVER *** [Qc Jh As 2d] [9d]
CashfishT: bets $2.06
Calvmcd85: calls $2.06
*** SHOW DOWN ***
CashfishT: shows [Ks Kc] (a pair of Kings)
Calvmcd85: mucks hand 
CashfishT collected $12.18 from pot
*** SUMMARY ***
Total pot $12.82 | Rake $0.64 
Board [Qc Jh As 2d 9d]
Seat 1: joaquin612 (small blind) folded before Flop
Seat 2: 50CandyJoe (big blind) folded before Flop
Seat 3: Seavus10 folded before Flop (didn't bet)
Seat 4: b2k-Snick folded before Flop (didn't bet)
Seat 5: CashfishT showed [Ks Kc] and won ($12.18) with a pair of Kings
Seat 6: Calvmcd85 (button) mucked



PokerStars Hand #254617356789:  Hold'em No Limit ($0.50/$1.00 USD) - 2025/01/30 4:02:33 WET [2025/01/29 23:02:33 ET]
Table 'Roma' 6-max Seat #1 is the button
Seat 1: joaquin612 ($200.04 in chips) 
Seat 2: 50CandyJoe ($119.75 in chips) 
Seat 3: Seavus10 ($118.89 in chips) 
Seat 4: b2k-Snick ($143.60 in chips) 
Seat 5: CashfishT ($106.52 in chips) 
Seat 6: Calvmcd85 ($37.91 in chips) 
50CandyJoe: posts small blind $0.50
Seavus10: posts big blind $1
*** HOLE CARDS ***
b2k-Snick: folds 
CashfishT: folds 
Calvmcd85: folds 
joaquin612: raises $1.50 to $2.50
50CandyJoe: folds 
Seavus10: folds 
Uncalled bet ($1.50) returned to joaquin612
joaquin612 collected $2.50 from pot
joaquin612: doesn't show hand 
*** SUMMARY ***
Total pot $2.50 | Rake $0 
Seat 1: joaquin612 (button) collected ($2.50)
Seat 2: 50CandyJoe (small blind) folded before Flop
Seat 3: Seavus10 (big blind) folded before Flop
Seat 4: b2k-Snick folded before Flop (didn't bet)
Seat 5: CashfishT folded before Flop (didn't bet)
Seat 6: Calvmcd85 folded before Flop (didn't bet)



PokerStars Hand #254617359929:  Hold'em No Limit ($0.50/$1.00 USD) - 2025/01/30 4:03:02 WET [2025/01/29 23:03:02 ET]
Table 'Roma' 6-max Seat #2 is the button
Seat 1: joaquin612 ($201.54 in chips) 
Seat 2: 50CandyJoe ($119.25 in chips) 
Seat 3: Seavus10 ($117.89 in chips) 
Seat 4: b2k-Snick ($143.60 in chips) 
Seat 5: CashfishT ($106.52 in chips) 
Seat 6: Calvmcd85 ($37.91 in chips) 
Seavus10: posts small blind $0.50
b2k-Snick: posts big blind $1
*** HOLE CARDS ***
CashfishT: folds 
Calvmcd85 has timed out
Calvmcd85: folds 
joaquin612: folds 
50CandyJoe: folds 
Seavus10: folds 
Uncalled bet ($0.50) returned to b2k-Snick
b2k-Snick collected $1 from pot
b2k-Snick: doesn't show hand 
*** SUMMARY ***
Total pot $1 | Rake $0 
Seat 1: joaquin612 folded before Flop (didn't bet)
Seat 2: 50CandyJoe (button) folded before Flop (didn't bet)
Seat 3: Seavus10 (small blind) folded before Flop
Seat 4: b2k-Snick (big blind) collected ($1)
Seat 5: CashfishT folded before Flop (didn't bet)
Seat 6: Calvmcd85 folded before Flop (didn't bet)



PokerStars Hand #254617364319:  Hold'em No Limit ($0.50/$1.00 USD) - 2025/01/30 4:03:43 WET [2025/01/29 23:03:43 ET]
Table 'Roma' 6-max Seat #3 is the button
Seat 1: joaquin612 ($201.54 in chips) 
Seat 2: 50CandyJoe ($119.25 in chips) 
Seat 3: Seavus10 ($117.39 in chips) 
Seat 4: b2k-Snick ($144.10 in chips) 
Seat 5: CashfishT ($106.52 in chips) 
Seat 6: Calvmcd85 ($37.91 in chips) 
b2k-Snick: posts small blind $0.50
CashfishT: posts big blind $1
*** HOLE CARDS ***
Calvmcd85: calls $1
joaquin612: folds 
50CandyJoe: folds 
Seavus10: raises $2.50 to $3.50
b2k-Snick: folds 
CashfishT: folds 
Calvmcd85: calls $2.50
*** FLOP *** [5d 4c 7h]
Calvmcd85: checks 
Seavus10: bets $2.69
Calvmcd85: calls $2.69
*** TURN *** [5d 4c 7h] [Tc]
Calvmcd85: checks 
Seavus10: bets $9.39
Calvmcd85: raises $22.33 to $31.72 and is all-in
Seavus10: calls $22.33
*** RIVER *** [5d 4c 7h Tc] [9h]
*** SHOW DOWN ***
Calvmcd85: shows [Ts 8c] (a pair of Tens)
Seavus10: shows [7d 7c] (three of a kind, Sevens)
Seavus10 collected $74.82 from pot
*** SUMMARY ***
Total pot $77.32 | Rake $2.50 
Board [5d 4c 7h Tc 9h]
Seat 1: joaquin612 folded before Flop (didn't bet)
Seat 2: 50CandyJoe folded before Flop (didn't bet)
Seat 3: Seavus10 (button) showed [7d 7c] and won ($74.82) with three of a kind, Sevens
Seat 4: b2k-Snick (small blind) folded before Flop
Seat 5: CashfishT (big blind) folded before Flop
Seat 6: Calvmcd85 showed [Ts 8c] and lost with a pair of Tens



PokerStars Hand #254617371196:  Hold'em No Limit ($0.50/$1.00 USD) - 2025/01/30 4:04:47 WET [2025/01/29 23:04:47 ET]
Table 'Roma' 6-max Seat #4 is the button
Seat 6: Calvmcd85 ($0 in chips) is sitting out
Seat 1: joaquin612 ($201.54 in chips) 
Seat 2: 50CandyJoe ($119.25 in chips) 
Seat 3: Seavus10 ($154.30 in chips) 
Seat 4: b2k-Snick ($143.60 in chips) 
Seat 5: CashfishT ($105.52 in chips) 
CashfishT: posts small blind $0.50
joaquin612: posts big blind $1
*** HOLE CARDS ***
50CandyJoe: folds 
Seavus10: raises $1.20 to $2.20
b2k-Snick: folds 
CashfishT: folds 
joaquin612: folds 
Uncalled bet ($1.20) returned to Seavus10
Seavus10 collected $2.50 from pot
Seavus10: doesn't show hand 
*** SUMMARY ***
Total pot $2.50 | Rake $0 
Seat 6: Calvmcd85
Seat 1: joaquin612 (big blind) folded before Flop
Seat 2: 50CandyJoe folded before Flop (didn't bet)
Seat 3: Seavus10 collected ($2.50)
Seat 4: b2k-Snick (button) folded before Flop (didn't bet)
Seat 5: CashfishT (small blind) folded before Flop



PokerStars Hand #254617373116:  Hold'em No Limit ($0.50/$1.00 USD) - 2025/01/30 4:05:05 WET [2025/01/29 23:05:05 ET]
Table 'Roma' 6-max Seat #5 is the button
Seat 6: Calvmcd85 ($0 in chips) is sitting out
Seat 1: joaquin612 ($200.54 in chips) 
Seat 2: 50CandyJoe ($119.25 in chips) 
Seat 3: Seavus10 ($155.80 in chips) 
Seat 4: b2k-Snick ($143.60 in chips) 
Seat 5: CashfishT ($105.02 in chips) 
joaquin612: posts small blind $0.50
50CandyJoe: posts big blind $1
*** HOLE CARDS ***
Seavus10: folds 
b2k-Snick: folds 
CashfishT: raises $1.20 to $2.20
joaquin612: folds 
50CandyJoe: raises $10.30 to $12.50
CashfishT: calls $10.30
*** FLOP *** [3h 5h 4d]
50CandyJoe: bets $7.99
CashfishT: calls $7.99
*** TURN *** [3h 5h 4d] [6s]
50CandyJoe: checks 
CashfishT: checks 
*** RIVER *** [3h 5h 4d 6s] [2c]
50CandyJoe: checks 
CashfishT: bets $39.41
50CandyJoe: calls $39.41
*** SHOW DOWN ***
CashfishT: shows [Qh Th] (a straight, Deuce to Six)
50CandyJoe: shows [Kc Kh] (a straight, Deuce to Six)
50CandyJoe collected $58.90 from pot
CashfishT collected $58.90 from pot
*** SUMMARY ***
Total pot $120.30 | Rake $2.50 
Board [3h 5h 4d 6s 2c]
Seat 6: Calvmcd85
Seat 1: joaquin612 (small blind) folded before Flop
Seat 2: 50CandyJoe (big blind) showed [Kc Kh] and won ($58.90) with a straight, Deuce to Six
Seat 3: Seavus10 folded before Flop (didn't bet)
Seat 4: b2k-Snick folded before Flop (didn't bet)
Seat 5: CashfishT (button) showed [Qh Th] and won ($58.90) with a straight, Deuce to Six



PokerStars Hand #254617381977:  Hold'em No Limit ($0.50/$1.00 USD) - 2025/01/30 4:06:28 WET [2025/01/29 23:06:28 ET]
Table 'Roma' 6-max Seat #1 is the button
Seat 3: Seavus10 ($155.80 in chips) is sitting out
Seat 1: joaquin612 ($200.04 in chips) 
Seat 2: 50CandyJoe ($118.25 in chips) 
Seat 4: b2k-Snick ($143.60 in chips) 
Seat 5: CashfishT ($104.02 in chips) 
Seat 6: Calvmcd85 ($60.39 in chips) 
50CandyJoe: posts small blind $0.50
Seavus10: is sitting out 
b2k-Snick: posts big blind $1
Calvmcd85: posts small & big blinds $1.50
*** HOLE CARDS ***
CashfishT: folds 
Calvmcd85: checks 
joaquin612: folds 
50CandyJoe: folds 
b2k-Snick: raises $4.50 to $5.50
Calvmcd85: calls $4.50
*** FLOP *** [9d 8d 3c]
b2k-Snick: bets $6.27
Calvmcd85: calls $6.27
*** TURN *** [9d 8d 3c] [Td]
b2k-Snick: bets $12.82
Calvmcd85: raises $35.30 to $48.12 and is all-in
b2k-Snick: calls $35.30
*** RIVER *** [9d 8d 3c Td] [6d]
*** SHOW DOWN ***
b2k-Snick: shows [Kc Ks] (a pair of Kings)
Calvmcd85: shows [3d 5d] (a flush, Ten high)
Calvmcd85 collected $118.28 from pot
*** SUMMARY ***
Total pot $120.78 | Rake $2.50 
Board [9d 8d 3c Td 6d]
Seat 3: Seavus10
Seat 1: joaquin612 (button) folded before Flop (didn't bet)
Seat 2: 50CandyJoe (small blind) folded before Flop
Seat 4: b2k-Snick (big blind) showed [Kc Ks] and lost with a pair of Kings
Seat 5: CashfishT folded before Flop (didn't bet)
Seat 6: Calvmcd85 showed [3d 5d] and won ($118.28) with a flush, Ten high



PokerStars Hand #254617389660:  Hold'em No Limit ($0.50/$1.00 USD) - 2025/01/30 4:07:40 WET [2025/01/29 23:07:40 ET]
Table 'Roma' 6-max Seat #2 is the button
Seat 3: Seavus10 ($155.80 in chips) is sitting out
Seat 1: joaquin612 ($200.04 in chips) 
Seat 2: 50CandyJoe ($117.75 in chips) 
Seat 4: b2k-Snick ($100 in chips) 
Seat 5: CashfishT ($104.02 in chips) 
Seat 6: Calvmcd85 ($118.28 in chips) 
b2k-Snick: posts small blind $0.50
CashfishT: posts big blind $1
*** HOLE CARDS ***
Calvmcd85: folds 
joaquin612: folds 
50CandyJoe: folds 
b2k-Snick: raises $2 to $3
CashfishT: calls $2
*** FLOP *** [6c 8d 6s]
b2k-Snick: checks 
CashfishT: bets $2.85
b2k-Snick: calls $2.85
*** TURN *** [6c 8d 6s] [As]
b2k-Snick: checks 
CashfishT: bets $11.12
b2k-Snick: folds 
Uncalled bet ($11.12) returned to CashfishT
CashfishT collected $11.12 from pot
CashfishT: doesn't show hand 
*** SUMMARY ***
Total pot $11.70 | Rake $0.58 
Board [6c 8d 6s As]
Seat 3: Seavus10
Seat 1: joaquin612 folded before Flop (didn't bet)
Seat 2: 50CandyJoe (button) folded before Flop (didn't bet)
Seat 4: b2k-Snick (small blind) folded on the Turn
Seat 5: CashfishT (big blind) collected ($11.12)
Seat 6: Calvmcd85 folded before Flop (didn't bet)



PokerStars Hand #254617398043:  Hold'em No Limit ($0.50/$1.00 USD) - 2025/01/30 4:08:57 WET [2025/01/29 23:08:57 ET]
Table 'Roma' 6-max Seat #4 is the button
Seat 3: Seavus10 ($155.80 in chips) is sitting out
Seat 1: joaquin612 ($200.04 in chips) 
Seat 2: 50CandyJoe ($117.75 in chips) 
Seat 4: b2k-Snick ($100 in chips) 
Seat 5: CashfishT ($109.29 in chips) 
Seat 6: Calvmcd85 ($118.28 in chips) 
CashfishT: posts small blind $0.50
Calvmcd85: posts big blind $1
Seavus10: sits out 
*** HOLE CARDS ***
joaquin612: folds 
50CandyJoe: raises $1.20 to $2.20
b2k-Snick: folds 
CashfishT: folds 
Calvmcd85: calls $1.20
*** FLOP *** [Ks 4d 7h]
Calvmcd85: bets $2
50CandyJoe: folds 
Uncalled bet ($2) returned to Calvmcd85
Calvmcd85 collected $4.66 from pot
Calvmcd85: doesn't show hand 
*** SUMMARY ***
Total pot $4.90 | Rake $0.24 
Board [Ks 4d 7h]
Seat 3: Seavus10
Seat 1: joaquin612 folded before Flop (didn't bet)
Seat 2: 50CandyJoe folded on the Flop
Seat 4: b2k-Snick (button) folded before Flop (didn't bet)
Seat 5: CashfishT (small blind) folded before Flop
Seat 6: Calvmcd85 (big blind) collected ($4.66)



PokerStars Hand #254617400516:  Hold'em No Limit ($0.50/$1.00 USD) - 2025/01/30 4:09:21 WET [2025/01/29 23:09:21 ET]
Table 'Roma' 6-max Seat #5 is the button
Seat 3: Seavus10 ($155.80 in chips) is sitting out
Seat 1: joaquin612 ($200.04 in chips) 
Seat 2: 50CandyJoe ($115.55 in chips) 
Seat 4: b2k-Snick ($100 in chips) 
Seat 5: CashfishT ($108.79 in chips) 
Seat 6: Calvmcd85 ($120.74 in chips) 
Calvmcd85: posts small blind $0.50
joaquin612: posts big blind $1
Seavus10: sits out 
*** HOLE CARDS ***
50CandyJoe: folds 
b2k-Snick: folds 
CashfishT: raises $1.20 to $2.20
Calvmcd85: calls $1.70
joaquin612: folds 
*** FLOP *** [9h 4h 6c]
Calvmcd85: checks 
CashfishT: bets $1.28
Calvmcd85: calls $1.28
*** TURN *** [9h 4h 6c] [2d]
Calvmcd85: bets $5
CashfishT: calls $5
*** RIVER *** [9h 4h 6c 2d] [Th]
Calvmcd85: bets $12
CashfishT: calls $12
*** SHOW DOWN ***
Calvmcd85: shows [2h Ah] (a flush, Ace high)
CashfishT: mucks hand 
Calvmcd85 collected $39.86 from pot
*** SUMMARY ***
Total pot $41.96 | Rake $2.10 
Board [9h 4h 6c 2d Th]
Seat 3: Seavus10
Seat 1: joaquin612 (big blind) folded before Flop
Seat 2: 50CandyJoe folded before Flop (didn't bet)
Seat 4: b2k-Snick folded before Flop (didn't bet)
Seat 5: CashfishT (button) mucked
Seat 6: Calvmcd85 (small blind) showed [2h Ah] and won ($39.86) with a flush, Ace high



PokerStars Hand #254617408217:  Hold'em No Limit ($0.50/$1.00 USD) - 2025/01/30 4:10:34 WET [2025/01/29 23:10:34 ET]
Table 'Roma' 6-max Seat #6 is the button
Seat 3: Seavus10 ($155.80 in chips) is sitting out
Seat 1: joaquin612 ($199.04 in chips) 
Seat 2: 50CandyJoe ($115.55 in chips) 
Seat 4: b2k-Snick ($100 in chips) 
Seat 5: CashfishT ($100 in chips) 
Seat 6: Calvmcd85 ($140.12 in chips) 
joaquin612: posts small blind $0.50
50CandyJoe: posts big blind $1
Seavus10: sits out 
*** HOLE CARDS ***
b2k-Snick: folds 
CashfishT: folds 
Calvmcd85: calls $1
joaquin612: raises $5 to $6
50CandyJoe: folds 
Calvmcd85: calls $5
*** FLOP *** [Qc 8d Ks]
joaquin612: checks 
Calvmcd85: checks 
*** TURN *** [Qc 8d Ks] [2s]
joaquin612: checks 
Calvmcd85: checks 
*** RIVER *** [Qc 8d Ks 2s] [6d]
joaquin612: checks 
Calvmcd85: checks 
*** SHOW DOWN ***
joaquin612: shows [Ts Tc] (a pair of Tens)
Calvmcd85: mucks hand 
joaquin612 collected $12.35 from pot
*** SUMMARY ***
Total pot $13 | Rake $0.65 
Board [Qc 8d Ks 2s 6d]
Seat 3: Seavus10
Seat 1: joaquin612 (small blind) showed [Ts Tc] and won ($12.35) with a pair of Tens
Seat 2: 50CandyJoe (big blind) folded before Flop
Seat 4: b2k-Snick folded before Flop (didn't bet)
Seat 5: CashfishT folded before Flop (didn't bet)
Seat 6: Calvmcd85 (button) mucked



PokerStars Hand #254617412252:  Hold'em No Limit ($0.50/$1.00 USD) - 2025/01/30 4:11:13 WET [2025/01/29 23:11:13 ET]
Table 'Roma' 6-max Seat #1 is the button
Seat 1: joaquin612 ($205.39 in chips) 
Seat 2: 50CandyJoe ($114.55 in chips) 
Seat 3: Seavus10 ($155.80 in chips) 
Seat 4: b2k-Snick ($100 in chips) 
Seat 5: CashfishT ($100 in chips) 
Seat 6: Calvmcd85 ($134.12 in chips) 
50CandyJoe: posts small blind $0.50
Seavus10: posts big blind $1
*** HOLE CARDS ***
b2k-Snick: folds 
CashfishT: raises $1.20 to $2.20
Calvmcd85: calls $2.20
joaquin612: folds 
50CandyJoe: folds 
Seavus10: folds 
*** FLOP *** [Ah Qh As]
CashfishT: bets $1.40
Calvmcd85: calls $1.40
*** TURN *** [Ah Qh As] [6h]
CashfishT: checks 
Calvmcd85: checks 
*** RIVER *** [Ah Qh As 6h] [8h]
CashfishT: checks 
Calvmcd85: checks 
*** SHOW DOWN ***
CashfishT: shows [2s 2c] (two pair, Aces and Deuces)
Calvmcd85: mucks hand 
CashfishT collected $8.26 from pot
*** SUMMARY ***
Total pot $8.70 | Rake $0.44 
Board [Ah Qh As 6h 8h]
Seat 1: joaquin612 (button) folded before Flop (didn't bet)
Seat 2: 50CandyJoe (small blind) folded before Flop
Seat 3: Seavus10 (big blind) folded before Flop
Seat 4: b2k-Snick folded before Flop (didn't bet)
Seat 5: CashfishT showed [2s 2c] and won ($8.26) with two pair, Aces and Deuces
Seat 6: Calvmcd85 mucked



PokerStars Hand #254617417283:  Hold'em No Limit ($0.50/$1.00 USD) - 2025/01/30 4:12:02 WET [2025/01/29 23:12:02 ET]
Table 'Roma' 6-max Seat #2 is the button
Seat 1: joaquin612 ($205.39 in chips) 
Seat 2: 50CandyJoe ($114.05 in chips) 
Seat 3: Seavus10 ($154.80 in chips) 
Seat 4: b2k-Snick ($100 in chips) 
Seat 5: CashfishT ($104.66 in chips) 
Seat 6: Calvmcd85 ($130.52 in chips) 
Seavus10: posts small blind $0.50
b2k-Snick: posts big blind $1
*** HOLE CARDS ***
CashfishT: folds 
Calvmcd85: folds 
joaquin612: raises $1.50 to $2.50
50CandyJoe: folds 
Seavus10: folds 
b2k-Snick: raises $10.50 to $13
joaquin612: folds 
Uncalled bet ($10.50) returned to b2k-Snick
b2k-Snick collected $5.50 from pot
b2k-Snick: doesn't show hand 
*** SUMMARY ***
Total pot $5.50 | Rake $0 
Seat 1: joaquin612 folded before Flop
Seat 2: 50CandyJoe (button) folded before Flop (didn't bet)
Seat 3: Seavus10 (small blind) folded before Flop
Seat 4: b2k-Snick (big blind) collected ($5.50)
Seat 5: CashfishT folded before Flop (didn't bet)
Seat 6: Calvmcd85 folded before Flop (didn't bet)



PokerStars Hand #254617420951:  Hold'em No Limit ($0.50/$1.00 USD) - 2025/01/30 4:12:38 WET [2025/01/29 23:12:38 ET]
Table 'Roma' 6-max Seat #3 is the button
Seat 1: joaquin612 ($202.89 in chips) 
Seat 2: 50CandyJoe ($114.05 in chips) 
Seat 3: Seavus10 ($154.30 in chips) 
Seat 4: b2k-Snick ($103 in chips) 
Seat 5: CashfishT ($104.66 in chips) 
Seat 6: Calvmcd85 ($130.52 in chips) 
b2k-Snick: posts small blind $0.50
CashfishT: posts big blind $1
*** HOLE CARDS ***
Calvmcd85: folds 
joaquin612: folds 
50CandyJoe: folds 
Seavus10: folds 
b2k-Snick: raises $2 to $3
CashfishT: calls $2
*** FLOP *** [9h 3h 7c]
b2k-Snick: checks 
CashfishT: bets $1.88
b2k-Snick: calls $1.88
*** TURN *** [9h 3h 7c] [Qs]
b2k-Snick: checks 
CashfishT: bets $6.95
b2k-Snick: calls $6.95
*** RIVER *** [9h 3h 7c Qs] [8s]
b2k-Snick: checks 
CashfishT: checks 
*** SHOW DOWN ***
b2k-Snick: shows [As 3c] (a pair of Threes)
CashfishT: shows [4h Qh] (a pair of Queens)
CashfishT collected $22.48 from pot
*** SUMMARY ***
Total pot $23.66 | Rake $1.18 
Board [9h 3h 7c Qs 8s]
Seat 1: joaquin612 folded before Flop (didn't bet)
Seat 2: 50CandyJoe folded before Flop (didn't bet)
Seat 3: Seavus10 (button) folded before Flop (didn't bet)
Seat 4: b2k-Snick (small blind) showed [As 3c] and lost with a pair of Threes
Seat 5: CashfishT (big blind) showed [4h Qh] and won ($22.48) with a pair of Queens
Seat 6: Calvmcd85 folded before Flop (didn't bet)



PokerStars Hand #254617427828:  Hold'em No Limit ($0.50/$1.00 USD) - 2025/01/30 4:13:44 WET [2025/01/29 23:13:44 ET]
Table 'Roma' 6-max Seat #4 is the button
Seat 1: joaquin612 ($202.89 in chips) 
Seat 2: 50CandyJoe ($114.05 in chips) 
Seat 3: Seavus10 ($154.30 in chips) 
Seat 4: b2k-Snick ($100 in chips) 
Seat 5: CashfishT ($115.31 in chips) 
Seat 6: Calvmcd85 ($130.52 in chips) 
CashfishT: posts small blind $0.50
Calvmcd85: posts big blind $1
*** HOLE CARDS ***
joaquin612: folds 
50CandyJoe: folds 
Seavus10: folds 
b2k-Snick: raises $2 to $3
CashfishT: raises $8 to $11
Calvmcd85: folds 
b2k-Snick: calls $8
*** FLOP *** [Tc 5h 7s]
CashfishT: bets $10.93
b2k-Snick: folds 
Uncalled bet ($10.93) returned to CashfishT
CashfishT collected $21.85 from pot
CashfishT: doesn't show hand 
*** SUMMARY ***
Total pot $23 | Rake $1.15 
Board [Tc 5h 7s]
Seat 1: joaquin612 folded before Flop (didn't bet)
Seat 2: 50CandyJoe folded before Flop (didn't bet)
Seat 3: Seavus10 folded before Flop (didn't bet)
Seat 4: b2k-Snick (button) folded on the Flop
Seat 5: CashfishT (small blind) collected ($21.85)
Seat 6: Calvmcd85 (big blind) folded before Flop



PokerStars Hand #254617432911:  Hold'em No Limit ($0.50/$1.00 USD) - 2025/01/30 4:14:34 WET [2025/01/29 23:14:34 ET]
Table 'Roma' 6-max Seat #5 is the button
Seat 1: joaquin612 ($202.89 in chips) 
Seat 2: 50CandyJoe ($114.05 in chips) 
Seat 3: Seavus10 ($154.30 in chips) 
Seat 4: b2k-Snick ($100 in chips) 
Seat 5: CashfishT ($126.16 in chips) 
Seat 6: Calvmcd85 ($129.52 in chips) 
Calvmcd85: posts small blind $0.50
joaquin612: posts big blind $1
*** HOLE CARDS ***
50CandyJoe: folds 
Seavus10: folds 
b2k-Snick: folds 
CashfishT: folds 
Calvmcd85: calls $0.50
joaquin612: checks 
*** FLOP *** [3d 3s 9d]
Calvmcd85: checks 
joaquin612: bets $1.05
Calvmcd85: calls $1.05
*** TURN *** [3d 3s 9d] [Jh]
Calvmcd85: bets $4
joaquin612: folds 
Uncalled bet ($4) returned to Calvmcd85
Calvmcd85 collected $3.90 from pot
Calvmcd85: doesn't show hand 
*** SUMMARY ***
Total pot $4.10 | Rake $0.20 
Board [3d 3s 9d Jh]
Seat 1: joaquin612 (big blind) folded on the Turn
Seat 2: 50CandyJoe folded before Flop (didn't bet)
Seat 3: Seavus10 folded before Flop (didn't bet)
Seat 4: b2k-Snick folded before Flop (didn't bet)
Seat 5: CashfishT (button) folded before Flop (didn't bet)
Seat 6: Calvmcd85 (small blind) collected ($3.90)



PokerStars Hand #254617438050:  Hold'em No Limit ($0.50/$1.00 USD) - 2025/01/30 4:15:23 WET [2025/01/29 23:15:23 ET]
Table 'Roma' 6-max Seat #6 is the button
Seat 1: joaquin612 ($200.84 in chips) 
Seat 2: 50CandyJoe ($114.05 in chips) 
Seat 3: Seavus10 ($154.30 in chips) 
Seat 4: b2k-Snick ($100 in chips) 
Seat 5: CashfishT ($126.16 in chips) 
Seat 6: Calvmcd85 ($131.37 in chips) 
joaquin612: posts small blind $0.50
50CandyJoe: posts big blind $1
*** HOLE CARDS ***
Seavus10: folds 
b2k-Snick: raises $1.50 to $2.50
CashfishT: folds 
Calvmcd85: folds 
joaquin612: raises $8.50 to $11
50CandyJoe: folds 
b2k-Snick: folds 
Uncalled bet ($8.50) returned to joaquin612
joaquin612 collected $6 from pot
joaquin612: doesn't show hand 
*** SUMMARY ***
Total pot $6 | Rake $0 
Seat 1: joaquin612 (small blind) collected ($6)
Seat 2: 50CandyJoe (big blind) folded before Flop
Seat 3: Seavus10 folded before Flop (didn't bet)
Seat 4: b2k-Snick folded before Flop
Seat 5: CashfishT folded before Flop (didn't bet)
Seat 6: Calvmcd85 (button) folded before Flop (didn't bet)



PokerStars Hand #254617441548:  Hold'em No Limit ($0.50/$1.00 USD) - 2025/01/30 4:15:58 WET [2025/01/29 23:15:58 ET]
Table 'Roma' 6-max Seat #1 is the button
Seat 1: joaquin612 ($204.34 in chips) 
Seat 2: 50CandyJoe ($113.05 in chips) 
Seat 3: Seavus10 ($154.30 in chips) 
Seat 4: b2k-Snick ($100 in chips) 
Seat 5: CashfishT ($126.16 in chips) 
Seat 6: Calvmcd85 ($131.37 in chips) 
50CandyJoe: posts small blind $0.50
Seavus10: posts big blind $1
*** HOLE CARDS ***
b2k-Snick: folds 
CashfishT: folds 
Calvmcd85: raises $2 to $3
joaquin612: folds 
50CandyJoe: folds 
Seavus10: folds 
Uncalled bet ($2) returned to Calvmcd85
Calvmcd85 collected $2.50 from pot
Calvmcd85: doesn't show hand 
*** SUMMARY ***
Total pot $2.50 | Rake $0 
Seat 1: joaquin612 (button) folded before Flop (didn't bet)
Seat 2: 50CandyJoe (small blind) folded before Flop
Seat 3: Seavus10 (big blind) folded before Flop
Seat 4: b2k-Snick folded before Flop (didn't bet)
Seat 5: CashfishT folded before Flop (didn't bet)
Seat 6: Calvmcd85 collected ($2.50)



PokerStars Hand #254617443885:  Hold'em No Limit ($0.50/$1.00 USD) - 2025/01/30 4:16:21 WET [2025/01/29 23:16:21 ET]
Table 'Roma' 6-max Seat #2 is the button
Seat 1: joaquin612 ($204.34 in chips) 
Seat 2: 50CandyJoe ($112.55 in chips) 
Seat 3: Seavus10 ($153.30 in chips) 
Seat 4: b2k-Snick ($100 in chips) 
Seat 5: CashfishT ($126.16 in chips) 
Seat 6: Calvmcd85 ($132.87 in chips) 
Seavus10: posts small blind $0.50
b2k-Snick: posts big blind $1
*** HOLE CARDS ***
CashfishT: folds 
Calvmcd85: folds 
joaquin612: folds 
50CandyJoe: raises $1.50 to $2.50
Seavus10: folds 
b2k-Snick: folds 
Uncalled bet ($1.50) returned to 50CandyJoe
50CandyJoe collected $2.50 from pot
50CandyJoe: doesn't show hand 
*** SUMMARY ***
Total pot $2.50 | Rake $0 
Seat 1: joaquin612 folded before Flop (didn't bet)
Seat 2: 50CandyJoe (button) collected ($2.50)
Seat 3: Seavus10 (small blind) folded before Flop
Seat 4: b2k-Snick (big blind) folded before Flop
Seat 5: CashfishT folded before Flop (didn't bet)
Seat 6: Calvmcd85 folded before Flop (didn't bet)



PokerStars Hand #254617445627:  Hold'em No Limit ($0.50/$1.00 USD) - 2025/01/30 4:16:38 WET [2025/01/29 23:16:38 ET]
Table 'Roma' 6-max Seat #3 is the button
Seat 1: joaquin612 ($204.34 in chips) 
Seat 2: 50CandyJoe ($114.05 in chips) 
Seat 3: Seavus10 ($152.80 in chips) 
Seat 4: b2k-Snick ($100 in chips) 
Seat 5: CashfishT ($126.16 in chips) 
Seat 6: Calvmcd85 ($132.87 in chips) 
b2k-Snick: posts small blind $0.50
CashfishT: posts big blind $1
*** HOLE CARDS ***
Calvmcd85: folds 
joaquin612: folds 
50CandyJoe: folds 
Seavus10: raises $1.50 to $2.50
b2k-Snick: folds 
CashfishT: calls $1.50
*** FLOP *** [9s 8h 4d]
CashfishT: checks 
Seavus10: bets $1.74
CashfishT: calls $1.74
*** TURN *** [9s 8h 4d] [2d]
CashfishT: checks 
Seavus10: checks 
*** RIVER *** [9s 8h 4d 2d] [7s]
CashfishT: bets $16
Seavus10: folds 
Uncalled bet ($16) returned to CashfishT
CashfishT collected $8.53 from pot
CashfishT: doesn't show hand 
*** SUMMARY ***
Total pot $8.98 | Rake $0.45 
Board [9s 8h 4d 2d 7s]
Seat 1: joaquin612 folded before Flop (didn't bet)
Seat 2: 50CandyJoe folded before Flop (didn't bet)
Seat 3: Seavus10 (button) folded on the River
Seat 4: b2k-Snick (small blind) folded before Flop
Seat 5: CashfishT (big blind) collected ($8.53)
Seat 6: Calvmcd85 folded before Flop (didn't bet)



PokerStars Hand #254617455282:  Hold'em No Limit ($0.50/$1.00 USD) - 2025/01/30 4:18:14 WET [2025/01/29 23:18:14 ET]
Table 'Roma' 6-max Seat #4 is the button
Seat 1: joaquin612 ($204.34 in chips) is sitting out
Seat 2: 50CandyJoe ($114.05 in chips) 
Seat 3: Seavus10 ($148.56 in chips) 
Seat 4: b2k-Snick ($100 in chips) 
Seat 5: CashfishT ($130.45 in chips) 
Seat 6: Calvmcd85 ($132.87 in chips) 
CashfishT: posts small blind $0.50
Calvmcd85: posts big blind $1
*** HOLE CARDS ***
50CandyJoe: raises $1.20 to $2.20
Seavus10: raises $5.50 to $7.70
b2k-Snick: folds 
CashfishT: folds 
Calvmcd85: folds 
50CandyJoe: folds 
Uncalled bet ($5.50) returned to Seavus10
Seavus10 collected $5.90 from pot
Seavus10: doesn't show hand 
*** SUMMARY ***
Total pot $5.90 | Rake $0 
Seat 1: joaquin612
Seat 2: 50CandyJoe folded before Flop
Seat 3: Seavus10 collected ($5.90)
Seat 4: b2k-Snick (button) folded before Flop (didn't bet)
Seat 5: CashfishT (small blind) folded before Flop
Seat 6: Calvmcd85 (big blind) folded before Flop



PokerStars Hand #254617457496:  Hold'em No Limit ($0.50/$1.00 USD) - 2025/01/30 4:18:36 WET [2025/01/29 23:18:36 ET]
Table 'Roma' 6-max Seat #5 is the button
Seat 1: joaquin612 ($204.34 in chips) is sitting out
Seat 2: 50CandyJoe ($111.85 in chips) 
Seat 3: Seavus10 ($152.26 in chips) 
Seat 4: b2k-Snick ($100 in chips) 
Seat 5: CashfishT ($129.95 in chips) 
Seat 6: Calvmcd85 ($131.87 in chips) 
Calvmcd85: posts small blind $0.50
50CandyJoe: posts big blind $1
*** HOLE CARDS ***
Seavus10: folds 
b2k-Snick: folds 
CashfishT: folds 
Calvmcd85: calls $0.50
50CandyJoe: checks 
*** FLOP *** [9h Kc Ah]
Calvmcd85: bets $3
50CandyJoe: folds 
Uncalled bet ($3) returned to Calvmcd85
Calvmcd85 collected $1.90 from pot
Calvmcd85: doesn't show hand 
*** SUMMARY ***
Total pot $2 | Rake $0.10 
Board [9h Kc Ah]
Seat 1: joaquin612
Seat 2: 50CandyJoe (big blind) folded on the Flop
Seat 3: Seavus10 folded before Flop (didn't bet)
Seat 4: b2k-Snick folded before Flop (didn't bet)
Seat 5: CashfishT (button) folded before Flop (didn't bet)
Seat 6: Calvmcd85 (small blind) collected ($1.90)



PokerStars Hand #254617460118:  Hold'em No Limit ($0.50/$1.00 USD) - 2025/01/30 4:19:02 WET [2025/01/29 23:19:02 ET]
Table 'Roma' 6-max Seat #6 is the button
Seat 1: joaquin612 ($204.34 in chips) is sitting out
Seat 2: 50CandyJoe ($110.85 in chips) 
Seat 3: Seavus10 ($152.26 in chips) 
Seat 4: b2k-Snick ($100 in chips) 
Seat 5: CashfishT ($129.95 in chips) 
Seat 6: Calvmcd85 ($132.77 in chips) 
50CandyJoe: posts small blind $0.50
Seavus10: posts big blind $1
*** HOLE CARDS ***
b2k-Snick: folds 
CashfishT: folds 
Calvmcd85: calls $1
50CandyJoe: folds 
Seavus10: checks 
*** FLOP *** [Ts 6d 8d]
Seavus10: checks 
Calvmcd85: checks 
*** TURN *** [Ts 6d 8d] [Qh]
Seavus10: checks 
Calvmcd85: checks 
*** RIVER *** [Ts 6d 8d Qh] [4s]
Seavus10: checks 
Calvmcd85: bets $4
Seavus10: folds 
Uncalled bet ($4) returned to Calvmcd85
Calvmcd85 collected $2.38 from pot
Calvmcd85: doesn't show hand 
*** SUMMARY ***
Total pot $2.50 | Rake $0.12 
Board [Ts 6d 8d Qh 4s]
Seat 1: joaquin612
Seat 2: 50CandyJoe (small blind) folded before Flop
Seat 3: Seavus10 (big blind) folded on the River
Seat 4: b2k-Snick folded before Flop (didn't bet)
Seat 5: CashfishT folded before Flop (didn't bet)
Seat 6: Calvmcd85 (button) collected ($2.38)



PokerStars Hand #254617464441:  Hold'em No Limit ($0.50/$1.00 USD) - 2025/01/30 4:19:44 WET [2025/01/29 23:19:44 ET]
Table 'Roma' 6-max Seat #2 is the button
Seat 1: joaquin612 ($204.34 in chips) is sitting out
Seat 2: 50CandyJoe ($110.35 in chips) 
Seat 3: Seavus10 ($151.26 in chips) 
Seat 4: b2k-Snick ($100 in chips) 
Seat 5: CashfishT ($129.95 in chips) 
Seat 6: Calvmcd85 ($134.15 in chips) 
Seavus10: posts small blind $0.50
b2k-Snick: posts big blind $1
*** HOLE CARDS ***
CashfishT: folds 
Calvmcd85: calls $1
50CandyJoe: raises $2.50 to $3.50
Seavus10: folds 
b2k-Snick: calls $2.50
Calvmcd85: calls $2.50
*** FLOP *** [5d 5c 7s]
b2k-Snick: checks 
Calvmcd85: bets $3
50CandyJoe: folds 
b2k-Snick: folds 
Uncalled bet ($3) returned to Calvmcd85
Calvmcd85 collected $10.45 from pot
Calvmcd85: doesn't show hand 
*** SUMMARY ***
Total pot $11 | Rake $0.55 
Board [5d 5c 7s]
Seat 1: joaquin612
Seat 2: 50CandyJoe (button) folded on the Flop
Seat 3: Seavus10 (small blind) folded before Flop
Seat 4: b2k-Snick (big blind) folded on the Flop
Seat 5: CashfishT folded before Flop (didn't bet)
Seat 6: Calvmcd85 collected ($10.45)



PokerStars Hand #254617470143:  Hold'em No Limit ($0.50/$1.00 USD) - 2025/01/30 4:20:39 WET [2025/01/29 23:20:39 ET]
Table 'Roma' 6-max Seat #3 is the button
Seat 1: joaquin612 ($204.34 in chips) is sitting out
Seat 2: 50CandyJoe ($106.85 in chips) 
Seat 3: Seavus10 ($150.76 in chips) 
Seat 4: b2k-Snick ($96.50 in chips) 
Seat 5: CashfishT ($129.95 in chips) 
Seat 6: Calvmcd85 ($141.10 in chips) 
b2k-Snick: posts small blind $0.50
CashfishT: posts big blind $1
*** HOLE CARDS ***
Calvmcd85: calls $1
50CandyJoe: folds 
Seavus10: folds 
b2k-Snick: folds 
CashfishT: checks 
*** FLOP *** [Qd 2c 2s]
CashfishT: checks 
Calvmcd85: checks 
*** TURN *** [Qd 2c 2s] [5h]
CashfishT: checks 
Calvmcd85: checks 
*** RIVER *** [Qd 2c 2s 5h] [Ah]
CashfishT: bets $10
Calvmcd85: calls $10
*** SHOW DOWN ***
CashfishT: shows [3s 4h] (a straight, Ace to Five)
Calvmcd85: shows [Qs Qc] (a full house, Queens full of Deuces)
Calvmcd85 collected $21.38 from pot
*** SUMMARY ***
Total pot $22.50 | Rake $1.12 
Board [Qd 2c 2s 5h Ah]
Seat 1: joaquin612
Seat 2: 50CandyJoe folded before Flop (didn't bet)
Seat 3: Seavus10 (button) folded before Flop (didn't bet)
Seat 4: b2k-Snick (small blind) folded before Flop
Seat 5: CashfishT (big blind) showed [3s 4h] and lost with a straight, Ace to Five
Seat 6: Calvmcd85 showed [Qs Qc] and won ($21.38) with a full house, Queens full of Deuces



PokerStars Hand #254617476450:  Hold'em No Limit ($0.50/$1.00 USD) - 2025/01/30 4:21:41 WET [2025/01/29 23:21:41 ET]
Table 'Roma' 6-max Seat #4 is the button
Seat 1: joaquin612 ($204.34 in chips) is sitting out
Seat 2: 50CandyJoe ($106.85 in chips) 
Seat 3: Seavus10 ($150.76 in chips) 
Seat 4: b2k-Snick ($96 in chips) 
Seat 5: CashfishT ($118.95 in chips) 
Seat 6: Calvmcd85 ($151.48 in chips) 
CashfishT: posts small blind $0.50
Calvmcd85: posts big blind $1
*** HOLE CARDS ***
50CandyJoe: folds 
Seavus10: raises $1.20 to $2.20
b2k-Snick: folds 
CashfishT: folds 
Calvmcd85: calls $1.20
*** FLOP *** [7s Kh Ad]
Calvmcd85: checks 
Seavus10: bets $1.55
Calvmcd85: calls $1.55
*** TURN *** [7s Kh Ad] [4h]
Calvmcd85: bets $5
Seavus10: calls $5
*** RIVER *** [7s Kh Ad 4h] [9h]
Calvmcd85: checks 
Seavus10: bets $12.83
Calvmcd85: calls $12.83
*** SHOW DOWN ***
Seavus10: shows [9s Ah] (two pair, Aces and Nines)
Calvmcd85: mucks hand 
Seavus10 collected $41.48 from pot
*** SUMMARY ***
Total pot $43.66 | Rake $2.18 
Board [7s Kh Ad 4h 9h]
Seat 1: joaquin612
Seat 2: 50CandyJoe folded before Flop (didn't bet)
Seat 3: Seavus10 showed [9s Ah] and won ($41.48) with two pair, Aces and Nines
Seat 4: b2k-Snick (button) folded before Flop (didn't bet)
Seat 5: CashfishT (small blind) folded before Flop
Seat 6: Calvmcd85 (big blind) mucked



PokerStars Hand #254617484601:  Hold'em No Limit ($0.50/$1.00 USD) - 2025/01/30 4:23:00 WET [2025/01/29 23:23:00 ET]
Table 'Roma' 6-max Seat #5 is the button
Seat 1: joaquin612 ($204.34 in chips) is sitting out
Seat 2: 50CandyJoe ($106.85 in chips) 
Seat 3: Seavus10 ($170.66 in chips) 
Seat 4: b2k-Snick ($96 in chips) 
Seat 5: CashfishT ($118.45 in chips) 
Seat 6: Calvmcd85 ($129.90 in chips) 
Calvmcd85: posts small blind $0.50
50CandyJoe: posts big blind $1
*** HOLE CARDS ***
Seavus10: folds 
b2k-Snick: folds 
CashfishT: folds 
Calvmcd85: calls $0.50
50CandyJoe: checks 
*** FLOP *** [9d 4c 8d]
Calvmcd85: checks 
50CandyJoe: checks 
*** TURN *** [9d 4c 8d] [Jc]
Calvmcd85: bets $3
50CandyJoe: folds 
Uncalled bet ($3) returned to Calvmcd85
Calvmcd85 collected $1.90 from pot
Calvmcd85: doesn't show hand 
*** SUMMARY ***
Total pot $2 | Rake $0.10 
Board [9d 4c 8d Jc]
Seat 1: joaquin612
Seat 2: 50CandyJoe (big blind) folded on the Turn
Seat 3: Seavus10 folded before Flop (didn't bet)
Seat 4: b2k-Snick folded before Flop (didn't bet)
Seat 5: CashfishT (button) folded before Flop (didn't bet)
Seat 6: Calvmcd85 (small blind) collected ($1.90)



PokerStars Hand #254617488710:  Hold'em No Limit ($0.50/$1.00 USD) - 2025/01/30 4:23:40 WET [2025/01/29 23:23:40 ET]
Table 'Roma' 6-max Seat #6 is the button
Seat 1: joaquin612 ($204.34 in chips) is sitting out
Seat 2: 50CandyJoe ($105.85 in chips) 
Seat 3: Seavus10 ($170.66 in chips) 
Seat 4: b2k-Snick ($96 in chips) 
Seat 5: CashfishT ($118.45 in chips) 
Seat 6: Calvmcd85 ($130.80 in chips) 
50CandyJoe: posts small blind $0.50
Seavus10: posts big blind $1
*** HOLE CARDS ***
b2k-Snick: folds 
CashfishT: folds 
Calvmcd85: calls $1
50CandyJoe: calls $0.50
Seavus10: checks 
*** FLOP *** [5d As 3h]
50CandyJoe: checks 
Seavus10: checks 
Calvmcd85: checks 
*** TURN *** [5d As 3h] [2d]
50CandyJoe: checks 
Seavus10: checks 
Calvmcd85: bets $4
50CandyJoe: raises $12 to $16
Seavus10: folds 
Calvmcd85: folds 
Uncalled bet ($12) returned to 50CandyJoe
50CandyJoe collected $10.45 from pot
50CandyJoe: doesn't show hand 
*** SUMMARY ***
Total pot $11 | Rake $0.55 
Board [5d As 3h 2d]
Seat 1: joaquin612
Seat 2: 50CandyJoe (small blind) collected ($10.45)
Seat 3: Seavus10 (big blind) folded on the Turn
Seat 4: b2k-Snick folded before Flop (didn't bet)
Seat 5: CashfishT folded before Flop (didn't bet)
Seat 6: Calvmcd85 (button) folded on the Turn



PokerStars Hand #254617495420:  Hold'em No Limit ($0.50/$1.00 USD) - 2025/01/30 4:24:45 WET [2025/01/29 23:24:45 ET]
Table 'Roma' 6-max Seat #2 is the button
Seat 1: joaquin612 ($204.34 in chips) is sitting out
Seat 2: 50CandyJoe ($111.30 in chips) 
Seat 3: Seavus10 ($169.66 in chips) 
Seat 4: b2k-Snick ($100 in chips) 
Seat 5: CashfishT ($118.45 in chips) 
Seat 6: Calvmcd85 ($125.80 in chips) 
Seavus10: posts small blind $0.50
b2k-Snick: posts big blind $1
*** HOLE CARDS ***
CashfishT: raises $1.20 to $2.20
Calvmcd85: calls $2.20
50CandyJoe: folds 
Seavus10: folds 
b2k-Snick: folds 
*** FLOP *** [8s Js Jd]
CashfishT: bets $1.85
Calvmcd85: folds 
Uncalled bet ($1.85) returned to CashfishT
CashfishT collected $5.60 from pot
CashfishT: doesn't show hand 
*** SUMMARY ***
Total pot $5.90 | Rake $0.30 
Board [8s Js Jd]
Seat 1: joaquin612
Seat 2: 50CandyJoe (button) folded before Flop (didn't bet)
Seat 3: Seavus10 (small blind) folded before Flop
Seat 4: b2k-Snick (big blind) folded before Flop
Seat 5: CashfishT collected ($5.60)
Seat 6: Calvmcd85 folded on the Flop



