PokerStars Hand #254618395001:  Hold'em No Limit ($0.50/$1.00 USD) - 2025/01/30 7:35:03 WET [2025/01/30 2:35:03 ET]
Table 'Rigel' 6-max Seat #5 is the button
Seat 2: himqa ($100 in chips) is sitting out
Seat 3: Pon4uk.ua ($100 in chips) is sitting out
Seat 1: 3EPH ($100 in chips) 
Seat 4: gudinho0710 ($121.56 in chips) 
Seat 5: ptolejmus ($10 in chips) 
Seat 6: Tzaf23 ($109 in chips) 
Tzaf23: posts small blind $0.50
3EPH: posts big blind $1
himqa: sits out 
Pon4uk.ua: sits out 
*** HOLE CARDS ***
gudinho0710: raises $4 to $5
ptolejmus: folds 
Tzaf23: folds 
3EPH: folds 
Uncalled bet ($4) returned to gudinho0710
gudinho0710 collected $2.50 from pot
*** SUMMARY ***
Total pot $2.50 | Rake $0 
Seat 2: himqa
Seat 3: Pon4uk.ua
Seat 1: 3EPH (big blind) folded before Flop
Seat 4: gudinho0710 collected ($2.50)
Seat 5: ptolejmus (button) folded before Flop (didn't bet)
Seat 6: Tzaf23 (small blind) folded before Flop



PokerStars Hand #254618396052:  Hold'em No Limit ($0.50/$1.00 USD) - 2025/01/30 7:35:18 WET [2025/01/30 2:35:18 ET]
Table 'Rigel' 6-max Seat #6 is the button
Seat 3: Pon4uk.ua ($100 in chips) is sitting out
Seat 1: 3EPH ($100 in chips) 
Seat 2: himqa ($100 in chips) 
Seat 4: gudinho0710 ($123.06 in chips) 
Seat 5: ptolejmus ($10 in chips) 
Seat 6: Tzaf23 ($108.50 in chips) 
3EPH: posts small blind $0.50
himqa: posts big blind $1
Pon4uk.ua: sits out 
*** HOLE CARDS ***
gudinho0710: raises $1 to $2
ptolejmus: folds 
Tzaf23: folds 
3EPH: folds 
himqa: folds 
Uncalled bet ($1) returned to gudinho0710
gudinho0710 collected $2.50 from pot
*** SUMMARY ***
Total pot $2.50 | Rake $0 
Seat 3: Pon4uk.ua
Seat 1: 3EPH (small blind) folded before Flop
Seat 2: himqa (big blind) folded before Flop
Seat 4: gudinho0710 collected ($2.50)
Seat 5: ptolejmus folded before Flop (didn't bet)
Seat 6: Tzaf23 (button) folded before Flop (didn't bet)



PokerStars Hand #254618396865:  Hold'em No Limit ($0.50/$1.00 USD) - 2025/01/30 7:35:29 WET [2025/01/30 2:35:29 ET]
Table 'Rigel' 6-max Seat #1 is the button
Seat 1: 3EPH ($100 in chips) 
Seat 2: himqa ($100 in chips) 
Seat 3: Pon4uk.ua ($100 in chips) 
Seat 4: gudinho0710 ($124.56 in chips) 
Seat 5: ptolejmus ($10 in chips) 
Seat 6: Tzaf23 ($108.50 in chips) 
himqa: posts small blind $0.50
Pon4uk.ua: posts big blind $1
*** HOLE CARDS ***
gudinho0710: calls $1
ptolejmus: raises $9 to $10 and is all-in
Tzaf23: calls $10
3EPH: folds 
himqa: folds 
Pon4uk.ua: folds 
gudinho0710: calls $9
*** FLOP *** [7c 8c 3s]
gudinho0710: bets $14
Tzaf23: calls $14
*** TURN *** [7c 8c 3s] [3h]
gudinho0710: bets $57
Tzaf23: folds 
Uncalled bet ($57) returned to gudinho0710
*** RIVER *** [7c 8c 3s 3h] [5s]
*** SHOW DOWN ***
gudinho0710: shows [Qd 8s] (two pair, Eights and Threes)
gudinho0710 collected $27.08 from side pot
ptolejmus: shows [Jc Js] (two pair, Jacks and Threes)
ptolejmus collected $29.92 from main pot
*** SUMMARY ***
Total pot $59.50 Main pot $29.92. Side pot $27.08. | Rake $2.50 
Board [7c 8c 3s 3h 5s]
Seat 1: 3EPH (button) folded before Flop (didn't bet)
Seat 2: himqa (small blind) folded before Flop
Seat 3: Pon4uk.ua (big blind) folded before Flop
Seat 4: gudinho0710 showed [Qd 8s] and won ($27.08) with two pair, Eights and Threes
Seat 5: ptolejmus showed [Jc Js] and won ($29.92) with two pair, Jacks and Threes
Seat 6: Tzaf23 folded on the Turn



PokerStars Hand #254618400359:  Hold'em No Limit ($0.50/$1.00 USD) - 2025/01/30 7:36:19 WET [2025/01/30 2:36:19 ET]
Table 'Rigel' 6-max Seat #2 is the button
Seat 1: 3EPH ($100 in chips) 
Seat 2: himqa ($100 in chips) 
Seat 3: Pon4uk.ua ($100 in chips) 
Seat 4: gudinho0710 ($127.64 in chips) 
Seat 5: ptolejmus ($29.92 in chips) 
Seat 6: Tzaf23 ($84.50 in chips) 
Pon4uk.ua: posts small blind $0.50
gudinho0710: posts big blind $1
*** HOLE CARDS ***
ptolejmus: folds 
Tzaf23: folds 
3EPH: raises $1.50 to $2.50
himqa: raises $5 to $7.50
Pon4uk.ua: folds 
gudinho0710: folds 
3EPH: raises $12.50 to $20
himqa: folds 
Uncalled bet ($12.50) returned to 3EPH
3EPH collected $16.50 from pot
3EPH: doesn't show hand 
*** SUMMARY ***
Total pot $16.50 | Rake $0 
Seat 1: 3EPH collected ($16.50)
Seat 2: himqa (button) folded before Flop
Seat 3: Pon4uk.ua (small blind) folded before Flop
Seat 4: gudinho0710 (big blind) folded before Flop
Seat 5: ptolejmus folded before Flop (didn't bet)
Seat 6: Tzaf23 folded before Flop (didn't bet)



PokerStars Hand #254618403022:  Hold'em No Limit ($0.50/$1.00 USD) - 2025/01/30 7:36:57 WET [2025/01/30 2:36:57 ET]
Table 'Rigel' 6-max Seat #3 is the button
Seat 1: 3EPH ($109 in chips) 
Seat 2: himqa ($100 in chips) 
Seat 3: Pon4uk.ua ($100 in chips) 
Seat 4: gudinho0710 ($126.64 in chips) 
Seat 5: ptolejmus ($29.92 in chips) 
Seat 6: Tzaf23 ($84.50 in chips) 
gudinho0710: posts small blind $0.50
ptolejmus: posts big blind $1
*** HOLE CARDS ***
Tzaf23: folds 
3EPH: folds 
himqa: folds 
Pon4uk.ua: raises $1.50 to $2.50
gudinho0710: folds 
ptolejmus: folds 
Uncalled bet ($1.50) returned to Pon4uk.ua
Pon4uk.ua collected $2.50 from pot
Pon4uk.ua: doesn't show hand 
*** SUMMARY ***
Total pot $2.50 | Rake $0 
Seat 1: 3EPH folded before Flop (didn't bet)
Seat 2: himqa folded before Flop (didn't bet)
Seat 3: Pon4uk.ua (button) collected ($2.50)
Seat 4: gudinho0710 (small blind) folded before Flop
Seat 5: ptolejmus (big blind) folded before Flop
Seat 6: Tzaf23 folded before Flop (didn't bet)



PokerStars Hand #254618404946:  Hold'em No Limit ($0.50/$1.00 USD) - 2025/01/30 7:37:24 WET [2025/01/30 2:37:24 ET]
Table 'Rigel' 6-max Seat #4 is the button
Seat 1: 3EPH ($109 in chips) 
Seat 2: himqa ($100 in chips) 
Seat 3: Pon4uk.ua ($101.50 in chips) 
Seat 4: gudinho0710 ($126.14 in chips) 
Seat 5: ptolejmus ($28.92 in chips) 
Seat 6: Tzaf23 ($84.50 in chips) 
ptolejmus: posts small blind $0.50
Tzaf23: posts big blind $1
*** HOLE CARDS ***
3EPH: folds 
himqa: raises $1.50 to $2.50
Pon4uk.ua: folds 
gudinho0710: calls $2.50
ptolejmus: folds 
Tzaf23: calls $1.50
*** FLOP *** [4c 9c Ks]
Tzaf23: checks 
himqa: bets $2.51
gudinho0710: folds 
Tzaf23: calls $2.51
*** TURN *** [4c 9c Ks] [4s]
Tzaf23: checks 
himqa: bets $9.28
Tzaf23: calls $9.28
*** RIVER *** [4c 9c Ks 4s] [Jh]
Tzaf23: checks 
himqa: checks 
*** SHOW DOWN ***
Tzaf23: shows [3c Kc] (two pair, Kings and Fours)
himqa: mucks hand 
Tzaf23 collected $30 from pot
*** SUMMARY ***
Total pot $31.58 | Rake $1.58 
Board [4c 9c Ks 4s Jh]
Seat 1: 3EPH folded before Flop (didn't bet)
Seat 2: himqa mucked
Seat 3: Pon4uk.ua folded before Flop (didn't bet)
Seat 4: gudinho0710 (button) folded on the Flop
Seat 5: ptolejmus (small blind) folded before Flop
Seat 6: Tzaf23 (big blind) showed [3c Kc] and won ($30) with two pair, Kings and Fours



PokerStars Hand #254618408508:  Hold'em No Limit ($0.50/$1.00 USD) - 2025/01/30 7:38:14 WET [2025/01/30 2:38:14 ET]
Table 'Rigel' 6-max Seat #5 is the button
Seat 1: 3EPH ($109 in chips) 
Seat 2: himqa ($100 in chips) 
Seat 3: Pon4uk.ua ($101.50 in chips) 
Seat 4: gudinho0710 ($123.64 in chips) 
Seat 5: ptolejmus ($28.42 in chips) 
Seat 6: Tzaf23 ($100.21 in chips) 
Tzaf23: posts small blind $0.50
3EPH: posts big blind $1
*** HOLE CARDS ***
himqa: folds 
Pon4uk.ua: raises $1 to $2
gudinho0710: raises $5 to $7
ptolejmus: folds 
Tzaf23: folds 
3EPH: folds 
Pon4uk.ua: folds 
Uncalled bet ($5) returned to gudinho0710
gudinho0710 collected $5.50 from pot
*** SUMMARY ***
Total pot $5.50 | Rake $0 
Seat 1: 3EPH (big blind) folded before Flop
Seat 2: himqa folded before Flop (didn't bet)
Seat 3: Pon4uk.ua folded before Flop
Seat 4: gudinho0710 collected ($5.50)
Seat 5: ptolejmus (button) folded before Flop (didn't bet)
Seat 6: Tzaf23 (small blind) folded before Flop



PokerStars Hand #254618410143:  Hold'em No Limit ($0.50/$1.00 USD) - 2025/01/30 7:38:37 WET [2025/01/30 2:38:37 ET]
Table 'Rigel' 6-max Seat #6 is the button
Seat 1: 3EPH ($108 in chips) 
Seat 2: himqa ($100 in chips) 
Seat 3: Pon4uk.ua ($100 in chips) 
Seat 4: gudinho0710 ($127.14 in chips) 
Seat 5: ptolejmus ($28.42 in chips) 
Seat 6: Tzaf23 ($99.71 in chips) 
3EPH: posts small blind $0.50
himqa: posts big blind $1
*** HOLE CARDS ***
Pon4uk.ua: folds 
gudinho0710: calls $1
ptolejmus: raises $27.42 to $28.42 and is all-in
Tzaf23: calls $28.42
3EPH: folds 
himqa: folds 
gudinho0710: folds 
*** FLOP *** [Qc 3c As]
*** TURN *** [Qc 3c As] [6c]
*** RIVER *** [Qc 3c As 6c] [Ah]
*** SHOW DOWN ***
ptolejmus: shows [Qs Ad] (a full house, Aces full of Queens)
Tzaf23: shows [Js Ks] (a pair of Aces)
ptolejmus collected $56.84 from pot
*** SUMMARY ***
Total pot $59.34 | Rake $2.50 
Board [Qc 3c As 6c Ah]
Seat 1: 3EPH (small blind) folded before Flop
Seat 2: himqa (big blind) folded before Flop
Seat 3: Pon4uk.ua folded before Flop (didn't bet)
Seat 4: gudinho0710 folded before Flop
Seat 5: ptolejmus showed [Qs Ad] and won ($56.84) with a full house, Aces full of Queens
Seat 6: Tzaf23 (button) showed [Js Ks] and lost with a pair of Aces



PokerStars Hand #254618412369:  Hold'em No Limit ($0.50/$1.00 USD) - 2025/01/30 7:39:09 WET [2025/01/30 2:39:09 ET]
Table 'Rigel' 6-max Seat #1 is the button
Seat 1: 3EPH ($107.50 in chips) 
Seat 2: himqa ($100 in chips) 
Seat 3: Pon4uk.ua ($100 in chips) 
Seat 4: gudinho0710 ($126.14 in chips) 
Seat 5: ptolejmus ($56.84 in chips) 
Seat 6: Tzaf23 ($71.29 in chips) 
himqa: posts small blind $0.50
Pon4uk.ua: posts big blind $1
*** HOLE CARDS ***
gudinho0710: raises $1 to $2
ptolejmus: folds 
Tzaf23: raises $1 to $3
3EPH: folds 
himqa: folds 
Pon4uk.ua: folds 
gudinho0710: calls $1
*** FLOP *** [Kh 8s 6c]
gudinho0710: bets $4
Tzaf23: calls $4
*** TURN *** [Kh 8s 6c] [Ac]
gudinho0710: checks 
Tzaf23: bets $5
gudinho0710: raises $13 to $18
Tzaf23: calls $13
*** RIVER *** [Kh 8s 6c Ac] [Ad]
gudinho0710: bets $101.14 and is all-in
Tzaf23: folds 
Uncalled bet ($101.14) returned to gudinho0710
gudinho0710 collected $49 from pot
*** SUMMARY ***
Total pot $51.50 | Rake $2.50 
Board [Kh 8s 6c Ac Ad]
Seat 1: 3EPH (button) folded before Flop (didn't bet)
Seat 2: himqa (small blind) folded before Flop
Seat 3: Pon4uk.ua (big blind) folded before Flop
Seat 4: gudinho0710 collected ($49)
Seat 5: ptolejmus folded before Flop (didn't bet)
Seat 6: Tzaf23 folded on the River



PokerStars Hand #254618416937:  Hold'em No Limit ($0.50/$1.00 USD) - 2025/01/30 7:40:13 WET [2025/01/30 2:40:13 ET]
Table 'Rigel' 6-max Seat #2 is the button
Seat 1: 3EPH ($107.50 in chips) 
Seat 2: himqa ($100 in chips) 
Seat 3: Pon4uk.ua ($100 in chips) 
Seat 4: gudinho0710 ($150.14 in chips) 
Seat 5: ptolejmus ($56.84 in chips) 
Seat 6: Tzaf23 ($46.29 in chips) 
Pon4uk.ua: posts small blind $0.50
gudinho0710: posts big blind $1
*** HOLE CARDS ***
ptolejmus: folds 
Tzaf23: folds 
3EPH: folds 
himqa: folds 
Pon4uk.ua: raises $1.75 to $2.75
gudinho0710: raises $5.75 to $8.50
Pon4uk.ua: folds 
Uncalled bet ($5.75) returned to gudinho0710
gudinho0710 collected $5.50 from pot
*** SUMMARY ***
Total pot $5.50 | Rake $0 
Seat 1: 3EPH folded before Flop (didn't bet)
Seat 2: himqa (button) folded before Flop (didn't bet)
Seat 3: Pon4uk.ua (small blind) folded before Flop
Seat 4: gudinho0710 (big blind) collected ($5.50)
Seat 5: ptolejmus folded before Flop (didn't bet)
Seat 6: Tzaf23 folded before Flop (didn't bet)



PokerStars Hand #254618418857:  Hold'em No Limit ($0.50/$1.00 USD) - 2025/01/30 7:40:40 WET [2025/01/30 2:40:40 ET]
Table 'Rigel' 6-max Seat #3 is the button
Seat 5: ptolejmus ($56.84 in chips) is sitting out
Seat 1: 3EPH ($107.50 in chips) 
Seat 2: himqa ($100 in chips) 
Seat 3: Pon4uk.ua ($100 in chips) 
Seat 4: gudinho0710 ($152.89 in chips) 
Seat 6: Tzaf23 ($46.29 in chips) 
gudinho0710: posts small blind $0.50
ptolejmus: is sitting out 
Tzaf23: posts big blind $1
*** HOLE CARDS ***
3EPH: raises $1.50 to $2.50
himqa: folds 
Pon4uk.ua: folds 
gudinho0710: folds 
ptolejmus leaves the table
Tzaf23: calls $1.50
*** FLOP *** [3d 5s 6h]
Tzaf23: checks 
3EPH: bets $2.09
Tzaf23: calls $2.09
*** TURN *** [3d 5s 6h] [Tc]
Tzaf23: checks 
CashfishT joins the table at seat #5 
3EPH: bets $11.50
Tzaf23: folds 
Uncalled bet ($11.50) returned to 3EPH
3EPH collected $9.20 from pot
3EPH: doesn't show hand 
*** SUMMARY ***
Total pot $9.68 | Rake $0.48 
Board [3d 5s 6h Tc]
Seat 5: ptolejmus
Seat 1: 3EPH collected ($9.20)
Seat 2: himqa folded before Flop (didn't bet)
Seat 3: Pon4uk.ua (button) folded before Flop (didn't bet)
Seat 4: gudinho0710 (small blind) folded before Flop
Seat 6: Tzaf23 (big blind) folded on the Turn



PokerStars Hand #254618421634:  Hold'em No Limit ($0.50/$1.00 USD) - 2025/01/30 7:41:18 WET [2025/01/30 2:41:18 ET]
Table 'Rigel' 6-max Seat #4 is the button
Seat 5: CashfishT ($100 in chips) is sitting out
Seat 1: 3EPH ($112.11 in chips) 
Seat 2: himqa ($100 in chips) 
Seat 3: Pon4uk.ua ($100 in chips) 
Seat 4: gudinho0710 ($152.39 in chips) 
Seat 6: Tzaf23 ($41.70 in chips) 
Tzaf23: posts small blind $0.50
3EPH: posts big blind $1
*** HOLE CARDS ***
himqa: raises $1.50 to $2.50
Pon4uk.ua: folds 
gudinho0710: calls $2.50
Tzaf23: calls $2
3EPH: folds 
*** FLOP *** [Jd 4d Ah]
Tzaf23: checks 
himqa: bets $2.67
gudinho0710: folds 
Tzaf23: folds 
Uncalled bet ($2.67) returned to himqa
himqa collected $8.08 from pot
himqa: doesn't show hand 
*** SUMMARY ***
Total pot $8.50 | Rake $0.42 
Board [Jd 4d Ah]
Seat 5: CashfishT
Seat 1: 3EPH (big blind) folded before Flop
Seat 2: himqa collected ($8.08)
Seat 3: Pon4uk.ua folded before Flop (didn't bet)
Seat 4: gudinho0710 (button) folded on the Flop
Seat 6: Tzaf23 (small blind) folded on the Flop



PokerStars Hand #254618424302:  Hold'em No Limit ($0.50/$1.00 USD) - 2025/01/30 7:41:55 WET [2025/01/30 2:41:55 ET]
Table 'Rigel' 6-max Seat #6 is the button
Seat 5: CashfishT ($100 in chips) is sitting out
Seat 1: 3EPH ($111.11 in chips) 
Seat 2: himqa ($105.58 in chips) 
Seat 3: Pon4uk.ua ($100 in chips) 
Seat 4: gudinho0710 ($149.89 in chips) 
Seat 6: Tzaf23 ($39.20 in chips) 
3EPH: posts small blind $0.50
himqa: posts big blind $1
CashfishT: sits out 
*** HOLE CARDS ***
Pon4uk.ua: raises $1 to $2
gudinho0710: calls $2
Tzaf23: folds 
3EPH: folds 
himqa: folds 
*** FLOP *** [3h 8h Kh]
Pon4uk.ua: bets $1.72
gudinho0710: folds 
Uncalled bet ($1.72) returned to Pon4uk.ua
Pon4uk.ua collected $5.22 from pot
Pon4uk.ua: doesn't show hand 
*** SUMMARY ***
Total pot $5.50 | Rake $0.28 
Board [3h 8h Kh]
Seat 5: CashfishT
Seat 1: 3EPH (small blind) folded before Flop
Seat 2: himqa (big blind) folded before Flop
Seat 3: Pon4uk.ua collected ($5.22)
Seat 4: gudinho0710 folded on the Flop
Seat 6: Tzaf23 (button) folded before Flop (didn't bet)



PokerStars Hand #254618426669:  Hold'em No Limit ($0.50/$1.00 USD) - 2025/01/30 7:42:27 WET [2025/01/30 2:42:27 ET]
Table 'Rigel' 6-max Seat #1 is the button
Seat 5: CashfishT ($100 in chips) is sitting out
Seat 1: 3EPH ($110.61 in chips) 
Seat 2: himqa ($104.58 in chips) 
Seat 3: Pon4uk.ua ($103.22 in chips) 
Seat 4: gudinho0710 ($147.89 in chips) 
Seat 6: Tzaf23 ($39.20 in chips) 
himqa: posts small blind $0.50
Pon4uk.ua: posts big blind $1
CashfishT: sits out 
*** HOLE CARDS ***
gudinho0710: folds 
Tzaf23: calls $1
3EPH: folds 
himqa: raises $3 to $4
Pon4uk.ua: folds 
Tzaf23: calls $3
*** FLOP *** [9c Ks 7d]
himqa: bets $2.82
Tzaf23: calls $2.82
*** TURN *** [9c Ks 7d] [7h]
himqa: bets $8.43
Tzaf23: folds 
Uncalled bet ($8.43) returned to himqa
himqa collected $13.91 from pot
himqa: doesn't show hand 
*** SUMMARY ***
Total pot $14.64 | Rake $0.73 
Board [9c Ks 7d 7h]
Seat 5: CashfishT
Seat 1: 3EPH (button) folded before Flop (didn't bet)
Seat 2: himqa (small blind) collected ($13.91)
Seat 3: Pon4uk.ua (big blind) folded before Flop
Seat 4: gudinho0710 folded before Flop (didn't bet)
Seat 6: Tzaf23 folded on the Turn



PokerStars Hand #254618429643:  Hold'em No Limit ($0.50/$1.00 USD) - 2025/01/30 7:43:07 WET [2025/01/30 2:43:07 ET]
Table 'Rigel' 6-max Seat #2 is the button
Seat 5: CashfishT ($100 in chips) is sitting out
Seat 1: 3EPH ($110.61 in chips) 
Seat 2: himqa ($111.67 in chips) 
Seat 3: Pon4uk.ua ($102.22 in chips) 
Seat 4: gudinho0710 ($147.89 in chips) 
Seat 6: Tzaf23 ($32.38 in chips) 
Pon4uk.ua: posts small blind $0.50
gudinho0710: posts big blind $1
CashfishT: sits out 
*** HOLE CARDS ***
Tzaf23: folds 
3EPH: folds 
himqa: folds 
Pon4uk.ua: raises $1.75 to $2.75
gudinho0710: raises $1.75 to $4.50
Pon4uk.ua: folds 
Uncalled bet ($1.75) returned to gudinho0710
gudinho0710 collected $5.50 from pot
*** SUMMARY ***
Total pot $5.50 | Rake $0 
Seat 5: CashfishT
Seat 1: 3EPH folded before Flop (didn't bet)
Seat 2: himqa (button) folded before Flop (didn't bet)
Seat 3: Pon4uk.ua (small blind) folded before Flop
Seat 4: gudinho0710 (big blind) collected ($5.50)
Seat 6: Tzaf23 folded before Flop (didn't bet)



PokerStars Hand #254618431905:  Hold'em No Limit ($0.50/$1.00 USD) - 2025/01/30 7:43:38 WET [2025/01/30 2:43:38 ET]
Table 'Rigel' 6-max Seat #3 is the button
Seat 1: 3EPH ($110.61 in chips) 
Seat 2: himqa ($111.67 in chips) 
Seat 3: Pon4uk.ua ($100 in chips) 
Seat 4: gudinho0710 ($150.64 in chips) 
Seat 5: CashfishT ($100 in chips) 
Seat 6: Tzaf23 ($32.38 in chips) 
gudinho0710: posts small blind $0.50
CashfishT: posts big blind $1
*** HOLE CARDS ***
Tzaf23: folds 
3EPH: folds 
himqa: folds 
Pon4uk.ua: folds 
gudinho0710: calls $0.50
CashfishT: checks 
*** FLOP *** [Js 2d 8h]
gudinho0710: checks 
CashfishT: checks 
*** TURN *** [Js 2d 8h] [6d]
gudinho0710: bets $1.90
CashfishT: folds 
Uncalled bet ($1.90) returned to gudinho0710
gudinho0710 collected $1.90 from pot
*** SUMMARY ***
Total pot $2 | Rake $0.10 
Board [Js 2d 8h 6d]
Seat 1: 3EPH folded before Flop (didn't bet)
Seat 2: himqa folded before Flop (didn't bet)
Seat 3: Pon4uk.ua (button) folded before Flop (didn't bet)
Seat 4: gudinho0710 (small blind) collected ($1.90)
Seat 5: CashfishT (big blind) folded on the Turn
Seat 6: Tzaf23 folded before Flop (didn't bet)



PokerStars Hand #254618434790:  Hold'em No Limit ($0.50/$1.00 USD) - 2025/01/30 7:44:17 WET [2025/01/30 2:44:17 ET]
Table 'Rigel' 6-max Seat #4 is the button
Seat 1: 3EPH ($110.61 in chips) 
Seat 2: himqa ($111.67 in chips) 
Seat 3: Pon4uk.ua ($100 in chips) 
Seat 4: gudinho0710 ($151.54 in chips) 
Seat 5: CashfishT ($100 in chips) 
Seat 6: Tzaf23 ($32.38 in chips) 
CashfishT: posts small blind $0.50
Tzaf23: posts big blind $1
*** HOLE CARDS ***
3EPH: folds 
himqa: folds 
Pon4uk.ua: folds 
gudinho0710: folds 
CashfishT: folds 
Uncalled bet ($0.50) returned to Tzaf23
Tzaf23 collected $1 from pot
*** SUMMARY ***
Total pot $1 | Rake $0 
Seat 1: 3EPH folded before Flop (didn't bet)
Seat 2: himqa folded before Flop (didn't bet)
Seat 3: Pon4uk.ua folded before Flop (didn't bet)
Seat 4: gudinho0710 (button) folded before Flop (didn't bet)
Seat 5: CashfishT (small blind) folded before Flop
Seat 6: Tzaf23 (big blind) collected ($1)



PokerStars Hand #254618435388:  Hold'em No Limit ($0.50/$1.00 USD) - 2025/01/30 7:44:25 WET [2025/01/30 2:44:25 ET]
Table 'Rigel' 6-max Seat #5 is the button
Seat 1: 3EPH ($110.61 in chips) 
Seat 2: himqa ($111.67 in chips) 
Seat 3: Pon4uk.ua ($100 in chips) 
Seat 4: gudinho0710 ($151.54 in chips) 
Seat 5: CashfishT ($100 in chips) 
Seat 6: Tzaf23 ($32.88 in chips) 
Tzaf23: posts small blind $0.50
3EPH: posts big blind $1
*** HOLE CARDS ***
himqa: folds 
Pon4uk.ua: folds 
gudinho0710: calls $1
CashfishT: raises $3 to $4
Tzaf23: folds 
3EPH: folds 
gudinho0710: calls $3
*** FLOP *** [7s 6h 9d]
gudinho0710: bets $4.51
CashfishT: calls $4.51
*** TURN *** [7s 6h 9d] [3c]
gudinho0710: checks 
CashfishT: checks 
*** RIVER *** [7s 6h 9d 3c] [4s]
gudinho0710: bets $17.59
CashfishT: folds 
Uncalled bet ($17.59) returned to gudinho0710
gudinho0710 collected $17.59 from pot
*** SUMMARY ***
Total pot $18.52 | Rake $0.93 
Board [7s 6h 9d 3c 4s]
Seat 1: 3EPH (big blind) folded before Flop
Seat 2: himqa folded before Flop (didn't bet)
Seat 3: Pon4uk.ua folded before Flop (didn't bet)
Seat 4: gudinho0710 collected ($17.59)
Seat 5: CashfishT (button) folded on the River
Seat 6: Tzaf23 (small blind) folded before Flop



PokerStars Hand #254618438975:  Hold'em No Limit ($0.50/$1.00 USD) - 2025/01/30 7:45:14 WET [2025/01/30 2:45:14 ET]
Table 'Rigel' 6-max Seat #6 is the button
Seat 1: 3EPH ($109.61 in chips) 
Seat 2: himqa ($111.67 in chips) 
Seat 3: Pon4uk.ua ($100 in chips) 
Seat 4: gudinho0710 ($160.62 in chips) 
Seat 5: CashfishT ($100 in chips) 
Seat 6: Tzaf23 ($32.38 in chips) 
3EPH: posts small blind $0.50
himqa: posts big blind $1
*** HOLE CARDS ***
Pon4uk.ua: folds 
gudinho0710: calls $1
CashfishT: raises $3 to $4
Tzaf23: folds 
3EPH: folds 
himqa: calls $3
gudinho0710: calls $3
*** FLOP *** [Qc 3c Ad]
himqa: checks 
gudinho0710: checks 
CashfishT: checks 
*** TURN *** [Qc 3c Ad] [Kh]
himqa: checks 
gudinho0710: checks 
CashfishT: checks 
*** RIVER *** [Qc 3c Ad Kh] [Qd]
himqa: checks 
gudinho0710: checks 
CashfishT: bets $14.85
himqa: folds 
gudinho0710: folds 
Uncalled bet ($14.85) returned to CashfishT
CashfishT collected $11.88 from pot
CashfishT: doesn't show hand 
*** SUMMARY ***
Total pot $12.50 | Rake $0.62 
Board [Qc 3c Ad Kh Qd]
Seat 1: 3EPH (small blind) folded before Flop
Seat 2: himqa (big blind) folded on the River
Seat 3: Pon4uk.ua folded before Flop (didn't bet)
Seat 4: gudinho0710 folded on the River
Seat 5: CashfishT collected ($11.88)
Seat 6: Tzaf23 (button) folded before Flop (didn't bet)



PokerStars Hand #254618444808:  Hold'em No Limit ($0.50/$1.00 USD) - 2025/01/30 7:46:32 WET [2025/01/30 2:46:32 ET]
Table 'Rigel' 6-max Seat #1 is the button
Seat 1: 3EPH ($109.11 in chips) 
Seat 2: himqa ($107.67 in chips) 
Seat 3: Pon4uk.ua ($100 in chips) 
Seat 4: gudinho0710 ($156.62 in chips) 
Seat 5: CashfishT ($107.88 in chips) 
Seat 6: Tzaf23 ($32.38 in chips) 
himqa: posts small blind $0.50
Pon4uk.ua: posts big blind $1
*** HOLE CARDS ***
gudinho0710: folds 
CashfishT: folds 
Tzaf23: raises $1 to $2
3EPH: raises $5 to $7
himqa: folds 
Pon4uk.ua: folds 
Tzaf23: folds 
Uncalled bet ($5) returned to 3EPH
3EPH collected $5.50 from pot
3EPH: doesn't show hand 
*** SUMMARY ***
Total pot $5.50 | Rake $0 
Seat 1: 3EPH (button) collected ($5.50)
Seat 2: himqa (small blind) folded before Flop
Seat 3: Pon4uk.ua (big blind) folded before Flop
Seat 4: gudinho0710 folded before Flop (didn't bet)
Seat 5: CashfishT folded before Flop (didn't bet)
Seat 6: Tzaf23 folded before Flop



PokerStars Hand #254618447245:  Hold'em No Limit ($0.50/$1.00 USD) - 2025/01/30 7:47:05 WET [2025/01/30 2:47:05 ET]
Table 'Rigel' 6-max Seat #2 is the button
Seat 1: 3EPH ($112.61 in chips) 
Seat 2: himqa ($107.17 in chips) 
Seat 3: Pon4uk.ua ($100 in chips) 
Seat 4: gudinho0710 ($156.62 in chips) 
Seat 5: CashfishT ($107.88 in chips) 
Seat 6: Tzaf23 ($30.38 in chips) 
Pon4uk.ua: posts small blind $0.50
gudinho0710: posts big blind $1
*** HOLE CARDS ***
CashfishT: raises $1.20 to $2.20
Tzaf23: calls $2.20
3EPH: folds 
himqa: folds 
Pon4uk.ua: folds 
gudinho0710: folds 
*** FLOP *** [2s Qh 9h]
CashfishT: bets $1.85
Tzaf23: calls $1.85
*** TURN *** [2s Qh 9h] [Js]
CashfishT: bets $11
Tzaf23: folds 
Uncalled bet ($11) returned to CashfishT
CashfishT collected $9.12 from pot
CashfishT: doesn't show hand 
*** SUMMARY ***
Total pot $9.60 | Rake $0.48 
Board [2s Qh 9h Js]
Seat 1: 3EPH folded before Flop (didn't bet)
Seat 2: himqa (button) folded before Flop (didn't bet)
Seat 3: Pon4uk.ua (small blind) folded before Flop
Seat 4: gudinho0710 (big blind) folded before Flop
Seat 5: CashfishT collected ($9.12)
Seat 6: Tzaf23 folded on the Turn



PokerStars Hand #254618450501:  Hold'em No Limit ($0.50/$1.00 USD) - 2025/01/30 7:47:50 WET [2025/01/30 2:47:50 ET]
Table 'Rigel' 6-max Seat #3 is the button
Seat 1: 3EPH ($112.61 in chips) 
Seat 2: himqa ($107.17 in chips) 
Seat 3: Pon4uk.ua ($100 in chips) 
Seat 4: gudinho0710 ($155.62 in chips) 
Seat 5: CashfishT ($112.95 in chips) 
Seat 6: Tzaf23 ($26.33 in chips) 
gudinho0710: posts small blind $0.50
CashfishT: posts big blind $1
*** HOLE CARDS ***
Tzaf23: folds 
3EPH: folds 
himqa: folds 
Pon4uk.ua: raises $1.50 to $2.50
gudinho0710: raises $1.50 to $4
CashfishT: folds 
Pon4uk.ua: raises $10 to $14
gudinho0710: calls $10
*** FLOP *** [7d Ah Js]
gudinho0710: checks 
Pon4uk.ua: checks 
*** TURN *** [7d Ah Js] [8c]
gudinho0710: checks 
Pon4uk.ua: checks 
*** RIVER *** [7d Ah Js 8c] [2d]
gudinho0710: bets $27.55
Pon4uk.ua: calls $27.55
*** SHOW DOWN ***
gudinho0710: shows [Ad 2c] (two pair, Aces and Deuces)
Pon4uk.ua: mucks hand 
gudinho0710 collected $81.60 from pot
*** SUMMARY ***
Total pot $84.10 | Rake $2.50 
Board [7d Ah Js 8c 2d]
Seat 1: 3EPH folded before Flop (didn't bet)
Seat 2: himqa folded before Flop (didn't bet)
Seat 3: Pon4uk.ua (button) mucked
Seat 4: gudinho0710 (small blind) showed [Ad 2c] and won ($81.60) with two pair, Aces and Deuces
Seat 5: CashfishT (big blind) folded before Flop
Seat 6: Tzaf23 folded before Flop (didn't bet)



PokerStars Hand #254618455269:  Hold'em No Limit ($0.50/$1.00 USD) - 2025/01/30 7:48:56 WET [2025/01/30 2:48:56 ET]
Table 'Rigel' 6-max Seat #4 is the button
Seat 1: 3EPH ($112.61 in chips) 
Seat 2: himqa ($107.17 in chips) 
Seat 3: Pon4uk.ua ($100 in chips) 
Seat 4: gudinho0710 ($195.67 in chips) 
Seat 5: CashfishT ($111.95 in chips) 
Seat 6: Tzaf23 ($26.33 in chips) 
CashfishT: posts small blind $0.50
Tzaf23: posts big blind $1
*** HOLE CARDS ***
3EPH has timed out
3EPH: folds 
himqa: folds 
Pon4uk.ua: raises $1.50 to $2.50
gudinho0710: raises $9.50 to $12
CashfishT: folds 
Tzaf23: folds 
Pon4uk.ua: folds 
Uncalled bet ($9.50) returned to gudinho0710
gudinho0710 collected $6.50 from pot
*** SUMMARY ***
Total pot $6.50 | Rake $0 
Seat 1: 3EPH folded before Flop (didn't bet)
Seat 2: himqa folded before Flop (didn't bet)
Seat 3: Pon4uk.ua folded before Flop
Seat 4: gudinho0710 (button) collected ($6.50)
Seat 5: CashfishT (small blind) folded before Flop
Seat 6: Tzaf23 (big blind) folded before Flop



PokerStars Hand #254618457914:  Hold'em No Limit ($0.50/$1.00 USD) - 2025/01/30 7:49:32 WET [2025/01/30 2:49:32 ET]
Table 'Rigel' 6-max Seat #5 is the button
Seat 1: 3EPH ($112.61 in chips) 
Seat 2: himqa ($107.17 in chips) 
Seat 3: Pon4uk.ua ($100 in chips) 
Seat 4: gudinho0710 ($199.67 in chips) 
Seat 5: CashfishT ($111.45 in chips) 
Seat 6: Tzaf23 ($25.33 in chips) 
Tzaf23: posts small blind $0.50
3EPH: posts big blind $1
*** HOLE CARDS ***
himqa: folds 
Pon4uk.ua: folds 
gudinho0710: calls $1
CashfishT: raises $3 to $4
Tzaf23: folds 
3EPH: folds 
gudinho0710: calls $3
*** FLOP *** [4d 4c Jd]
gudinho0710: bets $1
CashfishT: raises $8 to $9
gudinho0710: folds 
Uncalled bet ($8) returned to CashfishT
CashfishT collected $10.92 from pot
CashfishT: doesn't show hand 
*** SUMMARY ***
Total pot $11.50 | Rake $0.58 
Board [4d 4c Jd]
Seat 1: 3EPH (big blind) folded before Flop
Seat 2: himqa folded before Flop (didn't bet)
Seat 3: Pon4uk.ua folded before Flop (didn't bet)
Seat 4: gudinho0710 folded on the Flop
Seat 5: CashfishT (button) collected ($10.92)
Seat 6: Tzaf23 (small blind) folded before Flop



PokerStars Hand #254618461706:  Hold'em No Limit ($0.50/$1.00 USD) - 2025/01/30 7:50:24 WET [2025/01/30 2:50:24 ET]
Table 'Rigel' 6-max Seat #6 is the button
Seat 1: 3EPH ($111.61 in chips) 
Seat 2: himqa ($107.17 in chips) 
Seat 3: Pon4uk.ua ($100 in chips) 
Seat 4: gudinho0710 ($194.67 in chips) 
Seat 5: CashfishT ($117.37 in chips) 
Seat 6: Tzaf23 ($24.83 in chips) 
3EPH: posts small blind $0.50
himqa: posts big blind $1
*** HOLE CARDS ***
Pon4uk.ua: folds 
gudinho0710: calls $1
CashfishT: raises $3 to $4
Tzaf23: folds 
3EPH: folds 
himqa: folds 
gudinho0710: raises $6 to $10
CashfishT: folds 
Uncalled bet ($6) returned to gudinho0710
gudinho0710 collected $9.50 from pot
*** SUMMARY ***
Total pot $9.50 | Rake $0 
Seat 1: 3EPH (small blind) folded before Flop
Seat 2: himqa (big blind) folded before Flop
Seat 3: Pon4uk.ua folded before Flop (didn't bet)
Seat 4: gudinho0710 collected ($9.50)
Seat 5: CashfishT folded before Flop
Seat 6: Tzaf23 (button) folded before Flop (didn't bet)



PokerStars Hand #254618464077:  Hold'em No Limit ($0.50/$1.00 USD) - 2025/01/30 7:50:57 WET [2025/01/30 2:50:57 ET]
Table 'Rigel' 6-max Seat #1 is the button
Seat 1: 3EPH ($111.11 in chips) 
Seat 2: himqa ($106.17 in chips) 
Seat 3: Pon4uk.ua ($100 in chips) 
Seat 4: gudinho0710 ($200.17 in chips) 
Seat 5: CashfishT ($113.37 in chips) 
Seat 6: Tzaf23 ($24.83 in chips) 
himqa: posts small blind $0.50
Pon4uk.ua: posts big blind $1
*** HOLE CARDS ***
gudinho0710 has timed out
gudinho0710: folds 
CashfishT: raises $1.20 to $2.20
Tzaf23: calls $2.20
3EPH: folds 
himqa: folds 
Pon4uk.ua: folds 
*** FLOP *** [9d 2s 8c]
CashfishT: bets $4.20
Tzaf23: calls $4.20
*** TURN *** [9d 2s 8c] [Ah]
CashfishT: checks 
Tzaf23: bets $5
CashfishT: calls $5
*** RIVER *** [9d 2s 8c Ah] [3s]
CashfishT: checks 
Tzaf23: bets $13.43 and is all-in
CashfishT: calls $13.43
*** SHOW DOWN ***
Tzaf23: shows [Ad 4s] (a pair of Aces)
CashfishT: shows [Td Tc] (a pair of Tens)
Tzaf23 collected $48.66 from pot
*** SUMMARY ***
Total pot $51.16 | Rake $2.50 
Board [9d 2s 8c Ah 3s]
Seat 1: 3EPH (button) folded before Flop (didn't bet)
Seat 2: himqa (small blind) folded before Flop
Seat 3: Pon4uk.ua (big blind) folded before Flop
Seat 4: gudinho0710 folded before Flop (didn't bet)
Seat 5: CashfishT showed [Td Tc] and lost with a pair of Tens
Seat 6: Tzaf23 showed [Ad 4s] and won ($48.66) with a pair of Aces



PokerStars Hand #254618470391:  Hold'em No Limit ($0.50/$1.00 USD) - 2025/01/30 7:52:23 WET [2025/01/30 2:52:23 ET]
Table 'Rigel' 6-max Seat #2 is the button
Seat 4: gudinho0710 ($200.17 in chips) is sitting out
Seat 1: 3EPH ($111.11 in chips) 
Seat 2: himqa ($105.67 in chips) 
Seat 3: Pon4uk.ua ($100 in chips) 
Seat 5: CashfishT ($100 in chips) 
Seat 6: Tzaf23 ($48.66 in chips) 
Pon4uk.ua: posts small blind $0.50
CashfishT: posts big blind $1
*** HOLE CARDS ***
Tzaf23: calls $1
3EPH: folds 
himqa: raises $3 to $4
Pon4uk.ua: folds 
CashfishT: folds 
Tzaf23: calls $3
*** FLOP *** [Jc Ad 3h]
Tzaf23: checks 
himqa: bets $2.98
Tzaf23: folds 
Uncalled bet ($2.98) returned to himqa
himqa collected $9.02 from pot
himqa: doesn't show hand 
*** SUMMARY ***
Total pot $9.50 | Rake $0.48 
Board [Jc Ad 3h]
Seat 4: gudinho0710
Seat 1: 3EPH folded before Flop (didn't bet)
Seat 2: himqa (button) collected ($9.02)
Seat 3: Pon4uk.ua (small blind) folded before Flop
Seat 5: CashfishT (big blind) folded before Flop
Seat 6: Tzaf23 folded on the Flop



PokerStars Hand #254618493991:  Hold'em No Limit ($0.50/$1.00 USD) - 2025/01/30 7:58:04 WET [2025/01/30 2:58:04 ET]
Table 'Rigel' 6-max Seat #2 is the button
Seat 4: gudinho0710 ($199.17 in chips) is sitting out
Seat 1: 3EPH ($107.36 in chips) 
Seat 2: himqa ($157.55 in chips) 
himqa: posts small blind $0.50
3EPH: posts big blind $1
*** HOLE CARDS ***
himqa: raises $2 to $3
3EPH: calls $2
*** FLOP *** [7s 3c Ad]
3EPH: checks 
himqa: bets $1.88
3EPH: folds 
Uncalled bet ($1.88) returned to himqa
himqa collected $5.70 from pot
gudinho0710 leaves the table
himqa: doesn't show hand 
*** SUMMARY ***
Total pot $6 | Rake $0.30 
Board [7s 3c Ad]
Seat 4: gudinho0710
Seat 1: 3EPH (big blind) folded on the Flop
Seat 2: himqa (button) (small blind) collected ($5.70)



PokerStars Hand #254618501414:  Hold'em No Limit ($0.50/$1.00 USD) - 2025/01/30 7:59:59 WET [2025/01/30 2:59:59 ET]
Table 'Rigel' 6-max Seat #4 is the button
Seat 2: 3EPH ($104.36 in chips) 
Seat 4: G.Andrei95 ($100 in chips) 
G.Andrei95: posts small blind $0.50
3EPH: posts big blind $1
*** HOLE CARDS ***
mo6eenika joins the table at seat #5 
mo6eenika is disconnected 
G.Andrei95: raises $1.50 to $2.50
3EPH: folds 
Uncalled bet ($1.50) returned to G.Andrei95
G.Andrei95 collected $2 from pot
G.Andrei95: doesn't show hand 
*** SUMMARY ***
Total pot $2 | Rake $0 
Seat 2: 3EPH (big blind) folded before Flop
Seat 4: G.Andrei95 (button) (small blind) collected ($2)



PokerStars Hand #254618503184:  Hold'em No Limit ($0.50/$1.00 USD) - 2025/01/30 8:00:25 WET [2025/01/30 3:00:25 ET]
Table 'Rigel' 6-max Seat #2 is the button
Seat 2: 3EPH ($103.36 in chips) 
Seat 4: G.Andrei95 ($101 in chips) 
Seat 5: mo6eenika ($18.36 in chips) 
G.Andrei95: posts small blind $0.50
mo6eenika: posts big blind $1
*** HOLE CARDS ***
3EPH: folds 
G.Andrei95: folds 
Uncalled bet ($0.50) returned to mo6eenika
mo6eenika collected $1 from pot
*** SUMMARY ***
Total pot $1 | Rake $0 
Seat 2: 3EPH (button) folded before Flop (didn't bet)
Seat 4: G.Andrei95 (small blind) folded before Flop
Seat 5: mo6eenika (big blind) collected ($1)



PokerStars Hand #254618504176:  Hold'em No Limit ($0.50/$1.00 USD) - 2025/01/30 8:00:40 WET [2025/01/30 3:00:40 ET]
Table 'Rigel' 6-max Seat #4 is the button
Seat 2: 3EPH ($103.36 in chips) 
Seat 4: G.Andrei95 ($100.50 in chips) 
Seat 5: mo6eenika ($18.86 in chips) 
mo6eenika: posts small blind $0.50
3EPH: posts big blind $1
*** HOLE CARDS ***
G.Andrei95: raises $1.50 to $2.50
mo6eenika: calls $2
3EPH: folds 
*** FLOP *** [9h 5s Qd]
mo6eenika: checks 
G.Andrei95: checks 
*** TURN *** [9h 5s Qd] [5d]
mo6eenika: checks 
G.Andrei95: checks 
*** RIVER *** [9h 5s Qd 5d] [Js]
mo6eenika: checks 
G.Andrei95: bets $3.50
mo6eenika: folds 
Uncalled bet ($3.50) returned to G.Andrei95
G.Andrei95 collected $5.70 from pot
G.Andrei95: doesn't show hand 
*** SUMMARY ***
Total pot $6 | Rake $0.30 
Board [9h 5s Qd 5d Js]
Seat 2: 3EPH (big blind) folded before Flop
Seat 4: G.Andrei95 (button) collected ($5.70)
Seat 5: mo6eenika (small blind) folded on the River



PokerStars Hand #254618507801:  Hold'em No Limit ($0.50/$1.00 USD) - 2025/01/30 8:01:29 WET [2025/01/30 3:01:29 ET]
Table 'Rigel' 6-max Seat #5 is the button
Seat 2: 3EPH ($102.36 in chips) 
Seat 4: G.Andrei95 ($103.70 in chips) 
Seat 5: mo6eenika ($16.36 in chips) 
3EPH: posts small blind $0.50
G.Andrei95: posts big blind $1
*** HOLE CARDS ***
mo6eenika: folds 
3EPH: raises $2 to $3
G.Andrei95: folds 
Uncalled bet ($2) returned to 3EPH
3EPH collected $2 from pot
3EPH: doesn't show hand 
*** SUMMARY ***
Total pot $2 | Rake $0 
Seat 2: 3EPH (small blind) collected ($2)
Seat 4: G.Andrei95 (big blind) folded before Flop
Seat 5: mo6eenika (button) folded before Flop (didn't bet)



PokerStars Hand #254618509147:  Hold'em No Limit ($0.50/$1.00 USD) - 2025/01/30 8:01:49 WET [2025/01/30 3:01:49 ET]
Table 'Rigel' 6-max Seat #2 is the button
Seat 2: 3EPH ($103.36 in chips) 
Seat 4: G.Andrei95 ($102.70 in chips) 
Seat 5: mo6eenika ($16.36 in chips) 
G.Andrei95: posts small blind $0.50
mo6eenika: posts big blind $1
*** HOLE CARDS ***
3EPH: raises $1.50 to $2.50
G.Andrei95: folds 
mo6eenika: folds 
Uncalled bet ($1.50) returned to 3EPH
3EPH collected $2.50 from pot
3EPH: doesn't show hand 
*** SUMMARY ***
Total pot $2.50 | Rake $0 
Seat 2: 3EPH (button) collected ($2.50)
Seat 4: G.Andrei95 (small blind) folded before Flop
Seat 5: mo6eenika (big blind) folded before Flop



PokerStars Hand #254618510184:  Hold'em No Limit ($0.50/$1.00 USD) - 2025/01/30 8:02:02 WET [2025/01/30 3:02:02 ET]
Table 'Rigel' 6-max Seat #4 is the button
Seat 2: 3EPH ($104.86 in chips) 
Seat 4: G.Andrei95 ($102.20 in chips) 
Seat 5: mo6eenika ($15.36 in chips) 
mo6eenika: posts small blind $0.50
3EPH: posts big blind $1
*** HOLE CARDS ***
G.Andrei95: folds 
mo6eenika: raises $1 to $2
3EPH: folds 
Uncalled bet ($1) returned to mo6eenika
mo6eenika collected $2 from pot
*** SUMMARY ***
Total pot $2 | Rake $0 
Seat 2: 3EPH (big blind) folded before Flop
Seat 4: G.Andrei95 (button) folded before Flop (didn't bet)
Seat 5: mo6eenika (small blind) collected ($2)



PokerStars Hand #254618511014:  Hold'em No Limit ($0.50/$1.00 USD) - 2025/01/30 8:02:14 WET [2025/01/30 3:02:14 ET]
Table 'Rigel' 6-max Seat #2 is the button
Seat 4: G.Andrei95 ($102.20 in chips) is sitting out
Seat 2: 3EPH ($103.86 in chips) 
Seat 5: mo6eenika ($16.36 in chips) 
3EPH: posts small blind $0.50
G.Andrei95: is sitting out 
mo6eenika: posts big blind $1
*** HOLE CARDS ***
G.Andrei95 leaves the table
3EPH: raises $19 to $20
mo6eenika: calls $15.36 and is all-in
Uncalled bet ($3.64) returned to 3EPH
*** FLOP *** [2h 4d 6h]
*** TURN *** [2h 4d 6h] [5d]
*** RIVER *** [2h 4d 6h 5d] [4c]
*** SHOW DOWN ***
mo6eenika: shows [5c Ac] (two pair, Fives and Fours)
3EPH: shows [6s Ah] (two pair, Sixes and Fours)
3EPH collected $31.72 from pot
*** SUMMARY ***
Total pot $32.72 | Rake $1 
Board [2h 4d 6h 5d 4c]
Seat 4: G.Andrei95
Seat 2: 3EPH (button) (small blind) showed [6s Ah] and won ($31.72) with two pair, Sixes and Fours
Seat 5: mo6eenika (big blind) showed [5c Ac] and lost with two pair, Fives and Fours



PokerStars Hand #254618517839:  Hold'em No Limit ($0.50/$1.00 USD) - 2025/01/30 8:03:48 WET [2025/01/30 3:03:48 ET]
Table 'Rigel' 6-max Seat #5 is the button
Seat 2: 3EPH ($119.22 in chips) 
Seat 5: mo6eenika ($12.80 in chips) 
mo6eenika: posts small blind $0.50
3EPH: posts big blind $1
*** HOLE CARDS ***
mo6eenika: folds 
Uncalled bet ($0.50) returned to 3EPH
3EPH collected $1 from pot
3EPH: doesn't show hand 
*** SUMMARY ***
Total pot $1 | Rake $0 
Seat 2: 3EPH (big blind) collected ($1)
Seat 5: mo6eenika (button) (small blind) folded before Flop



PokerStars Hand #254618518375:  Hold'em No Limit ($0.50/$1.00 USD) - 2025/01/30 8:03:56 WET [2025/01/30 3:03:56 ET]
Table 'Rigel' 6-max Seat #2 is the button
Seat 2: 3EPH ($119.72 in chips) 
Seat 5: mo6eenika ($12.30 in chips) 
3EPH: posts small blind $0.50
mo6eenika: posts big blind $1
*** HOLE CARDS ***
3EPH: raises $11 to $12
mo6eenika: folds 
Uncalled bet ($11) returned to 3EPH
3EPH collected $2 from pot
3EPH: doesn't show hand 
*** SUMMARY ***
Total pot $2 | Rake $0 
Seat 2: 3EPH (button) (small blind) collected ($2)
Seat 5: mo6eenika (big blind) folded before Flop



PokerStars Hand #254618519727:  Hold'em No Limit ($0.50/$1.00 USD) - 2025/01/30 8:04:14 WET [2025/01/30 3:04:14 ET]
Table 'Rigel' 6-max Seat #5 is the button
Seat 2: 3EPH ($120.72 in chips) 
Seat 5: mo6eenika ($11.30 in chips) 
mo6eenika: posts small blind $0.50
3EPH: posts big blind $1
*** HOLE CARDS ***
mo6eenika: folds 
Uncalled bet ($0.50) returned to 3EPH
3EPH collected $1 from pot
3EPH: doesn't show hand 
*** SUMMARY ***
Total pot $1 | Rake $0 
Seat 2: 3EPH (big blind) collected ($1)
Seat 5: mo6eenika (button) (small blind) folded before Flop



PokerStars Hand #254618520510:  Hold'em No Limit ($0.50/$1.00 USD) - 2025/01/30 8:04:25 WET [2025/01/30 3:04:25 ET]
Table 'Rigel' 6-max Seat #2 is the button
Seat 2: 3EPH ($121.22 in chips) 
Seat 5: mo6eenika ($10.80 in chips) 
3EPH: posts small blind $0.50
mo6eenika: posts big blind $1
*** HOLE CARDS ***
3EPH: folds 
Uncalled bet ($0.50) returned to mo6eenika
mo6eenika collected $1 from pot
*** SUMMARY ***
Total pot $1 | Rake $0 
Seat 2: 3EPH (button) (small blind) folded before Flop
Seat 5: mo6eenika (big blind) collected ($1)



PokerStars Hand #254618521218:  Hold'em No Limit ($0.50/$1.00 USD) - 2025/01/30 8:04:34 WET [2025/01/30 3:04:34 ET]
Table 'Rigel' 6-max Seat #5 is the button
Seat 2: 3EPH ($120.72 in chips) 
Seat 5: mo6eenika ($11.30 in chips) 
mo6eenika: posts small blind $0.50
3EPH: posts big blind $1
*** HOLE CARDS ***
mo6eenika: raises $1 to $2
3EPH: calls $1
*** FLOP *** [3d 5s 2h]
3EPH: checks 
mo6eenika: bets $9.30 and is all-in
3EPH: folds 
Uncalled bet ($9.30) returned to mo6eenika
mo6eenika collected $3.80 from pot
*** SUMMARY ***
Total pot $4 | Rake $0.20 
Board [3d 5s 2h]
Seat 2: 3EPH (big blind) folded on the Flop
Seat 5: mo6eenika (button) (small blind) collected ($3.80)



PokerStars Hand #254618522455:  Hold'em No Limit ($0.50/$1.00 USD) - 2025/01/30 8:04:51 WET [2025/01/30 3:04:51 ET]
Table 'Rigel' 6-max Seat #2 is the button
Seat 2: 3EPH ($118.72 in chips) 
Seat 5: mo6eenika ($13.10 in chips) 
3EPH: posts small blind $0.50
mo6eenika: posts big blind $1
*** HOLE CARDS ***
3EPH: raises $14 to $15
mo6eenika: calls $12.10 and is all-in
Uncalled bet ($1.90) returned to 3EPH
*** FLOP *** [6s 9d 8d]
*** TURN *** [6s 9d 8d] [3s]
*** RIVER *** [6s 9d 8d 3s] [Tc]
*** SHOW DOWN ***
mo6eenika: shows [Ac Ah] (a pair of Aces)
3EPH: shows [As 5d] (high card Ace)
mo6eenika collected $25.20 from pot
*** SUMMARY ***
Total pot $26.20 | Rake $1 
Board [6s 9d 8d 3s Tc]
Seat 2: 3EPH (button) (small blind) showed [As 5d] and lost with high card Ace
Seat 5: mo6eenika (big blind) showed [Ac Ah] and won ($25.20) with a pair of Aces



PokerStars Hand #254618526115:  Hold'em No Limit ($0.50/$1.00 USD) - 2025/01/30 8:05:41 WET [2025/01/30 3:05:41 ET]
Table 'Rigel' 6-max Seat #5 is the button
Seat 2: 3EPH ($105.62 in chips) 
Seat 5: mo6eenika ($25.20 in chips) 
mo6eenika: posts small blind $0.50
3EPH: posts big blind $1
*** HOLE CARDS ***
mo6eenika: raises $1 to $2
3EPH: calls $1
*** FLOP *** [8c 6d Qd]
3EPH: checks 
mo6eenika: checks 
*** TURN *** [8c 6d Qd] [Qs]
3EPH: checks 
mo6eenika: checks 
*** RIVER *** [8c 6d Qd Qs] [8h]
3EPH: checks 
mo6eenika: checks 
*** SHOW DOWN ***
3EPH: shows [Jc 7c] (two pair, Queens and Eights)
mo6eenika: shows [2s Ah] (two pair, Queens and Eights - Ace kicker)
mo6eenika collected $3.80 from pot
*** SUMMARY ***
Total pot $4 | Rake $0.20 
Board [8c 6d Qd Qs 8h]
Seat 2: 3EPH (big blind) showed [Jc 7c] and lost with two pair, Queens and Eights
Seat 5: mo6eenika (button) (small blind) showed [2s Ah] and won ($3.80) with two pair, Queens and Eights



PokerStars Hand #254618527574:  Hold'em No Limit ($0.50/$1.00 USD) - 2025/01/30 8:06:01 WET [2025/01/30 3:06:01 ET]
Table 'Rigel' 6-max Seat #2 is the button
Seat 2: 3EPH ($103.62 in chips) 
Seat 5: mo6eenika ($27 in chips) 
3EPH: posts small blind $0.50
mo6eenika: posts big blind $1
*** HOLE CARDS ***
3EPH: raises $1 to $2
mo6eenika: folds 
Uncalled bet ($1) returned to 3EPH
3EPH collected $2 from pot
3EPH: doesn't show hand 
*** SUMMARY ***
Total pot $2 | Rake $0 
Seat 2: 3EPH (button) (small blind) collected ($2)
Seat 5: mo6eenika (big blind) folded before Flop



PokerStars Hand #254618528322:  Hold'em No Limit ($0.50/$1.00 USD) - 2025/01/30 8:06:11 WET [2025/01/30 3:06:11 ET]
Table 'Rigel' 6-max Seat #5 is the button
Seat 2: 3EPH ($104.62 in chips) 
Seat 5: mo6eenika ($26 in chips) 
mo6eenika: posts small blind $0.50
3EPH: posts big blind $1
*** HOLE CARDS ***
mo6eenika: folds 
Uncalled bet ($0.50) returned to 3EPH
3EPH collected $1 from pot
3EPH: doesn't show hand 
*** SUMMARY ***
Total pot $1 | Rake $0 
Seat 2: 3EPH (big blind) collected ($1)
Seat 5: mo6eenika (button) (small blind) folded before Flop



PokerStars Hand #254618528797:  Hold'em No Limit ($0.50/$1.00 USD) - 2025/01/30 8:06:17 WET [2025/01/30 3:06:17 ET]
Table 'Rigel' 6-max Seat #2 is the button
Seat 2: 3EPH ($105.12 in chips) 
Seat 5: mo6eenika ($25.50 in chips) 
3EPH: posts small blind $0.50
mo6eenika: posts big blind $1
*** HOLE CARDS ***
3EPH: raises $1 to $2
mo6eenika: calls $1
*** FLOP *** [Ah 9h 9c]
mo6eenika: checks 
3EPH: checks 
*** TURN *** [Ah 9h 9c] [4d]
mo6eenika: checks 
3EPH: checks 
*** RIVER *** [Ah 9h 9c 4d] [3c]
mo6eenika: checks 
3EPH: checks 
*** SHOW DOWN ***
mo6eenika: shows [6c Jc] (a pair of Nines)
3EPH: shows [Kd 8h] (a pair of Nines - Ace+King kicker)
3EPH collected $3.80 from pot
*** SUMMARY ***
Total pot $4 | Rake $0.20 
Board [Ah 9h 9c 4d 3c]
Seat 2: 3EPH (button) (small blind) showed [Kd 8h] and won ($3.80) with a pair of Nines
Seat 5: mo6eenika (big blind) showed [6c Jc] and lost with a pair of Nines



PokerStars Hand #254618531889:  Hold'em No Limit ($0.50/$1.00 USD) - 2025/01/30 8:06:58 WET [2025/01/30 3:06:58 ET]
Table 'Rigel' 6-max Seat #5 is the button
Seat 2: 3EPH ($106.92 in chips) 
Seat 5: mo6eenika ($23.50 in chips) 
mo6eenika: posts small blind $0.50
3EPH: posts big blind $1
*** HOLE CARDS ***
mo6eenika: raises $1 to $2
3EPH: folds 
Uncalled bet ($1) returned to mo6eenika
mo6eenika collected $2 from pot
*** SUMMARY ***
Total pot $2 | Rake $0 
Seat 2: 3EPH (big blind) folded before Flop
Seat 5: mo6eenika (button) (small blind) collected ($2)



PokerStars Hand #254618533496:  Hold'em No Limit ($0.50/$1.00 USD) - 2025/01/30 8:07:20 WET [2025/01/30 3:07:20 ET]
Table 'Rigel' 6-max Seat #2 is the button
Seat 2: 3EPH ($105.92 in chips) 
Seat 5: mo6eenika ($24.50 in chips) 
3EPH: posts small blind $0.50
mo6eenika: posts big blind $1
*** HOLE CARDS ***
3EPH: folds 
Uncalled bet ($0.50) returned to mo6eenika
mo6eenika collected $1 from pot
*** SUMMARY ***
Total pot $1 | Rake $0 
Seat 2: 3EPH (button) (small blind) folded before Flop
Seat 5: mo6eenika (big blind) collected ($1)



PokerStars Hand #254618533966:  Hold'em No Limit ($0.50/$1.00 USD) - 2025/01/30 8:07:26 WET [2025/01/30 3:07:26 ET]
Table 'Rigel' 6-max Seat #5 is the button
Seat 2: 3EPH ($105.42 in chips) 
Seat 5: mo6eenika ($25 in chips) 
mo6eenika: posts small blind $0.50
3EPH: posts big blind $1
*** HOLE CARDS ***
mo6eenika: raises $1 to $2
3EPH: folds 
Uncalled bet ($1) returned to mo6eenika
mo6eenika collected $2 from pot
*** SUMMARY ***
Total pot $2 | Rake $0 
Seat 2: 3EPH (big blind) folded before Flop
Seat 5: mo6eenika (button) (small blind) collected ($2)



PokerStars Hand #254618534633:  Hold'em No Limit ($0.50/$1.00 USD) - 2025/01/30 8:07:35 WET [2025/01/30 3:07:35 ET]
Table 'Rigel' 6-max Seat #2 is the button
Seat 2: 3EPH ($104.42 in chips) 
Seat 5: mo6eenika ($26 in chips) 
3EPH: posts small blind $0.50
mo6eenika: posts big blind $1
*** HOLE CARDS ***
3EPH: raises $1 to $2
mo6eenika: folds 
Uncalled bet ($1) returned to 3EPH
3EPH collected $2 from pot
3EPH: doesn't show hand 
*** SUMMARY ***
Total pot $2 | Rake $0 
Seat 2: 3EPH (button) (small blind) collected ($2)
Seat 5: mo6eenika (big blind) folded before Flop



PokerStars Hand #254618535738:  Hold'em No Limit ($0.50/$1.00 USD) - 2025/01/30 8:07:50 WET [2025/01/30 3:07:50 ET]
Table 'Rigel' 6-max Seat #5 is the button
Seat 2: 3EPH ($105.42 in chips) 
Seat 5: mo6eenika ($25 in chips) 
mo6eenika: posts small blind $0.50
3EPH: posts big blind $1
*** HOLE CARDS ***
mo6eenika: raises $1 to $2
ka100pka527 joins the table at seat #4 
3EPH: calls $1
*** FLOP *** [8d 2h 7c]
ka100pka527 leaves the table
3EPH: checks 
ka100pka527 joins the table at seat #6 
mo6eenika: checks 
*** TURN *** [8d 2h 7c] [2d]
3EPH: checks 
mo6eenika: checks 
*** RIVER *** [8d 2h 7c 2d] [6h]
3EPH: checks 
mo6eenika: checks 
*** SHOW DOWN ***
3EPH: shows [9c Qc] (a pair of Deuces)
mo6eenika: shows [Kh Qd] (a pair of Deuces - King kicker)
mo6eenika collected $3.80 from pot
*** SUMMARY ***
Total pot $4 | Rake $0.20 
Board [8d 2h 7c 2d 6h]
Seat 2: 3EPH (big blind) showed [9c Qc] and lost with a pair of Deuces
Seat 5: mo6eenika (button) (small blind) showed [Kh Qd] and won ($3.80) with a pair of Deuces



PokerStars Hand #254618538027:  Hold'em No Limit ($0.50/$1.00 USD) - 2025/01/30 8:08:21 WET [2025/01/30 3:08:21 ET]
Table 'Rigel' 6-max Seat #2 is the button
Seat 2: 3EPH ($103.42 in chips) 
Seat 5: mo6eenika ($26.80 in chips) 
Seat 6: ka100pka527 ($100 in chips) 
mo6eenika: posts small blind $0.50
ka100pka527: posts big blind $1
*** HOLE CARDS ***
3EPH: folds 
mo6eenika: calls $0.50
ka100pka527: raises $4 to $5
mo6eenika: folds 
Uncalled bet ($4) returned to ka100pka527
ka100pka527 collected $2 from pot
ka100pka527: doesn't show hand 
*** SUMMARY ***
Total pot $2 | Rake $0 
Seat 2: 3EPH (button) folded before Flop (didn't bet)
Seat 5: mo6eenika (small blind) folded before Flop
Seat 6: ka100pka527 (big blind) collected ($2)



PokerStars Hand #254618539415:  Hold'em No Limit ($0.50/$1.00 USD) - 2025/01/30 8:08:41 WET [2025/01/30 3:08:41 ET]
Table 'Rigel' 6-max Seat #5 is the button
Seat 2: 3EPH ($103.42 in chips) 
Seat 5: mo6eenika ($25.80 in chips) 
Seat 6: ka100pka527 ($101 in chips) 
ka100pka527: posts small blind $0.50
3EPH: posts big blind $1
*** HOLE CARDS ***
mo6eenika: raises $1 to $2
50CandyJoe joins the table at seat #1 
ka100pka527: folds 
3EPH: folds 
Uncalled bet ($1) returned to mo6eenika
mo6eenika collected $2.50 from pot
*** SUMMARY ***
Total pot $2.50 | Rake $0 
Seat 2: 3EPH (big blind) folded before Flop
Seat 5: mo6eenika (button) collected ($2.50)
Seat 6: ka100pka527 (small blind) folded before Flop



PokerStars Hand #254618540621:  Hold'em No Limit ($0.50/$1.00 USD) - 2025/01/30 8:08:58 WET [2025/01/30 3:08:58 ET]
Table 'Rigel' 6-max Seat #6 is the button
Seat 1: 50CandyJoe ($100 in chips) is sitting out
Seat 2: 3EPH ($102.42 in chips) 
Seat 5: mo6eenika ($27.30 in chips) 
Seat 6: ka100pka527 ($100.50 in chips) 
3EPH: posts small blind $0.50
mo6eenika: posts big blind $1
*** HOLE CARDS ***
ka100pka527: raises $1.50 to $2.50
3EPH: folds 
mo6eenika: calls $1.50
*** FLOP *** [6d 4s 8s]
mo6eenika: checks 
ka100pka527: checks 
*** TURN *** [6d 4s 8s] [3c]
mo6eenika: checks 
ka100pka527: checks 
*** RIVER *** [6d 4s 8s 3c] [Kd]
mo6eenika: checks 
ka100pka527: checks 
*** SHOW DOWN ***
mo6eenika: shows [9c Ad] (high card Ace)
ka100pka527: shows [Ac Jd] (high card Ace - King+Jack kicker)
ka100pka527 collected $5.22 from pot
*** SUMMARY ***
Total pot $5.50 | Rake $0.28 
Board [6d 4s 8s 3c Kd]
Seat 1: 50CandyJoe
Seat 2: 3EPH (small blind) folded before Flop
Seat 5: mo6eenika (big blind) showed [9c Ad] and lost with high card Ace
Seat 6: ka100pka527 (button) showed [Ac Jd] and won ($5.22) with high card Ace



PokerStars Hand #254618543591:  Hold'em No Limit ($0.50/$1.00 USD) - 2025/01/30 8:09:37 WET [2025/01/30 3:09:37 ET]
Table 'Rigel' 6-max Seat #2 is the button
Seat 1: 50CandyJoe ($100 in chips) is sitting out
Seat 2: 3EPH ($101.92 in chips) 
Seat 5: mo6eenika ($24.80 in chips) 
Seat 6: ka100pka527 ($103.22 in chips) 
mo6eenika: posts small blind $0.50
ka100pka527: posts big blind $1
50CandyJoe: sits out 
*** HOLE CARDS ***
3EPH: folds 
mo6eenika: raises $1 to $2
ka100pka527: folds 
Uncalled bet ($1) returned to mo6eenika
mo6eenika collected $2 from pot
*** SUMMARY ***
Total pot $2 | Rake $0 
Seat 1: 50CandyJoe
Seat 2: 3EPH (button) folded before Flop (didn't bet)
Seat 5: mo6eenika (small blind) collected ($2)
Seat 6: ka100pka527 (big blind) folded before Flop



PokerStars Hand #254618544460:  Hold'em No Limit ($0.50/$1.00 USD) - 2025/01/30 8:09:49 WET [2025/01/30 3:09:49 ET]
Table 'Rigel' 6-max Seat #5 is the button
Seat 1: 50CandyJoe ($100 in chips) 
Seat 2: 3EPH ($101.92 in chips) 
Seat 5: mo6eenika ($25.80 in chips) 
Seat 6: ka100pka527 ($102.22 in chips) 
ka100pka527: posts small blind $0.50
50CandyJoe: posts big blind $1
*** HOLE CARDS ***
3EPH: raises $1.50 to $2.50
mo6eenika: folds 
ka100pka527: folds 
50CandyJoe: folds 
Uncalled bet ($1.50) returned to 3EPH
3EPH collected $2.50 from pot
3EPH: doesn't show hand 
*** SUMMARY ***
Total pot $2.50 | Rake $0 
Seat 1: 50CandyJoe (big blind) folded before Flop
Seat 2: 3EPH collected ($2.50)
Seat 5: mo6eenika (button) folded before Flop (didn't bet)
Seat 6: ka100pka527 (small blind) folded before Flop



PokerStars Hand #254618545831:  Hold'em No Limit ($0.50/$1.00 USD) - 2025/01/30 8:10:08 WET [2025/01/30 3:10:08 ET]
Table 'Rigel' 6-max Seat #6 is the button
Seat 1: 50CandyJoe ($100 in chips) 
Seat 2: 3EPH ($103.42 in chips) 
Seat 5: mo6eenika ($25.80 in chips) 
Seat 6: ka100pka527 ($101.72 in chips) 
50CandyJoe: posts small blind $0.50
3EPH: posts big blind $1
*** HOLE CARDS ***
mo6eenika: folds 
ka100pka527: raises $1.50 to $2.50
50CandyJoe: folds 
3EPH: folds 
Uncalled bet ($1.50) returned to ka100pka527
ka100pka527 collected $2.50 from pot
ka100pka527: doesn't show hand 
*** SUMMARY ***
Total pot $2.50 | Rake $0 
Seat 1: 50CandyJoe (small blind) folded before Flop
Seat 2: 3EPH (big blind) folded before Flop
Seat 5: mo6eenika folded before Flop (didn't bet)
Seat 6: ka100pka527 (button) collected ($2.50)



PokerStars Hand #254618546865:  Hold'em No Limit ($0.50/$1.00 USD) - 2025/01/30 8:10:22 WET [2025/01/30 3:10:22 ET]
Table 'Rigel' 6-max Seat #1 is the button
Seat 1: 50CandyJoe ($100 in chips) 
Seat 2: 3EPH ($102.42 in chips) 
Seat 5: mo6eenika ($25.80 in chips) 
Seat 6: ka100pka527 ($103.22 in chips) 
3EPH: posts small blind $0.50
mo6eenika: posts big blind $1
*** HOLE CARDS ***
ka100pka527: folds 
50CandyJoe: folds 
3EPH: raises $2 to $3
mo6eenika: calls $2
*** FLOP *** [6c 9h Jd]
3EPH: checks 
mo6eenika: bets $2
3EPH: folds 
Uncalled bet ($2) returned to mo6eenika
mo6eenika collected $5.70 from pot
*** SUMMARY ***
Total pot $6 | Rake $0.30 
Board [6c 9h Jd]
Seat 1: 50CandyJoe (button) folded before Flop (didn't bet)
Seat 2: 3EPH (small blind) folded on the Flop
Seat 5: mo6eenika (big blind) collected ($5.70)
Seat 6: ka100pka527 folded before Flop (didn't bet)



PokerStars Hand #254618548716:  Hold'em No Limit ($0.50/$1.00 USD) - 2025/01/30 8:10:47 WET [2025/01/30 3:10:47 ET]
Table 'Rigel' 6-max Seat #2 is the button
Seat 1: 50CandyJoe ($100 in chips) 
Seat 2: 3EPH ($100 in chips) 
Seat 5: mo6eenika ($28.50 in chips) 
Seat 6: ka100pka527 ($103.22 in chips) 
mo6eenika: posts small blind $0.50
ka100pka527: posts big blind $1
*** HOLE CARDS ***
50CandyJoe: folds 
3EPH: folds 
mo6eenika: folds 
Uncalled bet ($0.50) returned to ka100pka527
ka100pka527 collected $1 from pot
ka100pka527: doesn't show hand 
*** SUMMARY ***
Total pot $1 | Rake $0 
Seat 1: 50CandyJoe folded before Flop (didn't bet)
Seat 2: 3EPH (button) folded before Flop (didn't bet)
Seat 5: mo6eenika (small blind) folded before Flop
Seat 6: ka100pka527 (big blind) collected ($1)



PokerStars Hand #254618549907:  Hold'em No Limit ($0.50/$1.00 USD) - 2025/01/30 8:11:03 WET [2025/01/30 3:11:03 ET]
Table 'Rigel' 6-max Seat #5 is the button
Seat 1: 50CandyJoe ($100 in chips) 
Seat 2: 3EPH ($100 in chips) 
Seat 5: mo6eenika ($28 in chips) 
Seat 6: ka100pka527 ($103.72 in chips) 
ka100pka527: posts small blind $0.50
50CandyJoe: posts big blind $1
*** HOLE CARDS ***
3EPH: raises $1.50 to $2.50
mo6eenika: folds 
ka100pka527: folds 
50CandyJoe: folds 
Uncalled bet ($1.50) returned to 3EPH
3EPH collected $2.50 from pot
3EPH: doesn't show hand 
*** SUMMARY ***
Total pot $2.50 | Rake $0 
Seat 1: 50CandyJoe (big blind) folded before Flop
Seat 2: 3EPH collected ($2.50)
Seat 5: mo6eenika (button) folded before Flop (didn't bet)
Seat 6: ka100pka527 (small blind) folded before Flop



PokerStars Hand #254618551064:  Hold'em No Limit ($0.50/$1.00 USD) - 2025/01/30 8:11:19 WET [2025/01/30 3:11:19 ET]
Table 'Rigel' 6-max Seat #6 is the button
Seat 2: 3EPH ($101.50 in chips) is sitting out
Seat 1: 50CandyJoe ($100 in chips) 
Seat 5: mo6eenika ($28 in chips) 
Seat 6: ka100pka527 ($103.22 in chips) 
50CandyJoe: posts small blind $0.50
3EPH: is sitting out 
mo6eenika: posts big blind $1
*** HOLE CARDS ***
ka100pka527: raises $1.50 to $2.50
3EPH leaves the table
50CandyJoe: folds 
mo6eenika: calls $1.50
*** FLOP *** [Qs Tc Th]
mo6eenika: checks 
ka100pka527: checks 
*** TURN *** [Qs Tc Th] [Ks]
mo6eenika: checks 
ka100pka527: checks 
*** RIVER *** [Qs Tc Th Ks] [4h]
mo6eenika: bets $3
ka100pka527: folds 
Uncalled bet ($3) returned to mo6eenika
mo6eenika collected $5.22 from pot
*** SUMMARY ***
Total pot $5.50 | Rake $0.28 
Board [Qs Tc Th Ks 4h]
Seat 2: 3EPH
Seat 1: 50CandyJoe (small blind) folded before Flop
Seat 5: mo6eenika (big blind) collected ($5.22)
Seat 6: ka100pka527 (button) folded on the River



PokerStars Hand #254618555285:  Hold'em No Limit ($0.50/$1.00 USD) - 2025/01/30 8:12:15 WET [2025/01/30 3:12:15 ET]
Table 'Rigel' 6-max Seat #1 is the button
Seat 1: 50CandyJoe ($100 in chips) 
Seat 5: mo6eenika ($30.72 in chips) 
Seat 6: ka100pka527 ($100.72 in chips) 
mo6eenika: posts small blind $0.50
ka100pka527: posts big blind $1
*** HOLE CARDS ***
50CandyJoe: folds 
mo6eenika: raises $1 to $2
ka100pka527: calls $1
*** FLOP *** [6d 5d Jh]
mo6eenika: checks 
ka100pka527: bets $2.05
mo6eenika: calls $2.05
*** TURN *** [6d 5d Jh] [Kh]
mo6eenika: checks 
ka100pka527: checks 
*** RIVER *** [6d 5d Jh Kh] [7c]
mo6eenika: bets $2
ka100pka527: calls $2
*** SHOW DOWN ***
mo6eenika: shows [Ks Ts] (a pair of Kings)
ka100pka527: mucks hand 
mo6eenika collected $11.50 from pot
*** SUMMARY ***
Total pot $12.10 | Rake $0.60 
Board [6d 5d Jh Kh 7c]
Seat 1: 50CandyJoe (button) folded before Flop (didn't bet)
Seat 5: mo6eenika (small blind) showed [Ks Ts] and won ($11.50) with a pair of Kings
Seat 6: ka100pka527 (big blind) mucked



PokerStars Hand #254618557564:  Hold'em No Limit ($0.50/$1.00 USD) - 2025/01/30 8:12:46 WET [2025/01/30 3:12:46 ET]
Table 'Rigel' 6-max Seat #5 is the button
Seat 1: 50CandyJoe ($100 in chips) 
Seat 5: mo6eenika ($36.17 in chips) 
Seat 6: ka100pka527 ($100 in chips) 
ka100pka527: posts small blind $0.50
50CandyJoe: posts big blind $1
*** HOLE CARDS ***
mo6eenika: folds 
ka100pka527: folds 
Uncalled bet ($0.50) returned to 50CandyJoe
50CandyJoe collected $1 from pot
50CandyJoe: doesn't show hand 
*** SUMMARY ***
Total pot $1 | Rake $0 
Seat 1: 50CandyJoe (big blind) collected ($1)
Seat 5: mo6eenika (button) folded before Flop (didn't bet)
Seat 6: ka100pka527 (small blind) folded before Flop



PokerStars Hand #254618558340:  Hold'em No Limit ($0.50/$1.00 USD) - 2025/01/30 8:12:56 WET [2025/01/30 3:12:56 ET]
Table 'Rigel' 6-max Seat #6 is the button
Seat 1: 50CandyJoe ($100.50 in chips) 
Seat 5: mo6eenika ($36.17 in chips) 
Seat 6: ka100pka527 ($100 in chips) 
50CandyJoe: posts small blind $0.50
mo6eenika: posts big blind $1
*** HOLE CARDS ***
ka100pka527: raises $1.50 to $2.50
50CandyJoe: folds 
mo6eenika: folds 
Uncalled bet ($1.50) returned to ka100pka527
ka100pka527 collected $2.50 from pot
ka100pka527: doesn't show hand 
*** SUMMARY ***
Total pot $2.50 | Rake $0 
Seat 1: 50CandyJoe (small blind) folded before Flop
Seat 5: mo6eenika (big blind) folded before Flop
Seat 6: ka100pka527 (button) collected ($2.50)



PokerStars Hand #254618559191:  Hold'em No Limit ($0.50/$1.00 USD) - 2025/01/30 8:13:08 WET [2025/01/30 3:13:08 ET]
Table 'Rigel' 6-max Seat #1 is the button
Seat 1: 50CandyJoe ($100 in chips) 
Seat 5: mo6eenika ($35.17 in chips) 
Seat 6: ka100pka527 ($101.50 in chips) 
mo6eenika: posts small blind $0.50
ka100pka527: posts big blind $1
*** HOLE CARDS ***
50CandyJoe: folds 
mo6eenika: raises $2 to $3
ka100pka527: folds 
Uncalled bet ($2) returned to mo6eenika
mo6eenika collected $2 from pot
*** SUMMARY ***
Total pot $2 | Rake $0 
Seat 1: 50CandyJoe (button) folded before Flop (didn't bet)
Seat 5: mo6eenika (small blind) collected ($2)
Seat 6: ka100pka527 (big blind) folded before Flop



PokerStars Hand #254618560599:  Hold'em No Limit ($0.50/$1.00 USD) - 2025/01/30 8:13:27 WET [2025/01/30 3:13:27 ET]
Table 'Rigel' 6-max Seat #5 is the button
Seat 1: 50CandyJoe ($100 in chips) 
Seat 5: mo6eenika ($36.17 in chips) 
Seat 6: ka100pka527 ($100.50 in chips) 
ka100pka527: posts small blind $0.50
50CandyJoe: posts big blind $1
*** HOLE CARDS ***
mo6eenika: folds 
ka100pka527: folds 
Uncalled bet ($0.50) returned to 50CandyJoe
50CandyJoe collected $1 from pot
50CandyJoe: doesn't show hand 
*** SUMMARY ***
Total pot $1 | Rake $0 
Seat 1: 50CandyJoe (big blind) collected ($1)
Seat 5: mo6eenika (button) folded before Flop (didn't bet)
Seat 6: ka100pka527 (small blind) folded before Flop



PokerStars Hand #254618561572:  Hold'em No Limit ($0.50/$1.00 USD) - 2025/01/30 8:13:40 WET [2025/01/30 3:13:40 ET]
Table 'Rigel' 6-max Seat #6 is the button
Seat 1: 50CandyJoe ($100.50 in chips) 
Seat 5: mo6eenika ($36.17 in chips) 
Seat 6: ka100pka527 ($100 in chips) 
50CandyJoe: posts small blind $0.50
mo6eenika: posts big blind $1
*** HOLE CARDS ***
ka100pka527: raises $1.50 to $2.50
50CandyJoe: folds 
mo6eenika: calls $1.50
*** FLOP *** [6h 5d Tc]
mo6eenika: checks 
ka100pka527: bets $1.72
mo6eenika: calls $1.72
*** TURN *** [6h 5d Tc] [Kd]
mo6eenika: checks 
ka100pka527: checks 
*** RIVER *** [6h 5d Tc Kd] [2c]
mo6eenika: checks 
ka100pka527: checks 
*** SHOW DOWN ***
mo6eenika: shows [Ts Js] (a pair of Tens)
ka100pka527: mucks hand 
mo6eenika collected $8.49 from pot
*** SUMMARY ***
Total pot $8.94 | Rake $0.45 
Board [6h 5d Tc Kd 2c]
Seat 1: 50CandyJoe (small blind) folded before Flop
Seat 5: mo6eenika (big blind) showed [Ts Js] and won ($8.49) with a pair of Tens
Seat 6: ka100pka527 (button) mucked



PokerStars Hand #254618565502:  Hold'em No Limit ($0.50/$1.00 USD) - 2025/01/30 8:14:32 WET [2025/01/30 3:14:32 ET]
Table 'Rigel' 6-max Seat #1 is the button
Seat 1: 50CandyJoe ($100 in chips) 
Seat 5: mo6eenika ($40.44 in chips) 
Seat 6: ka100pka527 ($100 in chips) 
mo6eenika: posts small blind $0.50
ka100pka527: posts big blind $1
*** HOLE CARDS ***
50CandyJoe: folds 
mo6eenika: calls $0.50
ka100pka527: raises $4 to $5
mo6eenika: folds 
Uncalled bet ($4) returned to ka100pka527
ka100pka527 collected $2 from pot
ka100pka527: doesn't show hand 
*** SUMMARY ***
Total pot $2 | Rake $0 
Seat 1: 50CandyJoe (button) folded before Flop (didn't bet)
Seat 5: mo6eenika (small blind) folded before Flop
Seat 6: ka100pka527 (big blind) collected ($2)



PokerStars Hand #254618567241:  Hold'em No Limit ($0.50/$1.00 USD) - 2025/01/30 8:14:56 WET [2025/01/30 3:14:56 ET]
Table 'Rigel' 6-max Seat #5 is the button
Seat 1: 50CandyJoe ($100 in chips) 
Seat 5: mo6eenika ($39.44 in chips) 
Seat 6: ka100pka527 ($101 in chips) 
ka100pka527: posts small blind $0.50
50CandyJoe: posts big blind $1
*** HOLE CARDS ***
mo6eenika: folds 
ka100pka527: folds 
Uncalled bet ($0.50) returned to 50CandyJoe
50CandyJoe collected $1 from pot
50CandyJoe: doesn't show hand 
*** SUMMARY ***
Total pot $1 | Rake $0 
Seat 1: 50CandyJoe (big blind) collected ($1)
Seat 5: mo6eenika (button) folded before Flop (didn't bet)
Seat 6: ka100pka527 (small blind) folded before Flop



PokerStars Hand #254618568029:  Hold'em No Limit ($0.50/$1.00 USD) - 2025/01/30 8:15:06 WET [2025/01/30 3:15:06 ET]
Table 'Rigel' 6-max Seat #6 is the button
Seat 1: 50CandyJoe ($100.50 in chips) 
Seat 5: mo6eenika ($39.44 in chips) 
Seat 6: ka100pka527 ($100.50 in chips) 
50CandyJoe: posts small blind $0.50
mo6eenika: posts big blind $1
*** HOLE CARDS ***
ka100pka527: raises $1.50 to $2.50
50CandyJoe: folds 
mo6eenika: calls $1.50
*** FLOP *** [8h 8d Qh]
mo6eenika: checks 
ka100pka527: checks 
*** TURN *** [8h 8d Qh] [2c]
mo6eenika: bets $2
ka100pka527: folds 
Uncalled bet ($2) returned to mo6eenika
mo6eenika collected $5.22 from pot
*** SUMMARY ***
Total pot $5.50 | Rake $0.28 
Board [8h 8d Qh 2c]
Seat 1: 50CandyJoe (small blind) folded before Flop
Seat 5: mo6eenika (big blind) collected ($5.22)
Seat 6: ka100pka527 (button) folded on the Turn



PokerStars Hand #254618570787:  Hold'em No Limit ($0.50/$1.00 USD) - 2025/01/30 8:15:43 WET [2025/01/30 3:15:43 ET]
Table 'Rigel' 6-max Seat #1 is the button
Seat 1: 50CandyJoe ($100 in chips) 
Seat 5: mo6eenika ($42.16 in chips) 
Seat 6: ka100pka527 ($100 in chips) 
mo6eenika: posts small blind $0.50
ka100pka527: posts big blind $1
*** HOLE CARDS ***
50CandyJoe: raises $1.50 to $2.50
mo6eenika: calls $2
ka100pka527: folds 
*** FLOP *** [Kd Qh 5c]
CashfishT joins the table at seat #2 
mo6eenika: checks 
50CandyJoe: bets $1.88
mo6eenika: folds 
Uncalled bet ($1.88) returned to 50CandyJoe
50CandyJoe collected $5.70 from pot
50CandyJoe: doesn't show hand 
*** SUMMARY ***
Total pot $6 | Rake $0.30 
Board [Kd Qh 5c]
Seat 1: 50CandyJoe (button) collected ($5.70)
Seat 5: mo6eenika (small blind) folded on the Flop
Seat 6: ka100pka527 (big blind) folded before Flop



PokerStars Hand #254618572592:  Hold'em No Limit ($0.50/$1.00 USD) - 2025/01/30 8:16:07 WET [2025/01/30 3:16:07 ET]
Table 'Rigel' 6-max Seat #5 is the button
Seat 2: CashfishT ($101.50 in chips) is sitting out
Seat 1: 50CandyJoe ($103.20 in chips) 
Seat 5: mo6eenika ($39.66 in chips) 
Seat 6: ka100pka527 ($100 in chips) 
ka100pka527: posts small blind $0.50
50CandyJoe: posts big blind $1
CashfishT: sits out 
*** HOLE CARDS ***
mo6eenika: folds 
ka100pka527: folds 
Uncalled bet ($0.50) returned to 50CandyJoe
50CandyJoe collected $1 from pot
50CandyJoe: doesn't show hand 
*** SUMMARY ***
Total pot $1 | Rake $0 
Seat 2: CashfishT
Seat 1: 50CandyJoe (big blind) collected ($1)
Seat 5: mo6eenika (button) folded before Flop (didn't bet)
Seat 6: ka100pka527 (small blind) folded before Flop



PokerStars Hand #254618573383:  Hold'em No Limit ($0.50/$1.00 USD) - 2025/01/30 8:16:18 WET [2025/01/30 3:16:18 ET]
Table 'Rigel' 6-max Seat #6 is the button
Seat 1: 50CandyJoe ($103.70 in chips) 
Seat 2: CashfishT ($101.50 in chips) 
Seat 5: mo6eenika ($39.66 in chips) 
Seat 6: ka100pka527 ($100 in chips) 
50CandyJoe: posts small blind $0.50
CashfishT: posts big blind $1
*** HOLE CARDS ***
mo6eenika: folds 
ka100pka527: folds 
50CandyJoe: raises $2 to $3
CashfishT: folds 
Uncalled bet ($2) returned to 50CandyJoe
50CandyJoe collected $2 from pot
50CandyJoe: doesn't show hand 
*** SUMMARY ***
Total pot $2 | Rake $0 
Seat 1: 50CandyJoe (small blind) collected ($2)
Seat 2: CashfishT (big blind) folded before Flop
Seat 5: mo6eenika folded before Flop (didn't bet)
Seat 6: ka100pka527 (button) folded before Flop (didn't bet)



PokerStars Hand #254618473333:  Hold'em No Limit ($0.50/$1.00 USD) - 2025/01/30 7:53:03 WET [2025/01/30 2:53:03 ET]
Table 'Rigel' 6-max Seat #3 is the button
Seat 4: gudinho0710 ($200.17 in chips) is sitting out
Seat 1: 3EPH ($111.11 in chips) 
Seat 2: himqa ($110.69 in chips) 
Seat 3: Pon4uk.ua ($100 in chips) 
Seat 5: CashfishT ($100 in chips) 
Seat 6: Tzaf23 ($44.66 in chips) 
CashfishT: posts small blind $0.50
Tzaf23: posts big blind $1
*** HOLE CARDS ***
3EPH: raises $1.50 to $2.50
himqa: folds 
Pon4uk.ua: folds 
CashfishT: folds 
Tzaf23: calls $1.50
*** FLOP *** [9d Th 2h]
Tzaf23: checks 
3EPH: checks 
*** TURN *** [9d Th 2h] [3d]
Tzaf23: bets $4
3EPH: calls $4
*** RIVER *** [9d Th 2h 3d] [8d]
Tzaf23: bets $10
3EPH: folds 
Uncalled bet ($10) returned to Tzaf23
Tzaf23 collected $12.82 from pot
*** SUMMARY ***
Total pot $13.50 | Rake $0.68 
Board [9d Th 2h 3d 8d]
Seat 4: gudinho0710
Seat 1: 3EPH folded on the River
Seat 2: himqa folded before Flop (didn't bet)
Seat 3: Pon4uk.ua (button) folded before Flop (didn't bet)
Seat 5: CashfishT (small blind) folded before Flop
Seat 6: Tzaf23 (big blind) collected ($12.82)



PokerStars Hand #254618478649:  Hold'em No Limit ($0.50/$1.00 USD) - 2025/01/30 7:54:15 WET [2025/01/30 2:54:15 ET]
Table 'Rigel' 6-max Seat #5 is the button
Seat 4: gudinho0710 ($200.17 in chips) is sitting out
Seat 1: 3EPH ($104.61 in chips) 
Seat 2: himqa ($110.69 in chips) 
Seat 3: Pon4uk.ua ($100 in chips) 
Seat 5: CashfishT ($100 in chips) 
Seat 6: Tzaf23 ($50.98 in chips) 
Tzaf23: posts small blind $0.50
3EPH: posts big blind $1
gudinho0710: sits out 
*** HOLE CARDS ***
himqa: raises $1.50 to $2.50
Pon4uk.ua: folds 
CashfishT: folds 
Tzaf23: raises $1.50 to $4
3EPH: folds 
himqa: raises $106.69 to $110.69 and is all-in
Tzaf23: folds 
Uncalled bet ($106.69) returned to himqa
himqa collected $9 from pot
himqa: doesn't show hand 
*** SUMMARY ***
Total pot $9 | Rake $0 
Seat 4: gudinho0710
Seat 1: 3EPH (big blind) folded before Flop
Seat 2: himqa collected ($9)
Seat 3: Pon4uk.ua folded before Flop (didn't bet)
Seat 5: CashfishT (button) folded before Flop (didn't bet)
Seat 6: Tzaf23 (small blind) folded before Flop



PokerStars Hand #254618481169:  Hold'em No Limit ($0.50/$1.00 USD) - 2025/01/30 7:54:48 WET [2025/01/30 2:54:48 ET]
Table 'Rigel' 6-max Seat #6 is the button
Seat 4: gudinho0710 ($200.17 in chips) is sitting out
Seat 1: 3EPH ($103.61 in chips) 
Seat 2: himqa ($115.69 in chips) 
Seat 3: Pon4uk.ua ($100 in chips) 
Seat 5: CashfishT ($100 in chips) 
Seat 6: Tzaf23 ($46.98 in chips) 
3EPH: posts small blind $0.50
himqa: posts big blind $1
gudinho0710: sits out 
*** HOLE CARDS ***
Pon4uk.ua: folds 
CashfishT: folds 
Tzaf23: raises $1 to $2
3EPH: folds 
himqa: folds 
Uncalled bet ($1) returned to Tzaf23
Tzaf23 collected $2.50 from pot
*** SUMMARY ***
Total pot $2.50 | Rake $0 
Seat 4: gudinho0710
Seat 1: 3EPH (small blind) folded before Flop
Seat 2: himqa (big blind) folded before Flop
Seat 3: Pon4uk.ua folded before Flop (didn't bet)
Seat 5: CashfishT folded before Flop (didn't bet)
Seat 6: Tzaf23 (button) collected ($2.50)



PokerStars Hand #254618482232:  Hold'em No Limit ($0.50/$1.00 USD) - 2025/01/30 7:55:03 WET [2025/01/30 2:55:03 ET]
Table 'Rigel' 6-max Seat #1 is the button
Seat 4: gudinho0710 ($200.17 in chips) is sitting out
Seat 1: 3EPH ($103.11 in chips) 
Seat 2: himqa ($114.69 in chips) 
Seat 3: Pon4uk.ua ($100 in chips) 
Seat 5: CashfishT ($100 in chips) 
Seat 6: Tzaf23 ($48.48 in chips) 
himqa: posts small blind $0.50
Pon4uk.ua: posts big blind $1
gudinho0710: sits out 
*** HOLE CARDS ***
CashfishT: folds 
Tzaf23: calls $1
3EPH: folds 
himqa: folds 
Pon4uk.ua: checks 
*** FLOP *** [2d 9h Th]
Pon4uk.ua: checks 
Tzaf23: bets $2
Pon4uk.ua: folds 
Uncalled bet ($2) returned to Tzaf23
Tzaf23 collected $2.38 from pot
*** SUMMARY ***
Total pot $2.50 | Rake $0.12 
Board [2d 9h Th]
Seat 4: gudinho0710
Seat 1: 3EPH (button) folded before Flop (didn't bet)
Seat 2: himqa (small blind) folded before Flop
Seat 3: Pon4uk.ua (big blind) folded on the Flop
Seat 5: CashfishT folded before Flop (didn't bet)
Seat 6: Tzaf23 collected ($2.38)



PokerStars Hand #254618483957:  Hold'em No Limit ($0.50/$1.00 USD) - 2025/01/30 7:55:29 WET [2025/01/30 2:55:29 ET]
Table 'Rigel' 6-max Seat #2 is the button
Seat 1: 3EPH ($103.11 in chips) 
Seat 2: himqa ($114.19 in chips) 
Seat 3: Pon4uk.ua ($100 in chips) 
Seat 4: gudinho0710 ($200.17 in chips) 
Seat 5: CashfishT ($100 in chips) 
Seat 6: Tzaf23 ($49.86 in chips) 
Pon4uk.ua: posts small blind $0.50
gudinho0710: posts big blind $1
*** HOLE CARDS ***
CashfishT: folds 
Tzaf23: folds 
3EPH: folds 
himqa: raises $1.50 to $2.50
Pon4uk.ua: folds 
gudinho0710 has timed out
gudinho0710: folds 
Uncalled bet ($1.50) returned to himqa
himqa collected $2.50 from pot
himqa: doesn't show hand 
*** SUMMARY ***
Total pot $2.50 | Rake $0 
Seat 1: 3EPH folded before Flop (didn't bet)
Seat 2: himqa (button) collected ($2.50)
Seat 3: Pon4uk.ua (small blind) folded before Flop
Seat 4: gudinho0710 (big blind) folded before Flop
Seat 5: CashfishT folded before Flop (didn't bet)
Seat 6: Tzaf23 folded before Flop (didn't bet)



PokerStars Hand #254618485817:  Hold'em No Limit ($0.50/$1.00 USD) - 2025/01/30 7:55:58 WET [2025/01/30 2:55:58 ET]
Table 'Rigel' 6-max Seat #3 is the button
Seat 4: gudinho0710 ($199.17 in chips) is sitting out
Seat 1: 3EPH ($103.11 in chips) 
Seat 2: himqa ($115.69 in chips) 
Seat 3: Pon4uk.ua ($100 in chips) 
Seat 5: CashfishT ($100 in chips) 
Seat 6: Tzaf23 ($49.86 in chips) 
CashfishT: posts small blind $0.50
Tzaf23: posts big blind $1
*** HOLE CARDS ***
3EPH: folds 
himqa: raises $1.50 to $2.50
Pon4uk.ua: folds 
CashfishT: folds 
Tzaf23: folds 
Uncalled bet ($1.50) returned to himqa
himqa collected $2.50 from pot
himqa: doesn't show hand 
*** SUMMARY ***
Total pot $2.50 | Rake $0 
Seat 4: gudinho0710
Seat 1: 3EPH folded before Flop (didn't bet)
Seat 2: himqa collected ($2.50)
Seat 3: Pon4uk.ua (button) folded before Flop (didn't bet)
Seat 5: CashfishT (small blind) folded before Flop
Seat 6: Tzaf23 (big blind) folded before Flop



PokerStars Hand #254618487450:  Hold'em No Limit ($0.50/$1.00 USD) - 2025/01/30 7:56:22 WET [2025/01/30 2:56:22 ET]
Table 'Rigel' 6-max Seat #5 is the button
Seat 4: gudinho0710 ($199.17 in chips) is sitting out
Seat 1: 3EPH ($103.11 in chips) 
Seat 2: himqa ($117.19 in chips) 
Seat 3: Pon4uk.ua ($100 in chips) 
Seat 5: CashfishT ($100 in chips) 
Seat 6: Tzaf23 ($48.86 in chips) 
Tzaf23: posts small blind $0.50
3EPH: posts big blind $1
*** HOLE CARDS ***
himqa: raises $1.50 to $2.50
Pon4uk.ua: folds 
CashfishT: folds 
Tzaf23: raises $1.50 to $4
3EPH: folds 
himqa: raises $12 to $16
Tzaf23: raises $32.86 to $48.86 and is all-in
himqa: calls $32.86
*** FLOP *** [6h 3d 8c]
*** TURN *** [6h 3d 8c] [As]
*** RIVER *** [6h 3d 8c As] [3s]
*** SHOW DOWN ***
Tzaf23: shows [Th Ts] (two pair, Tens and Threes)
himqa: shows [Qs Qd] (two pair, Queens and Threes)
himqa collected $96.22 from pot
*** SUMMARY ***
Total pot $98.72 | Rake $2.50 
Board [6h 3d 8c As 3s]
Seat 4: gudinho0710
Seat 1: 3EPH (big blind) folded before Flop
Seat 2: himqa showed [Qs Qd] and won ($96.22) with two pair, Queens and Threes
Seat 3: Pon4uk.ua folded before Flop (didn't bet)
Seat 5: CashfishT (button) folded before Flop (didn't bet)
Seat 6: Tzaf23 (small blind) showed [Th Ts] and lost with two pair, Tens and Threes



PokerStars Hand #254618489375:  Hold'em No Limit ($0.50/$1.00 USD) - 2025/01/30 7:56:52 WET [2025/01/30 2:56:52 ET]
Table 'Rigel' 6-max Seat #1 is the button
Seat 4: gudinho0710 ($199.17 in chips) is sitting out
Seat 6: Tzaf23 ($0 in chips) is sitting out
Seat 1: 3EPH ($102.11 in chips) 
Seat 2: himqa ($164.55 in chips) 
Seat 3: Pon4uk.ua ($100 in chips) 
Seat 5: CashfishT ($100 in chips) 
himqa: posts small blind $0.50
Pon4uk.ua: posts big blind $1
*** HOLE CARDS ***
CashfishT: folds 
3EPH: folds 
himqa: folds 
Uncalled bet ($0.50) returned to Pon4uk.ua
Pon4uk.ua collected $1 from pot
Pon4uk.ua: doesn't show hand 
Tzaf23 leaves the table
*** SUMMARY ***
Total pot $1 | Rake $0 
Seat 4: gudinho0710
Seat 6: Tzaf23
Seat 1: 3EPH (button) folded before Flop (didn't bet)
Seat 2: himqa (small blind) folded before Flop
Seat 3: Pon4uk.ua (big blind) collected ($1)
Seat 5: CashfishT folded before Flop (didn't bet)



PokerStars Hand #254618490096:  Hold'em No Limit ($0.50/$1.00 USD) - 2025/01/30 7:57:03 WET [2025/01/30 2:57:03 ET]
Table 'Rigel' 6-max Seat #2 is the button
Seat 4: gudinho0710 ($199.17 in chips) is sitting out
Seat 1: 3EPH ($102.11 in chips) 
Seat 2: himqa ($164.05 in chips) 
Seat 5: CashfishT ($100 in chips) 
CashfishT: posts small blind $0.50
3EPH: posts big blind $1
*** HOLE CARDS ***
himqa: folds 
CashfishT: folds 
Uncalled bet ($0.50) returned to 3EPH
3EPH collected $1 from pot
3EPH: doesn't show hand 
*** SUMMARY ***
Total pot $1 | Rake $0 
Seat 4: gudinho0710
Seat 1: 3EPH (big blind) collected ($1)
Seat 2: himqa (button) folded before Flop (didn't bet)
Seat 5: CashfishT (small blind) folded before Flop



PokerStars Hand #254618490704:  Hold'em No Limit ($0.50/$1.00 USD) - 2025/01/30 7:57:13 WET [2025/01/30 2:57:13 ET]
Table 'Rigel' 6-max Seat #5 is the button
Seat 4: gudinho0710 ($199.17 in chips) is sitting out
Seat 1: 3EPH ($102.61 in chips) 
Seat 2: himqa ($164.05 in chips) 
Seat 5: CashfishT ($100 in chips) 
3EPH: posts small blind $0.50
himqa: posts big blind $1
*** HOLE CARDS ***
CashfishT: raises $1.20 to $2.20
3EPH: folds 
himqa: folds 
Uncalled bet ($1.20) returned to CashfishT
CashfishT collected $2.50 from pot
CashfishT: doesn't show hand 
*** SUMMARY ***
Total pot $2.50 | Rake $0 
Seat 4: gudinho0710
Seat 1: 3EPH (small blind) folded before Flop
Seat 2: himqa (big blind) folded before Flop
Seat 5: CashfishT (button) collected ($2.50)



PokerStars Hand #254618491705:  Hold'em No Limit ($0.50/$1.00 USD) - 2025/01/30 7:57:29 WET [2025/01/30 2:57:29 ET]
Table 'Rigel' 6-max Seat #2 is the button
Seat 4: gudinho0710 ($199.17 in chips) is sitting out
Seat 5: CashfishT ($101.50 in chips) is sitting out
Seat 1: 3EPH ($102.11 in chips) 
Seat 2: himqa ($163.05 in chips) 
himqa: posts small blind $0.50
CashfishT: is sitting out 
3EPH: posts big blind $1
*** HOLE CARDS ***
CashfishT leaves the table
himqa: raises $2 to $3
3EPH: raises $9 to $12
himqa: folds 
Uncalled bet ($9) returned to 3EPH
3EPH collected $6 from pot
3EPH: doesn't show hand 
*** SUMMARY ***
Total pot $6 | Rake $0 
Seat 4: gudinho0710
Seat 5: CashfishT
Seat 1: 3EPH (big blind) collected ($6)
Seat 2: himqa (button) (small blind) folded before Flop



PokerStars Hand #254618492851:  Hold'em No Limit ($0.50/$1.00 USD) - 2025/01/30 7:57:47 WET [2025/01/30 2:57:47 ET]
Table 'Rigel' 6-max Seat #1 is the button
Seat 4: gudinho0710 ($199.17 in chips) is sitting out
Seat 1: 3EPH ($105.11 in chips) 
Seat 2: himqa ($160.05 in chips) 
3EPH: posts small blind $0.50
himqa: posts big blind $1
*** HOLE CARDS ***
3EPH: raises $1.50 to $2.50
himqa: calls $1.50
*** FLOP *** [6c Ad 4s]
himqa: checks 
3EPH: bets $1.57
himqa: folds 
Uncalled bet ($1.57) returned to 3EPH
3EPH collected $4.75 from pot
3EPH: doesn't show hand 
*** SUMMARY ***
Total pot $5 | Rake $0.25 
Board [6c Ad 4s]
Seat 4: gudinho0710
Seat 1: 3EPH (button) (small blind) collected ($4.75)
Seat 2: himqa (big blind) folded on the Flop



PokerStars Hand #254618574484:  Hold'em No Limit ($0.50/$1.00 USD) - 2025/01/30 8:16:32 WET [2025/01/30 3:16:32 ET]
Table 'Rigel' 6-max Seat #1 is the button
Seat 1: 50CandyJoe ($104.70 in chips) 
Seat 2: CashfishT ($100.50 in chips) 
Seat 5: mo6eenika ($39.66 in chips) 
Seat 6: ka100pka527 ($100 in chips) 
CashfishT: posts small blind $0.50
mo6eenika: posts big blind $1
*** HOLE CARDS ***
ka100pka527: folds 
50CandyJoe: folds 
CashfishT: raises $2 to $3
mo6eenika: calls $2
*** FLOP *** [Kh 3s 8c]
CashfishT: bets $1.43
mo6eenika: calls $1.43
*** TURN *** [Kh 3s 8c] [Js]
CashfishT: checks 
mo6eenika: checks 
*** RIVER *** [Kh 3s 8c Js] [5s]
CashfishT: checks 
mo6eenika: checks 
*** SHOW DOWN ***
CashfishT: shows [6c Ah] (high card Ace)
mo6eenika: shows [5h 6h] (a pair of Fives)
mo6eenika collected $8.42 from pot
*** SUMMARY ***
Total pot $8.86 | Rake $0.44 
Board [Kh 3s 8c Js 5s]
Seat 1: 50CandyJoe (button) folded before Flop (didn't bet)
Seat 2: CashfishT (small blind) showed [6c Ah] and lost with high card Ace
Seat 5: mo6eenika (big blind) showed [5h 6h] and won ($8.42) with a pair of Fives
Seat 6: ka100pka527 folded before Flop (didn't bet)



PokerStars Hand #254618579289:  Hold'em No Limit ($0.50/$1.00 USD) - 2025/01/30 8:17:36 WET [2025/01/30 3:17:36 ET]
Table 'Rigel' 6-max Seat #2 is the button
Seat 1: 50CandyJoe ($104.70 in chips) 
Seat 2: CashfishT ($100 in chips) 
Seat 5: mo6eenika ($43.65 in chips) 
Seat 6: ka100pka527 ($100 in chips) 
mo6eenika: posts small blind $0.50
ka100pka527: posts big blind $1
*** HOLE CARDS ***
50CandyJoe: folds 
CashfishT: raises $1.20 to $2.20
mo6eenika: calls $1.70
ka100pka527: folds 
*** FLOP *** [Ah 2h Jd]
mo6eenika: checks 
CashfishT: checks 
*** TURN *** [Ah 2h Jd] [7h]
mo6eenika: checks 
ka100pka527 leaves the table
CashfishT: checks 
*** RIVER *** [Ah 2h Jd 7h] [4c]
trouteuse joins the table at seat #6 
mo6eenika: bets $2
trouteuse is disconnected 
CashfishT: folds 
Uncalled bet ($2) returned to mo6eenika
mo6eenika collected $5.13 from pot
b2k-Snick joins the table at seat #4 
ka100pka527 joins the table at seat #3 
*** SUMMARY ***
Total pot $5.40 | Rake $0.27 
Board [Ah 2h Jd 7h 4c]
Seat 1: 50CandyJoe folded before Flop (didn't bet)
Seat 2: CashfishT (button) folded on the River
Seat 5: mo6eenika (small blind) collected ($5.13)
Seat 6: ka100pka527 (big blind) folded before Flop



PokerStars Hand #254618583016:  Hold'em No Limit ($0.50/$1.00 USD) - 2025/01/30 8:18:25 WET [2025/01/30 3:18:25 ET]
Table 'Rigel' 6-max Seat #5 is the button
Seat 3: ka100pka527 ($100 in chips) is sitting out
Seat 6: trouteuse ($10 in chips) is sitting out
Seat 1: 50CandyJoe ($104.70 in chips) 
Seat 2: CashfishT ($100 in chips) 
Seat 4: b2k-Snick ($100 in chips) 
Seat 5: mo6eenika ($46.58 in chips) 
50CandyJoe: posts small blind $0.50
CashfishT: posts big blind $1
ka100pka527: sits out 
b2k-Snick is connected 
b2k-Snick: posts big blind $1
*** HOLE CARDS ***
b2k-Snick: raises $1.50 to $2.50
mo6eenika: folds 
50CandyJoe: folds 
CashfishT: folds 
Uncalled bet ($1.50) returned to b2k-Snick
b2k-Snick collected $2.50 from pot
b2k-Snick: doesn't show hand 
*** SUMMARY ***
Total pot $2.50 | Rake $0 
Seat 3: ka100pka527
Seat 6: trouteuse
Seat 1: 50CandyJoe (small blind) folded before Flop
Seat 2: CashfishT (big blind) folded before Flop
Seat 4: b2k-Snick collected ($2.50)
Seat 5: mo6eenika (button) folded before Flop (didn't bet)



PokerStars Hand #254618585245:  Hold'em No Limit ($0.50/$1.00 USD) - 2025/01/30 8:18:55 WET [2025/01/30 3:18:55 ET]
Table 'Rigel' 6-max Seat #1 is the button
Seat 6: trouteuse ($10 in chips) is sitting out
Seat 1: 50CandyJoe ($104.20 in chips) 
Seat 2: CashfishT ($100 in chips) 
Seat 3: ka100pka527 ($100 in chips) 
Seat 4: b2k-Snick ($101.50 in chips) 
Seat 5: mo6eenika ($46.58 in chips) 
CashfishT: posts small blind $0.50
ka100pka527: posts big blind $1
trouteuse: sits out 
*** HOLE CARDS ***
b2k-Snick: raises $1.10 to $2.10
mo6eenika: folds 
50CandyJoe: folds 
CashfishT: raises $8.90 to $11
ka100pka527: folds 
b2k-Snick: folds 
Uncalled bet ($8.90) returned to CashfishT
CashfishT collected $5.20 from pot
CashfishT: doesn't show hand 
trouteuse leaves the table
*** SUMMARY ***
Total pot $5.20 | Rake $0 
Seat 6: trouteuse
Seat 1: 50CandyJoe (button) folded before Flop (didn't bet)
Seat 2: CashfishT (small blind) collected ($5.20)
Seat 3: ka100pka527 (big blind) folded before Flop
Seat 4: b2k-Snick folded before Flop
Seat 5: mo6eenika folded before Flop (didn't bet)



PokerStars Hand #254618587695:  Hold'em No Limit ($0.50/$1.00 USD) - 2025/01/30 8:19:28 WET [2025/01/30 3:19:28 ET]
Table 'Rigel' 6-max Seat #2 is the button
Seat 1: 50CandyJoe ($104.20 in chips) 
Seat 2: CashfishT ($103.10 in chips) 
Seat 3: ka100pka527 ($100 in chips) 
Seat 4: b2k-Snick ($100 in chips) 
Seat 5: mo6eenika ($46.58 in chips) 
ka100pka527: posts small blind $0.50
b2k-Snick: posts big blind $1
*** HOLE CARDS ***
mo6eenika: folds 
50CandyJoe: folds 
CashfishT: raises $1.20 to $2.20
ka100pka527: raises $8.50 to $10.70
b2k-Snick: folds 
CashfishT: calls $8.50
*** FLOP *** [8c Qd 6s]
ka100pka527: bets $14.19
CashfishT: calls $14.19
*** TURN *** [8c Qd 6s] [6d]
ka100pka527: checks 
CashfishT: bets $15.93
trouteuse joins the table at seat #6 
trouteuse is disconnected 
ka100pka527: folds 
Uncalled bet ($15.93) returned to CashfishT
CashfishT collected $48.28 from pot
CashfishT: doesn't show hand 
*** SUMMARY ***
Total pot $50.78 | Rake $2.50 
Board [8c Qd 6s 6d]
Seat 1: 50CandyJoe folded before Flop (didn't bet)
Seat 2: CashfishT (button) collected ($48.28)
Seat 3: ka100pka527 (small blind) folded on the Turn
Seat 4: b2k-Snick (big blind) folded before Flop
Seat 5: mo6eenika folded before Flop (didn't bet)



PokerStars Hand #254618595306:  Hold'em No Limit ($0.50/$1.00 USD) - 2025/01/30 8:21:09 WET [2025/01/30 3:21:09 ET]
Table 'Rigel' 6-max Seat #3 is the button
Seat 6: trouteuse ($10 in chips) is sitting out
Seat 1: 50CandyJoe ($104.20 in chips) 
Seat 2: CashfishT ($126.49 in chips) 
Seat 3: ka100pka527 ($100 in chips) 
Seat 4: b2k-Snick ($100 in chips) 
Seat 5: mo6eenika ($46.58 in chips) 
b2k-Snick: posts small blind $0.50
mo6eenika: posts big blind $1
trouteuse: sits out 
*** HOLE CARDS ***
50CandyJoe: raises $1.20 to $2.20
CashfishT: folds 
ka100pka527: raises $5.40 to $7.60
b2k-Snick: folds 
mo6eenika: folds 
50CandyJoe: folds 
Uncalled bet ($5.40) returned to ka100pka527
ka100pka527 collected $5.90 from pot
ka100pka527: doesn't show hand 
*** SUMMARY ***
Total pot $5.90 | Rake $0 
Seat 6: trouteuse
Seat 1: 50CandyJoe folded before Flop
Seat 2: CashfishT folded before Flop (didn't bet)
Seat 3: ka100pka527 (button) collected ($5.90)
Seat 4: b2k-Snick (small blind) folded before Flop
Seat 5: mo6eenika (big blind) folded before Flop



PokerStars Hand #254618596387:  Hold'em No Limit ($0.50/$1.00 USD) - 2025/01/30 8:21:23 WET [2025/01/30 3:21:23 ET]
Table 'Rigel' 6-max Seat #4 is the button
Seat 1: 50CandyJoe ($102 in chips) 
Seat 2: CashfishT ($126.49 in chips) 
Seat 3: ka100pka527 ($103.70 in chips) 
Seat 4: b2k-Snick ($100 in chips) 
Seat 5: mo6eenika ($45.58 in chips) 
Seat 6: trouteuse ($10 in chips) 
mo6eenika: posts small blind $0.50
trouteuse: posts big blind $1
*** HOLE CARDS ***
50CandyJoe: folds 
CashfishT: raises $1.20 to $2.20
ka100pka527: raises $5.40 to $7.60
b2k-Snick: folds 
mo6eenika: folds 
trouteuse: raises $2.40 to $10 and is all-in
CashfishT: folds 
ka100pka527: calls $2.40
*** FLOP *** [5c 4d 2h]
*** TURN *** [5c 4d 2h] [8s]
*** RIVER *** [5c 4d 2h 8s] [Kh]
*** SHOW DOWN ***
trouteuse: shows [Js Qd] (high card King)
ka100pka527: shows [9s 9h] (a pair of Nines)
ka100pka527 collected $21.56 from pot
*** SUMMARY ***
Total pot $22.70 | Rake $1.14 
Board [5c 4d 2h 8s Kh]
Seat 1: 50CandyJoe folded before Flop (didn't bet)
Seat 2: CashfishT folded before Flop
Seat 3: ka100pka527 showed [9s 9h] and won ($21.56) with a pair of Nines
Seat 4: b2k-Snick (button) folded before Flop (didn't bet)
Seat 5: mo6eenika (small blind) folded before Flop
Seat 6: trouteuse (big blind) showed [Js Qd] and lost with high card King



PokerStars Hand #254618599337:  Hold'em No Limit ($0.50/$1.00 USD) - 2025/01/30 8:22:01 WET [2025/01/30 3:22:01 ET]
Table 'Rigel' 6-max Seat #5 is the button
Seat 6: trouteuse ($0 in chips) is sitting out
Seat 1: 50CandyJoe ($102 in chips) 
Seat 2: CashfishT ($124.29 in chips) 
Seat 3: ka100pka527 ($115.26 in chips) 
Seat 4: b2k-Snick ($100 in chips) 
Seat 5: mo6eenika ($45.08 in chips) 
50CandyJoe: posts small blind $0.50
CashfishT: posts big blind $1
*** HOLE CARDS ***
ka100pka527: folds 
trouteuse leaves the table
b2k-Snick: folds 
mo6eenika: folds 
50CandyJoe: raises $2 to $3
CashfishT: raises $7 to $10
50CandyJoe: folds 
Uncalled bet ($7) returned to CashfishT
AlexEliseev7 joins the table at seat #6 
CashfishT collected $6 from pot
CashfishT: doesn't show hand 
*** SUMMARY ***
Total pot $6 | Rake $0 
Seat 6: trouteuse
Seat 1: 50CandyJoe (small blind) folded before Flop
Seat 2: CashfishT (big blind) collected ($6)
Seat 3: ka100pka527 folded before Flop (didn't bet)
Seat 4: b2k-Snick folded before Flop (didn't bet)
Seat 5: mo6eenika (button) folded before Flop (didn't bet)



PokerStars Hand #254618601581:  Hold'em No Limit ($0.50/$1.00 USD) - 2025/01/30 8:22:30 WET [2025/01/30 3:22:30 ET]
Table 'Rigel' 6-max Seat #1 is the button
Seat 6: AlexEliseev7 ($100 in chips) is sitting out
Seat 1: 50CandyJoe ($100 in chips) 
Seat 2: CashfishT ($127.29 in chips) 
Seat 3: ka100pka527 ($115.26 in chips) 
Seat 4: b2k-Snick ($100 in chips) 
Seat 5: mo6eenika ($45.08 in chips) 
CashfishT: posts small blind $0.50
ka100pka527: posts big blind $1
AlexEliseev7: sits out 
*** HOLE CARDS ***
b2k-Snick: folds 
mo6eenika: raises $1 to $2
50CandyJoe: folds 
CashfishT: calls $1.50
ka100pka527: calls $1
*** FLOP *** [Td Kd 3d]
CashfishT: checks 
ka100pka527: bets $4.33
mo6eenika: calls $4.33
CashfishT: folds 
*** TURN *** [Td Kd 3d] [7s]
ka100pka527: bets $12.50
mo6eenika: calls $12.50
*** RIVER *** [Td Kd 3d 7s] [5c]
ka100pka527: bets $28.64
mo6eenika: calls $26.25 and is all-in
Uncalled bet ($2.39) returned to ka100pka527
*** SHOW DOWN ***
ka100pka527: shows [6d 4d] (a flush, King high)
mo6eenika: shows [Kc Ad] (a pair of Kings)
ka100pka527 collected $89.66 from pot
*** SUMMARY ***
Total pot $92.16 | Rake $2.50 
Board [Td Kd 3d 7s 5c]
Seat 6: AlexEliseev7
Seat 1: 50CandyJoe (button) folded before Flop (didn't bet)
Seat 2: CashfishT (small blind) folded on the Flop
Seat 3: ka100pka527 (big blind) showed [6d 4d] and won ($89.66) with a flush, King high
Seat 4: b2k-Snick folded before Flop (didn't bet)
Seat 5: mo6eenika showed [Kc Ad] and lost with a pair of Kings



PokerStars Hand #254618609926:  Hold'em No Limit ($0.50/$1.00 USD) - 2025/01/30 8:24:17 WET [2025/01/30 3:24:17 ET]
Table 'Rigel' 6-max Seat #2 is the button
Seat 5: mo6eenika ($0 in chips) is sitting out
Seat 6: AlexEliseev7 ($100 in chips) is sitting out
Seat 1: 50CandyJoe ($100 in chips) 
Seat 2: CashfishT ($125.29 in chips) 
Seat 3: ka100pka527 ($159.84 in chips) 
Seat 4: b2k-Snick ($100 in chips) 
ka100pka527: posts small blind $0.50
b2k-Snick: posts big blind $1
AlexEliseev7: sits out 
*** HOLE CARDS ***
50CandyJoe: raises $1.20 to $2.20
mo6eenika leaves the table
CashfishT: folds 
ka100pka527: folds 
b2k-Snick: folds 
Uncalled bet ($1.20) returned to 50CandyJoe
50CandyJoe collected $2.50 from pot
50CandyJoe: doesn't show hand 
*** SUMMARY ***
Total pot $2.50 | Rake $0 
Seat 5: mo6eenika
Seat 6: AlexEliseev7
Seat 1: 50CandyJoe collected ($2.50)
Seat 2: CashfishT (button) folded before Flop (didn't bet)
Seat 3: ka100pka527 (small blind) folded before Flop
Seat 4: b2k-Snick (big blind) folded before Flop



PokerStars Hand #254618612057:  Hold'em No Limit ($0.50/$1.00 USD) - 2025/01/30 8:24:44 WET [2025/01/30 3:24:44 ET]
Table 'Rigel' 6-max Seat #3 is the button
Seat 1: 50CandyJoe ($101.50 in chips) 
Seat 2: CashfishT ($125.29 in chips) 
Seat 3: ka100pka527 ($159.34 in chips) 
Seat 4: b2k-Snick ($100 in chips) 
Seat 6: AlexEliseev7 ($100 in chips) 
b2k-Snick: posts small blind $0.50
AlexEliseev7: posts big blind $1
*** HOLE CARDS ***
50CandyJoe has timed out
50CandyJoe: folds 
CashfishT: folds 
ka100pka527: folds 
b2k-Snick: raises $2 to $3
AlexEliseev7: folds 
Uncalled bet ($2) returned to b2k-Snick
b2k-Snick collected $2 from pot
b2k-Snick: doesn't show hand 
*** SUMMARY ***
Total pot $2 | Rake $0 
Seat 1: 50CandyJoe folded before Flop (didn't bet)
Seat 2: CashfishT folded before Flop (didn't bet)
Seat 3: ka100pka527 (button) folded before Flop (didn't bet)
Seat 4: b2k-Snick (small blind) collected ($2)
Seat 6: AlexEliseev7 (big blind) folded before Flop



PokerStars Hand #254618615343:  Hold'em No Limit ($0.50/$1.00 USD) - 2025/01/30 8:25:25 WET [2025/01/30 3:25:25 ET]
Table 'Rigel' 6-max Seat #4 is the button
Seat 1: 50CandyJoe ($101.50 in chips) 
Seat 2: CashfishT ($125.29 in chips) 
Seat 3: ka100pka527 ($159.34 in chips) 
Seat 4: b2k-Snick ($101 in chips) 
Seat 6: AlexEliseev7 ($100 in chips) 
AlexEliseev7: posts small blind $0.50
50CandyJoe: posts big blind $1
*** HOLE CARDS ***
CashfishT: folds 
ka100pka527: folds 
b2k-Snick: raises $1.50 to $2.50
AlexEliseev7: folds 
50CandyJoe: folds 
Uncalled bet ($1.50) returned to b2k-Snick
b2k-Snick collected $2.50 from pot
b2k-Snick: doesn't show hand 
*** SUMMARY ***
Total pot $2.50 | Rake $0 
Seat 1: 50CandyJoe (big blind) folded before Flop
Seat 2: CashfishT folded before Flop (didn't bet)
Seat 3: ka100pka527 folded before Flop (didn't bet)
Seat 4: b2k-Snick (button) collected ($2.50)
Seat 6: AlexEliseev7 (small blind) folded before Flop



PokerStars Hand #254618617106:  Hold'em No Limit ($0.50/$1.00 USD) - 2025/01/30 8:25:46 WET [2025/01/30 3:25:46 ET]
Table 'Rigel' 6-max Seat #1 is the button
Seat 2: CashfishT ($125.29 in chips) is sitting out
Seat 3: ka100pka527 ($159.34 in chips) is sitting out
Seat 4: b2k-Snick ($102.50 in chips) is sitting out
Seat 1: 50CandyJoe ($100.50 in chips) 
Seat 6: AlexEliseev7 ($100 in chips) 
50CandyJoe: posts small blind $0.50
CashfishT: is sitting out 
ka100pka527: is sitting out 
b2k-Snick: is sitting out 
AlexEliseev7: posts big blind $1
*** HOLE CARDS ***
50CandyJoe: raises $1.50 to $2.50
mat161008 joins the table at seat #5 
mat161008 is disconnected 
b2k-Snick leaves the table
AlexEliseev7: calls $1.50
*** FLOP *** [Jc 8s Ad]
AlexEliseev7: checks 
50CandyJoe: checks 
*** TURN *** [Jc 8s Ad] [8d]
AlexEliseev7: checks 
50CandyJoe: checks 
*** RIVER *** [Jc 8s Ad 8d] [2d]
AlexEliseev7: checks 
50CandyJoe: bets $1.57
AlexEliseev7: folds 
Uncalled bet ($1.57) returned to 50CandyJoe
50CandyJoe collected $4.75 from pot
50CandyJoe: doesn't show hand 
*** SUMMARY ***
Total pot $5 | Rake $0.25 
Board [Jc 8s Ad 8d 2d]
Seat 2: CashfishT
Seat 3: ka100pka527
Seat 4: b2k-Snick
Seat 1: 50CandyJoe (button) (small blind) collected ($4.75)
Seat 6: AlexEliseev7 (big blind) folded on the River



PokerStars Hand #254618621433:  Hold'em No Limit ($0.50/$1.00 USD) - 2025/01/30 8:26:41 WET [2025/01/30 3:26:41 ET]
Table 'Rigel' 6-max Seat #6 is the button
Seat 3: ka100pka527 ($159.34 in chips) is sitting out
Seat 1: 50CandyJoe ($102.75 in chips) 
Seat 2: CashfishT ($125.29 in chips) 
Seat 5: mat161008 ($100 in chips) 
Seat 6: AlexEliseev7 ($100 in chips) 
50CandyJoe: posts small blind $0.50
CashfishT: posts big blind $1
ka100pka527: sits out 
mat161008: posts big blind $1
*** HOLE CARDS ***
mat161008: raises $2 to $3
ka100pka527 leaves the table
AlexEliseev7: folds 
50CandyJoe: folds 
CashfishT: calls $2
*** FLOP *** [Qd Ad 2d]
CashfishT: checks 
mat161008: bets $6
CashfishT: folds 
Uncalled bet ($6) returned to mat161008
mat161008 collected $6.18 from pot
*** SUMMARY ***
Total pot $6.50 | Rake $0.32 
Board [Qd Ad 2d]
Seat 3: ka100pka527
Seat 1: 50CandyJoe (small blind) folded before Flop
Seat 2: CashfishT (big blind) folded on the Flop
Seat 5: mat161008 collected ($6.18)
Seat 6: AlexEliseev7 (button) folded before Flop (didn't bet)



PokerStars Hand #254618625262:  Hold'em No Limit ($0.50/$1.00 USD) - 2025/01/30 8:27:29 WET [2025/01/30 3:27:29 ET]
Table 'Rigel' 6-max Seat #1 is the button
Seat 1: 50CandyJoe ($102.25 in chips) 
Seat 2: CashfishT ($122.29 in chips) 
Seat 5: mat161008 ($103.18 in chips) 
Seat 6: AlexEliseev7 ($100 in chips) 
CashfishT: posts small blind $0.50
mat161008: posts big blind $1
*** HOLE CARDS ***
AlexEliseev7: folds 
50CandyJoe: raises $1.50 to $2.50
CashfishT: folds 
mat161008: folds 
Uncalled bet ($1.50) returned to 50CandyJoe
50CandyJoe collected $2.50 from pot
50CandyJoe: doesn't show hand 
*** SUMMARY ***
Total pot $2.50 | Rake $0 
Seat 1: 50CandyJoe (button) collected ($2.50)
Seat 2: CashfishT (small blind) folded before Flop
Seat 5: mat161008 (big blind) folded before Flop
Seat 6: AlexEliseev7 folded before Flop (didn't bet)



PokerStars Hand #254618626318:  Hold'em No Limit ($0.50/$1.00 USD) - 2025/01/30 8:27:43 WET [2025/01/30 3:27:43 ET]
Table 'Rigel' 6-max Seat #2 is the button
Seat 1: 50CandyJoe ($103.75 in chips) 
Seat 2: CashfishT ($121.79 in chips) 
Seat 5: mat161008 ($102.18 in chips) 
Seat 6: AlexEliseev7 ($100 in chips) 
mat161008: posts small blind $0.50
AlexEliseev7: posts big blind $1
*** HOLE CARDS ***
50CandyJoe: raises $1.20 to $2.20
CashfishT: folds 
mat161008: calls $1.70
AlexEliseev7: folds 
*** FLOP *** [9c Ad 3c]
mat161008: bets $2
50CandyJoe: folds 
Uncalled bet ($2) returned to mat161008
mat161008 collected $5.13 from pot
*** SUMMARY ***
Total pot $5.40 | Rake $0.27 
Board [9c Ad 3c]
Seat 1: 50CandyJoe folded on the Flop
Seat 2: CashfishT (button) folded before Flop (didn't bet)
Seat 5: mat161008 (small blind) collected ($5.13)
Seat 6: AlexEliseev7 (big blind) folded before Flop



PokerStars Hand #254618627692:  Hold'em No Limit ($0.50/$1.00 USD) - 2025/01/30 8:28:01 WET [2025/01/30 3:28:01 ET]
Table 'Rigel' 6-max Seat #5 is the button
Seat 1: 50CandyJoe ($101.55 in chips) 
Seat 2: CashfishT ($121.79 in chips) 
Seat 5: mat161008 ($105.11 in chips) 
Seat 6: AlexEliseev7 ($100 in chips) 
AlexEliseev7: posts small blind $0.50
50CandyJoe: posts big blind $1
*** HOLE CARDS ***
Edi131313 joins the table at seat #3 
CashfishT: raises $1.20 to $2.20
mat161008: calls $2.20
AlexEliseev7: folds 
50CandyJoe: calls $1.20
*** FLOP *** [4d 3h 8d]
50CandyJoe: checks 
Ydys20 joins the table at seat #4 
CashfishT: checks 
mat161008: bets $4
50CandyJoe: folds 
CashfishT: calls $4
*** TURN *** [4d 3h 8d] [8s]
CashfishT: checks 
mat161008: bets $4
CashfishT: calls $4
*** RIVER *** [4d 3h 8d 8s] [5d]
CashfishT: checks 
mat161008: checks 
*** SHOW DOWN ***
CashfishT: shows [Kd As] (a pair of Eights)
mat161008: shows [6d 6c] (two pair, Eights and Sixes)
mat161008 collected $22.10 from pot
*** SUMMARY ***
Total pot $23.10 | Rake $1 
Board [4d 3h 8d 8s 5d]
Seat 1: 50CandyJoe (big blind) folded on the Flop
Seat 2: CashfishT showed [Kd As] and lost with a pair of Eights
Seat 5: mat161008 (button) showed [6d 6c] and won ($22.10) with two pair, Eights and Sixes
Seat 6: AlexEliseev7 (small blind) folded before Flop



PokerStars Hand #254618630905:  Hold'em No Limit ($0.50/$1.00 USD) - 2025/01/30 8:28:40 WET [2025/01/30 3:28:40 ET]
Table 'Rigel' 6-max Seat #6 is the button
Seat 3: Edi131313 ($50 in chips) is sitting out
Seat 4: Ydys20 ($100 in chips) is sitting out
Seat 1: 50CandyJoe ($100 in chips) 
Seat 2: CashfishT ($111.59 in chips) 
Seat 5: mat161008 ($117.01 in chips) 
Seat 6: AlexEliseev7 ($100 in chips) 
50CandyJoe: posts small blind $0.50
CashfishT: posts big blind $1
Edi131313: sits out 
Ydys20: sits out 
*** HOLE CARDS ***
mat161008: folds 
AlexEliseev7: raises $1.50 to $2.50
50CandyJoe: folds 
CashfishT: folds 
Uncalled bet ($1.50) returned to AlexEliseev7
AlexEliseev7 collected $2.50 from pot
AlexEliseev7: doesn't show hand 
*** SUMMARY ***
Total pot $2.50 | Rake $0 
Seat 3: Edi131313
Seat 4: Ydys20
Seat 1: 50CandyJoe (small blind) folded before Flop
Seat 2: CashfishT (big blind) folded before Flop
Seat 5: mat161008 folded before Flop (didn't bet)
Seat 6: AlexEliseev7 (button) collected ($2.50)



PokerStars Hand #254618632263:  Hold'em No Limit ($0.50/$1.00 USD) - 2025/01/30 8:28:58 WET [2025/01/30 3:28:58 ET]
Table 'Rigel' 6-max Seat #1 is the button
Seat 4: Ydys20 ($100 in chips) is sitting out
Seat 1: 50CandyJoe ($100 in chips) 
Seat 2: CashfishT ($110.59 in chips) 
Seat 3: Edi131313 ($50 in chips) 
Seat 5: mat161008 ($117.01 in chips) 
Seat 6: AlexEliseev7 ($101.50 in chips) 
CashfishT: posts small blind $0.50
Edi131313: posts big blind $1
Ydys20: sits out 
*** HOLE CARDS ***
mat161008: folds 
AlexEliseev7: folds 
50CandyJoe: folds 
CashfishT: folds 
Uncalled bet ($0.50) returned to Edi131313
Edi131313 collected $1 from pot
Edi131313: doesn't show hand 
*** SUMMARY ***
Total pot $1 | Rake $0 
Seat 4: Ydys20
Seat 1: 50CandyJoe (button) folded before Flop (didn't bet)
Seat 2: CashfishT (small blind) folded before Flop
Seat 3: Edi131313 (big blind) collected ($1)
Seat 5: mat161008 folded before Flop (didn't bet)
Seat 6: AlexEliseev7 folded before Flop (didn't bet)



PokerStars Hand #254618633251:  Hold'em No Limit ($0.50/$1.00 USD) - 2025/01/30 8:29:10 WET [2025/01/30 3:29:10 ET]
Table 'Rigel' 6-max Seat #2 is the button
Seat 1: 50CandyJoe ($100 in chips) 
Seat 2: CashfishT ($110.09 in chips) 
Seat 3: Edi131313 ($50.50 in chips) 
Seat 4: Ydys20 ($100 in chips) 
Seat 5: mat161008 ($117.01 in chips) 
Seat 6: AlexEliseev7 ($101.50 in chips) 
Edi131313: posts small blind $0.50
Ydys20: posts big blind $1
*** HOLE CARDS ***
mat161008: folds 
AlexEliseev7: folds 
50CandyJoe: raises $1.20 to $2.20
CashfishT: folds 
Edi131313: folds 
Ydys20: folds 
Uncalled bet ($1.20) returned to 50CandyJoe
50CandyJoe collected $2.50 from pot
50CandyJoe: doesn't show hand 
*** SUMMARY ***
Total pot $2.50 | Rake $0 
Seat 1: 50CandyJoe collected ($2.50)
Seat 2: CashfishT (button) folded before Flop (didn't bet)
Seat 3: Edi131313 (small blind) folded before Flop
Seat 4: Ydys20 (big blind) folded before Flop
Seat 5: mat161008 folded before Flop (didn't bet)
Seat 6: AlexEliseev7 folded before Flop (didn't bet)



PokerStars Hand #254618634275:  Hold'em No Limit ($0.50/$1.00 USD) - 2025/01/30 8:29:23 WET [2025/01/30 3:29:23 ET]
Table 'Rigel' 6-max Seat #3 is the button
Seat 1: 50CandyJoe ($101.50 in chips) 
Seat 2: CashfishT ($110.09 in chips) 
Seat 3: Edi131313 ($50 in chips) 
Seat 4: Ydys20 ($100 in chips) 
Seat 5: mat161008 ($117.01 in chips) 
Seat 6: AlexEliseev7 ($101.50 in chips) 
Ydys20: posts small blind $0.50
mat161008: posts big blind $1
*** HOLE CARDS ***
AlexEliseev7: folds 
50CandyJoe: raises $1.20 to $2.20
CashfishT: folds 
Edi131313: folds 
Ydys20: folds 
mat161008: calls $1.20
*** FLOP *** [2s 2d Ks]
mat161008: checks 
50CandyJoe: bets $1.54
mat161008: raises $1.54 to $3.08
50CandyJoe: calls $1.54
*** TURN *** [2s 2d Ks] [Qh]
mat161008: checks 
50CandyJoe: bets $7
mat161008: folds 
Uncalled bet ($7) returned to 50CandyJoe
50CandyJoe collected $10.51 from pot
50CandyJoe: doesn't show hand 
*** SUMMARY ***
Total pot $11.06 | Rake $0.55 
Board [2s 2d Ks Qh]
Seat 1: 50CandyJoe collected ($10.51)
Seat 2: CashfishT folded before Flop (didn't bet)
Seat 3: Edi131313 (button) folded before Flop (didn't bet)
Seat 4: Ydys20 (small blind) folded before Flop
Seat 5: mat161008 (big blind) folded on the Turn
Seat 6: AlexEliseev7 folded before Flop (didn't bet)



PokerStars Hand #254618636683:  Hold'em No Limit ($0.50/$1.00 USD) - 2025/01/30 8:29:53 WET [2025/01/30 3:29:53 ET]
Table 'Rigel' 6-max Seat #4 is the button
Seat 1: 50CandyJoe ($106.73 in chips) 
Seat 2: CashfishT ($110.09 in chips) 
Seat 3: Edi131313 ($50 in chips) 
Seat 4: Ydys20 ($100 in chips) 
Seat 5: mat161008 ($111.73 in chips) 
Seat 6: AlexEliseev7 ($101.50 in chips) 
mat161008: posts small blind $0.50
AlexEliseev7: posts big blind $1
*** HOLE CARDS ***
50CandyJoe: raises $1.20 to $2.20
CashfishT: folds 
Edi131313: folds 
Ydys20: folds 
mat161008: folds 
AlexEliseev7: folds 
Uncalled bet ($1.20) returned to 50CandyJoe
50CandyJoe collected $2.50 from pot
50CandyJoe: doesn't show hand 
*** SUMMARY ***
Total pot $2.50 | Rake $0 
Seat 1: 50CandyJoe collected ($2.50)
Seat 2: CashfishT folded before Flop (didn't bet)
Seat 3: Edi131313 folded before Flop (didn't bet)
Seat 4: Ydys20 (button) folded before Flop (didn't bet)
Seat 5: mat161008 (small blind) folded before Flop
Seat 6: AlexEliseev7 (big blind) folded before Flop



PokerStars Hand #254618637593:  Hold'em No Limit ($0.50/$1.00 USD) - 2025/01/30 8:30:04 WET [2025/01/30 3:30:04 ET]
Table 'Rigel' 6-max Seat #5 is the button
Seat 1: 50CandyJoe ($108.23 in chips) 
Seat 2: CashfishT ($110.09 in chips) 
Seat 3: Edi131313 ($50 in chips) 
Seat 4: Ydys20 ($100 in chips) 
Seat 5: mat161008 ($111.23 in chips) 
Seat 6: AlexEliseev7 ($100.50 in chips) 
AlexEliseev7: posts small blind $0.50
50CandyJoe: posts big blind $1
*** HOLE CARDS ***
CashfishT: folds 
Edi131313: raises $1 to $2
Ydys20: folds 
mat161008: folds 
AlexEliseev7: folds 
50CandyJoe: folds 
Uncalled bet ($1) returned to Edi131313
Edi131313 collected $2.50 from pot
Edi131313: doesn't show hand 
*** SUMMARY ***
Total pot $2.50 | Rake $0 
Seat 1: 50CandyJoe (big blind) folded before Flop
Seat 2: CashfishT folded before Flop (didn't bet)
Seat 3: Edi131313 collected ($2.50)
Seat 4: Ydys20 folded before Flop (didn't bet)
Seat 5: mat161008 (button) folded before Flop (didn't bet)
Seat 6: AlexEliseev7 (small blind) folded before Flop



PokerStars Hand #254618638795:  Hold'em No Limit ($0.50/$1.00 USD) - 2025/01/30 8:30:19 WET [2025/01/30 3:30:19 ET]
Table 'Rigel' 6-max Seat #6 is the button
Seat 1: 50CandyJoe ($107.23 in chips) 
Seat 2: CashfishT ($110.09 in chips) 
Seat 3: Edi131313 ($51.50 in chips) 
Seat 4: Ydys20 ($100 in chips) 
Seat 5: mat161008 ($111.23 in chips) 
Seat 6: AlexEliseev7 ($100 in chips) 
50CandyJoe: posts small blind $0.50
CashfishT: posts big blind $1
*** HOLE CARDS ***
Edi131313: folds 
Ydys20: raises $1.20 to $2.20
mat161008: folds 
AlexEliseev7: folds 
50CandyJoe: folds 
CashfishT: calls $1.20
*** FLOP *** [Kc Kd 8s]
CashfishT: checks 
Ydys20: bets $1.54
CashfishT: folds 
Uncalled bet ($1.54) returned to Ydys20
Ydys20 collected $4.66 from pot
Ydys20: doesn't show hand 
*** SUMMARY ***
Total pot $4.90 | Rake $0.24 
Board [Kc Kd 8s]
Seat 1: 50CandyJoe (small blind) folded before Flop
Seat 2: CashfishT (big blind) folded on the Flop
Seat 3: Edi131313 folded before Flop (didn't bet)
Seat 4: Ydys20 collected ($4.66)
Seat 5: mat161008 folded before Flop (didn't bet)
Seat 6: AlexEliseev7 (button) folded before Flop (didn't bet)



PokerStars Hand #254618641807:  Hold'em No Limit ($0.50/$1.00 USD) - 2025/01/30 8:30:57 WET [2025/01/30 3:30:57 ET]
Table 'Rigel' 6-max Seat #1 is the button
Seat 1: 50CandyJoe ($106.73 in chips) 
Seat 2: CashfishT ($107.89 in chips) 
Seat 3: Edi131313 ($51.50 in chips) 
Seat 4: Ydys20 ($102.46 in chips) 
Seat 5: mat161008 ($111.23 in chips) 
Seat 6: AlexEliseev7 ($100 in chips) 
CashfishT: posts small blind $0.50
Edi131313: posts big blind $1
*** HOLE CARDS ***
Ydys20: folds 
mat161008: folds 
AlexEliseev7: raises $1.50 to $2.50
50CandyJoe: folds 
CashfishT: raises $8.50 to $11
Edi131313: folds 
AlexEliseev7: folds 
Uncalled bet ($8.50) returned to CashfishT
CashfishT collected $6 from pot
CashfishT: doesn't show hand 
*** SUMMARY ***
Total pot $6 | Rake $0 
Seat 1: 50CandyJoe (button) folded before Flop (didn't bet)
Seat 2: CashfishT (small blind) collected ($6)
Seat 3: Edi131313 (big blind) folded before Flop
Seat 4: Ydys20 folded before Flop (didn't bet)
Seat 5: mat161008 folded before Flop (didn't bet)
Seat 6: AlexEliseev7 folded before Flop



PokerStars Hand #254618643724:  Hold'em No Limit ($0.50/$1.00 USD) - 2025/01/30 8:31:21 WET [2025/01/30 3:31:21 ET]
Table 'Rigel' 6-max Seat #2 is the button
Seat 1: 50CandyJoe ($106.73 in chips) 
Seat 2: CashfishT ($111.39 in chips) 
Seat 3: Edi131313 ($50.50 in chips) 
Seat 4: Ydys20 ($102.46 in chips) 
Seat 5: mat161008 ($111.23 in chips) 
Seat 6: AlexEliseev7 ($100 in chips) 
Edi131313: posts small blind $0.50
Ydys20: posts big blind $1
*** HOLE CARDS ***
mat161008: folds 
AlexEliseev7: folds 
50CandyJoe: folds 
CashfishT: folds 
Edi131313: folds 
Uncalled bet ($0.50) returned to Ydys20
Ydys20 collected $1 from pot
Ydys20: doesn't show hand 
*** SUMMARY ***
Total pot $1 | Rake $0 
Seat 1: 50CandyJoe folded before Flop (didn't bet)
Seat 2: CashfishT (button) folded before Flop (didn't bet)
Seat 3: Edi131313 (small blind) folded before Flop
Seat 4: Ydys20 (big blind) collected ($1)
Seat 5: mat161008 folded before Flop (didn't bet)
Seat 6: AlexEliseev7 folded before Flop (didn't bet)



PokerStars Hand #254618645144:  Hold'em No Limit ($0.50/$1.00 USD) - 2025/01/30 8:31:38 WET [2025/01/30 3:31:38 ET]
Table 'Rigel' 6-max Seat #3 is the button
Seat 1: 50CandyJoe ($106.73 in chips) 
Seat 2: CashfishT ($111.39 in chips) 
Seat 3: Edi131313 ($50 in chips) 
Seat 4: Ydys20 ($102.96 in chips) 
Seat 5: mat161008 ($111.23 in chips) 
Seat 6: AlexEliseev7 ($100 in chips) 
Ydys20: posts small blind $0.50
mat161008: posts big blind $1
*** HOLE CARDS ***
AlexEliseev7: folds 
50CandyJoe: folds 
CashfishT: raises $1.20 to $2.20
Edi131313: folds 
Ydys20: folds 
mat161008: calls $1.20
*** FLOP *** [6s 2h 4s]
mat161008: checks 
CashfishT: bets $1.54
mat161008: calls $1.54
*** TURN *** [6s 2h 4s] [4h]
mat161008: checks 
CashfishT: checks 
*** RIVER *** [6s 2h 4s 4h] [3c]
mat161008: checks 
CashfishT: checks 
*** SHOW DOWN ***
mat161008: shows [Qs 3s] (two pair, Fours and Threes)
CashfishT: mucks hand 
mat161008 collected $7.58 from pot
*** SUMMARY ***
Total pot $7.98 | Rake $0.40 
Board [6s 2h 4s 4h 3c]
Seat 1: 50CandyJoe folded before Flop (didn't bet)
Seat 2: CashfishT mucked
Seat 3: Edi131313 (button) folded before Flop (didn't bet)
Seat 4: Ydys20 (small blind) folded before Flop
Seat 5: mat161008 (big blind) showed [Qs 3s] and won ($7.58) with two pair, Fours and Threes
Seat 6: AlexEliseev7 folded before Flop (didn't bet)



PokerStars Hand #254618649106:  Hold'em No Limit ($0.50/$1.00 USD) - 2025/01/30 8:32:28 WET [2025/01/30 3:32:28 ET]
Table 'Rigel' 6-max Seat #4 is the button
Seat 1: 50CandyJoe ($106.73 in chips) 
Seat 2: CashfishT ($107.65 in chips) 
Seat 3: Edi131313 ($50 in chips) 
Seat 4: Ydys20 ($102.46 in chips) 
Seat 5: mat161008 ($115.07 in chips) 
Seat 6: AlexEliseev7 ($100 in chips) 
mat161008: posts small blind $0.50
AlexEliseev7: posts big blind $1
*** HOLE CARDS ***
50CandyJoe: folds 
CashfishT: raises $1.20 to $2.20
Edi131313: folds 
Ydys20: folds 
mat161008: folds 
AlexEliseev7: calls $1.20
*** FLOP *** [7d 9d Kc]
AlexEliseev7: checks 
CashfishT: checks 
*** TURN *** [7d 9d Kc] [2s]
AlexEliseev7: checks 
CashfishT: checks 
*** RIVER *** [7d 9d Kc 2s] [6c]
AlexEliseev7: checks 
CashfishT: checks 
*** SHOW DOWN ***
AlexEliseev7: shows [3h 3s] (a pair of Threes)
CashfishT: mucks hand 
AlexEliseev7 collected $4.66 from pot
*** SUMMARY ***
Total pot $4.90 | Rake $0.24 
Board [7d 9d Kc 2s 6c]
Seat 1: 50CandyJoe folded before Flop (didn't bet)
Seat 2: CashfishT mucked
Seat 3: Edi131313 folded before Flop (didn't bet)
Seat 4: Ydys20 (button) folded before Flop (didn't bet)
Seat 5: mat161008 (small blind) folded before Flop
Seat 6: AlexEliseev7 (big blind) showed [3h 3s] and won ($4.66) with a pair of Threes



PokerStars Hand #254618654665:  Hold'em No Limit ($0.50/$1.00 USD) - 2025/01/30 8:33:38 WET [2025/01/30 3:33:38 ET]
Table 'Rigel' 6-max Seat #5 is the button
Seat 1: 50CandyJoe ($106.73 in chips) 
Seat 2: CashfishT ($105.45 in chips) 
Seat 3: Edi131313 ($50 in chips) 
Seat 4: Ydys20 ($102.46 in chips) 
Seat 5: mat161008 ($114.57 in chips) 
Seat 6: AlexEliseev7 ($102.46 in chips) 
AlexEliseev7: posts small blind $0.50
50CandyJoe: posts big blind $1
*** HOLE CARDS ***
CashfishT: folds 
Edi131313: raises $1 to $2
Ydys20: folds 
mat161008: folds 
AlexEliseev7: folds 
50CandyJoe: calls $1
*** FLOP *** [Qh 4s 2d]
50CandyJoe: checks 
Edi131313: bets $2.14
50CandyJoe: calls $2.14
*** TURN *** [Qh 4s 2d] [As]
50CandyJoe: bets $1
Edi131313: calls $1
*** RIVER *** [Qh 4s 2d As] [6c]
50CandyJoe: bets $1
Edi131313: calls $1
*** SHOW DOWN ***
50CandyJoe: shows [3d 6d] (a pair of Sixes)
Edi131313: mucks hand 
50CandyJoe collected $12.14 from pot
*** SUMMARY ***
Total pot $12.78 | Rake $0.64 
Board [Qh 4s 2d As 6c]
Seat 1: 50CandyJoe (big blind) showed [3d 6d] and won ($12.14) with a pair of Sixes
Seat 2: CashfishT folded before Flop (didn't bet)
Seat 3: Edi131313 mucked
Seat 4: Ydys20 folded before Flop (didn't bet)
Seat 5: mat161008 (button) folded before Flop (didn't bet)
Seat 6: AlexEliseev7 (small blind) folded before Flop



PokerStars Hand #254618658254:  Hold'em No Limit ($0.50/$1.00 USD) - 2025/01/30 8:34:23 WET [2025/01/30 3:34:23 ET]
Table 'Rigel' 6-max Seat #6 is the button
Seat 1: 50CandyJoe ($112.73 in chips) 
Seat 2: CashfishT ($105.45 in chips) 
Seat 3: Edi131313 ($43.86 in chips) 
Seat 4: Ydys20 ($102.46 in chips) 
Seat 5: mat161008 ($114.57 in chips) 
Seat 6: AlexEliseev7 ($101.96 in chips) 
50CandyJoe: posts small blind $0.50
CashfishT: posts big blind $1
*** HOLE CARDS ***
Edi131313: folds 
Ydys20: folds 
mat161008: calls $1
AlexEliseev7: folds 
50CandyJoe: folds 
CashfishT: checks 
*** FLOP *** [2h 8d Td]
CashfishT: checks 
mat161008: bets $3
CashfishT: folds 
Uncalled bet ($3) returned to mat161008
mat161008 collected $2.38 from pot
*** SUMMARY ***
Total pot $2.50 | Rake $0.12 
Board [2h 8d Td]
Seat 1: 50CandyJoe (small blind) folded before Flop
Seat 2: CashfishT (big blind) folded on the Flop
Seat 3: Edi131313 folded before Flop (didn't bet)
Seat 4: Ydys20 folded before Flop (didn't bet)
Seat 5: mat161008 collected ($2.38)
Seat 6: AlexEliseev7 (button) folded before Flop (didn't bet)



PokerStars Hand #254618661428:  Hold'em No Limit ($0.50/$1.00 USD) - 2025/01/30 8:35:01 WET [2025/01/30 3:35:01 ET]
Table 'Rigel' 6-max Seat #1 is the button
Seat 1: 50CandyJoe ($112.23 in chips) 
Seat 2: CashfishT ($104.45 in chips) 
Seat 3: Edi131313 ($43.86 in chips) 
Seat 4: Ydys20 ($102.46 in chips) 
Seat 5: mat161008 ($115.95 in chips) 
Seat 6: AlexEliseev7 ($101.96 in chips) 
CashfishT: posts small blind $0.50
Edi131313: posts big blind $1
*** HOLE CARDS ***
Ydys20: folds 
mat161008: folds 
AlexEliseev7: folds 
50CandyJoe: folds 
CashfishT: raises $2 to $3
Edi131313: raises $6 to $9
CashfishT: raises $10 to $19
Edi131313: calls $10
*** FLOP *** [8h 8d 5h]
CashfishT: bets $3.61
Edi131313: calls $3.61
*** TURN *** [8h 8d 5h] [5d]
CashfishT: bets $53.70
Edi131313: calls $21.25 and is all-in
Uncalled bet ($32.45) returned to CashfishT
*** RIVER *** [8h 8d 5h 5d] [5c]
*** SHOW DOWN ***
CashfishT: shows [Ac As] (a full house, Fives full of Aces)
Edi131313: shows [Qd Ah] (a full house, Fives full of Eights)
CashfishT collected $85.22 from pot
*** SUMMARY ***
Total pot $87.72 | Rake $2.50 
Board [8h 8d 5h 5d 5c]
Seat 1: 50CandyJoe (button) folded before Flop (didn't bet)
Seat 2: CashfishT (small blind) showed [Ac As] and won ($85.22) with a full house, Fives full of Aces
Seat 3: Edi131313 (big blind) showed [Qd Ah] and lost with a full house, Fives full of Eights
Seat 4: Ydys20 folded before Flop (didn't bet)
Seat 5: mat161008 folded before Flop (didn't bet)
Seat 6: AlexEliseev7 folded before Flop (didn't bet)



PokerStars Hand #254618665458:  Hold'em No Limit ($0.50/$1.00 USD) - 2025/01/30 8:35:51 WET [2025/01/30 3:35:51 ET]
Table 'Rigel' 6-max Seat #2 is the button
Seat 3: Edi131313 ($0 in chips) is sitting out
Seat 1: 50CandyJoe ($112.23 in chips) 
Seat 2: CashfishT ($145.81 in chips) 
Seat 4: Ydys20 ($102.46 in chips) 
Seat 5: mat161008 ($115.95 in chips) 
Seat 6: AlexEliseev7 ($101.96 in chips) 
Ydys20: posts small blind $0.50
mat161008: posts big blind $1
*** HOLE CARDS ***
AlexEliseev7: folds 
50CandyJoe: folds 
CashfishT: raises $1.20 to $2.20
Ydys20: folds 
mat161008: calls $1.20
*** FLOP *** [Qd Tc 4s]
mat161008: checks 
CashfishT: checks 
*** TURN *** [Qd Tc 4s] [5c]
mat161008: bets $3
CashfishT: calls $3
*** RIVER *** [Qd Tc 4s 5c] [Ac]
mat161008: checks 
CashfishT: checks 
*** SHOW DOWN ***
mat161008: shows [Ts 7d] (a pair of Tens)
CashfishT: mucks hand 
mat161008 collected $10.36 from pot
*** SUMMARY ***
Total pot $10.90 | Rake $0.54 
Board [Qd Tc 4s 5c Ac]
Seat 3: Edi131313
Seat 1: 50CandyJoe folded before Flop (didn't bet)
Seat 2: CashfishT (button) mucked
Seat 4: Ydys20 (small blind) folded before Flop
Seat 5: mat161008 (big blind) showed [Ts 7d] and won ($10.36) with a pair of Tens
Seat 6: AlexEliseev7 folded before Flop (didn't bet)



PokerStars Hand #254618668950:  Hold'em No Limit ($0.50/$1.00 USD) - 2025/01/30 8:36:33 WET [2025/01/30 3:36:33 ET]
Table 'Rigel' 6-max Seat #4 is the button
Seat 1: 50CandyJoe ($112.23 in chips) 
Seat 2: CashfishT ($140.61 in chips) 
Seat 3: Edi131313 ($19.48 in chips) 
Seat 4: Ydys20 ($101.96 in chips) 
Seat 5: mat161008 ($121.11 in chips) 
Seat 6: AlexEliseev7 ($101.96 in chips) 
mat161008: posts small blind $0.50
AlexEliseev7: posts big blind $1
Edi131313: posts small blind $0.50
*** HOLE CARDS ***
50CandyJoe has timed out
50CandyJoe: folds 
CashfishT: folds 
Edi131313: raises $1 to $2
Ydys20: calls $2
mat161008: folds 
AlexEliseev7: calls $1
*** FLOP *** [Jd Kh 5s]
AlexEliseev7: checks 
Edi131313: checks 
Ydys20: checks 
*** TURN *** [Jd Kh 5s] [As]
AlexEliseev7: checks 
Edi131313: checks 
Ydys20: bets $2.19
AlexEliseev7: folds 
Edi131313: folds 
Uncalled bet ($2.19) returned to Ydys20
Ydys20 collected $6.65 from pot
Ydys20: doesn't show hand 
*** SUMMARY ***
Total pot $7 | Rake $0.35 
Board [Jd Kh 5s As]
Seat 1: 50CandyJoe folded before Flop (didn't bet)
Seat 2: CashfishT folded before Flop (didn't bet)
Seat 3: Edi131313 folded on the Turn
Seat 4: Ydys20 (button) collected ($6.65)
Seat 5: mat161008 (small blind) folded before Flop
Seat 6: AlexEliseev7 (big blind) folded on the Turn



PokerStars Hand #254618677152:  Hold'em No Limit ($0.50/$1.00 USD) - 2025/01/30 8:38:15 WET [2025/01/30 3:38:15 ET]
Table 'Rigel' 6-max Seat #5 is the button
Seat 1: 50CandyJoe ($112.23 in chips) 
Seat 2: CashfishT ($140.61 in chips) 
Seat 3: Edi131313 ($16.98 in chips) 
Seat 4: Ydys20 ($106.61 in chips) 
Seat 5: mat161008 ($120.61 in chips) 
Seat 6: AlexEliseev7 ($100 in chips) 
AlexEliseev7: posts small blind $0.50
50CandyJoe: posts big blind $1
*** HOLE CARDS ***
CashfishT: folds 
Edi131313: raises $1 to $2
Ydys20: folds 
mat161008: folds 
mat161008 leaves the table
AlexEliseev7: raises $9 to $11
50CandyJoe: folds 
Edi131313: calls $9
*** FLOP *** [Qc Qh Jd]
AlexEliseev7: bets $10.71
Edi131313: folds 
Uncalled bet ($10.71) returned to AlexEliseev7
AlexEliseev7 collected $21.85 from pot
AlexEliseev7: doesn't show hand 
*** SUMMARY ***
Total pot $23 | Rake $1.15 
Board [Qc Qh Jd]
Seat 1: 50CandyJoe (big blind) folded before Flop
Seat 2: CashfishT folded before Flop (didn't bet)
Seat 3: Edi131313 folded on the Flop
Seat 4: Ydys20 folded before Flop (didn't bet)
Seat 5: mat161008 (button) folded before Flop (didn't bet)
Seat 6: AlexEliseev7 (small blind) collected ($21.85)



PokerStars Hand #254618680498:  Hold'em No Limit ($0.50/$1.00 USD) - 2025/01/30 8:38:56 WET [2025/01/30 3:38:56 ET]
Table 'Rigel' 6-max Seat #6 is the button
Seat 1: 50CandyJoe ($111.23 in chips) 
Seat 2: CashfishT ($140.61 in chips) 
Seat 3: Edi131313 ($5.98 in chips) 
Seat 4: Ydys20 ($106.61 in chips) 
Seat 6: AlexEliseev7 ($110.85 in chips) 
50CandyJoe: posts small blind $0.50
CashfishT: posts big blind $1
*** HOLE CARDS ***
Edi131313: folds 
Ydys20: folds 
AlexEliseev7: folds 
50CandyJoe: folds 
Uncalled bet ($0.50) returned to CashfishT
50CandyJoe leaves the table
CashfishT collected $1 from pot
CashfishT: doesn't show hand 
*** SUMMARY ***
Total pot $1 | Rake $0 
Seat 1: 50CandyJoe (small blind) folded before Flop
Seat 2: CashfishT (big blind) collected ($1)
Seat 3: Edi131313 folded before Flop (didn't bet)
Seat 4: Ydys20 folded before Flop (didn't bet)
Seat 6: AlexEliseev7 (button) folded before Flop (didn't bet)



PokerStars Hand #254618681633:  Hold'em No Limit ($0.50/$1.00 USD) - 2025/01/30 8:39:10 WET [2025/01/30 3:39:10 ET]
Table 'Rigel' 6-max Seat #3 is the button
Seat 4: Ydys20 ($106.61 in chips) is sitting out
Seat 6: AlexEliseev7 ($110.85 in chips) is sitting out
Seat 2: CashfishT ($141.11 in chips) 
Seat 3: Edi131313 ($5.98 in chips) 
Edi131313: posts small blind $0.50
Ydys20: is sitting out 
AlexEliseev7: is sitting out 
CashfishT: posts big blind $1
*** HOLE CARDS ***
Edi131313: raises $1 to $2
AlexEliseev7 leaves the table
Ydys20 leaves the table
CashfishT: calls $1
*** FLOP *** [Jh Ts 5h]
CashfishT: checks 
Edi131313: checks 
*** TURN *** [Jh Ts 5h] [6c]
CashfishT: checks 
Edi131313: checks 
*** RIVER *** [Jh Ts 5h 6c] [Qh]
CashfishT: bets $4.75
Edi131313: folds 
Uncalled bet ($4.75) returned to CashfishT
CashfishT collected $3.80 from pot
CashfishT: doesn't show hand 
*** SUMMARY ***
Total pot $4 | Rake $0.20 
Board [Jh Ts 5h 6c Qh]
Seat 4: Ydys20
Seat 6: AlexEliseev7
Seat 2: CashfishT (big blind) collected ($3.80)
Seat 3: Edi131313 (button) (small blind) folded on the River



PokerStars Hand #254618684865:  Hold'em No Limit ($0.50/$1.00 USD) - 2025/01/30 8:39:50 WET [2025/01/30 3:39:50 ET]
Table 'Rigel' 6-max Seat #2 is the button
Seat 2: CashfishT ($142.91 in chips) 
Seat 3: Edi131313 ($3.98 in chips) 
CashfishT: posts small blind $0.50
Edi131313: posts big blind $1
*** HOLE CARDS ***
CashfishT: folds 
Uncalled bet ($0.50) returned to Edi131313
Edi131313 collected $1 from pot
Edi131313: doesn't show hand 
*** SUMMARY ***
Total pot $1 | Rake $0 
Seat 2: CashfishT (button) (small blind) folded before Flop
Seat 3: Edi131313 (big blind) collected ($1)



PokerStars Hand #254618872027:  Hold'em No Limit ($0.50/$1.00 USD) - 2025/01/30 9:17:00 WET [2025/01/30 4:17:00 ET]
Table 'Rigel' 6-max Seat #2 is the button
Seat 6: b2k-Snick ($102.50 in chips) is sitting out
Seat 1: pepelino19 ($98.50 in chips) 
Seat 2: steepfell ($100 in chips) 
Seat 3: Poker9803 ($240.98 in chips) 
Seat 4: Gamz11 ($148.03 in chips) 
Seat 5: SeEevg ($109.84 in chips) 
Poker9803: posts small blind $0.50
Gamz11: posts big blind $1
b2k-Snick: sits out 
*** HOLE CARDS ***
SeEevg: raises $1.50 to $2.50
pepelino19: folds 
steepfell: folds 
Poker9803: folds 
Gamz11: calls $1.50
*** FLOP *** [Ad Td 6c]
Gamz11: checks 
SeEevg: checks 
*** TURN *** [Ad Td 6c] [8h]
Gamz11: bets $13.05
SeEevg: folds 
Uncalled bet ($13.05) returned to Gamz11
Gamz11 collected $5.22 from pot
*** SUMMARY ***
Total pot $5.50 | Rake $0.28 
Board [Ad Td 6c 8h]
Seat 6: b2k-Snick
Seat 1: pepelino19 folded before Flop (didn't bet)
Seat 2: steepfell (button) folded before Flop (didn't bet)
Seat 3: Poker9803 (small blind) folded before Flop
Seat 4: Gamz11 (big blind) collected ($5.22)
Seat 5: SeEevg folded on the Turn



PokerStars Hand #254618875780:  Hold'em No Limit ($0.50/$1.00 USD) - 2025/01/30 9:17:42 WET [2025/01/30 4:17:42 ET]
Table 'Rigel' 6-max Seat #3 is the button
Seat 6: b2k-Snick ($102.50 in chips) is sitting out
Seat 1: pepelino19 ($98.50 in chips) 
Seat 2: steepfell ($100 in chips) 
Seat 3: Poker9803 ($240.48 in chips) 
Seat 4: Gamz11 ($150.75 in chips) 
Seat 5: SeEevg ($107.34 in chips) 
Gamz11: posts small blind $0.50
SeEevg: posts big blind $1
b2k-Snick: sits out 
*** HOLE CARDS ***
pepelino19: folds 
steepfell: folds 
Poker9803: folds 
Gamz11: folds 
Uncalled bet ($0.50) returned to SeEevg
SeEevg collected $1 from pot
SeEevg: doesn't show hand 
*** SUMMARY ***
Total pot $1 | Rake $0 
Seat 6: b2k-Snick
Seat 1: pepelino19 folded before Flop (didn't bet)
Seat 2: steepfell folded before Flop (didn't bet)
Seat 3: Poker9803 (button) folded before Flop (didn't bet)
Seat 4: Gamz11 (small blind) folded before Flop
Seat 5: SeEevg (big blind) collected ($1)



PokerStars Hand #254618876846:  Hold'em No Limit ($0.50/$1.00 USD) - 2025/01/30 9:17:53 WET [2025/01/30 4:17:53 ET]
Table 'Rigel' 6-max Seat #4 is the button
Seat 1: pepelino19 ($98.50 in chips) 
Seat 2: steepfell ($100 in chips) 
Seat 3: Poker9803 ($240.48 in chips) 
Seat 4: Gamz11 ($150.25 in chips) 
Seat 5: SeEevg ($107.84 in chips) 
Seat 6: b2k-Snick ($102.50 in chips) 
SeEevg: posts small blind $0.50
b2k-Snick: posts big blind $1
*** HOLE CARDS ***
pepelino19: folds 
steepfell: folds 
Poker9803: raises $1.50 to $2.50
Gamz11: folds 
SeEevg: folds 
b2k-Snick: calls $1.50
*** FLOP *** [6s 3d 2c]
b2k-Snick: checks 
Poker9803: checks 
*** TURN *** [6s 3d 2c] [7d]
b2k-Snick: bets $7.50
Poker9803: calls $7.50
*** RIVER *** [6s 3d 2c 7d] [2h]
b2k-Snick: checks 
Poker9803: checks 
*** SHOW DOWN ***
b2k-Snick: shows [8d Jd] (a pair of Deuces)
Poker9803: shows [Ts Ac] (a pair of Deuces - Ace kicker)
Poker9803 collected $19.48 from pot
*** SUMMARY ***
Total pot $20.50 | Rake $1.02 
Board [6s 3d 2c 7d 2h]
Seat 1: pepelino19 folded before Flop (didn't bet)
Seat 2: steepfell folded before Flop (didn't bet)
Seat 3: Poker9803 showed [Ts Ac] and won ($19.48) with a pair of Deuces
Seat 4: Gamz11 (button) folded before Flop (didn't bet)
Seat 5: SeEevg (small blind) folded before Flop
Seat 6: b2k-Snick (big blind) showed [8d Jd] and lost with a pair of Deuces



PokerStars Hand #254618881349:  Hold'em No Limit ($0.50/$1.00 USD) - 2025/01/30 9:18:43 WET [2025/01/30 4:18:43 ET]
Table 'Rigel' 6-max Seat #5 is the button
Seat 1: pepelino19 ($98.50 in chips) 
Seat 2: steepfell ($100 in chips) 
Seat 3: Poker9803 ($249.96 in chips) 
Seat 4: Gamz11 ($150.25 in chips) 
Seat 5: SeEevg ($107.34 in chips) 
Seat 6: b2k-Snick ($100 in chips) 
b2k-Snick: posts small blind $0.50
pepelino19: posts big blind $1
*** HOLE CARDS ***
steepfell: folds 
Poker9803: folds 
Gamz11: raises $1.25 to $2.25
SeEevg: folds 
b2k-Snick: folds 
pepelino19: folds 
Uncalled bet ($1.25) returned to Gamz11
Gamz11 collected $2.50 from pot
*** SUMMARY ***
Total pot $2.50 | Rake $0 
Seat 1: pepelino19 (big blind) folded before Flop
Seat 2: steepfell folded before Flop (didn't bet)
Seat 3: Poker9803 folded before Flop (didn't bet)
Seat 4: Gamz11 collected ($2.50)
Seat 5: SeEevg (button) folded before Flop (didn't bet)
Seat 6: b2k-Snick (small blind) folded before Flop



PokerStars Hand #254618883187:  Hold'em No Limit ($0.50/$1.00 USD) - 2025/01/30 9:19:03 WET [2025/01/30 4:19:03 ET]
Table 'Rigel' 6-max Seat #6 is the button
Seat 1: pepelino19 ($97.50 in chips) 
Seat 2: steepfell ($100 in chips) 
Seat 3: Poker9803 ($249.96 in chips) 
Seat 4: Gamz11 ($151.75 in chips) 
Seat 5: SeEevg ($107.34 in chips) 
Seat 6: b2k-Snick ($100 in chips) 
pepelino19: posts small blind $0.50
steepfell: posts big blind $1
*** HOLE CARDS ***
Poker9803: folds 
Gamz11: folds 
SeEevg: folds 
b2k-Snick: folds 
pepelino19: raises $2 to $3
steepfell: folds 
Uncalled bet ($2) returned to pepelino19
pepelino19 collected $2 from pot
*** SUMMARY ***
Total pot $2 | Rake $0 
Seat 1: pepelino19 (small blind) collected ($2)
Seat 2: steepfell (big blind) folded before Flop
Seat 3: Poker9803 folded before Flop (didn't bet)
Seat 4: Gamz11 folded before Flop (didn't bet)
Seat 5: SeEevg folded before Flop (didn't bet)
Seat 6: b2k-Snick (button) folded before Flop (didn't bet)



PokerStars Hand #254618885137:  Hold'em No Limit ($0.50/$1.00 USD) - 2025/01/30 9:19:24 WET [2025/01/30 4:19:24 ET]
Table 'Rigel' 6-max Seat #1 is the button
Seat 1: pepelino19 ($98.50 in chips) 
Seat 2: steepfell ($100 in chips) 
Seat 3: Poker9803 ($249.96 in chips) 
Seat 4: Gamz11 ($151.75 in chips) 
Seat 5: SeEevg ($107.34 in chips) 
Seat 6: b2k-Snick ($100 in chips) 
steepfell: posts small blind $0.50
Poker9803: posts big blind $1
*** HOLE CARDS ***
Gamz11: folds 
SeEevg: raises $1.50 to $2.50
b2k-Snick: folds 
pepelino19: folds 
steepfell: folds 
Poker9803: folds 
Uncalled bet ($1.50) returned to SeEevg
SeEevg collected $2.50 from pot
SeEevg: doesn't show hand 
*** SUMMARY ***
Total pot $2.50 | Rake $0 
Seat 1: pepelino19 (button) folded before Flop (didn't bet)
Seat 2: steepfell (small blind) folded before Flop
Seat 3: Poker9803 (big blind) folded before Flop
Seat 4: Gamz11 folded before Flop (didn't bet)
Seat 5: SeEevg collected ($2.50)
Seat 6: b2k-Snick folded before Flop (didn't bet)



PokerStars Hand #254618887165:  Hold'em No Limit ($0.50/$1.00 USD) - 2025/01/30 9:19:47 WET [2025/01/30 4:19:47 ET]
Table 'Rigel' 6-max Seat #2 is the button
Seat 1: pepelino19 ($98.50 in chips) 
Seat 2: steepfell ($100 in chips) 
Seat 3: Poker9803 ($248.96 in chips) 
Seat 4: Gamz11 ($151.75 in chips) 
Seat 5: SeEevg ($108.84 in chips) 
Seat 6: b2k-Snick ($100 in chips) 
Poker9803: posts small blind $0.50
Gamz11: posts big blind $1
*** HOLE CARDS ***
SeEevg: folds 
b2k-Snick: folds 
pepelino19: folds 
steepfell: folds 
Poker9803: raises $2 to $3
Gamz11: folds 
Uncalled bet ($2) returned to Poker9803
Poker9803 collected $2 from pot
Poker9803: doesn't show hand 
*** SUMMARY ***
Total pot $2 | Rake $0 
Seat 1: pepelino19 folded before Flop (didn't bet)
Seat 2: steepfell (button) folded before Flop (didn't bet)
Seat 3: Poker9803 (small blind) collected ($2)
Seat 4: Gamz11 (big blind) folded before Flop
Seat 5: SeEevg folded before Flop (didn't bet)
Seat 6: b2k-Snick folded before Flop (didn't bet)



PokerStars Hand #254618889709:  Hold'em No Limit ($0.50/$1.00 USD) - 2025/01/30 9:20:15 WET [2025/01/30 4:20:15 ET]
Table 'Rigel' 6-max Seat #3 is the button
Seat 1: pepelino19 ($98.50 in chips) 
Seat 2: steepfell ($100 in chips) 
Seat 3: Poker9803 ($249.96 in chips) 
Seat 4: Gamz11 ($150.75 in chips) 
Seat 5: SeEevg ($108.84 in chips) 
Seat 6: b2k-Snick ($100 in chips) 
Gamz11: posts small blind $0.50
SeEevg: posts big blind $1
*** HOLE CARDS ***
b2k-Snick: folds 
pepelino19: folds 
steepfell: raises $1.50 to $2.50
Poker9803: folds 
Gamz11: folds 
SeEevg: folds 
Uncalled bet ($1.50) returned to steepfell
steepfell collected $2.50 from pot
steepfell: doesn't show hand 
*** SUMMARY ***
Total pot $2.50 | Rake $0 
Seat 1: pepelino19 folded before Flop (didn't bet)
Seat 2: steepfell collected ($2.50)
Seat 3: Poker9803 (button) folded before Flop (didn't bet)
Seat 4: Gamz11 (small blind) folded before Flop
Seat 5: SeEevg (big blind) folded before Flop
Seat 6: b2k-Snick folded before Flop (didn't bet)



PokerStars Hand #254618892145:  Hold'em No Limit ($0.50/$1.00 USD) - 2025/01/30 9:20:41 WET [2025/01/30 4:20:41 ET]
Table 'Rigel' 6-max Seat #4 is the button
Seat 1: pepelino19 ($98.50 in chips) 
Seat 2: steepfell ($101.50 in chips) 
Seat 3: Poker9803 ($249.96 in chips) 
Seat 4: Gamz11 ($150.25 in chips) 
Seat 5: SeEevg ($107.84 in chips) 
Seat 6: b2k-Snick ($100 in chips) 
SeEevg: posts small blind $0.50
b2k-Snick: posts big blind $1
*** HOLE CARDS ***
pepelino19: folds 
steepfell: folds 
Poker9803: folds 
Gamz11: folds 
SeEevg: raises $2 to $3
b2k-Snick: raises $6 to $9
SeEevg: raises $12 to $21
b2k-Snick: calls $12
*** FLOP *** [6d Ah Kh]
SeEevg: bets $9.97
b2k-Snick: calls $9.97
*** TURN *** [6d Ah Kh] [Qh]
SeEevg: bets $19.62
b2k-Snick: calls $19.62
*** RIVER *** [6d Ah Kh Qh] [6s]
SeEevg: bets $57.25 and is all-in
b2k-Snick: folds 
Uncalled bet ($57.25) returned to SeEevg
SeEevg collected $98.68 from pot
SeEevg: doesn't show hand 
*** SUMMARY ***
Total pot $101.18 | Rake $2.50 
Board [6d Ah Kh Qh 6s]
Seat 1: pepelino19 folded before Flop (didn't bet)
Seat 2: steepfell folded before Flop (didn't bet)
Seat 3: Poker9803 folded before Flop (didn't bet)
Seat 4: Gamz11 (button) folded before Flop (didn't bet)
Seat 5: SeEevg (small blind) collected ($98.68)
Seat 6: b2k-Snick (big blind) folded on the River



PokerStars Hand #254618901786:  Hold'em No Limit ($0.50/$1.00 USD) - 2025/01/30 9:22:27 WET [2025/01/30 4:22:27 ET]
Table 'Rigel' 6-max Seat #5 is the button
Seat 1: pepelino19 ($98.50 in chips) 
Seat 2: steepfell ($101.50 in chips) 
Seat 3: Poker9803 ($249.96 in chips) 
Seat 4: Gamz11 ($150.25 in chips) 
Seat 5: SeEevg ($155.93 in chips) 
Seat 6: b2k-Snick ($100 in chips) 
b2k-Snick: posts small blind $0.50
pepelino19: posts big blind $1
*** HOLE CARDS ***
steepfell: folds 
Poker9803: folds 
Gamz11: folds 
SeEevg: raises $1.50 to $2.50
b2k-Snick: folds 
pepelino19: folds 
Uncalled bet ($1.50) returned to SeEevg
SeEevg collected $2.50 from pot
SeEevg: doesn't show hand 
*** SUMMARY ***
Total pot $2.50 | Rake $0 
Seat 1: pepelino19 (big blind) folded before Flop
Seat 2: steepfell folded before Flop (didn't bet)
Seat 3: Poker9803 folded before Flop (didn't bet)
Seat 4: Gamz11 folded before Flop (didn't bet)
Seat 5: SeEevg (button) collected ($2.50)
Seat 6: b2k-Snick (small blind) folded before Flop



PokerStars Hand #254618904396:  Hold'em No Limit ($0.50/$1.00 USD) - 2025/01/30 9:22:55 WET [2025/01/30 4:22:55 ET]
Table 'Rigel' 6-max Seat #6 is the button
Seat 1: pepelino19 ($97.50 in chips) 
Seat 2: steepfell ($101.50 in chips) 
Seat 3: Poker9803 ($249.96 in chips) 
Seat 4: Gamz11 ($150.25 in chips) 
Seat 5: SeEevg ($157.43 in chips) 
Seat 6: b2k-Snick ($100 in chips) 
pepelino19: posts small blind $0.50
steepfell: posts big blind $1
*** HOLE CARDS ***
Poker9803: folds 
Gamz11: folds 
SeEevg: folds 
b2k-Snick: raises $1.50 to $2.50
pepelino19: folds 
steepfell: folds 
Uncalled bet ($1.50) returned to b2k-Snick
b2k-Snick collected $2.50 from pot
b2k-Snick: doesn't show hand 
*** SUMMARY ***
Total pot $2.50 | Rake $0 
Seat 1: pepelino19 (small blind) folded before Flop
Seat 2: steepfell (big blind) folded before Flop
Seat 3: Poker9803 folded before Flop (didn't bet)
Seat 4: Gamz11 folded before Flop (didn't bet)
Seat 5: SeEevg folded before Flop (didn't bet)
Seat 6: b2k-Snick (button) collected ($2.50)



PokerStars Hand #254618906642:  Hold'em No Limit ($0.50/$1.00 USD) - 2025/01/30 9:23:19 WET [2025/01/30 4:23:19 ET]
Table 'Rigel' 6-max Seat #1 is the button
Seat 1: pepelino19 ($97 in chips) 
Seat 2: steepfell ($100.50 in chips) 
Seat 3: Poker9803 ($249.96 in chips) 
Seat 4: Gamz11 ($150.25 in chips) 
Seat 5: SeEevg ($157.43 in chips) 
Seat 6: b2k-Snick ($101.50 in chips) 
steepfell: posts small blind $0.50
Poker9803: posts big blind $1
*** HOLE CARDS ***
Gamz11: folds 
SeEevg: folds 
b2k-Snick: raises $1.50 to $2.50
pepelino19: calls $2.50
steepfell: raises $10.50 to $13
Poker9803: folds 
b2k-Snick: folds 
pepelino19: folds 
Uncalled bet ($10.50) returned to steepfell
steepfell collected $8.50 from pot
steepfell: doesn't show hand 
*** SUMMARY ***
Total pot $8.50 | Rake $0 
Seat 1: pepelino19 (button) folded before Flop
Seat 2: steepfell (small blind) collected ($8.50)
Seat 3: Poker9803 (big blind) folded before Flop
Seat 4: Gamz11 folded before Flop (didn't bet)
Seat 5: SeEevg folded before Flop (didn't bet)
Seat 6: b2k-Snick folded before Flop



PokerStars Hand #254618909544:  Hold'em No Limit ($0.50/$1.00 USD) - 2025/01/30 9:23:51 WET [2025/01/30 4:23:51 ET]
Table 'Rigel' 6-max Seat #2 is the button
Seat 1: pepelino19 ($94.50 in chips) 
Seat 2: steepfell ($106.50 in chips) 
Seat 3: Poker9803 ($248.96 in chips) 
Seat 4: Gamz11 ($150.25 in chips) 
Seat 5: SeEevg ($157.43 in chips) 
Seat 6: b2k-Snick ($100 in chips) 
Poker9803: posts small blind $0.50
Gamz11: posts big blind $1
*** HOLE CARDS ***
SeEevg: raises $1.50 to $2.50
b2k-Snick: folds 
pepelino19: folds 
steepfell: folds 
Poker9803: folds 
Gamz11: folds 
Uncalled bet ($1.50) returned to SeEevg
SeEevg collected $2.50 from pot
SeEevg: doesn't show hand 
*** SUMMARY ***
Total pot $2.50 | Rake $0 
Seat 1: pepelino19 folded before Flop (didn't bet)
Seat 2: steepfell (button) folded before Flop (didn't bet)
Seat 3: Poker9803 (small blind) folded before Flop
Seat 4: Gamz11 (big blind) folded before Flop
Seat 5: SeEevg collected ($2.50)
Seat 6: b2k-Snick folded before Flop (didn't bet)



PokerStars Hand #254618911179:  Hold'em No Limit ($0.50/$1.00 USD) - 2025/01/30 9:24:09 WET [2025/01/30 4:24:09 ET]
Table 'Rigel' 6-max Seat #3 is the button
Seat 1: pepelino19 ($94.50 in chips) 
Seat 2: steepfell ($106.50 in chips) 
Seat 3: Poker9803 ($248.46 in chips) 
Seat 4: Gamz11 ($149.25 in chips) 
Seat 5: SeEevg ($158.93 in chips) 
Seat 6: b2k-Snick ($100 in chips) 
Gamz11: posts small blind $0.50
SeEevg: posts big blind $1
*** HOLE CARDS ***
b2k-Snick: folds 
pepelino19: folds 
steepfell: folds 
Poker9803: folds 
Gamz11: raises $2 to $3
SeEevg: folds 
Uncalled bet ($2) returned to Gamz11
Gamz11 collected $2 from pot
*** SUMMARY ***
Total pot $2 | Rake $0 
Seat 1: pepelino19 folded before Flop (didn't bet)
Seat 2: steepfell folded before Flop (didn't bet)
Seat 3: Poker9803 (button) folded before Flop (didn't bet)
Seat 4: Gamz11 (small blind) collected ($2)
Seat 5: SeEevg (big blind) folded before Flop
Seat 6: b2k-Snick folded before Flop (didn't bet)



PokerStars Hand #254618912766:  Hold'em No Limit ($0.50/$1.00 USD) - 2025/01/30 9:24:26 WET [2025/01/30 4:24:26 ET]
Table 'Rigel' 6-max Seat #4 is the button
Seat 1: pepelino19 ($94.50 in chips) 
Seat 2: steepfell ($106.50 in chips) 
Seat 3: Poker9803 ($248.46 in chips) 
Seat 4: Gamz11 ($150.25 in chips) 
Seat 5: SeEevg ($157.93 in chips) 
Seat 6: b2k-Snick ($100 in chips) 
SeEevg: posts small blind $0.50
b2k-Snick: posts big blind $1
*** HOLE CARDS ***
pepelino19: folds 
steepfell: folds 
Poker9803: folds 
Gamz11: folds 
SeEevg: raises $2 to $3
b2k-Snick: calls $2
*** FLOP *** [Qd Ts Kc]
SeEevg: checks 
b2k-Snick: checks 
*** TURN *** [Qd Ts Kc] [2c]
SeEevg: checks 
b2k-Snick: checks 
*** RIVER *** [Qd Ts Kc 2c] [4c]
SeEevg: checks 
b2k-Snick: checks 
*** SHOW DOWN ***
SeEevg: shows [6d 4d] (a pair of Fours)
b2k-Snick: shows [5d 5c] (a pair of Fives)
b2k-Snick collected $5.70 from pot
*** SUMMARY ***
Total pot $6 | Rake $0.30 
Board [Qd Ts Kc 2c 4c]
Seat 1: pepelino19 folded before Flop (didn't bet)
Seat 2: steepfell folded before Flop (didn't bet)
Seat 3: Poker9803 folded before Flop (didn't bet)
Seat 4: Gamz11 (button) folded before Flop (didn't bet)
Seat 5: SeEevg (small blind) showed [6d 4d] and lost with a pair of Fours
Seat 6: b2k-Snick (big blind) showed [5d 5c] and won ($5.70) with a pair of Fives



PokerStars Hand #254618916796:  Hold'em No Limit ($0.50/$1.00 USD) - 2025/01/30 9:25:11 WET [2025/01/30 4:25:11 ET]
Table 'Rigel' 6-max Seat #5 is the button
Seat 1: pepelino19 ($94.50 in chips) 
Seat 2: steepfell ($106.50 in chips) 
Seat 3: Poker9803 ($248.46 in chips) 
Seat 4: Gamz11 ($150.25 in chips) 
Seat 5: SeEevg ($154.93 in chips) 
Seat 6: b2k-Snick ($102.70 in chips) 
b2k-Snick: posts small blind $0.50
pepelino19: posts big blind $1
*** HOLE CARDS ***
steepfell: folds 
Poker9803: folds 
Gamz11: folds 
SeEevg: raises $1.50 to $2.50
b2k-Snick: folds 
pepelino19: calls $1.50
*** FLOP *** [9c 2h 4h]
pepelino19: checks 
SeEevg: bets $4
pepelino19: calls $4
*** TURN *** [9c 2h 4h] [Ad]
pepelino19: checks 
SeEevg: bets $20
pepelino19: calls $20
*** RIVER *** [9c 2h 4h Ad] [5c]
pepelino19: checks 
SeEevg: bets $102
pepelino19: calls $68 and is all-in
Uncalled bet ($34) returned to SeEevg
*** SHOW DOWN ***
SeEevg: shows [4d 4c] (three of a kind, Fours)
pepelino19: shows [As 9h] (two pair, Aces and Nines)
SeEevg collected $187 from pot
*** SUMMARY ***
Total pot $189.50 | Rake $2.50 
Board [9c 2h 4h Ad 5c]
Seat 1: pepelino19 (big blind) showed [As 9h] and lost with two pair, Aces and Nines
Seat 2: steepfell folded before Flop (didn't bet)
Seat 3: Poker9803 folded before Flop (didn't bet)
Seat 4: Gamz11 folded before Flop (didn't bet)
Seat 5: SeEevg (button) showed [4d 4c] and won ($187) with three of a kind, Fours
Seat 6: b2k-Snick (small blind) folded before Flop



PokerStars Hand #254618924714:  Hold'em No Limit ($0.50/$1.00 USD) - 2025/01/30 9:26:37 WET [2025/01/30 4:26:37 ET]
Table 'Rigel' 6-max Seat #6 is the button
Seat 1: pepelino19 ($0 in chips) is sitting out
Seat 2: steepfell ($106.50 in chips) 
Seat 3: Poker9803 ($248.46 in chips) 
Seat 4: Gamz11 ($150.25 in chips) 
Seat 5: SeEevg ($247.43 in chips) 
Seat 6: b2k-Snick ($102.20 in chips) 
steepfell: posts small blind $0.50
Poker9803: posts big blind $1
*** HOLE CARDS ***
Gamz11: folds 
SeEevg: raises $1.50 to $2.50
b2k-Snick: folds 
steepfell: folds 
Poker9803: folds 
Uncalled bet ($1.50) returned to SeEevg
SeEevg collected $2.50 from pot
SeEevg: doesn't show hand 
*** SUMMARY ***
Total pot $2.50 | Rake $0 
Seat 1: pepelino19
Seat 2: steepfell (small blind) folded before Flop
Seat 3: Poker9803 (big blind) folded before Flop
Seat 4: Gamz11 folded before Flop (didn't bet)
Seat 5: SeEevg collected ($2.50)
Seat 6: b2k-Snick (button) folded before Flop (didn't bet)



PokerStars Hand #254618926107:  Hold'em No Limit ($0.50/$1.00 USD) - 2025/01/30 9:26:53 WET [2025/01/30 4:26:53 ET]
Table 'Rigel' 6-max Seat #2 is the button
Seat 1: pepelino19 ($0 in chips) is sitting out
Seat 2: steepfell ($106 in chips) 
Seat 3: Poker9803 ($247.46 in chips) 
Seat 4: Gamz11 ($150.25 in chips) 
Seat 5: SeEevg ($248.93 in chips) 
Seat 6: b2k-Snick ($102.20 in chips) 
Poker9803: posts small blind $0.50
Gamz11: posts big blind $1
*** HOLE CARDS ***
SeEevg: raises $1.50 to $2.50
b2k-Snick: folds 
steepfell: folds 
Poker9803: folds 
Gamz11: folds 
Uncalled bet ($1.50) returned to SeEevg
SeEevg collected $2.50 from pot
SeEevg: doesn't show hand 
*** SUMMARY ***
Total pot $2.50 | Rake $0 
Seat 1: pepelino19
Seat 2: steepfell (button) folded before Flop (didn't bet)
Seat 3: Poker9803 (small blind) folded before Flop
Seat 4: Gamz11 (big blind) folded before Flop
Seat 5: SeEevg collected ($2.50)
Seat 6: b2k-Snick folded before Flop (didn't bet)



PokerStars Hand #254618927638:  Hold'em No Limit ($0.50/$1.00 USD) - 2025/01/30 9:27:09 WET [2025/01/30 4:27:09 ET]
Table 'Rigel' 6-max Seat #3 is the button
Seat 1: pepelino19 ($100 in chips) 
Seat 2: steepfell ($106 in chips) 
Seat 3: Poker9803 ($246.96 in chips) 
Seat 4: Gamz11 ($149.25 in chips) 
Seat 5: SeEevg ($250.43 in chips) 
Seat 6: b2k-Snick ($102.20 in chips) 
Gamz11: posts small blind $0.50
SeEevg: posts big blind $1
pepelino19: posts small blind $0.50
*** HOLE CARDS ***
b2k-Snick: raises $2 to $3
pepelino19: folds 
steepfell: folds 
Poker9803: folds 
Gamz11: folds 
SeEevg: folds 
Uncalled bet ($2) returned to b2k-Snick
b2k-Snick collected $3 from pot
b2k-Snick: doesn't show hand 
*** SUMMARY ***
Total pot $3 | Rake $0 
Seat 1: pepelino19 folded before Flop (didn't bet)
Seat 2: steepfell folded before Flop (didn't bet)
Seat 3: Poker9803 (button) folded before Flop (didn't bet)
Seat 4: Gamz11 (small blind) folded before Flop
Seat 5: SeEevg (big blind) folded before Flop
Seat 6: b2k-Snick collected ($3)



PokerStars Hand #254618929483:  Hold'em No Limit ($0.50/$1.00 USD) - 2025/01/30 9:27:29 WET [2025/01/30 4:27:29 ET]
Table 'Rigel' 6-max Seat #4 is the button
Seat 1: pepelino19 ($99.50 in chips) 
Seat 2: steepfell ($106 in chips) 
Seat 3: Poker9803 ($246.96 in chips) 
Seat 4: Gamz11 ($148.75 in chips) 
Seat 5: SeEevg ($249.43 in chips) 
Seat 6: b2k-Snick ($104.20 in chips) 
SeEevg: posts small blind $0.50
b2k-Snick: posts big blind $1
*** HOLE CARDS ***
pepelino19: calls $1
steepfell: folds 
Poker9803: folds 
Gamz11: raises $2.50 to $3.50
SeEevg: folds 
b2k-Snick: folds 
pepelino19: calls $2.50
*** FLOP *** [3h 6c 6h]
pepelino19: checks 
Gamz11: bets $2.67
pepelino19: calls $2.67
*** TURN *** [3h 6c 6h] [Tc]
pepelino19: checks 
Gamz11: checks 
*** RIVER *** [3h 6c 6h Tc] [Kc]
pepelino19: checks 
Gamz11: checks 
*** SHOW DOWN ***
pepelino19: shows [Td Th] (a full house, Tens full of Sixes)
Gamz11: mucks hand 
pepelino19 collected $13.15 from pot
*** SUMMARY ***
Total pot $13.84 | Rake $0.69 
Board [3h 6c 6h Tc Kc]
Seat 1: pepelino19 showed [Td Th] and won ($13.15) with a full house, Tens full of Sixes
Seat 2: steepfell folded before Flop (didn't bet)
Seat 3: Poker9803 folded before Flop (didn't bet)
Seat 4: Gamz11 (button) mucked
Seat 5: SeEevg (small blind) folded before Flop
Seat 6: b2k-Snick (big blind) folded before Flop



PokerStars Hand #254618934382:  Hold'em No Limit ($0.50/$1.00 USD) - 2025/01/30 9:28:23 WET [2025/01/30 4:28:23 ET]
Table 'Rigel' 6-max Seat #5 is the button
Seat 1: pepelino19 ($106.48 in chips) 
Seat 2: steepfell ($106 in chips) 
Seat 3: Poker9803 ($246.96 in chips) 
Seat 4: Gamz11 ($142.58 in chips) 
Seat 5: SeEevg ($248.93 in chips) 
Seat 6: b2k-Snick ($103.20 in chips) 
b2k-Snick: posts small blind $0.50
pepelino19: posts big blind $1
*** HOLE CARDS ***
steepfell: folds 
Poker9803: raises $1.50 to $2.50
Gamz11: folds 
SeEevg: raises $5.50 to $8
b2k-Snick: folds 
pepelino19: folds 
Poker9803: calls $5.50
*** FLOP *** [Th Jd 5h]
Poker9803: checks 
SeEevg: checks 
*** TURN *** [Th Jd 5h] [Jc]
Poker9803: bets $12.47
SeEevg: folds 
Uncalled bet ($12.47) returned to Poker9803
Poker9803 collected $16.62 from pot
Poker9803: doesn't show hand 
*** SUMMARY ***
Total pot $17.50 | Rake $0.88 
Board [Th Jd 5h Jc]
Seat 1: pepelino19 (big blind) folded before Flop
Seat 2: steepfell folded before Flop (didn't bet)
Seat 3: Poker9803 collected ($16.62)
Seat 4: Gamz11 folded before Flop (didn't bet)
Seat 5: SeEevg (button) folded on the Turn
Seat 6: b2k-Snick (small blind) folded before Flop



PokerStars Hand #254618941205:  Hold'em No Limit ($0.50/$1.00 USD) - 2025/01/30 9:29:36 WET [2025/01/30 4:29:36 ET]
Table 'Rigel' 6-max Seat #6 is the button
Seat 1: pepelino19 ($105.48 in chips) 
Seat 2: steepfell ($106 in chips) 
Seat 3: Poker9803 ($255.58 in chips) 
Seat 4: Gamz11 ($142.58 in chips) 
Seat 5: SeEevg ($240.93 in chips) 
Seat 6: b2k-Snick ($102.70 in chips) 
pepelino19: posts small blind $0.50
steepfell: posts big blind $1
*** HOLE CARDS ***
Poker9803: folds 
Gamz11: folds 
SeEevg: folds 
b2k-Snick: folds 
pepelino19: folds 
Uncalled bet ($0.50) returned to steepfell
steepfell collected $1 from pot
steepfell: doesn't show hand 
*** SUMMARY ***
Total pot $1 | Rake $0 
Seat 1: pepelino19 (small blind) folded before Flop
Seat 2: steepfell (big blind) collected ($1)
Seat 3: Poker9803 folded before Flop (didn't bet)
Seat 4: Gamz11 folded before Flop (didn't bet)
Seat 5: SeEevg folded before Flop (didn't bet)
Seat 6: b2k-Snick (button) folded before Flop (didn't bet)



PokerStars Hand #254618943273:  Hold'em No Limit ($0.50/$1.00 USD) - 2025/01/30 9:29:58 WET [2025/01/30 4:29:58 ET]
Table 'Rigel' 6-max Seat #1 is the button
Seat 1: pepelino19 ($104.98 in chips) 
Seat 2: steepfell ($106.50 in chips) 
Seat 3: Poker9803 ($255.58 in chips) 
Seat 4: Gamz11 ($142.58 in chips) 
Seat 5: SeEevg ($240.93 in chips) 
Seat 6: b2k-Snick ($102.70 in chips) 
steepfell: posts small blind $0.50
Poker9803: posts big blind $1
*** HOLE CARDS ***
Gamz11: folds 
SeEevg: folds 
b2k-Snick: folds 
pepelino19: folds 
steepfell: raises $2 to $3
Poker9803: folds 
Uncalled bet ($2) returned to steepfell
steepfell collected $2 from pot
steepfell: doesn't show hand 
*** SUMMARY ***
Total pot $2 | Rake $0 
Seat 1: pepelino19 (button) folded before Flop (didn't bet)
Seat 2: steepfell (small blind) collected ($2)
Seat 3: Poker9803 (big blind) folded before Flop
Seat 4: Gamz11 folded before Flop (didn't bet)
Seat 5: SeEevg folded before Flop (didn't bet)
Seat 6: b2k-Snick folded before Flop (didn't bet)



PokerStars Hand #254618944447:  Hold'em No Limit ($0.50/$1.00 USD) - 2025/01/30 9:30:11 WET [2025/01/30 4:30:11 ET]
Table 'Rigel' 6-max Seat #2 is the button
Seat 1: pepelino19 ($104.98 in chips) 
Seat 2: steepfell ($107.50 in chips) 
Seat 3: Poker9803 ($254.58 in chips) 
Seat 4: Gamz11 ($142.58 in chips) 
Seat 5: SeEevg ($240.93 in chips) 
Seat 6: b2k-Snick ($102.70 in chips) 
Poker9803: posts small blind $0.50
Gamz11: posts big blind $1
*** HOLE CARDS ***
SeEevg: folds 
b2k-Snick: folds 
pepelino19: folds 
steepfell: folds 
Poker9803: folds 
Uncalled bet ($0.50) returned to Gamz11
Gamz11 collected $1 from pot
*** SUMMARY ***
Total pot $1 | Rake $0 
Seat 1: pepelino19 folded before Flop (didn't bet)
Seat 2: steepfell (button) folded before Flop (didn't bet)
Seat 3: Poker9803 (small blind) folded before Flop
Seat 4: Gamz11 (big blind) collected ($1)
Seat 5: SeEevg folded before Flop (didn't bet)
Seat 6: b2k-Snick folded before Flop (didn't bet)



PokerStars Hand #254618945466:  Hold'em No Limit ($0.50/$1.00 USD) - 2025/01/30 9:30:22 WET [2025/01/30 4:30:22 ET]
Table 'Rigel' 6-max Seat #3 is the button
Seat 1: pepelino19 ($104.98 in chips) 
Seat 2: steepfell ($107.50 in chips) 
Seat 3: Poker9803 ($254.08 in chips) 
Seat 4: Gamz11 ($143.08 in chips) 
Seat 5: SeEevg ($240.93 in chips) 
Seat 6: b2k-Snick ($102.70 in chips) 
Gamz11: posts small blind $0.50
SeEevg: posts big blind $1
*** HOLE CARDS ***
b2k-Snick: folds 
pepelino19: folds 
steepfell: raises $1.50 to $2.50
Poker9803: folds 
Gamz11: raises $8.50 to $11
SeEevg: folds 
steepfell: folds 
Uncalled bet ($8.50) returned to Gamz11
Gamz11 collected $6 from pot
*** SUMMARY ***
Total pot $6 | Rake $0 
Seat 1: pepelino19 folded before Flop (didn't bet)
Seat 2: steepfell folded before Flop
Seat 3: Poker9803 (button) folded before Flop (didn't bet)
Seat 4: Gamz11 (small blind) collected ($6)
Seat 5: SeEevg (big blind) folded before Flop
Seat 6: b2k-Snick folded before Flop (didn't bet)



PokerStars Hand #254618948895:  Hold'em No Limit ($0.50/$1.00 USD) - 2025/01/30 9:30:59 WET [2025/01/30 4:30:59 ET]
Table 'Rigel' 6-max Seat #4 is the button
Seat 1: pepelino19 ($104.98 in chips) 
Seat 2: steepfell ($105 in chips) 
Seat 3: Poker9803 ($254.08 in chips) 
Seat 4: Gamz11 ($146.58 in chips) 
Seat 5: SeEevg ($239.93 in chips) 
Seat 6: b2k-Snick ($102.70 in chips) 
SeEevg: posts small blind $0.50
b2k-Snick: posts big blind $1
*** HOLE CARDS ***
pepelino19: calls $1
steepfell: folds 
Poker9803: folds 
Gamz11: folds 
SeEevg: folds 
b2k-Snick: checks 
*** FLOP *** [4c 6h Jc]
b2k-Snick: checks 
pepelino19: bets $1
b2k-Snick: folds 
Uncalled bet ($1) returned to pepelino19
pepelino19 collected $2.38 from pot
pepelino19: doesn't show hand 
*** SUMMARY ***
Total pot $2.50 | Rake $0.12 
Board [4c 6h Jc]
Seat 1: pepelino19 collected ($2.38)
Seat 2: steepfell folded before Flop (didn't bet)
Seat 3: Poker9803 folded before Flop (didn't bet)
Seat 4: Gamz11 (button) folded before Flop (didn't bet)
Seat 5: SeEevg (small blind) folded before Flop
Seat 6: b2k-Snick (big blind) folded on the Flop



PokerStars Hand #254618952402:  Hold'em No Limit ($0.50/$1.00 USD) - 2025/01/30 9:31:36 WET [2025/01/30 4:31:36 ET]
Table 'Rigel' 6-max Seat #5 is the button
Seat 1: pepelino19 ($106.36 in chips) 
Seat 2: steepfell ($105 in chips) 
Seat 3: Poker9803 ($254.08 in chips) 
Seat 4: Gamz11 ($146.58 in chips) 
Seat 5: SeEevg ($239.43 in chips) 
Seat 6: b2k-Snick ($101.70 in chips) 
b2k-Snick: posts small blind $0.50
pepelino19: posts big blind $1
*** HOLE CARDS ***
steepfell: folds 
Poker9803: folds 
Gamz11: folds 
SeEevg: folds 
b2k-Snick: raises $2 to $3
pepelino19: folds 
Uncalled bet ($2) returned to b2k-Snick
b2k-Snick collected $2 from pot
b2k-Snick: doesn't show hand 
*** SUMMARY ***
Total pot $2 | Rake $0 
Seat 1: pepelino19 (big blind) folded before Flop
Seat 2: steepfell folded before Flop (didn't bet)
Seat 3: Poker9803 folded before Flop (didn't bet)
Seat 4: Gamz11 folded before Flop (didn't bet)
Seat 5: SeEevg (button) folded before Flop (didn't bet)
Seat 6: b2k-Snick (small blind) collected ($2)



PokerStars Hand #254618954695:  Hold'em No Limit ($0.50/$1.00 USD) - 2025/01/30 9:32:01 WET [2025/01/30 4:32:01 ET]
Table 'Rigel' 6-max Seat #6 is the button
Seat 1: pepelino19 ($105.36 in chips) 
Seat 2: steepfell ($105 in chips) 
Seat 3: Poker9803 ($254.08 in chips) 
Seat 4: Gamz11 ($146.58 in chips) 
Seat 5: SeEevg ($239.43 in chips) 
Seat 6: b2k-Snick ($102.70 in chips) 
pepelino19: posts small blind $0.50
steepfell: posts big blind $1
*** HOLE CARDS ***
Poker9803: folds 
Gamz11: folds 
SeEevg: raises $1.50 to $2.50
b2k-Snick: folds 
pepelino19: folds 
steepfell: folds 
Uncalled bet ($1.50) returned to SeEevg
SeEevg collected $2.50 from pot
SeEevg: doesn't show hand 
*** SUMMARY ***
Total pot $2.50 | Rake $0 
Seat 1: pepelino19 (small blind) folded before Flop
Seat 2: steepfell (big blind) folded before Flop
Seat 3: Poker9803 folded before Flop (didn't bet)
Seat 4: Gamz11 folded before Flop (didn't bet)
Seat 5: SeEevg collected ($2.50)
Seat 6: b2k-Snick (button) folded before Flop (didn't bet)



PokerStars Hand #254618956611:  Hold'em No Limit ($0.50/$1.00 USD) - 2025/01/30 9:32:21 WET [2025/01/30 4:32:21 ET]
Table 'Rigel' 6-max Seat #1 is the button
Seat 1: pepelino19 ($104.86 in chips) 
Seat 2: steepfell ($104 in chips) 
Seat 3: Poker9803 ($254.08 in chips) 
Seat 4: Gamz11 ($146.58 in chips) 
Seat 5: SeEevg ($240.93 in chips) 
Seat 6: b2k-Snick ($102.70 in chips) 
steepfell: posts small blind $0.50
Poker9803: posts big blind $1
*** HOLE CARDS ***
Gamz11: folds 
SeEevg: folds 
b2k-Snick: folds 
pepelino19: folds 
steepfell: raises $2 to $3
Poker9803: folds 
Uncalled bet ($2) returned to steepfell
steepfell collected $2 from pot
steepfell: doesn't show hand 
*** SUMMARY ***
Total pot $2 | Rake $0 
Seat 1: pepelino19 (button) folded before Flop (didn't bet)
Seat 2: steepfell (small blind) collected ($2)
Seat 3: Poker9803 (big blind) folded before Flop
Seat 4: Gamz11 folded before Flop (didn't bet)
Seat 5: SeEevg folded before Flop (didn't bet)
Seat 6: b2k-Snick folded before Flop (didn't bet)



PokerStars Hand #254618958483:  Hold'em No Limit ($0.50/$1.00 USD) - 2025/01/30 9:32:41 WET [2025/01/30 4:32:41 ET]
Table 'Rigel' 6-max Seat #2 is the button
Seat 1: pepelino19 ($104.86 in chips) 
Seat 2: steepfell ($105 in chips) 
Seat 3: Poker9803 ($253.08 in chips) 
Seat 4: Gamz11 ($146.58 in chips) 
Seat 5: SeEevg ($240.93 in chips) 
Seat 6: b2k-Snick ($102.70 in chips) 
Poker9803: posts small blind $0.50
Gamz11: posts big blind $1
*** HOLE CARDS ***
SeEevg: folds 
b2k-Snick: folds 
pepelino19: folds 
steepfell: folds 
Poker9803: raises $2 to $3
Gamz11: calls $2
*** FLOP *** [6d Jc 7c]
Poker9803: bets $1.88
Gamz11: folds 
Uncalled bet ($1.88) returned to Poker9803
Poker9803 collected $5.70 from pot
Poker9803: doesn't show hand 
*** SUMMARY ***
Total pot $6 | Rake $0.30 
Board [6d Jc 7c]
Seat 1: pepelino19 folded before Flop (didn't bet)
Seat 2: steepfell (button) folded before Flop (didn't bet)
Seat 3: Poker9803 (small blind) collected ($5.70)
Seat 4: Gamz11 (big blind) folded on the Flop
Seat 5: SeEevg folded before Flop (didn't bet)
Seat 6: b2k-Snick folded before Flop (didn't bet)



PokerStars Hand #254618962136:  Hold'em No Limit ($0.50/$1.00 USD) - 2025/01/30 9:33:19 WET [2025/01/30 4:33:19 ET]
Table 'Rigel' 6-max Seat #3 is the button
Seat 1: pepelino19 ($104.86 in chips) 
Seat 2: steepfell ($105 in chips) 
Seat 3: Poker9803 ($255.78 in chips) 
Seat 4: Gamz11 ($143.58 in chips) 
Seat 5: SeEevg ($240.93 in chips) 
Seat 6: b2k-Snick ($102.70 in chips) 
Gamz11: posts small blind $0.50
SeEevg: posts big blind $1
*** HOLE CARDS ***
b2k-Snick: folds 
pepelino19: calls $1
steepfell: folds 
Poker9803: folds 
Gamz11: folds 
SeEevg: checks 
*** FLOP *** [8s 4d 4h]
SeEevg: checks 
pepelino19: checks 
*** TURN *** [8s 4d 4h] [7d]
SeEevg: checks 
pepelino19: checks 
*** RIVER *** [8s 4d 4h 7d] [Jh]
SeEevg: bets $1.19
pepelino19: calls $1.19
*** SHOW DOWN ***
SeEevg: shows [5h Jc] (two pair, Jacks and Fours)
pepelino19: mucks hand 
SeEevg collected $4.64 from pot
*** SUMMARY ***
Total pot $4.88 | Rake $0.24 
Board [8s 4d 4h 7d Jh]
Seat 1: pepelino19 mucked
Seat 2: steepfell folded before Flop (didn't bet)
Seat 3: Poker9803 (button) folded before Flop (didn't bet)
Seat 4: Gamz11 (small blind) folded before Flop
Seat 5: SeEevg (big blind) showed [5h Jc] and won ($4.64) with two pair, Jacks and Fours
Seat 6: b2k-Snick folded before Flop (didn't bet)



PokerStars Hand #254618966469:  Hold'em No Limit ($0.50/$1.00 USD) - 2025/01/30 9:34:05 WET [2025/01/30 4:34:05 ET]
Table 'Rigel' 6-max Seat #4 is the button
Seat 1: pepelino19 ($102.67 in chips) 
Seat 2: steepfell ($105 in chips) 
Seat 3: Poker9803 ($255.78 in chips) 
Seat 4: Gamz11 ($143.08 in chips) 
Seat 5: SeEevg ($243.38 in chips) 
Seat 6: b2k-Snick ($102.70 in chips) 
SeEevg: posts small blind $0.50
b2k-Snick: posts big blind $1
*** HOLE CARDS ***
pepelino19: calls $1
steepfell: folds 
Poker9803: folds 
Gamz11: folds 
SeEevg: folds 
b2k-Snick: checks 
*** FLOP *** [Ah 5c Th]
b2k-Snick: checks 
pepelino19: bets $1.19
b2k-Snick: folds 
Uncalled bet ($1.19) returned to pepelino19
pepelino19 collected $2.38 from pot
pepelino19: doesn't show hand 
*** SUMMARY ***
Total pot $2.50 | Rake $0.12 
Board [Ah 5c Th]
Seat 1: pepelino19 collected ($2.38)
Seat 2: steepfell folded before Flop (didn't bet)
Seat 3: Poker9803 folded before Flop (didn't bet)
Seat 4: Gamz11 (button) folded before Flop (didn't bet)
Seat 5: SeEevg (small blind) folded before Flop
Seat 6: b2k-Snick (big blind) folded on the Flop



PokerStars Hand #254618971627:  Hold'em No Limit ($0.50/$1.00 USD) - 2025/01/30 9:34:59 WET [2025/01/30 4:34:59 ET]
Table 'Rigel' 6-max Seat #5 is the button
Seat 1: pepelino19 ($104.05 in chips) 
Seat 2: steepfell ($105 in chips) 
Seat 3: Poker9803 ($255.78 in chips) 
Seat 4: Gamz11 ($143.08 in chips) 
Seat 5: SeEevg ($242.88 in chips) 
Seat 6: b2k-Snick ($101.70 in chips) 
b2k-Snick: posts small blind $0.50
pepelino19: posts big blind $1
*** HOLE CARDS ***
steepfell: raises $1.50 to $2.50
Poker9803: raises $5.50 to $8
Gamz11: folds 
SeEevg: folds 
b2k-Snick: raises $12 to $20
pepelino19: calls $19
steepfell: folds 
Poker9803: raises $235.78 to $255.78 and is all-in
b2k-Snick: calls $81.70 and is all-in
pepelino19: calls $84.05 and is all-in
Uncalled bet ($151.73) returned to Poker9803
*** FLOP *** [4c 8c 2h]
*** TURN *** [4c 8c 2h] [2c]
*** RIVER *** [4c 8c 2h 2c] [5c]
*** SHOW DOWN ***
pepelino19: shows [6c 6s] (a flush, Eight high)
Poker9803: shows [Kh Kd] (two pair, Kings and Deuces)
pepelino19 collected $4.70 from side pot
b2k-Snick: shows [Ad Ac] (a flush, Ace high)
b2k-Snick collected $305.10 from main pot
*** SUMMARY ***
Total pot $312.30 Main pot $305.10. Side pot $4.70. | Rake $2.50 
Board [4c 8c 2h 2c 5c]
Seat 1: pepelino19 (big blind) showed [6c 6s] and won ($4.70) with a flush, Eight high
Seat 2: steepfell folded before Flop
Seat 3: Poker9803 showed [Kh Kd] and lost with two pair, Kings and Deuces
Seat 4: Gamz11 folded before Flop (didn't bet)
Seat 5: SeEevg (button) folded before Flop (didn't bet)
Seat 6: b2k-Snick (small blind) showed [Ad Ac] and won ($305.10) with a flush, Ace high



PokerStars Hand #254618977719:  Hold'em No Limit ($0.50/$1.00 USD) - 2025/01/30 9:36:03 WET [2025/01/30 4:36:03 ET]
Table 'Rigel' 6-max Seat #6 is the button
Seat 1: pepelino19 ($4.70 in chips) 
Seat 2: steepfell ($102.50 in chips) 
Seat 3: Poker9803 ($151.73 in chips) 
Seat 4: Gamz11 ($143.08 in chips) 
Seat 5: SeEevg ($242.88 in chips) 
Seat 6: b2k-Snick ($305.10 in chips) 
pepelino19: posts small blind $0.50
steepfell: posts big blind $1
*** HOLE CARDS ***
Poker9803: folds 
Gamz11: folds 
SeEevg: raises $1.50 to $2.50
b2k-Snick: folds 
pepelino19: folds 
steepfell: folds 
Uncalled bet ($1.50) returned to SeEevg
pepelino19 leaves the table
SeEevg collected $2.50 from pot
SeEevg: doesn't show hand 
*** SUMMARY ***
Total pot $2.50 | Rake $0 
Seat 1: pepelino19 (small blind) folded before Flop
Seat 2: steepfell (big blind) folded before Flop
Seat 3: Poker9803 folded before Flop (didn't bet)
Seat 4: Gamz11 folded before Flop (didn't bet)
Seat 5: SeEevg collected ($2.50)
Seat 6: b2k-Snick (button) folded before Flop (didn't bet)



PokerStars Hand #254618979614:  Hold'em No Limit ($0.50/$1.00 USD) - 2025/01/30 9:36:22 WET [2025/01/30 4:36:22 ET]
Table 'Rigel' 6-max Seat #2 is the button
Seat 4: Gamz11 ($143.08 in chips) is sitting out
Seat 2: steepfell ($101.50 in chips) 
Seat 3: Poker9803 ($151.73 in chips) 
Seat 5: SeEevg ($244.38 in chips) 
Seat 6: b2k-Snick ($305.10 in chips) 
Poker9803: posts small blind $0.50
Gamz11: is sitting out 
SeEevg: posts big blind $1
*** HOLE CARDS ***
Gamz11 leaves the table
b2k-Snick: folds 
steepfell: folds 
Poker9803: folds 
Uncalled bet ($0.50) returned to SeEevg
SeEevg collected $1 from pot
SeEevg: doesn't show hand 
*** SUMMARY ***
Total pot $1 | Rake $0 
Seat 4: Gamz11
Seat 2: steepfell (button) folded before Flop (didn't bet)
Seat 3: Poker9803 (small blind) folded before Flop
Seat 5: SeEevg (big blind) collected ($1)
Seat 6: b2k-Snick folded before Flop (didn't bet)



PokerStars Hand #254618981063:  Hold'em No Limit ($0.50/$1.00 USD) - 2025/01/30 9:36:38 WET [2025/01/30 4:36:38 ET]
Table 'Rigel' 6-max Seat #3 is the button
Seat 2: steepfell ($101.50 in chips) 
Seat 3: Poker9803 ($151.23 in chips) 
Seat 5: SeEevg ($244.88 in chips) 
Seat 6: b2k-Snick ($305.10 in chips) 
SeEevg: posts small blind $0.50
b2k-Snick: posts big blind $1
*** HOLE CARDS ***
steepfell: folds 
Poker9803: folds 
Pon4uk.ua joins the table at seat #1 
SeEevg: raises $2 to $3
b2k-Snick: raises $9 to $12
SeEevg: folds 
Uncalled bet ($9) returned to b2k-Snick
b2k-Snick collected $6 from pot
b2k-Snick: doesn't show hand 
*** SUMMARY ***
Total pot $6 | Rake $0 
Seat 2: steepfell folded before Flop (didn't bet)
Seat 3: Poker9803 (button) folded before Flop (didn't bet)
Seat 5: SeEevg (small blind) folded before Flop
Seat 6: b2k-Snick (big blind) collected ($6)



PokerStars Hand #254618984269:  Hold'em No Limit ($0.50/$1.00 USD) - 2025/01/30 9:37:11 WET [2025/01/30 4:37:11 ET]
Table 'Rigel' 6-max Seat #5 is the button
Seat 1: Pon4uk.ua ($100.50 in chips) 
Seat 2: steepfell ($101.50 in chips) 
Seat 3: Poker9803 ($151.23 in chips) 
Seat 5: SeEevg ($241.88 in chips) 
Seat 6: b2k-Snick ($308.10 in chips) 
b2k-Snick: posts small blind $0.50
Pon4uk.ua: posts big blind $1
*** HOLE CARDS ***
steepfell: folds 
Poker9803: folds 
SeEevg: folds 
b2k-Snick: raises $2 to $3
Pon4uk.ua: folds 
Uncalled bet ($2) returned to b2k-Snick
b2k-Snick collected $2 from pot
b2k-Snick: doesn't show hand 
*** SUMMARY ***
Total pot $2 | Rake $0 
Seat 1: Pon4uk.ua (big blind) folded before Flop
Seat 2: steepfell folded before Flop (didn't bet)
Seat 3: Poker9803 folded before Flop (didn't bet)
Seat 5: SeEevg (button) folded before Flop (didn't bet)
Seat 6: b2k-Snick (small blind) collected ($2)



PokerStars Hand #254618759261:  Hold'em No Limit ($0.50/$1.00 USD) - 2025/01/30 8:54:52 WET [2025/01/30 3:54:52 ET]
Table 'Rigel' 6-max Seat #4 is the button
Seat 1: willko999 ($10.81 in chips) 
Seat 2: AlexEliseev7 ($110.85 in chips) 
Seat 4: Sarabe nab ($14.97 in chips) 
Seat 5: Burlica2013 ($100 in chips) 
Seat 6: Poker9803 ($100 in chips) 
Burlica2013: posts small blind $0.50
Poker9803: posts big blind $1
*** HOLE CARDS ***
willko999 is disconnected 
willko999 is connected 
willko999: folds 
AlexEliseev7: folds 
Sarabe nab: folds 
Burlica2013: raises $2 to $3
ARCTlCkiss joins the table at seat #3 
Poker9803: calls $2
*** FLOP *** [2h Qc Kh]
Burlica2013: bets $1.88
Poker9803: folds 
Uncalled bet ($1.88) returned to Burlica2013
Burlica2013 collected $5.70 from pot
Burlica2013: doesn't show hand 
*** SUMMARY ***
Total pot $6 | Rake $0.30 
Board [2h Qc Kh]
Seat 1: willko999 folded before Flop (didn't bet)
Seat 2: AlexEliseev7 folded before Flop (didn't bet)
Seat 4: Sarabe nab (button) folded before Flop (didn't bet)
Seat 5: Burlica2013 (small blind) collected ($5.70)
Seat 6: Poker9803 (big blind) folded on the Flop



PokerStars Hand #254618761922:  Hold'em No Limit ($0.50/$1.00 USD) - 2025/01/30 8:55:28 WET [2025/01/30 3:55:28 ET]
Table 'Rigel' 6-max Seat #5 is the button
Seat 3: ARCTlCkiss ($100 in chips) is sitting out
Seat 1: willko999 ($10.81 in chips) 
Seat 2: AlexEliseev7 ($110.85 in chips) 
Seat 4: Sarabe nab ($14.97 in chips) 
Seat 5: Burlica2013 ($102.70 in chips) 
Seat 6: Poker9803 ($100 in chips) 
Poker9803: posts small blind $0.50
willko999: posts big blind $1
ARCTlCkiss: sits out 
*** HOLE CARDS ***
AlexEliseev7: folds 
Sarabe nab: raises $13.97 to $14.97 and is all-in
Burlica2013: folds 
Poker9803: folds 
willko999: folds 
Uncalled bet ($13.97) returned to Sarabe nab
Sarabe nab collected $2.50 from pot
Sarabe nab: doesn't show hand 
*** SUMMARY ***
Total pot $2.50 | Rake $0 
Seat 3: ARCTlCkiss
Seat 1: willko999 (big blind) folded before Flop
Seat 2: AlexEliseev7 folded before Flop (didn't bet)
Seat 4: Sarabe nab collected ($2.50)
Seat 5: Burlica2013 (button) folded before Flop (didn't bet)
Seat 6: Poker9803 (small blind) folded before Flop



PokerStars Hand #254618763061:  Hold'em No Limit ($0.50/$1.00 USD) - 2025/01/30 8:55:44 WET [2025/01/30 3:55:44 ET]
Table 'Rigel' 6-max Seat #6 is the button
Seat 3: ARCTlCkiss ($100 in chips) is sitting out
Seat 1: willko999 ($9.81 in chips) 
Seat 2: AlexEliseev7 ($110.85 in chips) 
Seat 4: Sarabe nab ($16.47 in chips) 
Seat 5: Burlica2013 ($102.70 in chips) 
Seat 6: Poker9803 ($100 in chips) 
willko999: posts small blind $0.50
AlexEliseev7: posts big blind $1
ARCTlCkiss: sits out 
*** HOLE CARDS ***
Sarabe nab: calls $1
Burlica2013: folds 
Poker9803: folds 
willko999: raises $8.81 to $9.81 and is all-in
AlexEliseev7: folds 
Sarabe nab: folds 
Uncalled bet ($8.81) returned to willko999
willko999 collected $3 from pot
*** SUMMARY ***
Total pot $3 | Rake $0 
Seat 3: ARCTlCkiss
Seat 1: willko999 (small blind) collected ($3)
Seat 2: AlexEliseev7 (big blind) folded before Flop
Seat 4: Sarabe nab folded before Flop
Seat 5: Burlica2013 folded before Flop (didn't bet)
Seat 6: Poker9803 (button) folded before Flop (didn't bet)



PokerStars Hand #254618764751:  Hold'em No Limit ($0.50/$1.00 USD) - 2025/01/30 8:56:07 WET [2025/01/30 3:56:07 ET]
Table 'Rigel' 6-max Seat #1 is the button
Seat 1: willko999 ($11.81 in chips) 
Seat 2: AlexEliseev7 ($109.85 in chips) 
Seat 3: ARCTlCkiss ($100 in chips) 
Seat 4: Sarabe nab ($15.47 in chips) 
Seat 5: Burlica2013 ($102.70 in chips) 
Seat 6: Poker9803 ($100 in chips) 
AlexEliseev7: posts small blind $0.50
ARCTlCkiss: posts big blind $1
*** HOLE CARDS ***
Sarabe nab: folds 
Burlica2013: folds 
Poker9803: folds 
willko999: folds 
AlexEliseev7: raises $2 to $3
ARCTlCkiss: raises $6 to $9
AlexEliseev7: calls $6
*** FLOP *** [Qc 4c Qh]
AlexEliseev7: checks 
ARCTlCkiss: bets $4.79
AlexEliseev7: raises $13.07 to $17.86
ARCTlCkiss: calls $13.07
*** TURN *** [Qc 4c Qh] [7d]
AlexEliseev7: checks 
ARCTlCkiss: bets $14.34
AlexEliseev7: calls $14.34
*** RIVER *** [Qc 4c Qh 7d] [9h]
AlexEliseev7: checks 
ARCTlCkiss: bets $58.80 and is all-in
AlexEliseev7: folds 
Uncalled bet ($58.80) returned to ARCTlCkiss
ARCTlCkiss collected $79.90 from pot
ARCTlCkiss: doesn't show hand 
*** SUMMARY ***
Total pot $82.40 | Rake $2.50 
Board [Qc 4c Qh 7d 9h]
Seat 1: willko999 (button) folded before Flop (didn't bet)
Seat 2: AlexEliseev7 (small blind) folded on the River
Seat 3: ARCTlCkiss (big blind) collected ($79.90)
Seat 4: Sarabe nab folded before Flop (didn't bet)
Seat 5: Burlica2013 folded before Flop (didn't bet)
Seat 6: Poker9803 folded before Flop (didn't bet)



PokerStars Hand #254618776632:  Hold'em No Limit ($0.50/$1.00 USD) - 2025/01/30 8:58:44 WET [2025/01/30 3:58:44 ET]
Table 'Rigel' 6-max Seat #2 is the button
Seat 1: willko999 ($11.81 in chips) 
Seat 2: AlexEliseev7 ($100 in chips) 
Seat 3: ARCTlCkiss ($138.70 in chips) 
Seat 4: Sarabe nab ($15.47 in chips) 
Seat 5: Burlica2013 ($102.70 in chips) 
Seat 6: Poker9803 ($100 in chips) 
ARCTlCkiss: posts small blind $0.50
Sarabe nab: posts big blind $1
*** HOLE CARDS ***
Burlica2013: folds 
Poker9803: raises $1 to $2
willko999: folds 
AlexEliseev7: folds 
ARCTlCkiss: folds 
Sarabe nab: calls $1
*** FLOP *** [5s 7h 4s]
Sarabe nab: checks 
Poker9803: checks 
*** TURN *** [5s 7h 4s] [9h]
Sarabe nab: checks 
Poker9803: checks 
*** RIVER *** [5s 7h 4s 9h] [Th]
Sarabe nab: bets $2.14
Poker9803: folds 
Uncalled bet ($2.14) returned to Sarabe nab
Sarabe nab collected $4.28 from pot
Sarabe nab: doesn't show hand 
*** SUMMARY ***
Total pot $4.50 | Rake $0.22 
Board [5s 7h 4s 9h Th]
Seat 1: willko999 folded before Flop (didn't bet)
Seat 2: AlexEliseev7 (button) folded before Flop (didn't bet)
Seat 3: ARCTlCkiss (small blind) folded before Flop
Seat 4: Sarabe nab (big blind) collected ($4.28)
Seat 5: Burlica2013 folded before Flop (didn't bet)
Seat 6: Poker9803 folded on the River



PokerStars Hand #254618782377:  Hold'em No Limit ($0.50/$1.00 USD) - 2025/01/30 9:00:01 WET [2025/01/30 4:00:01 ET]
Table 'Rigel' 6-max Seat #3 is the button
Seat 1: willko999 ($11.81 in chips) 
Seat 2: AlexEliseev7 ($100 in chips) 
Seat 3: ARCTlCkiss ($138.20 in chips) 
Seat 4: Sarabe nab ($17.75 in chips) 
Seat 5: Burlica2013 ($102.70 in chips) 
Seat 6: Poker9803 ($100 in chips) 
Sarabe nab: posts small blind $0.50
Burlica2013: posts big blind $1
*** HOLE CARDS ***
Poker9803: folds 
willko999: folds 
AlexEliseev7: raises $1 to $2
ARCTlCkiss: folds 
Sarabe nab: calls $1.50
Burlica2013: calls $1
*** FLOP *** [Ts 9s 6c]
Sarabe nab: checks 
Burlica2013: checks 
AlexEliseev7: checks 
*** TURN *** [Ts 9s 6c] [7s]
Sarabe nab: checks 
Burlica2013: bets $2.85
AlexEliseev7: folds 
Sarabe nab: folds 
Uncalled bet ($2.85) returned to Burlica2013
Burlica2013 collected $5.70 from pot
Burlica2013: doesn't show hand 
*** SUMMARY ***
Total pot $6 | Rake $0.30 
Board [Ts 9s 6c 7s]
Seat 1: willko999 folded before Flop (didn't bet)
Seat 2: AlexEliseev7 folded on the Turn
Seat 3: ARCTlCkiss (button) folded before Flop (didn't bet)
Seat 4: Sarabe nab (small blind) folded on the Turn
Seat 5: Burlica2013 (big blind) collected ($5.70)
Seat 6: Poker9803 folded before Flop (didn't bet)



PokerStars Hand #254618785800:  Hold'em No Limit ($0.50/$1.00 USD) - 2025/01/30 9:00:44 WET [2025/01/30 4:00:44 ET]
Table 'Rigel' 6-max Seat #4 is the button
Seat 1: willko999 ($11.81 in chips) 
Seat 2: AlexEliseev7 ($100 in chips) 
Seat 3: ARCTlCkiss ($138.20 in chips) 
Seat 4: Sarabe nab ($15.75 in chips) 
Seat 5: Burlica2013 ($106.40 in chips) 
Seat 6: Poker9803 ($100 in chips) 
Burlica2013: posts small blind $0.50
Poker9803: posts big blind $1
*** HOLE CARDS ***
willko999: folds 
AlexEliseev7: folds 
ARCTlCkiss: folds 
Sarabe nab: calls $1
Burlica2013: folds 
Poker9803: checks 
*** FLOP *** [Js Td 2h]
Poker9803: checks 
Sarabe nab: bets $2.38
Poker9803: raises $5.62 to $8
Sarabe nab: calls $5.62
*** TURN *** [Js Td 2h] [Kd]
Poker9803: bets $8
Sarabe nab: calls $6.75 and is all-in
Uncalled bet ($1.25) returned to Poker9803
*** RIVER *** [Js Td 2h Kd] [4s]
*** SHOW DOWN ***
Poker9803: shows [2s Jd] (two pair, Jacks and Deuces)
Sarabe nab: shows [Tc Qd] (a pair of Tens)
Poker9803 collected $30.40 from pot
*** SUMMARY ***
Total pot $32 | Rake $1.60 
Board [Js Td 2h Kd 4s]
Seat 1: willko999 folded before Flop (didn't bet)
Seat 2: AlexEliseev7 folded before Flop (didn't bet)
Seat 3: ARCTlCkiss folded before Flop (didn't bet)
Seat 4: Sarabe nab (button) showed [Tc Qd] and lost with a pair of Tens
Seat 5: Burlica2013 (small blind) folded before Flop
Seat 6: Poker9803 (big blind) showed [2s Jd] and won ($30.40) with two pair, Jacks and Deuces



PokerStars Hand #254618790124:  Hold'em No Limit ($0.50/$1.00 USD) - 2025/01/30 9:01:36 WET [2025/01/30 4:01:36 ET]
Table 'Rigel' 6-max Seat #5 is the button
Seat 1: willko999 ($11.81 in chips) 
Seat 2: AlexEliseev7 ($100 in chips) 
Seat 3: ARCTlCkiss ($138.20 in chips) 
Seat 5: Burlica2013 ($105.90 in chips) 
Seat 6: Poker9803 ($114.65 in chips) 
Poker9803: posts small blind $0.50
Sarabe nab leaves the table
willko999: posts big blind $1
*** HOLE CARDS ***
AlexEliseev7: folds 
ARCTlCkiss: folds 
Burlica2013: folds 
Poker9803: folds 
Uncalled bet ($0.50) returned to willko999
AlexEliseev7 leaves the table
willko999 collected $1 from pot
*** SUMMARY ***
Total pot $1 | Rake $0 
Seat 1: willko999 (big blind) collected ($1)
Seat 2: AlexEliseev7 folded before Flop (didn't bet)
Seat 3: ARCTlCkiss folded before Flop (didn't bet)
Seat 5: Burlica2013 (button) folded before Flop (didn't bet)
Seat 6: Poker9803 (small blind) folded before Flop



PokerStars Hand #254618815494:  Hold'em No Limit ($0.50/$1.00 USD) - 2025/01/30 9:06:27 WET [2025/01/30 4:06:27 ET]
Table 'Rigel' 6-max Seat #6 is the button
Seat 1: Burlica2013 ($105.90 in chips) 
Seat 2: aldog604 ($67.31 in chips) 
Seat 3: Poker9803 ($114.15 in chips) 
Seat 4: Gamz11 ($100 in chips) 
Seat 5: SeEevg ($100 in chips) 
Seat 6: NikoPale ($100 in chips) 
Burlica2013: posts small blind $0.50
aldog604: posts big blind $1
*** HOLE CARDS ***
Poker9803: raises $1 to $2
Gamz11: folds 
SeEevg: raises $5 to $7
NikoPale: folds 
Burlica2013: folds 
aldog604: calls $6
Poker9803: raises $13 to $20
SeEevg: calls $13
aldog604: calls $13
*** FLOP *** [Jc Kd Ks]
aldog604: checks 
Poker9803: checks 
SeEevg: checks 
*** TURN *** [Jc Kd Ks] [3d]
aldog604: checks 
Poker9803: checks 
SeEevg: checks 
*** RIVER *** [Jc Kd Ks 3d] [8s]
aldog604: checks 
Poker9803: bets $19.14
SeEevg: raises $60.86 to $80 and is all-in
aldog604: folds 
Poker9803: calls $60.86
*** SHOW DOWN ***
SeEevg: shows [Qc Qs] (two pair, Kings and Queens)
Poker9803: shows [Kh Kc] (four of a kind, Kings)
Poker9803 collected $218 from pot
*** SUMMARY ***
Total pot $220.50 | Rake $2.50 
Board [Jc Kd Ks 3d 8s]
Seat 1: Burlica2013 (small blind) folded before Flop
Seat 2: aldog604 (big blind) folded on the River
Seat 3: Poker9803 showed [Kh Kc] and won ($218) with four of a kind, Kings
Seat 4: Gamz11 folded before Flop (didn't bet)
Seat 5: SeEevg showed [Qc Qs] and lost with two pair, Kings and Queens
Seat 6: NikoPale (button) folded before Flop (didn't bet)



PokerStars Hand #254618826412:  Hold'em No Limit ($0.50/$1.00 USD) - 2025/01/30 9:08:31 WET [2025/01/30 4:08:31 ET]
Table 'Rigel' 6-max Seat #1 is the button
Seat 1: Burlica2013 ($105.40 in chips) 
Seat 2: aldog604 ($47.31 in chips) 
Seat 3: Poker9803 ($232.15 in chips) 
Seat 4: Gamz11 ($100 in chips) 
Seat 5: SeEevg ($100 in chips) 
Seat 6: NikoPale ($100 in chips) 
aldog604: posts small blind $0.50
Poker9803: posts big blind $1
*** HOLE CARDS ***
Gamz11: folds 
SeEevg: folds 
NikoPale: raises $2 to $3
Burlica2013: folds 
aldog604: calls $2.50
Poker9803: folds 
*** FLOP *** [5s Ah 6s]
aldog604: bets $1
NikoPale: calls $1
*** TURN *** [5s Ah 6s] [4s]
aldog604: checks 
NikoPale: checks 
*** RIVER *** [5s Ah 6s 4s] [Ts]
aldog604: bets $3
NikoPale: calls $3
*** SHOW DOWN ***
aldog604: shows [Jc 5h] (a pair of Fives)
NikoPale: shows [Js Jh] (a flush, Jack high)
NikoPale collected $14.25 from pot
*** SUMMARY ***
Total pot $15 | Rake $0.75 
Board [5s Ah 6s 4s Ts]
Seat 1: Burlica2013 (button) folded before Flop (didn't bet)
Seat 2: aldog604 (small blind) showed [Jc 5h] and lost with a pair of Fives
Seat 3: Poker9803 (big blind) folded before Flop
Seat 4: Gamz11 folded before Flop (didn't bet)
Seat 5: SeEevg folded before Flop (didn't bet)
Seat 6: NikoPale showed [Js Jh] and won ($14.25) with a flush, Jack high



PokerStars Hand #254618830717:  Hold'em No Limit ($0.50/$1.00 USD) - 2025/01/30 9:09:20 WET [2025/01/30 4:09:20 ET]
Table 'Rigel' 6-max Seat #2 is the button
Seat 1: Burlica2013 ($105.40 in chips) 
Seat 2: aldog604 ($40.31 in chips) 
Seat 3: Poker9803 ($231.15 in chips) 
Seat 4: Gamz11 ($100 in chips) 
Seat 5: SeEevg ($100 in chips) 
Seat 6: NikoPale ($107.25 in chips) 
Poker9803: posts small blind $0.50
Gamz11: posts big blind $1
*** HOLE CARDS ***
SeEevg: raises $1.50 to $2.50
NikoPale: folds 
Burlica2013: raises $5.53 to $8.03
aldog604: folds 
Poker9803: folds 
Gamz11: folds 
SeEevg: folds 
Uncalled bet ($5.53) returned to Burlica2013
Burlica2013 collected $6.50 from pot
Burlica2013: doesn't show hand 
*** SUMMARY ***
Total pot $6.50 | Rake $0 
Seat 1: Burlica2013 collected ($6.50)
Seat 2: aldog604 (button) folded before Flop (didn't bet)
Seat 3: Poker9803 (small blind) folded before Flop
Seat 4: Gamz11 (big blind) folded before Flop
Seat 5: SeEevg folded before Flop
Seat 6: NikoPale folded before Flop (didn't bet)



PokerStars Hand #254618833442:  Hold'em No Limit ($0.50/$1.00 USD) - 2025/01/30 9:09:51 WET [2025/01/30 4:09:51 ET]
Table 'Rigel' 6-max Seat #3 is the button
Seat 1: Burlica2013 ($109.40 in chips) 
Seat 2: aldog604 ($40.31 in chips) 
Seat 3: Poker9803 ($230.65 in chips) 
Seat 4: Gamz11 ($100 in chips) 
Seat 5: SeEevg ($100 in chips) 
Seat 6: NikoPale ($107.25 in chips) 
Gamz11: posts small blind $0.50
SeEevg: posts big blind $1
*** HOLE CARDS ***
NikoPale: folds 
Burlica2013: folds 
aldog604: calls $1
Poker9803: raises $2.50 to $3.50
Gamz11: raises $9.50 to $13
SeEevg: folds 
aldog604: raises $27.31 to $40.31 and is all-in
Poker9803: folds 
Gamz11: calls $27.31
*** FLOP *** [3h 4d 7s]
*** TURN *** [3h 4d 7s] [9d]
*** RIVER *** [3h 4d 7s 9d] [5c]
*** SHOW DOWN ***
Gamz11: shows [Ad Td] (high card Ace)
aldog604: shows [Jd Qs] (high card Queen)
Gamz11 collected $82.62 from pot
aldog604 cashed out the hand for $31.95 | Cash Out Fee $0.65
*** SUMMARY ***
Total pot $85.12 | Rake $2.50 
Board [3h 4d 7s 9d 5c]
Seat 1: Burlica2013 folded before Flop (didn't bet)
Seat 2: aldog604 showed [Jd Qs] and lost with high card Queen (cashed out).
Seat 3: Poker9803 (button) folded before Flop
Seat 4: Gamz11 (small blind) showed [Ad Td] and won ($82.62) with high card Ace
Seat 5: SeEevg (big blind) folded before Flop
Seat 6: NikoPale folded before Flop (didn't bet)



PokerStars Hand #254618839001:  Hold'em No Limit ($0.50/$1.00 USD) - 2025/01/30 9:10:54 WET [2025/01/30 4:10:54 ET]
Table 'Rigel' 6-max Seat #4 is the button
Seat 1: Burlica2013 ($109.40 in chips) 
Seat 2: aldog604 ($31.95 in chips) 
Seat 3: Poker9803 ($227.15 in chips) 
Seat 4: Gamz11 ($142.31 in chips) 
Seat 5: SeEevg ($100 in chips) 
Seat 6: NikoPale ($107.25 in chips) 
SeEevg: posts small blind $0.50
NikoPale: posts big blind $1
*** HOLE CARDS ***
Burlica2013: folds 
aldog604: raises $1 to $2
Poker9803: folds 
Gamz11: folds 
SeEevg: folds 
NikoPale: calls $1
*** FLOP *** [6h 5s Qc]
NikoPale: checks 
aldog604: checks 
*** TURN *** [6h 5s Qc] [7c]
NikoPale: bets $2.14
aldog604: calls $2.14
*** RIVER *** [6h 5s Qc 7c] [Jd]
NikoPale: bets $4.17
aldog604: folds 
Uncalled bet ($4.17) returned to NikoPale
NikoPale collected $8.34 from pot
NikoPale: doesn't show hand 
*** SUMMARY ***
Total pot $8.78 | Rake $0.44 
Board [6h 5s Qc 7c Jd]
Seat 1: Burlica2013 folded before Flop (didn't bet)
Seat 2: aldog604 folded on the River
Seat 3: Poker9803 folded before Flop (didn't bet)
Seat 4: Gamz11 (button) folded before Flop (didn't bet)
Seat 5: SeEevg (small blind) folded before Flop
Seat 6: NikoPale (big blind) collected ($8.34)



PokerStars Hand #254618841610:  Hold'em No Limit ($0.50/$1.00 USD) - 2025/01/30 9:11:23 WET [2025/01/30 4:11:23 ET]
Table 'Rigel' 6-max Seat #5 is the button
Seat 1: Burlica2013 ($109.40 in chips) 
Seat 2: aldog604 ($27.81 in chips) 
Seat 3: Poker9803 ($227.15 in chips) 
Seat 4: Gamz11 ($142.31 in chips) 
Seat 5: SeEevg ($100 in chips) 
Seat 6: NikoPale ($111.45 in chips) 
NikoPale: posts small blind $0.50
Burlica2013: posts big blind $1
*** HOLE CARDS ***
aldog604: calls $1
Poker9803: folds 
Gamz11: folds 
SeEevg: raises $2 to $3
NikoPale: folds 
Burlica2013: folds 
aldog604: calls $2
*** FLOP *** [Ac 9s 5s]
aldog604: checks 
SeEevg: bets $2.35
aldog604: folds 
Uncalled bet ($2.35) returned to SeEevg
SeEevg collected $7.12 from pot
SeEevg: doesn't show hand 
*** SUMMARY ***
Total pot $7.50 | Rake $0.38 
Board [Ac 9s 5s]
Seat 1: Burlica2013 (big blind) folded before Flop
Seat 2: aldog604 folded on the Flop
Seat 3: Poker9803 folded before Flop (didn't bet)
Seat 4: Gamz11 folded before Flop (didn't bet)
Seat 5: SeEevg (button) collected ($7.12)
Seat 6: NikoPale (small blind) folded before Flop



PokerStars Hand #254618846499:  Hold'em No Limit ($0.50/$1.00 USD) - 2025/01/30 9:12:19 WET [2025/01/30 4:12:19 ET]
Table 'Rigel' 6-max Seat #6 is the button
Seat 1: Burlica2013 ($108.40 in chips) 
Seat 2: aldog604 ($24.81 in chips) 
Seat 3: Poker9803 ($227.15 in chips) 
Seat 4: Gamz11 ($142.31 in chips) 
Seat 5: SeEevg ($104.12 in chips) 
Seat 6: NikoPale ($110.95 in chips) 
Burlica2013: posts small blind $0.50
aldog604: posts big blind $1
*** HOLE CARDS ***
Poker9803: folds 
Gamz11: folds 
SeEevg: folds 
NikoPale: folds 
Burlica2013: folds 
Uncalled bet ($0.50) returned to aldog604
aldog604 collected $1 from pot
aldog604: doesn't show hand 
*** SUMMARY ***
Total pot $1 | Rake $0 
Seat 1: Burlica2013 (small blind) folded before Flop
Seat 2: aldog604 (big blind) collected ($1)
Seat 3: Poker9803 folded before Flop (didn't bet)
Seat 4: Gamz11 folded before Flop (didn't bet)
Seat 5: SeEevg folded before Flop (didn't bet)
Seat 6: NikoPale (button) folded before Flop (didn't bet)



PokerStars Hand #254618848385:  Hold'em No Limit ($0.50/$1.00 USD) - 2025/01/30 9:12:40 WET [2025/01/30 4:12:40 ET]
Table 'Rigel' 6-max Seat #1 is the button
Seat 1: Burlica2013 ($107.90 in chips) 
Seat 2: aldog604 ($25.31 in chips) 
Seat 3: Poker9803 ($227.15 in chips) 
Seat 4: Gamz11 ($142.31 in chips) 
Seat 5: SeEevg ($104.12 in chips) 
Seat 6: NikoPale ($110.95 in chips) 
aldog604: posts small blind $0.50
Poker9803: posts big blind $1
*** HOLE CARDS ***
Gamz11: raises $1.25 to $2.25
SeEevg: folds 
NikoPale: folds 
Burlica2013: folds 
aldog604: calls $1.75
Poker9803: folds 
*** FLOP *** [Kh 3d Ad]
aldog604: checks 
Gamz11: bets $1.72
aldog604: calls $1.72
*** TURN *** [Kh 3d Ad] [Js]
aldog604: checks 
Gamz11: checks 
*** RIVER *** [Kh 3d Ad Js] [Ah]
aldog604: bets $3
Gamz11: raises $21.74 to $24.74
aldog604: folds 
Uncalled bet ($21.74) returned to Gamz11
Gamz11 collected $14.19 from pot
*** SUMMARY ***
Total pot $14.94 | Rake $0.75 
Board [Kh 3d Ad Js Ah]
Seat 1: Burlica2013 (button) folded before Flop (didn't bet)
Seat 2: aldog604 (small blind) folded on the River
Seat 3: Poker9803 (big blind) folded before Flop
Seat 4: Gamz11 collected ($14.19)
Seat 5: SeEevg folded before Flop (didn't bet)
Seat 6: NikoPale folded before Flop (didn't bet)



PokerStars Hand #254618853315:  Hold'em No Limit ($0.50/$1.00 USD) - 2025/01/30 9:13:34 WET [2025/01/30 4:13:34 ET]
Table 'Rigel' 6-max Seat #2 is the button
Seat 1: Burlica2013 ($107.90 in chips) 
Seat 2: aldog604 ($18.34 in chips) 
Seat 3: Poker9803 ($226.15 in chips) 
Seat 4: Gamz11 ($149.53 in chips) 
Seat 5: SeEevg ($104.12 in chips) 
Seat 6: NikoPale ($110.95 in chips) 
Poker9803: posts small blind $0.50
Gamz11: posts big blind $1
*** HOLE CARDS ***
SeEevg: raises $1.50 to $2.50
NikoPale: folds 
Burlica2013: folds 
aldog604: raises $15.84 to $18.34 and is all-in
Poker9803: calls $17.84
Gamz11: folds 
SeEevg: folds 
*** FLOP *** [9h 5d 4s]
*** TURN *** [9h 5d 4s] [Qh]
*** RIVER *** [9h 5d 4s Qh] [Ac]
*** SHOW DOWN ***
Poker9803: shows [Kh Kc] (a pair of Kings)
aldog604: shows [Kd 2d] (high card Ace)
Poker9803 collected $38.17 from pot
*** SUMMARY ***
Total pot $40.18 | Rake $2.01 
Board [9h 5d 4s Qh Ac]
Seat 1: Burlica2013 folded before Flop (didn't bet)
Seat 2: aldog604 (button) showed [Kd 2d] and lost with high card Ace
Seat 3: Poker9803 (small blind) showed [Kh Kc] and won ($38.17) with a pair of Kings
Seat 4: Gamz11 (big blind) folded before Flop
Seat 5: SeEevg folded before Flop
Seat 6: NikoPale folded before Flop (didn't bet)



PokerStars Hand #254618856609:  Hold'em No Limit ($0.50/$1.00 USD) - 2025/01/30 9:14:10 WET [2025/01/30 4:14:10 ET]
Table 'Rigel' 6-max Seat #3 is the button
Seat 2: aldog604 ($0 in chips) is sitting out
Seat 1: Burlica2013 ($107.90 in chips) 
Seat 3: Poker9803 ($245.98 in chips) 
Seat 4: Gamz11 ($148.53 in chips) 
Seat 5: SeEevg ($101.62 in chips) 
Seat 6: NikoPale ($110.95 in chips) 
Gamz11: posts small blind $0.50
SeEevg: posts big blind $1
*** HOLE CARDS ***
NikoPale: folds 
Burlica2013: folds 
Poker9803: raises $1.50 to $2.50
aldog604 leaves the table
Gamz11: folds 
CashfishT joins the table at seat #2 
SeEevg: folds 
Uncalled bet ($1.50) returned to Poker9803
Poker9803 collected $2.50 from pot
Poker9803: doesn't show hand 
CashfishT leaves the table
*** SUMMARY ***
Total pot $2.50 | Rake $0 
Seat 2: aldog604
Seat 1: Burlica2013 folded before Flop (didn't bet)
Seat 3: Poker9803 (button) collected ($2.50)
Seat 4: Gamz11 (small blind) folded before Flop
Seat 5: SeEevg (big blind) folded before Flop
Seat 6: NikoPale folded before Flop (didn't bet)



PokerStars Hand #254618858624:  Hold'em No Limit ($0.50/$1.00 USD) - 2025/01/30 9:14:33 WET [2025/01/30 4:14:33 ET]
Table 'Rigel' 6-max Seat #4 is the button
Seat 1: Burlica2013 ($107.90 in chips) 
Seat 3: Poker9803 ($247.48 in chips) 
Seat 4: Gamz11 ($148.03 in chips) 
Seat 5: SeEevg ($100.62 in chips) 
Seat 6: NikoPale ($110.95 in chips) 
SeEevg: posts small blind $0.50
NikoPale: posts big blind $1
*** HOLE CARDS ***
Burlica2013: folds 
Burlica2013 leaves the table
Poker9803: folds 
Gamz11: folds 
SeEevg: folds 
Uncalled bet ($0.50) returned to NikoPale
NikoPale collected $1 from pot
NikoPale: doesn't show hand 
*** SUMMARY ***
Total pot $1 | Rake $0 
Seat 1: Burlica2013 folded before Flop (didn't bet)
Seat 3: Poker9803 folded before Flop (didn't bet)
Seat 4: Gamz11 (button) folded before Flop (didn't bet)
Seat 5: SeEevg (small blind) folded before Flop
Seat 6: NikoPale (big blind) collected ($1)



PokerStars Hand #254618859753:  Hold'em No Limit ($0.50/$1.00 USD) - 2025/01/30 9:14:45 WET [2025/01/30 4:14:45 ET]
Table 'Rigel' 6-max Seat #5 is the button
Seat 3: Poker9803 ($247.48 in chips) 
Seat 4: Gamz11 ($148.03 in chips) 
Seat 5: SeEevg ($100.12 in chips) 
Seat 6: NikoPale ($111.45 in chips) 
NikoPale: posts small blind $0.50
Poker9803: posts big blind $1
*** HOLE CARDS ***
Gamz11: folds 
SeEevg: raises $1.50 to $2.50
NikoPale: folds 
Poker9803: calls $1.50
*** FLOP *** [5h 6d 3d]
pepelino19 joins the table at seat #1 
Poker9803: checks 
pepelino19 is disconnected 
steepfell joins the table at seat #2 
SeEevg: checks 
*** TURN *** [5h 6d 3d] [9d]
Poker9803: checks 
SeEevg: checks 
*** RIVER *** [5h 6d 3d 9d] [6h]
Poker9803: checks 
SeEevg: bets $2.61
Poker9803: folds 
Uncalled bet ($2.61) returned to SeEevg
SeEevg collected $5.22 from pot
SeEevg: doesn't show hand 
*** SUMMARY ***
Total pot $5.50 | Rake $0.28 
Board [5h 6d 3d 9d 6h]
Seat 3: Poker9803 (big blind) folded on the River
Seat 4: Gamz11 folded before Flop (didn't bet)
Seat 5: SeEevg (button) collected ($5.22)
Seat 6: NikoPale (small blind) folded before Flop



PokerStars Hand #254618866573:  Hold'em No Limit ($0.50/$1.00 USD) - 2025/01/30 9:16:00 WET [2025/01/30 4:16:00 ET]
Table 'Rigel' 6-max Seat #6 is the button
Seat 1: pepelino19 ($100 in chips) is sitting out
Seat 2: steepfell ($100 in chips) is sitting out
Seat 4: Gamz11 ($148.03 in chips) is sitting out
Seat 3: Poker9803 ($244.98 in chips) 
Seat 5: SeEevg ($102.84 in chips) 
Seat 6: NikoPale ($110.95 in chips) 
Poker9803: posts small blind $0.50
Gamz11: is sitting out 
SeEevg: posts big blind $1
*** HOLE CARDS ***
NikoPale: folds 
Poker9803: raises $2 to $3
SeEevg: raises $6 to $9
Poker9803: folds 
Uncalled bet ($6) returned to SeEevg
SeEevg collected $6 from pot
SeEevg: doesn't show hand 
*** SUMMARY ***
Total pot $6 | Rake $0 
Seat 1: pepelino19
Seat 2: steepfell
Seat 4: Gamz11
Seat 3: Poker9803 (small blind) folded before Flop
Seat 5: SeEevg (big blind) collected ($6)
Seat 6: NikoPale (button) folded before Flop (didn't bet)



PokerStars Hand #254618867978:  Hold'em No Limit ($0.50/$1.00 USD) - 2025/01/30 9:16:16 WET [2025/01/30 4:16:16 ET]
Table 'Rigel' 6-max Seat #3 is the button
Seat 2: steepfell ($100 in chips) is sitting out
Seat 4: Gamz11 ($148.03 in chips) is sitting out
Seat 6: NikoPale ($110.95 in chips) is sitting out
Seat 1: pepelino19 ($100 in chips) 
Seat 3: Poker9803 ($241.98 in chips) 
Seat 5: SeEevg ($105.84 in chips) 
SeEevg: posts small blind $0.50
NikoPale: is sitting out 
pepelino19: posts big blind $1
steepfell: sits out 
*** HOLE CARDS ***
Poker9803: folds 
SeEevg: raises $2 to $3
NikoPale leaves the table
pepelino19: folds 
Uncalled bet ($2) returned to SeEevg
SeEevg collected $2 from pot
SeEevg: doesn't show hand 
b2k-Snick joins the table at seat #6 
*** SUMMARY ***
Total pot $2 | Rake $0 
Seat 2: steepfell
Seat 4: Gamz11
Seat 6: NikoPale
Seat 1: pepelino19 (big blind) folded before Flop
Seat 3: Poker9803 (button) folded before Flop (didn't bet)
Seat 5: SeEevg (small blind) collected ($2)



PokerStars Hand #254618869148:  Hold'em No Limit ($0.50/$1.00 USD) - 2025/01/30 9:16:28 WET [2025/01/30 4:16:28 ET]
Table 'Rigel' 6-max Seat #5 is the button
Seat 4: Gamz11 ($148.03 in chips) is sitting out
Seat 6: b2k-Snick ($102.50 in chips) is sitting out
Seat 1: pepelino19 ($99 in chips) 
Seat 2: steepfell ($100 in chips) 
Seat 3: Poker9803 ($241.98 in chips) 
Seat 5: SeEevg ($106.84 in chips) 
pepelino19: posts small blind $0.50
steepfell: posts big blind $1
Gamz11: sits out 
*** HOLE CARDS ***
Poker9803: folds 
SeEevg: raises $1.50 to $2.50
pepelino19: folds 
steepfell: folds 
Uncalled bet ($1.50) returned to SeEevg
SeEevg collected $2.50 from pot
SeEevg: doesn't show hand 
*** SUMMARY ***
Total pot $2.50 | Rake $0 
Seat 4: Gamz11
Seat 6: b2k-Snick
Seat 1: pepelino19 (small blind) folded before Flop
Seat 2: steepfell (big blind) folded before Flop
Seat 3: Poker9803 folded before Flop (didn't bet)
Seat 5: SeEevg (button) collected ($2.50)



PokerStars Hand #254618870674:  Hold'em No Limit ($0.50/$1.00 USD) - 2025/01/30 9:16:45 WET [2025/01/30 4:16:45 ET]
Table 'Rigel' 6-max Seat #1 is the button
Seat 4: Gamz11 ($148.03 in chips) is sitting out
Seat 6: b2k-Snick ($102.50 in chips) is sitting out
Seat 1: pepelino19 ($98.50 in chips) 
Seat 2: steepfell ($100 in chips) 
Seat 3: Poker9803 ($241.98 in chips) 
Seat 5: SeEevg ($108.34 in chips) 
steepfell: posts small blind $0.50
Poker9803: posts big blind $1
Gamz11: sits out 
b2k-Snick: sits out 
*** HOLE CARDS ***
SeEevg: raises $1.50 to $2.50
pepelino19: folds 
steepfell: folds 
Poker9803: folds 
Uncalled bet ($1.50) returned to SeEevg
SeEevg collected $2.50 from pot
SeEevg: doesn't show hand 
*** SUMMARY ***
Total pot $2.50 | Rake $0 
Seat 4: Gamz11
Seat 6: b2k-Snick
Seat 1: pepelino19 (button) folded before Flop (didn't bet)
Seat 2: steepfell (small blind) folded before Flop
Seat 3: Poker9803 (big blind) folded before Flop
Seat 5: SeEevg collected ($2.50)



