PokerStars Hand #254630898878:  Hold'em No Limit ($0.50/$1.00 USD) - 2025/01/30 0:26:18 WET [2025/01/30 19:26:18 ET]
Table 'Cloanthus' 6-max Seat #2 is the button
Seat 2: Supermegopro ($100 in chips) 
Seat 3: XneferX ($100 in chips) 
Seat 6: nikalas22 ($100 in chips) 
XneferX: posts small blind $0.50
nikalas22: posts big blind $1
*** HOLE CARDS ***
Supermegopro: folds 
XneferX: folds 
Uncalled bet ($0.50) returned to nikalas22
nikalas22 collected $1 from pot
nikalas22: doesn't show hand 
*** SUMMARY ***
Total pot $1 | Rake $0 
Seat 2: Supermegopro (button) folded before Flop (didn't bet)
Seat 3: XneferX (small blind) folded before Flop
Seat 6: nikalas22 (big blind) collected ($1)



PokerStars Hand #254630900803:  Hold'em No Limit ($0.50/$1.00 USD) - 2025/01/30 0:26:27 WET [2025/01/30 19:26:27 ET]
Table 'Cloanthus' 6-max Seat #3 is the button
Seat 2: Supermegopro ($100 in chips) 
Seat 3: XneferX ($100 in chips) 
Seat 6: nikalas22 ($100.50 in chips) 
nikalas22: posts small blind $0.50
Supermegopro: posts big blind $1
*** HOLE CARDS ***
XneferX: folds 
nikalas22: folds 
Uncalled bet ($0.50) returned to Supermegopro
Supermegopro collected $1 from pot
Supermegopro: doesn't show hand 
*** SUMMARY ***
Total pot $1 | Rake $0 
Seat 2: Supermegopro (big blind) collected ($1)
Seat 3: XneferX (button) folded before Flop (didn't bet)
Seat 6: nikalas22 (small blind) folded before Flop



PokerStars Hand #254630902801:  Hold'em No Limit ($0.50/$1.00 USD) - 2025/01/30 0:26:37 WET [2025/01/30 19:26:37 ET]
Table 'Cloanthus' 6-max Seat #6 is the button
Seat 2: Supermegopro ($100.50 in chips) 
Seat 3: XneferX ($100 in chips) 
Seat 6: nikalas22 ($100 in chips) 
Supermegopro: posts small blind $0.50
XneferX: posts big blind $1
*** HOLE CARDS ***
nikalas22: folds 
Supermegopro: folds 
Uncalled bet ($0.50) returned to XneferX
XneferX collected $1 from pot
XneferX: doesn't show hand 
*** SUMMARY ***
Total pot $1 | Rake $0 
Seat 2: Supermegopro (small blind) folded before Flop
Seat 3: XneferX (big blind) collected ($1)
Seat 6: nikalas22 (button) folded before Flop (didn't bet)



PokerStars Hand #254630904159:  Hold'em No Limit ($0.50/$1.00 USD) - 2025/01/30 0:26:44 WET [2025/01/30 19:26:44 ET]
Table 'Cloanthus' 6-max Seat #2 is the button
Seat 2: Supermegopro ($100 in chips) 
Seat 3: XneferX ($100.50 in chips) 
Seat 6: nikalas22 ($100 in chips) 
XneferX: posts small blind $0.50
nikalas22: posts big blind $1
*** HOLE CARDS ***
Supermegopro: raises $1.50 to $2.50
XneferX: folds 
nikalas22: folds 
Uncalled bet ($1.50) returned to Supermegopro
Supermegopro collected $2.50 from pot
Supermegopro: doesn't show hand 
*** SUMMARY ***
Total pot $2.50 | Rake $0 
Seat 2: Supermegopro (button) collected ($2.50)
Seat 3: XneferX (small blind) folded before Flop
Seat 6: nikalas22 (big blind) folded before Flop



PokerStars Hand #254630906919:  Hold'em No Limit ($0.50/$1.00 USD) - 2025/01/30 0:26:58 WET [2025/01/30 19:26:58 ET]
Table 'Cloanthus' 6-max Seat #3 is the button
Seat 2: Supermegopro ($101.50 in chips) 
Seat 3: XneferX ($100 in chips) 
Seat 6: nikalas22 ($100 in chips) 
nikalas22: posts small blind $0.50
Supermegopro: posts big blind $1
*** HOLE CARDS ***
XneferX: folds 
nikalas22: folds 
Uncalled bet ($0.50) returned to Supermegopro
Supermegopro collected $1 from pot
Supermegopro: doesn't show hand 
*** SUMMARY ***
Total pot $1 | Rake $0 
Seat 2: Supermegopro (big blind) collected ($1)
Seat 3: XneferX (button) folded before Flop (didn't bet)
Seat 6: nikalas22 (small blind) folded before Flop



PokerStars Hand #254630909615:  Hold'em No Limit ($0.50/$1.00 USD) - 2025/01/30 0:27:12 WET [2025/01/30 19:27:12 ET]
Table 'Cloanthus' 6-max Seat #2 is the button
Seat 3: XneferX ($100 in chips) is sitting out
Seat 2: Supermegopro ($102 in chips) 
Seat 6: nikalas22 ($100 in chips) 
Supermegopro: posts small blind $0.50
XneferX: is sitting out 
nikalas22: posts big blind $1
*** HOLE CARDS ***
Supermegopro: raises $2 to $3
nikalas22: folds 
Uncalled bet ($2) returned to Supermegopro
Supermegopro collected $2 from pot
Supermegopro: doesn't show hand 
XneferX leaves the table
*** SUMMARY ***
Total pot $2 | Rake $0 
Seat 3: XneferX
Seat 2: Supermegopro (button) (small blind) collected ($2)
Seat 6: nikalas22 (big blind) folded before Flop



PokerStars Hand #254630911261:  Hold'em No Limit ($0.50/$1.00 USD) - 2025/01/30 0:27:20 WET [2025/01/30 19:27:20 ET]
Table 'Cloanthus' 6-max Seat #6 is the button
Seat 2: Supermegopro ($103 in chips) 
Seat 6: nikalas22 ($100 in chips) 
nikalas22: posts small blind $0.50
Supermegopro: posts big blind $1
*** HOLE CARDS ***
nikalas22: raises $1.50 to $2.50
Supermegopro: folds 
Uncalled bet ($1.50) returned to nikalas22
nikalas22 collected $2 from pot
nikalas22: doesn't show hand 
*** SUMMARY ***
Total pot $2 | Rake $0 
Seat 2: Supermegopro (big blind) folded before Flop
Seat 6: nikalas22 (button) (small blind) collected ($2)



PokerStars Hand #254630919938:  Hold'em No Limit ($0.50/$1.00 USD) - 2025/01/30 0:28:04 WET [2025/01/30 19:28:04 ET]
Table 'Cloanthus' 6-max Seat #1 is the button
Seat 1: Gaita_toien ($100 in chips) 
Seat 2: Supermegopro ($102 in chips) 
Seat 4: Nicedaymybro ($100 in chips) 
Seat 5: Manifestorr ($100 in chips) 
Seat 6: nikalas22 ($101 in chips) 
Supermegopro: posts small blind $0.50
Nicedaymybro: posts big blind $1
*** HOLE CARDS ***
Manifestorr: folds 
nikalas22: folds 
Gaita_toien: raises $1.50 to $2.50
Supermegopro: folds 
Nicedaymybro: calls $1.50
*** FLOP *** [9d 8h 3s]
Nicedaymybro: checks 
Gaita_toien: checks 
*** TURN *** [9d 8h 3s] [5c]
Nicedaymybro: checks 
Gaita_toien: checks 
*** RIVER *** [9d 8h 3s 5c] [Qd]
Nicedaymybro: checks 
Gaita_toien: checks 
*** SHOW DOWN ***
Nicedaymybro: shows [5s Js] (a pair of Fives)
Gaita_toien: shows [6d 6s] (a pair of Sixes)
Gaita_toien collected $5.22 from pot
*** SUMMARY ***
Total pot $5.50 | Rake $0.28 
Board [9d 8h 3s 5c Qd]
Seat 1: Gaita_toien (button) showed [6d 6s] and won ($5.22) with a pair of Sixes
Seat 2: Supermegopro (small blind) folded before Flop
Seat 4: Nicedaymybro (big blind) showed [5s Js] and lost with a pair of Fives
Seat 5: Manifestorr folded before Flop (didn't bet)
Seat 6: nikalas22 folded before Flop (didn't bet)



PokerStars Hand #254630929826:  Hold'em No Limit ($0.50/$1.00 USD) - 2025/01/30 0:28:55 WET [2025/01/30 19:28:55 ET]
Table 'Cloanthus' 6-max Seat #2 is the button
Seat 1: Gaita_toien ($102.72 in chips) 
Seat 2: Supermegopro ($101.50 in chips) 
Seat 4: Nicedaymybro ($100 in chips) 
Seat 5: Manifestorr ($100 in chips) 
Seat 6: nikalas22 ($101 in chips) 
Nicedaymybro: posts small blind $0.50
Manifestorr: posts big blind $1
*** HOLE CARDS ***
nikalas22: folds 
Gaita_toien: folds 
Supermegopro: folds 
Nicedaymybro: raises $2 to $3
Manifestorr: calls $2
*** FLOP *** [Kc 8c Ad]
Nicedaymybro: bets $1.88
Manifestorr: raises $3.62 to $5.50
Nicedaymybro: folds 
Uncalled bet ($3.62) returned to Manifestorr
Manifestorr collected $9.27 from pot
*** SUMMARY ***
Total pot $9.76 | Rake $0.49 
Board [Kc 8c Ad]
Seat 1: Gaita_toien folded before Flop (didn't bet)
Seat 2: Supermegopro (button) folded before Flop (didn't bet)
Seat 4: Nicedaymybro (small blind) folded on the Flop
Seat 5: Manifestorr (big blind) collected ($9.27)
Seat 6: nikalas22 folded before Flop (didn't bet)



PokerStars Hand #254630935714:  Hold'em No Limit ($0.50/$1.00 USD) - 2025/01/30 0:29:25 WET [2025/01/30 19:29:25 ET]
Table 'Cloanthus' 6-max Seat #4 is the button
Seat 1: Gaita_toien ($102.72 in chips) 
Seat 2: Supermegopro ($101.50 in chips) 
Seat 4: Nicedaymybro ($100 in chips) 
Seat 5: Manifestorr ($104.39 in chips) 
Seat 6: nikalas22 ($101 in chips) 
Manifestorr: posts small blind $0.50
nikalas22: posts big blind $1
*** HOLE CARDS ***
Gaita_toien: folds 
Supermegopro: folds 
Nicedaymybro: folds 
Manifestorr: raises $2 to $3
zhino joins the table at seat #3 
nikalas22: raises $6 to $9
Manifestorr: folds 
Uncalled bet ($6) returned to nikalas22
nikalas22 collected $6 from pot
nikalas22: doesn't show hand 
*** SUMMARY ***
Total pot $6 | Rake $0 
Seat 1: Gaita_toien folded before Flop (didn't bet)
Seat 2: Supermegopro folded before Flop (didn't bet)
Seat 4: Nicedaymybro (button) folded before Flop (didn't bet)
Seat 5: Manifestorr (small blind) folded before Flop
Seat 6: nikalas22 (big blind) collected ($6)



PokerStars Hand #254630939091:  Hold'em No Limit ($0.50/$1.00 USD) - 2025/01/30 0:29:43 WET [2025/01/30 19:29:43 ET]
Table 'Cloanthus' 6-max Seat #5 is the button
Seat 3: zhino ($100 in chips) is sitting out
Seat 1: Gaita_toien ($102.72 in chips) 
Seat 2: Supermegopro ($101.50 in chips) 
Seat 4: Nicedaymybro ($100 in chips) 
Seat 5: Manifestorr ($101.39 in chips) 
Seat 6: nikalas22 ($104 in chips) 
nikalas22: posts small blind $0.50
Gaita_toien: posts big blind $1
zhino: sits out 
*** HOLE CARDS ***
Supermegopro: folds 
Nicedaymybro: folds 
Manifestorr: raises $1.20 to $2.20
nikalas22: folds 
Gaita_toien: calls $1.20
*** FLOP *** [Qs 7d 5s]
Gaita_toien: checks 
Manifestorr: checks 
*** TURN *** [Qs 7d 5s] [Qh]
Gaita_toien: bets $2
Manifestorr: folds 
Uncalled bet ($2) returned to Gaita_toien
Gaita_toien collected $4.66 from pot
Gaita_toien: doesn't show hand 
*** SUMMARY ***
Total pot $4.90 | Rake $0.24 
Board [Qs 7d 5s Qh]
Seat 3: zhino
Seat 1: Gaita_toien (big blind) collected ($4.66)
Seat 2: Supermegopro folded before Flop (didn't bet)
Seat 4: Nicedaymybro folded before Flop (didn't bet)
Seat 5: Manifestorr (button) folded on the Turn
Seat 6: nikalas22 (small blind) folded before Flop



PokerStars Hand #254630948550:  Hold'em No Limit ($0.50/$1.00 USD) - 2025/01/30 0:30:30 WET [2025/01/30 19:30:30 ET]
Table 'Cloanthus' 6-max Seat #6 is the button
Seat 3: zhino ($100 in chips) is sitting out
Seat 1: Gaita_toien ($105.18 in chips) 
Seat 2: Supermegopro ($101.50 in chips) 
Seat 4: Nicedaymybro ($100 in chips) 
Seat 5: Manifestorr ($100 in chips) 
Seat 6: nikalas22 ($103.50 in chips) 
Gaita_toien: posts small blind $0.50
Supermegopro: posts big blind $1
zhino: sits out 
*** HOLE CARDS ***
Nicedaymybro: folds 
Manifestorr: raises $1.20 to $2.20
nikalas22: folds 
Gaita_toien: folds 
Supermegopro: folds 
Uncalled bet ($1.20) returned to Manifestorr
Manifestorr collected $2.50 from pot
*** SUMMARY ***
Total pot $2.50 | Rake $0 
Seat 3: zhino
Seat 1: Gaita_toien (small blind) folded before Flop
Seat 2: Supermegopro (big blind) folded before Flop
Seat 4: Nicedaymybro folded before Flop (didn't bet)
Seat 5: Manifestorr collected ($2.50)
Seat 6: nikalas22 (button) folded before Flop (didn't bet)



PokerStars Hand #254630951398:  Hold'em No Limit ($0.50/$1.00 USD) - 2025/01/30 0:30:45 WET [2025/01/30 19:30:45 ET]
Table 'Cloanthus' 6-max Seat #1 is the button
Seat 1: Gaita_toien ($104.68 in chips) 
Seat 2: Supermegopro ($100.50 in chips) 
Seat 3: zhino ($100 in chips) 
Seat 4: Nicedaymybro ($100 in chips) 
Seat 5: Manifestorr ($101.50 in chips) 
Seat 6: nikalas22 ($103.50 in chips) 
Supermegopro: posts small blind $0.50
zhino: posts big blind $1
*** HOLE CARDS ***
Nicedaymybro: raises $1.50 to $2.50
Manifestorr: folds 
nikalas22: folds 
Gaita_toien: folds 
Supermegopro: folds 
zhino: folds 
Uncalled bet ($1.50) returned to Nicedaymybro
Nicedaymybro collected $2.50 from pot
Nicedaymybro: doesn't show hand 
*** SUMMARY ***
Total pot $2.50 | Rake $0 
Seat 1: Gaita_toien (button) folded before Flop (didn't bet)
Seat 2: Supermegopro (small blind) folded before Flop
Seat 3: zhino (big blind) folded before Flop
Seat 4: Nicedaymybro collected ($2.50)
Seat 5: Manifestorr folded before Flop (didn't bet)
Seat 6: nikalas22 folded before Flop (didn't bet)



PokerStars Hand #254630953823:  Hold'em No Limit ($0.50/$1.00 USD) - 2025/01/30 0:30:57 WET [2025/01/30 19:30:57 ET]
Table 'Cloanthus' 6-max Seat #2 is the button
Seat 1: Gaita_toien ($104.68 in chips) 
Seat 2: Supermegopro ($100 in chips) 
Seat 3: zhino ($100 in chips) 
Seat 4: Nicedaymybro ($101.50 in chips) 
Seat 5: Manifestorr ($101.50 in chips) 
Seat 6: nikalas22 ($103.50 in chips) 
zhino: posts small blind $0.50
Nicedaymybro: posts big blind $1
*** HOLE CARDS ***
Manifestorr: folds 
nikalas22: raises $1.50 to $2.50
Gaita_toien: folds 
Supermegopro: folds 
zhino: folds 
Nicedaymybro: folds 
Uncalled bet ($1.50) returned to nikalas22
nikalas22 collected $2.50 from pot
nikalas22: doesn't show hand 
*** SUMMARY ***
Total pot $2.50 | Rake $0 
Seat 1: Gaita_toien folded before Flop (didn't bet)
Seat 2: Supermegopro (button) folded before Flop (didn't bet)
Seat 3: zhino (small blind) folded before Flop
Seat 4: Nicedaymybro (big blind) folded before Flop
Seat 5: Manifestorr folded before Flop (didn't bet)
Seat 6: nikalas22 collected ($2.50)



PokerStars Hand #254630956036:  Hold'em No Limit ($0.50/$1.00 USD) - 2025/01/30 0:31:09 WET [2025/01/30 19:31:09 ET]
Table 'Cloanthus' 6-max Seat #3 is the button
Seat 5: Manifestorr ($101.50 in chips) is sitting out
Seat 1: Gaita_toien ($104.68 in chips) 
Seat 2: Supermegopro ($100 in chips) 
Seat 3: zhino ($100 in chips) 
Seat 4: Nicedaymybro ($100.50 in chips) 
Seat 6: nikalas22 ($105 in chips) 
Nicedaymybro: posts small blind $0.50
Manifestorr: is sitting out 
nikalas22: posts big blind $1
*** HOLE CARDS ***
Gaita_toien: folds 
Supermegopro: folds 
zhino: folds 
Nicedaymybro: raises $2 to $3
Manifestorr leaves the table
nikalas22: folds 
Uncalled bet ($2) returned to Nicedaymybro
Nicedaymybro collected $2 from pot
Nicedaymybro: doesn't show hand 
*** SUMMARY ***
Total pot $2 | Rake $0 
Seat 5: Manifestorr
Seat 1: Gaita_toien folded before Flop (didn't bet)
Seat 2: Supermegopro folded before Flop (didn't bet)
Seat 3: zhino (button) folded before Flop (didn't bet)
Seat 4: Nicedaymybro (small blind) collected ($2)
Seat 6: nikalas22 (big blind) folded before Flop



PokerStars Hand #254630960019:  Hold'em No Limit ($0.50/$1.00 USD) - 2025/01/30 0:31:29 WET [2025/01/30 19:31:29 ET]
Table 'Cloanthus' 6-max Seat #4 is the button
Seat 1: Gaita_toien ($104.68 in chips) 
Seat 2: Supermegopro ($100 in chips) 
Seat 3: zhino ($100 in chips) 
Seat 4: Nicedaymybro ($101.50 in chips) 
Seat 6: nikalas22 ($104 in chips) 
nikalas22: posts small blind $0.50
Gaita_toien: posts big blind $1
*** HOLE CARDS ***
Supermegopro: folds 
Supermegopro leaves the table
zhino: raises $1.79 to $2.79
Nicedaymybro: folds 
nikalas22: folds 
Gaita_toien: folds 
Uncalled bet ($1.79) returned to zhino
zhino collected $2.50 from pot
zhino: doesn't show hand 
*** SUMMARY ***
Total pot $2.50 | Rake $0 
Seat 1: Gaita_toien (big blind) folded before Flop
Seat 2: Supermegopro folded before Flop (didn't bet)
Seat 3: zhino collected ($2.50)
Seat 4: Nicedaymybro (button) folded before Flop (didn't bet)
Seat 6: nikalas22 (small blind) folded before Flop



