PokerStars Hand #254624434980:  Hold'em No Limit ($0.50/$1.00 USD) - 2025/01/30 18:15:11 WET [2025/01/30 13:15:11 ET]
Table 'Tea' 6-max Seat #4 is the button
Seat 5: KarP93 ($100 in chips) is sitting out
Seat 1: JP231608 ($101.75 in chips) 
Seat 2: An1an1 ($101.50 in chips) 
Seat 3: UnderC@t ($102.72 in chips) 
Seat 4: VahTang_89 ($100 in chips) 
Seat 6: JUANS2 ($100 in chips) 
JUANS2: posts small blind $0.50
JP231608: posts big blind $1
*** HOLE CARDS ***
An1an1: folds 
UnderC@t: folds 
VahTang_89: folds 
JUANS2: raises $2 to $3
JP231608: folds 
Uncalled bet ($2) returned to JUANS2
JUANS2 collected $2 from pot
JUANS2: doesn't show hand 
*** SUMMARY ***
Total pot $2 | Rake $0 
Seat 5: KarP93
Seat 1: JP231608 (big blind) folded before Flop
Seat 2: An1an1 folded before Flop (didn't bet)
Seat 3: UnderC@t folded before Flop (didn't bet)
Seat 4: VahTang_89 (button) folded before Flop (didn't bet)
Seat 6: JUANS2 (small blind) collected ($2)



PokerStars Hand #254624439838:  Hold'em No Limit ($0.50/$1.00 USD) - 2025/01/30 18:15:29 WET [2025/01/30 13:15:29 ET]
Table 'Tea' 6-max Seat #6 is the button
Seat 5: KarP93 ($100 in chips) is sitting out
Seat 1: JP231608 ($100.75 in chips) 
Seat 2: An1an1 ($101.50 in chips) 
Seat 3: UnderC@t ($102.72 in chips) 
Seat 4: VahTang_89 ($100 in chips) 
Seat 6: JUANS2 ($101 in chips) 
JP231608: posts small blind $0.50
An1an1: posts big blind $1
KarP93: sits out 
*** HOLE CARDS ***
UnderC@t: folds 
VahTang_89: folds 
JUANS2: folds 
JP231608: folds 
Uncalled bet ($0.50) returned to An1an1
An1an1 collected $1 from pot
An1an1: doesn't show hand 
*** SUMMARY ***
Total pot $1 | Rake $0 
Seat 5: KarP93
Seat 1: JP231608 (small blind) folded before Flop
Seat 2: An1an1 (big blind) collected ($1)
Seat 3: UnderC@t folded before Flop (didn't bet)
Seat 4: VahTang_89 folded before Flop (didn't bet)
Seat 6: JUANS2 (button) folded before Flop (didn't bet)



PokerStars Hand #254624443958:  Hold'em No Limit ($0.50/$1.00 USD) - 2025/01/30 18:15:45 WET [2025/01/30 13:15:45 ET]
Table 'Tea' 6-max Seat #1 is the button
Seat 5: KarP93 ($100 in chips) is sitting out
Seat 1: JP231608 ($100.25 in chips) 
Seat 2: An1an1 ($102 in chips) 
Seat 3: UnderC@t ($102.72 in chips) 
Seat 4: VahTang_89 ($100 in chips) 
Seat 6: JUANS2 ($101 in chips) 
An1an1: posts small blind $0.50
UnderC@t: posts big blind $1
KarP93: sits out 
*** HOLE CARDS ***
VahTang_89: folds 
JUANS2: folds 
JP231608: folds 
An1an1: raises $1.50 to $2.50
UnderC@t: folds 
Uncalled bet ($1.50) returned to An1an1
An1an1 collected $2 from pot
An1an1: doesn't show hand 
*** SUMMARY ***
Total pot $2 | Rake $0 
Seat 5: KarP93
Seat 1: JP231608 (button) folded before Flop (didn't bet)
Seat 2: An1an1 (small blind) collected ($2)
Seat 3: UnderC@t (big blind) folded before Flop
Seat 4: VahTang_89 folded before Flop (didn't bet)
Seat 6: JUANS2 folded before Flop (didn't bet)



PokerStars Hand #254624447572:  Hold'em No Limit ($0.50/$1.00 USD) - 2025/01/30 18:15:59 WET [2025/01/30 13:15:59 ET]
Table 'Tea' 6-max Seat #2 is the button
Seat 5: KarP93 ($100 in chips) is sitting out
Seat 1: JP231608 ($100.25 in chips) 
Seat 2: An1an1 ($103 in chips) 
Seat 3: UnderC@t ($101.72 in chips) 
Seat 4: VahTang_89 ($100 in chips) 
Seat 6: JUANS2 ($101 in chips) 
UnderC@t: posts small blind $0.50
VahTang_89: posts big blind $1
KarP93: sits out 
*** HOLE CARDS ***
JUANS2: raises $1.20 to $2.20
JP231608: folds 
An1an1: folds 
UnderC@t: folds 
VahTang_89: folds 
Uncalled bet ($1.20) returned to JUANS2
JUANS2 collected $2.50 from pot
JUANS2: doesn't show hand 
*** SUMMARY ***
Total pot $2.50 | Rake $0 
Seat 5: KarP93
Seat 1: JP231608 folded before Flop (didn't bet)
Seat 2: An1an1 (button) folded before Flop (didn't bet)
Seat 3: UnderC@t (small blind) folded before Flop
Seat 4: VahTang_89 (big blind) folded before Flop
Seat 6: JUANS2 collected ($2.50)



PokerStars Hand #254624453139:  Hold'em No Limit ($0.50/$1.00 USD) - 2025/01/30 18:16:19 WET [2025/01/30 13:16:19 ET]
Table 'Tea' 6-max Seat #3 is the button
Seat 1: JP231608 ($100.25 in chips) 
Seat 2: An1an1 ($103 in chips) 
Seat 3: UnderC@t ($101.22 in chips) 
Seat 4: VahTang_89 ($100 in chips) 
Seat 5: KarP93 ($100 in chips) 
Seat 6: JUANS2 ($102.50 in chips) 
VahTang_89: posts small blind $0.50
KarP93: posts big blind $1
*** HOLE CARDS ***
JUANS2: raises $1.20 to $2.20
JP231608: folds 
An1an1: folds 
UnderC@t: folds 
VahTang_89: folds 
KarP93: calls $1.20
*** FLOP *** [2h 7s Kc]
KarP93: checks 
JUANS2: bets $1.54
KarP93: calls $1.54
*** TURN *** [2h 7s Kc] [4s]
KarP93: checks 
JUANS2: bets $11.50
KarP93: folds 
Uncalled bet ($11.50) returned to JUANS2
JUANS2 collected $7.58 from pot
JUANS2: doesn't show hand 
*** SUMMARY ***
Total pot $7.98 | Rake $0.40 
Board [2h 7s Kc 4s]
Seat 1: JP231608 folded before Flop (didn't bet)
Seat 2: An1an1 folded before Flop (didn't bet)
Seat 3: UnderC@t (button) folded before Flop (didn't bet)
Seat 4: VahTang_89 (small blind) folded before Flop
Seat 5: KarP93 (big blind) folded on the Turn
Seat 6: JUANS2 collected ($7.58)



PokerStars Hand #254624465150:  Hold'em No Limit ($0.50/$1.00 USD) - 2025/01/30 18:17:05 WET [2025/01/30 13:17:05 ET]
Table 'Tea' 6-max Seat #4 is the button
Seat 1: JP231608 ($100.25 in chips) 
Seat 2: An1an1 ($103 in chips) 
Seat 3: UnderC@t ($101.22 in chips) 
Seat 4: VahTang_89 ($100 in chips) 
Seat 5: KarP93 ($100 in chips) 
Seat 6: JUANS2 ($106.34 in chips) 
KarP93: posts small blind $0.50
JUANS2: posts big blind $1
*** HOLE CARDS ***
JP231608: folds 
An1an1: folds 
UnderC@t: raises $1.50 to $2.50
VahTang_89: folds 
KarP93: folds 
JUANS2: folds 
Uncalled bet ($1.50) returned to UnderC@t
UnderC@t collected $2.50 from pot
UnderC@t: doesn't show hand 
*** SUMMARY ***
Total pot $2.50 | Rake $0 
Seat 1: JP231608 folded before Flop (didn't bet)
Seat 2: An1an1 folded before Flop (didn't bet)
Seat 3: UnderC@t collected ($2.50)
Seat 4: VahTang_89 (button) folded before Flop (didn't bet)
Seat 5: KarP93 (small blind) folded before Flop
Seat 6: JUANS2 (big blind) folded before Flop



PokerStars Hand #254624469578:  Hold'em No Limit ($0.50/$1.00 USD) - 2025/01/30 18:17:22 WET [2025/01/30 13:17:22 ET]
Table 'Tea' 6-max Seat #5 is the button
Seat 1: JP231608 ($100.25 in chips) 
Seat 2: An1an1 ($103 in chips) 
Seat 3: UnderC@t ($102.72 in chips) 
Seat 4: VahTang_89 ($100 in chips) 
Seat 5: KarP93 ($100 in chips) 
Seat 6: JUANS2 ($105.34 in chips) 
JUANS2: posts small blind $0.50
JP231608: posts big blind $1
*** HOLE CARDS ***
An1an1: folds 
UnderC@t: folds 
VahTang_89: folds 
KarP93: raises $1.50 to $2.50
JUANS2: raises $8 to $10.50
JP231608: folds 
KarP93: folds 
Uncalled bet ($8) returned to JUANS2
JUANS2 collected $6 from pot
JUANS2: doesn't show hand 
*** SUMMARY ***
Total pot $6 | Rake $0 
Seat 1: JP231608 (big blind) folded before Flop
Seat 2: An1an1 folded before Flop (didn't bet)
Seat 3: UnderC@t folded before Flop (didn't bet)
Seat 4: VahTang_89 folded before Flop (didn't bet)
Seat 5: KarP93 (button) folded before Flop
Seat 6: JUANS2 (small blind) collected ($6)



PokerStars Hand #254624475243:  Hold'em No Limit ($0.50/$1.00 USD) - 2025/01/30 18:17:43 WET [2025/01/30 13:17:43 ET]
Table 'Tea' 6-max Seat #6 is the button
Seat 1: JP231608 ($99.25 in chips) 
Seat 2: An1an1 ($103 in chips) 
Seat 3: UnderC@t ($102.72 in chips) 
Seat 4: VahTang_89 ($100 in chips) 
Seat 5: KarP93 ($100 in chips) 
Seat 6: JUANS2 ($108.84 in chips) 
JP231608: posts small blind $0.50
An1an1: posts big blind $1
*** HOLE CARDS ***
UnderC@t: raises $1.50 to $2.50
VahTang_89: folds 
KarP93: folds 
JUANS2: folds 
JP231608: folds 
An1an1: folds 
Uncalled bet ($1.50) returned to UnderC@t
UnderC@t collected $2.50 from pot
UnderC@t: doesn't show hand 
*** SUMMARY ***
Total pot $2.50 | Rake $0 
Seat 1: JP231608 (small blind) folded before Flop
Seat 2: An1an1 (big blind) folded before Flop
Seat 3: UnderC@t collected ($2.50)
Seat 4: VahTang_89 folded before Flop (didn't bet)
Seat 5: KarP93 folded before Flop (didn't bet)
Seat 6: JUANS2 (button) folded before Flop (didn't bet)



PokerStars Hand #254624477654:  Hold'em No Limit ($0.50/$1.00 USD) - 2025/01/30 18:17:52 WET [2025/01/30 13:17:52 ET]
Table 'Tea' 6-max Seat #1 is the button
Seat 1: JP231608 ($98.75 in chips) 
Seat 2: An1an1 ($102 in chips) 
Seat 3: UnderC@t ($104.22 in chips) 
Seat 4: VahTang_89 ($100 in chips) 
Seat 5: KarP93 ($100 in chips) 
Seat 6: JUANS2 ($108.84 in chips) 
An1an1: posts small blind $0.50
UnderC@t: posts big blind $1
*** HOLE CARDS ***
VahTang_89: folds 
KarP93: raises $1.50 to $2.50
JUANS2: folds 
JP231608: folds 
An1an1: folds 
UnderC@t: calls $1.50
*** FLOP *** [7s 8c 3s]
UnderC@t: checks 
KarP93: bets $3.92
UnderC@t: folds 
Uncalled bet ($3.92) returned to KarP93
KarP93 collected $5.22 from pot
KarP93: doesn't show hand 
*** SUMMARY ***
Total pot $5.50 | Rake $0.28 
Board [7s 8c 3s]
Seat 1: JP231608 (button) folded before Flop (didn't bet)
Seat 2: An1an1 (small blind) folded before Flop
Seat 3: UnderC@t (big blind) folded on the Flop
Seat 4: VahTang_89 folded before Flop (didn't bet)
Seat 5: KarP93 collected ($5.22)
Seat 6: JUANS2 folded before Flop (didn't bet)



PokerStars Hand #254624489946:  Hold'em No Limit ($0.50/$1.00 USD) - 2025/01/30 18:18:38 WET [2025/01/30 13:18:38 ET]
Table 'Tea' 6-max Seat #2 is the button
Seat 1: JP231608 ($98.75 in chips) 
Seat 2: An1an1 ($101.50 in chips) 
Seat 3: UnderC@t ($101.72 in chips) 
Seat 4: VahTang_89 ($100 in chips) 
Seat 5: KarP93 ($102.72 in chips) 
Seat 6: JUANS2 ($108.84 in chips) 
UnderC@t: posts small blind $0.50
VahTang_89: posts big blind $1
*** HOLE CARDS ***
KarP93: folds 
JUANS2: folds 
JP231608: folds 
An1an1: folds 
UnderC@t: folds 
Uncalled bet ($0.50) returned to VahTang_89
VahTang_89 collected $1 from pot
VahTang_89: doesn't show hand 
*** SUMMARY ***
Total pot $1 | Rake $0 
Seat 1: JP231608 folded before Flop (didn't bet)
Seat 2: An1an1 (button) folded before Flop (didn't bet)
Seat 3: UnderC@t (small blind) folded before Flop
Seat 4: VahTang_89 (big blind) collected ($1)
Seat 5: KarP93 folded before Flop (didn't bet)
Seat 6: JUANS2 folded before Flop (didn't bet)



PokerStars Hand #254624493373:  Hold'em No Limit ($0.50/$1.00 USD) - 2025/01/30 18:18:51 WET [2025/01/30 13:18:51 ET]
Table 'Tea' 6-max Seat #3 is the button
Seat 1: JP231608 ($98.75 in chips) 
Seat 2: An1an1 ($101.50 in chips) 
Seat 3: UnderC@t ($101.22 in chips) 
Seat 4: VahTang_89 ($100.50 in chips) 
Seat 5: KarP93 ($102.72 in chips) 
Seat 6: JUANS2 ($108.84 in chips) 
VahTang_89: posts small blind $0.50
KarP93: posts big blind $1
*** HOLE CARDS ***
JUANS2: folds 
JP231608: folds 
An1an1: raises $1 to $2
UnderC@t: raises $4 to $6
VahTang_89: folds 
KarP93: folds 
An1an1: folds 
Uncalled bet ($4) returned to UnderC@t
UnderC@t collected $5.50 from pot
UnderC@t: doesn't show hand 
*** SUMMARY ***
Total pot $5.50 | Rake $0 
Seat 1: JP231608 folded before Flop (didn't bet)
Seat 2: An1an1 folded before Flop
Seat 3: UnderC@t (button) collected ($5.50)
Seat 4: VahTang_89 (small blind) folded before Flop
Seat 5: KarP93 (big blind) folded before Flop
Seat 6: JUANS2 folded before Flop (didn't bet)



PokerStars Hand #254624499386:  Hold'em No Limit ($0.50/$1.00 USD) - 2025/01/30 18:19:14 WET [2025/01/30 13:19:14 ET]
Table 'Tea' 6-max Seat #4 is the button
Seat 1: JP231608 ($98.75 in chips) 
Seat 2: An1an1 ($100 in chips) 
Seat 3: UnderC@t ($104.72 in chips) 
Seat 4: VahTang_89 ($100 in chips) 
Seat 5: KarP93 ($101.72 in chips) 
Seat 6: JUANS2 ($108.84 in chips) 
KarP93: posts small blind $0.50
JUANS2: posts big blind $1
*** HOLE CARDS ***
JP231608: folds 
An1an1: folds 
UnderC@t: folds 
VahTang_89: folds 
KarP93: raises $2 to $3
JUANS2: raises $6 to $9
KarP93: folds 
Uncalled bet ($6) returned to JUANS2
JUANS2 collected $6 from pot
JUANS2: doesn't show hand 
*** SUMMARY ***
Total pot $6 | Rake $0 
Seat 1: JP231608 folded before Flop (didn't bet)
Seat 2: An1an1 folded before Flop (didn't bet)
Seat 3: UnderC@t folded before Flop (didn't bet)
Seat 4: VahTang_89 (button) folded before Flop (didn't bet)
Seat 5: KarP93 (small blind) folded before Flop
Seat 6: JUANS2 (big blind) collected ($6)



PokerStars Hand #254624505288:  Hold'em No Limit ($0.50/$1.00 USD) - 2025/01/30 18:19:36 WET [2025/01/30 13:19:36 ET]
Table 'Tea' 6-max Seat #5 is the button
Seat 1: JP231608 ($98.75 in chips) 
Seat 2: An1an1 ($100 in chips) 
Seat 3: UnderC@t ($104.72 in chips) 
Seat 4: VahTang_89 ($100 in chips) 
Seat 5: KarP93 ($100 in chips) 
Seat 6: JUANS2 ($111.84 in chips) 
JUANS2: posts small blind $0.50
JP231608: posts big blind $1
*** HOLE CARDS ***
An1an1: folds 
UnderC@t: folds 
VahTang_89: raises $1.20 to $2.20
KarP93: folds 
JUANS2: calls $1.70
JP231608: calls $1.20
*** FLOP *** [7s Kc Ah]
JUANS2: bets $2.07
JP231608: folds 
VahTang_89: calls $2.07
*** TURN *** [7s Kc Ah] [Ks]
JUANS2: bets $3.37
VahTang_89: folds 
Uncalled bet ($3.37) returned to JUANS2
JUANS2 collected $10.20 from pot
JUANS2: doesn't show hand 
*** SUMMARY ***
Total pot $10.74 | Rake $0.54 
Board [7s Kc Ah Ks]
Seat 1: JP231608 (big blind) folded on the Flop
Seat 2: An1an1 folded before Flop (didn't bet)
Seat 3: UnderC@t folded before Flop (didn't bet)
Seat 4: VahTang_89 folded on the Turn
Seat 5: KarP93 (button) folded before Flop (didn't bet)
Seat 6: JUANS2 (small blind) collected ($10.20)



PokerStars Hand #254624522120:  Hold'em No Limit ($0.50/$1.00 USD) - 2025/01/30 18:20:39 WET [2025/01/30 13:20:39 ET]
Table 'Tea' 6-max Seat #6 is the button
Seat 1: JP231608 ($96.55 in chips) 
Seat 2: An1an1 ($100 in chips) 
Seat 3: UnderC@t ($104.72 in chips) 
Seat 4: VahTang_89 ($100 in chips) 
Seat 5: KarP93 ($100 in chips) 
Seat 6: JUANS2 ($117.77 in chips) 
JP231608: posts small blind $0.50
An1an1: posts big blind $1
*** HOLE CARDS ***
UnderC@t: folds 
VahTang_89: raises $1.20 to $2.20
KarP93: folds 
JUANS2: folds 
JP231608: calls $1.70
An1an1: folds 
*** FLOP *** [4c 7d 2c]
JP231608: bets $4.13
VahTang_89: calls $4.13
*** TURN *** [4c 7d 2c] [7s]
JP231608: checks 
VahTang_89: checks 
*** RIVER *** [4c 7d 2c 7s] [Jh]
JP231608: checks 
VahTang_89: checks 
*** SHOW DOWN ***
JP231608: shows [Ah 4d] (two pair, Sevens and Fours)
VahTang_89: mucks hand 
JP231608 collected $12.81 from pot
*** SUMMARY ***
Total pot $13.66 | Rake $0.85 
Board [4c 7d 2c 7s Jh]
Seat 1: JP231608 (small blind) showed [Ah 4d] and won ($12.81) with two pair, Sevens and Fours
Seat 2: An1an1 (big blind) folded before Flop
Seat 3: UnderC@t folded before Flop (didn't bet)
Seat 4: VahTang_89 mucked
Seat 5: KarP93 folded before Flop (didn't bet)
Seat 6: JUANS2 (button) folded before Flop (didn't bet)



PokerStars Hand #254624534175:  Hold'em No Limit ($0.50/$1.00 USD) - 2025/01/30 18:21:24 WET [2025/01/30 13:21:24 ET]
Table 'Tea' 6-max Seat #1 is the button
Seat 1: JP231608 ($103.03 in chips) 
Seat 2: An1an1 ($100 in chips) 
Seat 3: UnderC@t ($104.72 in chips) 
Seat 4: VahTang_89 ($100 in chips) 
Seat 5: KarP93 ($100 in chips) 
Seat 6: JUANS2 ($117.77 in chips) 
An1an1: posts small blind $0.50
UnderC@t: posts big blind $1
*** HOLE CARDS ***
VahTang_89: folds 
KarP93: folds 
JUANS2: folds 
JP231608: folds 
An1an1: raises $1.50 to $2.50
UnderC@t: folds 
Uncalled bet ($1.50) returned to An1an1
An1an1 collected $2 from pot
An1an1: doesn't show hand 
*** SUMMARY ***
Total pot $2 | Rake $0 
Seat 1: JP231608 (button) folded before Flop (didn't bet)
Seat 2: An1an1 (small blind) collected ($2)
Seat 3: UnderC@t (big blind) folded before Flop
Seat 4: VahTang_89 folded before Flop (didn't bet)
Seat 5: KarP93 folded before Flop (didn't bet)
Seat 6: JUANS2 folded before Flop (didn't bet)



PokerStars Hand #254624538812:  Hold'em No Limit ($0.50/$1.00 USD) - 2025/01/30 18:21:42 WET [2025/01/30 13:21:42 ET]
Table 'Tea' 6-max Seat #2 is the button
Seat 1: JP231608 ($103.03 in chips) 
Seat 2: An1an1 ($101 in chips) 
Seat 3: UnderC@t ($103.72 in chips) 
Seat 4: VahTang_89 ($100 in chips) 
Seat 5: KarP93 ($100 in chips) 
Seat 6: JUANS2 ($117.77 in chips) 
UnderC@t: posts small blind $0.50
VahTang_89: posts big blind $1
*** HOLE CARDS ***
KarP93: folds 
JUANS2: folds 
JP231608: folds 
An1an1: folds 
UnderC@t: folds 
Uncalled bet ($0.50) returned to VahTang_89
VahTang_89 collected $1 from pot
VahTang_89: doesn't show hand 
*** SUMMARY ***
Total pot $1 | Rake $0 
Seat 1: JP231608 folded before Flop (didn't bet)
Seat 2: An1an1 (button) folded before Flop (didn't bet)
Seat 3: UnderC@t (small blind) folded before Flop
Seat 4: VahTang_89 (big blind) collected ($1)
Seat 5: KarP93 folded before Flop (didn't bet)
Seat 6: JUANS2 folded before Flop (didn't bet)



PokerStars Hand #254624542995:  Hold'em No Limit ($0.50/$1.00 USD) - 2025/01/30 18:21:57 WET [2025/01/30 13:21:57 ET]
Table 'Tea' 6-max Seat #3 is the button
Seat 1: JP231608 ($103.03 in chips) 
Seat 2: An1an1 ($101 in chips) 
Seat 3: UnderC@t ($103.22 in chips) 
Seat 4: VahTang_89 ($100.50 in chips) 
Seat 5: KarP93 ($100 in chips) 
Seat 6: JUANS2 ($117.77 in chips) 
VahTang_89: posts small blind $0.50
KarP93: posts big blind $1
*** HOLE CARDS ***
JUANS2: folds 
JP231608: raises $2 to $3
An1an1: folds 
UnderC@t: folds 
VahTang_89: folds 
KarP93: calls $2
*** FLOP *** [Qh Js Ts]
KarP93: checks 
JP231608: bets $4.09
KarP93: calls $4.09
*** TURN *** [Qh Js Ts] [2c]
KarP93: checks 
JP231608: bets $9.98
KarP93: folds 
Uncalled bet ($9.98) returned to JP231608
JP231608 collected $13.77 from pot
*** SUMMARY ***
Total pot $14.68 | Rake $0.91 
Board [Qh Js Ts 2c]
Seat 1: JP231608 collected ($13.77)
Seat 2: An1an1 folded before Flop (didn't bet)
Seat 3: UnderC@t (button) folded before Flop (didn't bet)
Seat 4: VahTang_89 (small blind) folded before Flop
Seat 5: KarP93 (big blind) folded on the Turn
Seat 6: JUANS2 folded before Flop (didn't bet)



PokerStars Hand #254625179197:  Hold'em No Limit ($0.50/$1.00 USD) - 2025/01/30 18:30:24 WET [2025/01/30 13:30:24 ET]
Table 'Tea' 6-max Seat #5 is the button
Seat 1: JP231608 ($114.14 in chips) 
Seat 2: An1an1 ($104.16 in chips) 
Seat 3: UnderC@t ($108.22 in chips) 
Seat 4: VahTang_89 ($100 in chips) 
Seat 5: KarP93 ($100 in chips) 
Seat 6: JUANS2 ($136.62 in chips) 
JUANS2: posts small blind $0.50
JP231608: posts big blind $1
*** HOLE CARDS ***
An1an1: folds 
UnderC@t: folds 
VahTang_89: raises $1.20 to $2.20
KarP93: folds 
JUANS2: folds 
JP231608: folds 
Uncalled bet ($1.20) returned to VahTang_89
VahTang_89 collected $2.50 from pot
VahTang_89: doesn't show hand 
*** SUMMARY ***
Total pot $2.50 | Rake $0 
Seat 1: JP231608 (big blind) folded before Flop
Seat 2: An1an1 folded before Flop (didn't bet)
Seat 3: UnderC@t folded before Flop (didn't bet)
Seat 4: VahTang_89 collected ($2.50)
Seat 5: KarP93 (button) folded before Flop (didn't bet)
Seat 6: JUANS2 (small blind) folded before Flop



PokerStars Hand #254625182586:  Hold'em No Limit ($0.50/$1.00 USD) - 2025/01/30 18:30:36 WET [2025/01/30 13:30:36 ET]
Table 'Tea' 6-max Seat #6 is the button
Seat 1: JP231608 ($113.14 in chips) 
Seat 2: An1an1 ($104.16 in chips) 
Seat 3: UnderC@t ($108.22 in chips) 
Seat 4: VahTang_89 ($101.50 in chips) 
Seat 5: KarP93 ($100 in chips) 
Seat 6: JUANS2 ($136.12 in chips) 
JP231608: posts small blind $0.50
An1an1: posts big blind $1
*** HOLE CARDS ***
UnderC@t: raises $1.50 to $2.50
VahTang_89: folds 
KarP93: folds 
JUANS2: folds 
JP231608: calls $2
An1an1: calls $1.50
*** FLOP *** [6d 7d 4c]
JP231608: checks 
An1an1: bets $2.35
UnderC@t: raises $5.65 to $8
JP231608: folds 
An1an1: raises $23.12 to $31.12
UnderC@t: calls $23.12
*** TURN *** [6d 7d 4c] [3d]
An1an1: checks 
UnderC@t: checks 
*** RIVER *** [6d 7d 4c 3d] [6c]
An1an1: bets $22.19
UnderC@t: raises $52.41 to $74.60 and is all-in
An1an1: folds 
Uncalled bet ($52.41) returned to UnderC@t
UnderC@t collected $111.62 from pot
UnderC@t: doesn't show hand 
*** SUMMARY ***
Total pot $114.12 | Rake $2.50 
Board [6d 7d 4c 3d 6c]
Seat 1: JP231608 (small blind) folded on the Flop
Seat 2: An1an1 (big blind) folded on the River
Seat 3: UnderC@t collected ($111.62)
Seat 4: VahTang_89 folded before Flop (didn't bet)
Seat 5: KarP93 folded before Flop (didn't bet)
Seat 6: JUANS2 (button) folded before Flop (didn't bet)



PokerStars Hand #254625226958:  Hold'em No Limit ($0.50/$1.00 USD) - 2025/01/30 18:33:19 WET [2025/01/30 13:33:19 ET]
Table 'Tea' 6-max Seat #1 is the button
Seat 1: JP231608 ($110.64 in chips) 
Seat 2: An1an1 ($100 in chips) 
Seat 3: UnderC@t ($164.03 in chips) 
Seat 4: VahTang_89 ($101.50 in chips) 
Seat 5: KarP93 ($100 in chips) 
Seat 6: JUANS2 ($136.12 in chips) 
An1an1: posts small blind $0.50
UnderC@t: posts big blind $1
*** HOLE CARDS ***
VahTang_89: folds 
KarP93: folds 
JUANS2: folds 
JP231608: folds 
An1an1: raises $1.50 to $2.50
UnderC@t: calls $1.50
*** FLOP *** [6d Js 2s]
An1an1: bets $1.14
UnderC@t: folds 
Uncalled bet ($1.14) returned to An1an1
An1an1 collected $4.75 from pot
An1an1: doesn't show hand 
*** SUMMARY ***
Total pot $5 | Rake $0.25 
Board [6d Js 2s]
Seat 1: JP231608 (button) folded before Flop (didn't bet)
Seat 2: An1an1 (small blind) collected ($4.75)
Seat 3: UnderC@t (big blind) folded on the Flop
Seat 4: VahTang_89 folded before Flop (didn't bet)
Seat 5: KarP93 folded before Flop (didn't bet)
Seat 6: JUANS2 folded before Flop (didn't bet)



PokerStars Hand #254625242371:  Hold'em No Limit ($0.50/$1.00 USD) - 2025/01/30 18:34:16 WET [2025/01/30 13:34:16 ET]
Table 'Tea' 6-max Seat #2 is the button
Seat 1: JP231608 ($110.64 in chips) 
Seat 2: An1an1 ($102.25 in chips) 
Seat 3: UnderC@t ($161.53 in chips) 
Seat 4: VahTang_89 ($101.50 in chips) 
Seat 5: KarP93 ($100 in chips) 
Seat 6: JUANS2 ($136.12 in chips) 
UnderC@t: posts small blind $0.50
VahTang_89: posts big blind $1
*** HOLE CARDS ***
KarP93: folds 
JUANS2: folds 
JP231608: raises $3 to $4
An1an1: raises $8 to $12
UnderC@t: folds 
VahTang_89: folds 
JP231608: calls $8
*** FLOP *** [5c 9h Th]
JP231608: checks 
An1an1: checks 
*** TURN *** [5c 9h Th] [6c]
JP231608: checks 
An1an1: bets $12.11
JP231608: folds 
Uncalled bet ($12.11) returned to An1an1
An1an1 collected $24.22 from pot
An1an1: doesn't show hand 
*** SUMMARY ***
Total pot $25.50 | Rake $1.28 
Board [5c 9h Th 6c]
Seat 1: JP231608 folded on the Turn
Seat 2: An1an1 (button) collected ($24.22)
Seat 3: UnderC@t (small blind) folded before Flop
Seat 4: VahTang_89 (big blind) folded before Flop
Seat 5: KarP93 folded before Flop (didn't bet)
Seat 6: JUANS2 folded before Flop (didn't bet)



PokerStars Hand #254625268721:  Hold'em No Limit ($0.50/$1.00 USD) - 2025/01/30 18:35:51 WET [2025/01/30 13:35:51 ET]
Table 'Tea' 6-max Seat #3 is the button
Seat 1: JP231608 ($98.64 in chips) 
Seat 2: An1an1 ($114.47 in chips) 
Seat 3: UnderC@t ($161.03 in chips) 
Seat 4: VahTang_89 ($100.50 in chips) 
Seat 5: KarP93 ($100 in chips) 
Seat 6: JUANS2 ($136.12 in chips) 
VahTang_89: posts small blind $0.50
KarP93: posts big blind $1
*** HOLE CARDS ***
JUANS2: folds 
JP231608: folds 
An1an1: folds 
UnderC@t: folds 
VahTang_89: raises $2 to $3
KarP93: folds 
Uncalled bet ($2) returned to VahTang_89
VahTang_89 collected $2 from pot
VahTang_89: doesn't show hand 
*** SUMMARY ***
Total pot $2 | Rake $0 
Seat 1: JP231608 folded before Flop (didn't bet)
Seat 2: An1an1 folded before Flop (didn't bet)
Seat 3: UnderC@t (button) folded before Flop (didn't bet)
Seat 4: VahTang_89 (small blind) collected ($2)
Seat 5: KarP93 (big blind) folded before Flop
Seat 6: JUANS2 folded before Flop (didn't bet)



PokerStars Hand #254625273164:  Hold'em No Limit ($0.50/$1.00 USD) - 2025/01/30 18:36:07 WET [2025/01/30 13:36:07 ET]
Table 'Tea' 6-max Seat #4 is the button
Seat 1: JP231608 ($98.64 in chips) 
Seat 2: An1an1 ($114.47 in chips) 
Seat 3: UnderC@t ($161.03 in chips) 
Seat 4: VahTang_89 ($101.50 in chips) 
Seat 5: KarP93 ($100 in chips) 
Seat 6: JUANS2 ($136.12 in chips) 
KarP93: posts small blind $0.50
JUANS2: posts big blind $1
*** HOLE CARDS ***
JP231608: raises $2 to $3
An1an1: folds 
UnderC@t: folds 
VahTang_89: raises $6 to $9
KarP93: folds 
JUANS2: folds 
JP231608: folds 
Uncalled bet ($6) returned to VahTang_89
VahTang_89 collected $7.50 from pot
VahTang_89: doesn't show hand 
*** SUMMARY ***
Total pot $7.50 | Rake $0 
Seat 1: JP231608 folded before Flop
Seat 2: An1an1 folded before Flop (didn't bet)
Seat 3: UnderC@t folded before Flop (didn't bet)
Seat 4: VahTang_89 (button) collected ($7.50)
Seat 5: KarP93 (small blind) folded before Flop
Seat 6: JUANS2 (big blind) folded before Flop



PokerStars Hand #254625280019:  Hold'em No Limit ($0.50/$1.00 USD) - 2025/01/30 18:36:32 WET [2025/01/30 13:36:32 ET]
Table 'Tea' 6-max Seat #5 is the button
Seat 1: JP231608 ($95.64 in chips) 
Seat 2: An1an1 ($114.47 in chips) 
Seat 3: UnderC@t ($161.03 in chips) 
Seat 4: VahTang_89 ($106 in chips) 
Seat 5: KarP93 ($100 in chips) 
Seat 6: JUANS2 ($135.12 in chips) 
JUANS2: posts small blind $0.50
JP231608: posts big blind $1
*** HOLE CARDS ***
An1an1: folds 
UnderC@t: folds 
VahTang_89: folds 
KarP93: folds 
JUANS2: folds 
Uncalled bet ($0.50) returned to JP231608
JP231608 collected $1 from pot
*** SUMMARY ***
Total pot $1 | Rake $0 
Seat 1: JP231608 (big blind) collected ($1)
Seat 2: An1an1 folded before Flop (didn't bet)
Seat 3: UnderC@t folded before Flop (didn't bet)
Seat 4: VahTang_89 folded before Flop (didn't bet)
Seat 5: KarP93 (button) folded before Flop (didn't bet)
Seat 6: JUANS2 (small blind) folded before Flop



PokerStars Hand #254625284989:  Hold'em No Limit ($0.50/$1.00 USD) - 2025/01/30 18:36:50 WET [2025/01/30 13:36:50 ET]
Table 'Tea' 6-max Seat #6 is the button
Seat 2: An1an1 ($114.47 in chips) is sitting out
Seat 1: JP231608 ($96.14 in chips) 
Seat 3: UnderC@t ($161.03 in chips) 
Seat 4: VahTang_89 ($106 in chips) 
Seat 5: KarP93 ($100 in chips) 
Seat 6: JUANS2 ($134.62 in chips) 
JP231608: posts small blind $0.50
An1an1: is sitting out 
UnderC@t: posts big blind $1
*** HOLE CARDS ***
An1an1 leaves the table
VahTang_89: folds 
KarP93: folds 
IREQO joins the table at seat #2 
JUANS2: folds 
JP231608: raises $3 to $4
UnderC@t: folds 
Uncalled bet ($3) returned to JP231608
JP231608 collected $2 from pot
*** SUMMARY ***
Total pot $2 | Rake $0 
Seat 2: An1an1
Seat 1: JP231608 (small blind) collected ($2)
Seat 3: UnderC@t (big blind) folded before Flop
Seat 4: VahTang_89 folded before Flop (didn't bet)
Seat 5: KarP93 folded before Flop (didn't bet)
Seat 6: JUANS2 (button) folded before Flop (didn't bet)



PokerStars Hand #254625291763:  Hold'em No Limit ($0.50/$1.00 USD) - 2025/01/30 18:37:14 WET [2025/01/30 13:37:14 ET]
Table 'Tea' 6-max Seat #1 is the button
Seat 2: IREQO ($56.69 in chips) is sitting out
Seat 1: JP231608 ($97.14 in chips) 
Seat 3: UnderC@t ($160.03 in chips) 
Seat 4: VahTang_89 ($106 in chips) 
Seat 5: KarP93 ($100 in chips) 
Seat 6: JUANS2 ($134.62 in chips) 
UnderC@t: posts small blind $0.50
VahTang_89: posts big blind $1
*** HOLE CARDS ***
KarP93: folds 
JUANS2: folds 
JP231608: folds 
UnderC@t: folds 
Uncalled bet ($0.50) returned to VahTang_89
VahTang_89 collected $1 from pot
VahTang_89: doesn't show hand 
*** SUMMARY ***
Total pot $1 | Rake $0 
Seat 2: IREQO
Seat 1: JP231608 (button) folded before Flop (didn't bet)
Seat 3: UnderC@t (small blind) folded before Flop
Seat 4: VahTang_89 (big blind) collected ($1)
Seat 5: KarP93 folded before Flop (didn't bet)
Seat 6: JUANS2 folded before Flop (didn't bet)



PokerStars Hand #254625295298:  Hold'em No Limit ($0.50/$1.00 USD) - 2025/01/30 18:37:27 WET [2025/01/30 13:37:27 ET]
Table 'Tea' 6-max Seat #3 is the button
Seat 2: IREQO ($56.69 in chips) is sitting out
Seat 5: KarP93 ($100 in chips) is sitting out
Seat 1: JP231608 ($97.14 in chips) 
Seat 3: UnderC@t ($159.53 in chips) 
Seat 4: VahTang_89 ($106.50 in chips) 
Seat 6: JUANS2 ($134.62 in chips) 
VahTang_89: posts small blind $0.50
KarP93: is sitting out 
JUANS2: posts big blind $1
IREQO: sits out 
*** HOLE CARDS ***
KarP93 leaves the table
JP231608: folds 
UnderC@t: folds 
VahTang_89: folds 
Uncalled bet ($0.50) returned to JUANS2
sta$igk joins the table at seat #5 
JUANS2 collected $1 from pot
JUANS2: doesn't show hand 
*** SUMMARY ***
Total pot $1 | Rake $0 
Seat 2: IREQO
Seat 5: KarP93
Seat 1: JP231608 folded before Flop (didn't bet)
Seat 3: UnderC@t (button) folded before Flop (didn't bet)
Seat 4: VahTang_89 (small blind) folded before Flop
Seat 6: JUANS2 (big blind) collected ($1)



PokerStars Hand #254625299503:  Hold'em No Limit ($0.50/$1.00 USD) - 2025/01/30 18:37:42 WET [2025/01/30 13:37:42 ET]
Table 'Tea' 6-max Seat #4 is the button
Seat 2: IREQO ($56.69 in chips) is sitting out
Seat 5: sta$igk ($100 in chips) is sitting out
Seat 1: JP231608 ($97.14 in chips) 
Seat 3: UnderC@t ($159.53 in chips) 
Seat 4: VahTang_89 ($106 in chips) 
Seat 6: JUANS2 ($135.12 in chips) 
JUANS2: posts small blind $0.50
JP231608: posts big blind $1
IREQO: sits out 
*** HOLE CARDS ***
UnderC@t: raises $1.50 to $2.50
VahTang_89: folds 
JUANS2: folds 
JP231608: folds 
Uncalled bet ($1.50) returned to UnderC@t
UnderC@t collected $2.50 from pot
UnderC@t: doesn't show hand 
*** SUMMARY ***
Total pot $2.50 | Rake $0 
Seat 2: IREQO
Seat 5: sta$igk
Seat 1: JP231608 (big blind) folded before Flop
Seat 3: UnderC@t collected ($2.50)
Seat 4: VahTang_89 (button) folded before Flop (didn't bet)
Seat 6: JUANS2 (small blind) folded before Flop



PokerStars Hand #254625303223:  Hold'em No Limit ($0.50/$1.00 USD) - 2025/01/30 18:37:55 WET [2025/01/30 13:37:55 ET]
Table 'Tea' 6-max Seat #6 is the button
Seat 5: sta$igk ($100 in chips) is sitting out
Seat 1: JP231608 ($96.14 in chips) 
Seat 2: IREQO ($56.69 in chips) 
Seat 3: UnderC@t ($161.03 in chips) 
Seat 4: VahTang_89 ($106 in chips) 
Seat 6: JUANS2 ($134.62 in chips) 
JP231608: posts small blind $0.50
IREQO: posts big blind $1
sta$igk: sits out 
*** HOLE CARDS ***
UnderC@t: folds 
VahTang_89: raises $1.20 to $2.20
JUANS2: folds 
JP231608: folds 
IREQO: folds 
Uncalled bet ($1.20) returned to VahTang_89
VahTang_89 collected $2.50 from pot
VahTang_89: doesn't show hand 
*** SUMMARY ***
Total pot $2.50 | Rake $0 
Seat 5: sta$igk
Seat 1: JP231608 (small blind) folded before Flop
Seat 2: IREQO (big blind) folded before Flop
Seat 3: UnderC@t folded before Flop (didn't bet)
Seat 4: VahTang_89 collected ($2.50)
Seat 6: JUANS2 (button) folded before Flop (didn't bet)



PokerStars Hand #254625306625:  Hold'em No Limit ($0.50/$1.00 USD) - 2025/01/30 18:38:08 WET [2025/01/30 13:38:08 ET]
Table 'Tea' 6-max Seat #1 is the button
Seat 5: sta$igk ($100 in chips) is sitting out
Seat 1: JP231608 ($95.64 in chips) 
Seat 2: IREQO ($55.69 in chips) 
Seat 3: UnderC@t ($161.03 in chips) 
Seat 4: VahTang_89 ($107.50 in chips) 
Seat 6: JUANS2 ($134.62 in chips) 
IREQO: posts small blind $0.50
UnderC@t: posts big blind $1
sta$igk: sits out 
*** HOLE CARDS ***
VahTang_89: folds 
JUANS2: folds 
JP231608: raises $2 to $3
IREQO: folds 
UnderC@t: folds 
Uncalled bet ($2) returned to JP231608
JP231608 collected $2.50 from pot
*** SUMMARY ***
Total pot $2.50 | Rake $0 
Seat 5: sta$igk
Seat 1: JP231608 (button) collected ($2.50)
Seat 2: IREQO (small blind) folded before Flop
Seat 3: UnderC@t (big blind) folded before Flop
Seat 4: VahTang_89 folded before Flop (didn't bet)
Seat 6: JUANS2 folded before Flop (didn't bet)



PokerStars Hand #254625310902:  Hold'em No Limit ($0.50/$1.00 USD) - 2025/01/30 18:38:23 WET [2025/01/30 13:38:23 ET]
Table 'Tea' 6-max Seat #2 is the button
Seat 5: sta$igk ($100 in chips) is sitting out
Seat 1: JP231608 ($97.14 in chips) 
Seat 2: IREQO ($55.19 in chips) 
Seat 3: UnderC@t ($160.03 in chips) 
Seat 4: VahTang_89 ($107.50 in chips) 
Seat 6: JUANS2 ($134.62 in chips) 
UnderC@t: posts small blind $0.50
VahTang_89: posts big blind $1
sta$igk: sits out 
*** HOLE CARDS ***
JUANS2: folds 
JP231608: folds 
IREQO: raises $1.50 to $2.50
UnderC@t: folds 
VahTang_89: folds 
Uncalled bet ($1.50) returned to IREQO
IREQO collected $2.50 from pot
IREQO: doesn't show hand 
*** SUMMARY ***
Total pot $2.50 | Rake $0 
Seat 5: sta$igk
Seat 1: JP231608 folded before Flop (didn't bet)
Seat 2: IREQO (button) collected ($2.50)
Seat 3: UnderC@t (small blind) folded before Flop
Seat 4: VahTang_89 (big blind) folded before Flop
Seat 6: JUANS2 folded before Flop (didn't bet)



PokerStars Hand #254625314296:  Hold'em No Limit ($0.50/$1.00 USD) - 2025/01/30 18:38:35 WET [2025/01/30 13:38:35 ET]
Table 'Tea' 6-max Seat #3 is the button
Seat 1: JP231608 ($97.14 in chips) 
Seat 2: IREQO ($56.69 in chips) 
Seat 3: UnderC@t ($159.53 in chips) 
Seat 4: VahTang_89 ($106.50 in chips) 
Seat 5: sta$igk ($100 in chips) 
Seat 6: JUANS2 ($134.62 in chips) 
VahTang_89: posts small blind $0.50
sta$igk: posts big blind $1
*** HOLE CARDS ***
JUANS2: folds 
JP231608: raises $4 to $5
IREQO: folds 
UnderC@t: folds 
VahTang_89: folds 
sta$igk: folds 
Uncalled bet ($4) returned to JP231608
JP231608 collected $2.50 from pot
*** SUMMARY ***
Total pot $2.50 | Rake $0 
Seat 1: JP231608 collected ($2.50)
Seat 2: IREQO folded before Flop (didn't bet)
Seat 3: UnderC@t (button) folded before Flop (didn't bet)
Seat 4: VahTang_89 (small blind) folded before Flop
Seat 5: sta$igk (big blind) folded before Flop
Seat 6: JUANS2 folded before Flop (didn't bet)



PokerStars Hand #254625318285:  Hold'em No Limit ($0.50/$1.00 USD) - 2025/01/30 18:38:50 WET [2025/01/30 13:38:50 ET]
Table 'Tea' 6-max Seat #4 is the button
Seat 1: JP231608 ($98.64 in chips) 
Seat 2: IREQO ($56.69 in chips) 
Seat 3: UnderC@t ($159.53 in chips) 
Seat 4: VahTang_89 ($106 in chips) 
Seat 5: sta$igk ($100 in chips) 
Seat 6: JUANS2 ($134.62 in chips) 
sta$igk: posts small blind $0.50
JUANS2: posts big blind $1
*** HOLE CARDS ***
JP231608: folds 
IREQO: folds 
UnderC@t: folds 
VahTang_89: folds 
sta$igk: folds 
Uncalled bet ($0.50) returned to JUANS2
JUANS2 collected $1 from pot
JUANS2: doesn't show hand 
*** SUMMARY ***
Total pot $1 | Rake $0 
Seat 1: JP231608 folded before Flop (didn't bet)
Seat 2: IREQO folded before Flop (didn't bet)
Seat 3: UnderC@t folded before Flop (didn't bet)
Seat 4: VahTang_89 (button) folded before Flop (didn't bet)
Seat 5: sta$igk (small blind) folded before Flop
Seat 6: JUANS2 (big blind) collected ($1)



PokerStars Hand #254625321257:  Hold'em No Limit ($0.50/$1.00 USD) - 2025/01/30 18:39:01 WET [2025/01/30 13:39:01 ET]
Table 'Tea' 6-max Seat #5 is the button
Seat 1: JP231608 ($98.64 in chips) 
Seat 2: IREQO ($56.69 in chips) 
Seat 3: UnderC@t ($159.53 in chips) 
Seat 4: VahTang_89 ($106 in chips) 
Seat 5: sta$igk ($100 in chips) 
Seat 6: JUANS2 ($135.12 in chips) 
JUANS2: posts small blind $0.50
JP231608: posts big blind $1
*** HOLE CARDS ***
IREQO: raises $1.50 to $2.50
UnderC@t: folds 
VahTang_89: folds 
sta$igk: folds 
JUANS2: folds 
JP231608: folds 
Uncalled bet ($1.50) returned to IREQO
IREQO collected $2.50 from pot
IREQO: doesn't show hand 
*** SUMMARY ***
Total pot $2.50 | Rake $0 
Seat 1: JP231608 (big blind) folded before Flop
Seat 2: IREQO collected ($2.50)
Seat 3: UnderC@t folded before Flop (didn't bet)
Seat 4: VahTang_89 folded before Flop (didn't bet)
Seat 5: sta$igk (button) folded before Flop (didn't bet)
Seat 6: JUANS2 (small blind) folded before Flop



PokerStars Hand #254625324906:  Hold'em No Limit ($0.50/$1.00 USD) - 2025/01/30 18:39:14 WET [2025/01/30 13:39:14 ET]
Table 'Tea' 6-max Seat #6 is the button
Seat 1: JP231608 ($97.64 in chips) 
Seat 2: IREQO ($58.19 in chips) 
Seat 3: UnderC@t ($159.53 in chips) 
Seat 4: VahTang_89 ($106 in chips) 
Seat 5: sta$igk ($100 in chips) 
Seat 6: JUANS2 ($134.62 in chips) 
JP231608: posts small blind $0.50
IREQO: posts big blind $1
*** HOLE CARDS ***
UnderC@t: folds 
UnderC@t leaves the table
VahTang_89: raises $1.20 to $2.20
sta$igk: folds 
JUANS2: folds 
JP231608: folds 
BGS013 joins the table at seat #3 
IREQO: calls $1.20
*** FLOP *** [9s 3d Kh]
IREQO: checks 
VahTang_89: checks 
*** TURN *** [9s 3d Kh] [4h]
IREQO: checks 
VahTang_89: checks 
*** RIVER *** [9s 3d Kh 4h] [8c]
IREQO: checks 
VahTang_89: checks 
*** SHOW DOWN ***
IREQO: shows [Td 9d] (a pair of Nines)
VahTang_89: mucks hand 
IREQO collected $4.66 from pot
*** SUMMARY ***
Total pot $4.90 | Rake $0.24 
Board [9s 3d Kh 4h 8c]
Seat 1: JP231608 (small blind) folded before Flop
Seat 2: IREQO (big blind) showed [Td 9d] and won ($4.66) with a pair of Nines
Seat 3: UnderC@t folded before Flop (didn't bet)
Seat 4: VahTang_89 mucked
Seat 5: sta$igk folded before Flop (didn't bet)
Seat 6: JUANS2 (button) folded before Flop (didn't bet)



PokerStars Hand #254625346627:  Hold'em No Limit ($0.50/$1.00 USD) - 2025/01/30 18:40:32 WET [2025/01/30 13:40:32 ET]
Table 'Tea' 6-max Seat #1 is the button
Seat 1: JP231608 ($97.14 in chips) 
Seat 2: IREQO ($60.65 in chips) 
Seat 3: BGS013 ($100 in chips) 
Seat 4: VahTang_89 ($103.80 in chips) 
Seat 5: sta$igk ($100 in chips) 
Seat 6: JUANS2 ($134.62 in chips) 
IREQO: posts small blind $0.50
BGS013: posts big blind $1
*** HOLE CARDS ***
VahTang_89: folds 
sta$igk: folds 
JUANS2: raises $1.50 to $2.50
JP231608: folds 
IREQO: raises $8.50 to $11
BGS013: folds 
JUANS2: folds 
Uncalled bet ($8.50) returned to IREQO
IREQO collected $6 from pot
IREQO: doesn't show hand 
*** SUMMARY ***
Total pot $6 | Rake $0 
Seat 1: JP231608 (button) folded before Flop (didn't bet)
Seat 2: IREQO (small blind) collected ($6)
Seat 3: BGS013 (big blind) folded before Flop
Seat 4: VahTang_89 folded before Flop (didn't bet)
Seat 5: sta$igk folded before Flop (didn't bet)
Seat 6: JUANS2 folded before Flop



PokerStars Hand #254625354069:  Hold'em No Limit ($0.50/$1.00 USD) - 2025/01/30 18:40:59 WET [2025/01/30 13:40:59 ET]
Table 'Tea' 6-max Seat #2 is the button
Seat 1: JP231608 ($97.14 in chips) 
Seat 2: IREQO ($64.15 in chips) 
Seat 3: BGS013 ($100 in chips) 
Seat 4: VahTang_89 ($103.80 in chips) 
Seat 5: sta$igk ($100 in chips) 
Seat 6: JUANS2 ($132.12 in chips) 
BGS013: posts small blind $0.50
VahTang_89: posts big blind $1
*** HOLE CARDS ***
sta$igk: raises $1.50 to $2.50
JUANS2: folds 
JP231608: calls $2.50
IREQO: folds 
BGS013: folds 
VahTang_89: folds 
*** FLOP *** [Qd 3c Jh]
sta$igk: checks 
JP231608: checks 
*** TURN *** [Qd 3c Jh] [Ks]
sta$igk: bets $4.64
JP231608: calls $4.64
*** RIVER *** [Qd 3c Jh Ks] [4h]
sta$igk: bets $14.99
JP231608: folds 
Uncalled bet ($14.99) returned to sta$igk
sta$igk collected $14.99 from pot
sta$igk: doesn't show hand 
*** SUMMARY ***
Total pot $15.78 | Rake $0.79 
Board [Qd 3c Jh Ks 4h]
Seat 1: JP231608 folded on the River
Seat 2: IREQO (button) folded before Flop (didn't bet)
Seat 3: BGS013 (small blind) folded before Flop
Seat 4: VahTang_89 (big blind) folded before Flop
Seat 5: sta$igk collected ($14.99)
Seat 6: JUANS2 folded before Flop (didn't bet)



PokerStars Hand #254625369424:  Hold'em No Limit ($0.50/$1.00 USD) - 2025/01/30 18:41:55 WET [2025/01/30 13:41:55 ET]
Table 'Tea' 6-max Seat #3 is the button
Seat 1: JP231608 ($90 in chips) 
Seat 2: IREQO ($64.15 in chips) 
Seat 3: BGS013 ($100 in chips) 
Seat 4: VahTang_89 ($102.80 in chips) 
Seat 5: sta$igk ($107.85 in chips) 
Seat 6: JUANS2 ($132.12 in chips) 
VahTang_89: posts small blind $0.50
sta$igk: posts big blind $1
*** HOLE CARDS ***
JUANS2: raises $1.20 to $2.20
JP231608: folds 
IREQO: folds 
BGS013: folds 
VahTang_89: folds 
sta$igk: folds 
Uncalled bet ($1.20) returned to JUANS2
JUANS2 collected $2.50 from pot
JUANS2: doesn't show hand 
*** SUMMARY ***
Total pot $2.50 | Rake $0 
Seat 1: JP231608 folded before Flop (didn't bet)
Seat 2: IREQO folded before Flop (didn't bet)
Seat 3: BGS013 (button) folded before Flop (didn't bet)
Seat 4: VahTang_89 (small blind) folded before Flop
Seat 5: sta$igk (big blind) folded before Flop
Seat 6: JUANS2 collected ($2.50)



PokerStars Hand #254625372541:  Hold'em No Limit ($0.50/$1.00 USD) - 2025/01/30 18:42:06 WET [2025/01/30 13:42:06 ET]
Table 'Tea' 6-max Seat #4 is the button
Seat 1: JP231608 ($90 in chips) 
Seat 2: IREQO ($64.15 in chips) 
Seat 3: BGS013 ($100 in chips) 
Seat 4: VahTang_89 ($102.30 in chips) 
Seat 5: sta$igk ($106.85 in chips) 
Seat 6: JUANS2 ($133.62 in chips) 
sta$igk: posts small blind $0.50
JUANS2: posts big blind $1
*** HOLE CARDS ***
JP231608: folds 
IREQO: folds 
BGS013: raises $1.50 to $2.50
VahTang_89: folds 
sta$igk: raises $8.50 to $11
JUANS2: folds 
BGS013: folds 
Uncalled bet ($8.50) returned to sta$igk
sta$igk collected $6 from pot
sta$igk: doesn't show hand 
*** SUMMARY ***
Total pot $6 | Rake $0 
Seat 1: JP231608 folded before Flop (didn't bet)
Seat 2: IREQO folded before Flop (didn't bet)
Seat 3: BGS013 folded before Flop
Seat 4: VahTang_89 (button) folded before Flop (didn't bet)
Seat 5: sta$igk (small blind) collected ($6)
Seat 6: JUANS2 (big blind) folded before Flop



PokerStars Hand #254625378569:  Hold'em No Limit ($0.50/$1.00 USD) - 2025/01/30 18:42:28 WET [2025/01/30 13:42:28 ET]
Table 'Tea' 6-max Seat #5 is the button
Seat 1: JP231608 ($90 in chips) 
Seat 2: IREQO ($64.15 in chips) 
Seat 3: BGS013 ($100 in chips) 
Seat 4: VahTang_89 ($102.30 in chips) 
Seat 5: sta$igk ($110.35 in chips) 
Seat 6: JUANS2 ($132.62 in chips) 
JUANS2: posts small blind $0.50
JP231608: posts big blind $1
*** HOLE CARDS ***
IREQO: folds 
BGS013: folds 
VahTang_89: folds 
sta$igk: folds 
JUANS2: folds 
Uncalled bet ($0.50) returned to JP231608
JP231608 collected $1 from pot
*** SUMMARY ***
Total pot $1 | Rake $0 
Seat 1: JP231608 (big blind) collected ($1)
Seat 2: IREQO folded before Flop (didn't bet)
Seat 3: BGS013 folded before Flop (didn't bet)
Seat 4: VahTang_89 folded before Flop (didn't bet)
Seat 5: sta$igk (button) folded before Flop (didn't bet)
Seat 6: JUANS2 (small blind) folded before Flop



PokerStars Hand #254625381369:  Hold'em No Limit ($0.50/$1.00 USD) - 2025/01/30 18:42:39 WET [2025/01/30 13:42:39 ET]
Table 'Tea' 6-max Seat #6 is the button
Seat 2: IREQO ($64.15 in chips) is sitting out
Seat 1: JP231608 ($90.50 in chips) 
Seat 3: BGS013 ($100 in chips) 
Seat 4: VahTang_89 ($102.30 in chips) 
Seat 5: sta$igk ($110.35 in chips) 
Seat 6: JUANS2 ($132.12 in chips) 
JP231608: posts small blind $0.50
IREQO: is sitting out 
BGS013: posts big blind $1
*** HOLE CARDS ***
VahTang_89: folds 
sta$igk: folds 
JUANS2: raises $1.50 to $2.50
JP231608: folds 
IREQO leaves the table
BGS013: calls $1.50
*** FLOP *** [Ah Td 3d]
BGS013: checks 
AlexPinsk1 joins the table at seat #2 
JUANS2: bets $1.72
BGS013: calls $1.72
*** TURN *** [Ah Td 3d] [2h]
BGS013: checks 
JUANS2: bets $13.50
BGS013: folds 
Uncalled bet ($13.50) returned to JUANS2
JUANS2 collected $8.49 from pot
JUANS2: doesn't show hand 
*** SUMMARY ***
Total pot $8.94 | Rake $0.45 
Board [Ah Td 3d 2h]
Seat 2: IREQO
Seat 1: JP231608 (small blind) folded before Flop
Seat 3: BGS013 (big blind) folded on the Turn
Seat 4: VahTang_89 folded before Flop (didn't bet)
Seat 5: sta$igk folded before Flop (didn't bet)
Seat 6: JUANS2 (button) collected ($8.49)



PokerStars Hand #254625394812:  Hold'em No Limit ($0.50/$1.00 USD) - 2025/01/30 18:43:27 WET [2025/01/30 13:43:27 ET]
Table 'Tea' 6-max Seat #1 is the button
Seat 2: AlexPinsk1 ($100 in chips) is sitting out
Seat 1: JP231608 ($90 in chips) 
Seat 3: BGS013 ($100 in chips) 
Seat 4: VahTang_89 ($102.30 in chips) 
Seat 5: sta$igk ($110.35 in chips) 
Seat 6: JUANS2 ($136.39 in chips) 
BGS013: posts small blind $0.50
VahTang_89: posts big blind $1
*** HOLE CARDS ***
sta$igk: raises $1.50 to $2.50
JUANS2: folds 
JP231608: folds 
BGS013: folds 
VahTang_89: folds 
Uncalled bet ($1.50) returned to sta$igk
sta$igk collected $2.50 from pot
sta$igk: doesn't show hand 
*** SUMMARY ***
Total pot $2.50 | Rake $0 
Seat 2: AlexPinsk1
Seat 1: JP231608 (button) folded before Flop (didn't bet)
Seat 3: BGS013 (small blind) folded before Flop
Seat 4: VahTang_89 (big blind) folded before Flop
Seat 5: sta$igk collected ($2.50)
Seat 6: JUANS2 folded before Flop (didn't bet)



PokerStars Hand #254625399480:  Hold'em No Limit ($0.50/$1.00 USD) - 2025/01/30 18:43:45 WET [2025/01/30 13:43:45 ET]
Table 'Tea' 6-max Seat #3 is the button
Seat 2: AlexPinsk1 ($100 in chips) is sitting out
Seat 1: JP231608 ($90 in chips) 
Seat 3: BGS013 ($100 in chips) 
Seat 4: VahTang_89 ($101.30 in chips) 
Seat 5: sta$igk ($111.85 in chips) 
Seat 6: JUANS2 ($136.39 in chips) 
VahTang_89: posts small blind $0.50
sta$igk: posts big blind $1
AlexPinsk1: sits out 
*** HOLE CARDS ***
JUANS2: raises $1.20 to $2.20
JP231608: folds 
BGS013: folds 
VahTang_89: folds 
sta$igk: folds 
Uncalled bet ($1.20) returned to JUANS2
JUANS2 collected $2.50 from pot
JUANS2: doesn't show hand 
*** SUMMARY ***
Total pot $2.50 | Rake $0 
Seat 2: AlexPinsk1
Seat 1: JP231608 folded before Flop (didn't bet)
Seat 3: BGS013 (button) folded before Flop (didn't bet)
Seat 4: VahTang_89 (small blind) folded before Flop
Seat 5: sta$igk (big blind) folded before Flop
Seat 6: JUANS2 collected ($2.50)



PokerStars Hand #254625402485:  Hold'em No Limit ($0.50/$1.00 USD) - 2025/01/30 18:43:55 WET [2025/01/30 13:43:55 ET]
Table 'Tea' 6-max Seat #4 is the button
Seat 2: AlexPinsk1 ($100 in chips) is sitting out
Seat 1: JP231608 ($90 in chips) 
Seat 3: BGS013 ($100 in chips) 
Seat 4: VahTang_89 ($100.80 in chips) 
Seat 5: sta$igk ($110.85 in chips) 
Seat 6: JUANS2 ($137.89 in chips) 
sta$igk: posts small blind $0.50
JUANS2: posts big blind $1
AlexPinsk1: sits out 
*** HOLE CARDS ***
JP231608: folds 
BGS013: folds 
VahTang_89: folds 
sta$igk: folds 
Uncalled bet ($0.50) returned to JUANS2
JUANS2 collected $1 from pot
JUANS2: doesn't show hand 
*** SUMMARY ***
Total pot $1 | Rake $0 
Seat 2: AlexPinsk1
Seat 1: JP231608 folded before Flop (didn't bet)
Seat 3: BGS013 folded before Flop (didn't bet)
Seat 4: VahTang_89 (button) folded before Flop (didn't bet)
Seat 5: sta$igk (small blind) folded before Flop
Seat 6: JUANS2 (big blind) collected ($1)



PokerStars Hand #254625405936:  Hold'em No Limit ($0.50/$1.00 USD) - 2025/01/30 18:44:08 WET [2025/01/30 13:44:08 ET]
Table 'Tea' 6-max Seat #5 is the button
Seat 2: AlexPinsk1 ($100 in chips) is sitting out
Seat 1: JP231608 ($90 in chips) 
Seat 3: BGS013 ($100 in chips) 
Seat 4: VahTang_89 ($100.80 in chips) 
Seat 5: sta$igk ($110.35 in chips) 
Seat 6: JUANS2 ($138.39 in chips) 
JUANS2: posts small blind $0.50
JP231608: posts big blind $1
AlexPinsk1: sits out 
*** HOLE CARDS ***
BGS013: folds 
VahTang_89: raises $1.20 to $2.20
sta$igk: folds 
JUANS2: folds 
JP231608: folds 
Uncalled bet ($1.20) returned to VahTang_89
VahTang_89 collected $2.50 from pot
VahTang_89: doesn't show hand 
*** SUMMARY ***
Total pot $2.50 | Rake $0 
Seat 2: AlexPinsk1
Seat 1: JP231608 (big blind) folded before Flop
Seat 3: BGS013 folded before Flop (didn't bet)
Seat 4: VahTang_89 collected ($2.50)
Seat 5: sta$igk (button) folded before Flop (didn't bet)
Seat 6: JUANS2 (small blind) folded before Flop



PokerStars Hand #254625409263:  Hold'em No Limit ($0.50/$1.00 USD) - 2025/01/30 18:44:20 WET [2025/01/30 13:44:20 ET]
Table 'Tea' 6-max Seat #6 is the button
Seat 1: JP231608 ($89 in chips) 
Seat 2: AlexPinsk1 ($100 in chips) 
Seat 3: BGS013 ($100 in chips) 
Seat 4: VahTang_89 ($102.30 in chips) 
Seat 5: sta$igk ($110.35 in chips) 
Seat 6: JUANS2 ($137.89 in chips) 
JP231608: posts small blind $0.50
AlexPinsk1: posts big blind $1
*** HOLE CARDS ***
BGS013: folds 
VahTang_89: folds 
sta$igk: raises $1.50 to $2.50
JUANS2: folds 
JP231608: folds 
AlexPinsk1: folds 
Uncalled bet ($1.50) returned to sta$igk
sta$igk collected $2.50 from pot
sta$igk: doesn't show hand 
*** SUMMARY ***
Total pot $2.50 | Rake $0 
Seat 1: JP231608 (small blind) folded before Flop
Seat 2: AlexPinsk1 (big blind) folded before Flop
Seat 3: BGS013 folded before Flop (didn't bet)
Seat 4: VahTang_89 folded before Flop (didn't bet)
Seat 5: sta$igk collected ($2.50)
Seat 6: JUANS2 (button) folded before Flop (didn't bet)



PokerStars Hand #254625413250:  Hold'em No Limit ($0.50/$1.00 USD) - 2025/01/30 18:44:34 WET [2025/01/30 13:44:34 ET]
Table 'Tea' 6-max Seat #1 is the button
Seat 1: JP231608 ($88.50 in chips) 
Seat 2: AlexPinsk1 ($100 in chips) 
Seat 3: BGS013 ($100 in chips) 
Seat 4: VahTang_89 ($102.30 in chips) 
Seat 5: sta$igk ($111.85 in chips) 
Seat 6: JUANS2 ($137.89 in chips) 
AlexPinsk1: posts small blind $0.50
BGS013: posts big blind $1
*** HOLE CARDS ***
VahTang_89: folds 
sta$igk: raises $1.50 to $2.50
JUANS2: folds 
JP231608: calls $2.50
AlexPinsk1: folds 
BGS013: folds 
*** FLOP *** [3h Js 8h]
sta$igk: bets $2.04
JP231608: calls $2.04
*** TURN *** [3h Js 8h] [5c]
sta$igk: bets $3.32
JP231608: folds 
Uncalled bet ($3.32) returned to sta$igk
sta$igk collected $10.05 from pot
sta$igk: doesn't show hand 
*** SUMMARY ***
Total pot $10.58 | Rake $0.53 
Board [3h Js 8h 5c]
Seat 1: JP231608 (button) folded on the Turn
Seat 2: AlexPinsk1 (small blind) folded before Flop
Seat 3: BGS013 (big blind) folded before Flop
Seat 4: VahTang_89 folded before Flop (didn't bet)
Seat 5: sta$igk collected ($10.05)
Seat 6: JUANS2 folded before Flop (didn't bet)



PokerStars Hand #254625422619:  Hold'em No Limit ($0.50/$1.00 USD) - 2025/01/30 18:45:08 WET [2025/01/30 13:45:08 ET]
Table 'Tea' 6-max Seat #2 is the button
Seat 1: JP231608 ($83.96 in chips) 
Seat 2: AlexPinsk1 ($100 in chips) 
Seat 3: BGS013 ($100 in chips) 
Seat 4: VahTang_89 ($102.30 in chips) 
Seat 5: sta$igk ($117.36 in chips) 
Seat 6: JUANS2 ($137.89 in chips) 
BGS013: posts small blind $0.50
VahTang_89: posts big blind $1
*** HOLE CARDS ***
sta$igk: folds 
JUANS2: folds 
JP231608: folds 
AlexPinsk1: folds 
BGS013: raises $2 to $3
VahTang_89: folds 
Uncalled bet ($2) returned to BGS013
BGS013 collected $2 from pot
BGS013: doesn't show hand 
*** SUMMARY ***
Total pot $2 | Rake $0 
Seat 1: JP231608 folded before Flop (didn't bet)
Seat 2: AlexPinsk1 (button) folded before Flop (didn't bet)
Seat 3: BGS013 (small blind) collected ($2)
Seat 4: VahTang_89 (big blind) folded before Flop
Seat 5: sta$igk folded before Flop (didn't bet)
Seat 6: JUANS2 folded before Flop (didn't bet)



PokerStars Hand #254625427309:  Hold'em No Limit ($0.50/$1.00 USD) - 2025/01/30 18:45:25 WET [2025/01/30 13:45:25 ET]
Table 'Tea' 6-max Seat #3 is the button
Seat 1: JP231608 ($83.96 in chips) 
Seat 2: AlexPinsk1 ($100 in chips) 
Seat 3: BGS013 ($101 in chips) 
Seat 4: VahTang_89 ($101.30 in chips) 
Seat 5: sta$igk ($117.36 in chips) 
Seat 6: JUANS2 ($137.89 in chips) 
VahTang_89: posts small blind $0.50
sta$igk: posts big blind $1
*** HOLE CARDS ***
JUANS2: folds 
JP231608: folds 
AlexPinsk1: folds 
BGS013: folds 
VahTang_89: folds 
Uncalled bet ($0.50) returned to sta$igk
sta$igk collected $1 from pot
sta$igk: doesn't show hand 
*** SUMMARY ***
Total pot $1 | Rake $0 
Seat 1: JP231608 folded before Flop (didn't bet)
Seat 2: AlexPinsk1 folded before Flop (didn't bet)
Seat 3: BGS013 (button) folded before Flop (didn't bet)
Seat 4: VahTang_89 (small blind) folded before Flop
Seat 5: sta$igk (big blind) collected ($1)
Seat 6: JUANS2 folded before Flop (didn't bet)



PokerStars Hand #254625431540:  Hold'em No Limit ($0.50/$1.00 USD) - 2025/01/30 18:45:40 WET [2025/01/30 13:45:40 ET]
Table 'Tea' 6-max Seat #4 is the button
Seat 1: JP231608 ($83.96 in chips) 
Seat 2: AlexPinsk1 ($100 in chips) 
Seat 3: BGS013 ($101 in chips) 
Seat 4: VahTang_89 ($100.80 in chips) 
Seat 5: sta$igk ($117.86 in chips) 
Seat 6: JUANS2 ($137.89 in chips) 
sta$igk: posts small blind $0.50
JUANS2: posts big blind $1
*** HOLE CARDS ***
JP231608: folds 
AlexPinsk1: folds 
BGS013: folds 
VahTang_89: folds 
sta$igk: folds 
Uncalled bet ($0.50) returned to JUANS2
JUANS2 collected $1 from pot
JUANS2: doesn't show hand 
*** SUMMARY ***
Total pot $1 | Rake $0 
Seat 1: JP231608 folded before Flop (didn't bet)
Seat 2: AlexPinsk1 folded before Flop (didn't bet)
Seat 3: BGS013 folded before Flop (didn't bet)
Seat 4: VahTang_89 (button) folded before Flop (didn't bet)
Seat 5: sta$igk (small blind) folded before Flop
Seat 6: JUANS2 (big blind) collected ($1)



PokerStars Hand #254625434486:  Hold'em No Limit ($0.50/$1.00 USD) - 2025/01/30 18:45:50 WET [2025/01/30 13:45:50 ET]
Table 'Tea' 6-max Seat #5 is the button
Seat 1: JP231608 ($83.96 in chips) 
Seat 2: AlexPinsk1 ($100 in chips) 
Seat 3: BGS013 ($101 in chips) 
Seat 4: VahTang_89 ($100.80 in chips) 
Seat 5: sta$igk ($117.36 in chips) 
Seat 6: JUANS2 ($138.39 in chips) 
JUANS2: posts small blind $0.50
JP231608: posts big blind $1
*** HOLE CARDS ***
AlexPinsk1: folds 
BGS013: folds 
VahTang_89: raises $1.20 to $2.20
sta$igk: folds 
JUANS2: folds 
JP231608: calls $1.20
*** FLOP *** [7c Qc 7h]
JP231608: bets $4.66
VahTang_89: folds 
Uncalled bet ($4.66) returned to JP231608
JP231608 collected $4.60 from pot
*** SUMMARY ***
Total pot $4.90 | Rake $0.30 
Board [7c Qc 7h]
Seat 1: JP231608 (big blind) collected ($4.60)
Seat 2: AlexPinsk1 folded before Flop (didn't bet)
Seat 3: BGS013 folded before Flop (didn't bet)
Seat 4: VahTang_89 folded on the Flop
Seat 5: sta$igk (button) folded before Flop (didn't bet)
Seat 6: JUANS2 (small blind) folded before Flop



PokerStars Hand #254625443266:  Hold'em No Limit ($0.50/$1.00 USD) - 2025/01/30 18:46:22 WET [2025/01/30 13:46:22 ET]
Table 'Tea' 6-max Seat #6 is the button
Seat 1: JP231608 ($86.36 in chips) 
Seat 2: AlexPinsk1 ($100 in chips) 
Seat 3: BGS013 ($101 in chips) 
Seat 4: VahTang_89 ($100 in chips) 
Seat 5: sta$igk ($117.36 in chips) 
Seat 6: JUANS2 ($137.89 in chips) 
JP231608: posts small blind $0.50
AlexPinsk1: posts big blind $1
*** HOLE CARDS ***
BGS013: folds 
VahTang_89: raises $1.20 to $2.20
sta$igk: folds 
JUANS2: folds 
JP231608: folds 
AlexPinsk1: folds 
Uncalled bet ($1.20) returned to VahTang_89
VahTang_89 collected $2.50 from pot
VahTang_89: doesn't show hand 
*** SUMMARY ***
Total pot $2.50 | Rake $0 
Seat 1: JP231608 (small blind) folded before Flop
Seat 2: AlexPinsk1 (big blind) folded before Flop
Seat 3: BGS013 folded before Flop (didn't bet)
Seat 4: VahTang_89 collected ($2.50)
Seat 5: sta$igk folded before Flop (didn't bet)
Seat 6: JUANS2 (button) folded before Flop (didn't bet)



PokerStars Hand #254625447765:  Hold'em No Limit ($0.50/$1.00 USD) - 2025/01/30 18:46:38 WET [2025/01/30 13:46:38 ET]
Table 'Tea' 6-max Seat #1 is the button
Seat 1: JP231608 ($85.86 in chips) 
Seat 2: AlexPinsk1 ($100 in chips) 
Seat 3: BGS013 ($101 in chips) 
Seat 4: VahTang_89 ($101.50 in chips) 
Seat 5: sta$igk ($117.36 in chips) 
Seat 6: JUANS2 ($137.89 in chips) 
AlexPinsk1: posts small blind $0.50
BGS013: posts big blind $1
*** HOLE CARDS ***
VahTang_89: folds 
sta$igk: folds 
JUANS2: folds 
JP231608: folds 
AlexPinsk1: raises $2 to $3
BGS013: folds 
Uncalled bet ($2) returned to AlexPinsk1
AlexPinsk1 collected $2 from pot
AlexPinsk1: doesn't show hand 
*** SUMMARY ***
Total pot $2 | Rake $0 
Seat 1: JP231608 (button) folded before Flop (didn't bet)
Seat 2: AlexPinsk1 (small blind) collected ($2)
Seat 3: BGS013 (big blind) folded before Flop
Seat 4: VahTang_89 folded before Flop (didn't bet)
Seat 5: sta$igk folded before Flop (didn't bet)
Seat 6: JUANS2 folded before Flop (didn't bet)



PokerStars Hand #254625452508:  Hold'em No Limit ($0.50/$1.00 USD) - 2025/01/30 18:46:56 WET [2025/01/30 13:46:56 ET]
Table 'Tea' 6-max Seat #2 is the button
Seat 1: JP231608 ($85.86 in chips) 
Seat 2: AlexPinsk1 ($101 in chips) 
Seat 3: BGS013 ($100 in chips) 
Seat 4: VahTang_89 ($101.50 in chips) 
Seat 5: sta$igk ($117.36 in chips) 
Seat 6: JUANS2 ($137.89 in chips) 
BGS013: posts small blind $0.50
VahTang_89: posts big blind $1
*** HOLE CARDS ***
sta$igk: folds 
JUANS2: raises $1.50 to $2.50
JP231608: folds 
AlexPinsk1: folds 
BGS013: folds 
VahTang_89: folds 
Uncalled bet ($1.50) returned to JUANS2
JUANS2 collected $2.50 from pot
JUANS2: doesn't show hand 
*** SUMMARY ***
Total pot $2.50 | Rake $0 
Seat 1: JP231608 folded before Flop (didn't bet)
Seat 2: AlexPinsk1 (button) folded before Flop (didn't bet)
Seat 3: BGS013 (small blind) folded before Flop
Seat 4: VahTang_89 (big blind) folded before Flop
Seat 5: sta$igk folded before Flop (didn't bet)
Seat 6: JUANS2 collected ($2.50)



PokerStars Hand #254625456189:  Hold'em No Limit ($0.50/$1.00 USD) - 2025/01/30 18:47:09 WET [2025/01/30 13:47:09 ET]
Table 'Tea' 6-max Seat #3 is the button
Seat 1: JP231608 ($85.86 in chips) 
Seat 2: AlexPinsk1 ($101 in chips) 
Seat 3: BGS013 ($100 in chips) 
Seat 4: VahTang_89 ($100.50 in chips) 
Seat 5: sta$igk ($117.36 in chips) 
Seat 6: JUANS2 ($139.39 in chips) 
VahTang_89: posts small blind $0.50
sta$igk: posts big blind $1
*** HOLE CARDS ***
JUANS2: folds 
JP231608: folds 
AlexPinsk1: folds 
BGS013: folds 
VahTang_89: folds 
Uncalled bet ($0.50) returned to sta$igk
sta$igk collected $1 from pot
sta$igk: doesn't show hand 
*** SUMMARY ***
Total pot $1 | Rake $0 
Seat 1: JP231608 folded before Flop (didn't bet)
Seat 2: AlexPinsk1 folded before Flop (didn't bet)
Seat 3: BGS013 (button) folded before Flop (didn't bet)
Seat 4: VahTang_89 (small blind) folded before Flop
Seat 5: sta$igk (big blind) collected ($1)
Seat 6: JUANS2 folded before Flop (didn't bet)



PokerStars Hand #254625458682:  Hold'em No Limit ($0.50/$1.00 USD) - 2025/01/30 18:47:18 WET [2025/01/30 13:47:18 ET]
Table 'Tea' 6-max Seat #4 is the button
Seat 1: JP231608 ($85.86 in chips) 
Seat 2: AlexPinsk1 ($101 in chips) 
Seat 3: BGS013 ($100 in chips) 
Seat 4: VahTang_89 ($100 in chips) 
Seat 5: sta$igk ($117.86 in chips) 
Seat 6: JUANS2 ($139.39 in chips) 
sta$igk: posts small blind $0.50
JUANS2: posts big blind $1
*** HOLE CARDS ***
JP231608: raises $2 to $3
AlexPinsk1: raises $6 to $9
BGS013: folds 
VahTang_89: folds 
sta$igk: folds 
JUANS2: folds 
JP231608: calls $6
*** FLOP *** [3s Qd 8s]
JP231608: bets $9.26
AlexPinsk1: folds 
Uncalled bet ($9.26) returned to JP231608
JP231608 collected $18.28 from pot
*** SUMMARY ***
Total pot $19.50 | Rake $1.22 
Board [3s Qd 8s]
Seat 1: JP231608 collected ($18.28)
Seat 2: AlexPinsk1 folded on the Flop
Seat 3: BGS013 folded before Flop (didn't bet)
Seat 4: VahTang_89 (button) folded before Flop (didn't bet)
Seat 5: sta$igk (small blind) folded before Flop
Seat 6: JUANS2 (big blind) folded before Flop



PokerStars Hand #254625473651:  Hold'em No Limit ($0.50/$1.00 USD) - 2025/01/30 18:48:13 WET [2025/01/30 13:48:13 ET]
Table 'Tea' 6-max Seat #5 is the button
Seat 1: JP231608 ($95.14 in chips) 
Seat 2: AlexPinsk1 ($100 in chips) 
Seat 3: BGS013 ($100 in chips) 
Seat 4: VahTang_89 ($100 in chips) 
Seat 5: sta$igk ($117.36 in chips) 
Seat 6: JUANS2 ($138.39 in chips) 
JUANS2: posts small blind $0.50
JP231608: posts big blind $1
*** HOLE CARDS ***
AlexPinsk1: folds 
BGS013: folds 
VahTang_89: raises $1.20 to $2.20
sta$igk: folds 
JUANS2: folds 
JP231608: folds 
Uncalled bet ($1.20) returned to VahTang_89
VahTang_89 collected $2.50 from pot
VahTang_89: doesn't show hand 
*** SUMMARY ***
Total pot $2.50 | Rake $0 
Seat 1: JP231608 (big blind) folded before Flop
Seat 2: AlexPinsk1 folded before Flop (didn't bet)
Seat 3: BGS013 folded before Flop (didn't bet)
Seat 4: VahTang_89 collected ($2.50)
Seat 5: sta$igk (button) folded before Flop (didn't bet)
Seat 6: JUANS2 (small blind) folded before Flop



PokerStars Hand #254625476679:  Hold'em No Limit ($0.50/$1.00 USD) - 2025/01/30 18:48:25 WET [2025/01/30 13:48:25 ET]
Table 'Tea' 6-max Seat #6 is the button
Seat 1: JP231608 ($94.14 in chips) 
Seat 2: AlexPinsk1 ($100 in chips) 
Seat 3: BGS013 ($100 in chips) 
Seat 4: VahTang_89 ($101.50 in chips) 
Seat 5: sta$igk ($117.36 in chips) 
Seat 6: JUANS2 ($137.89 in chips) 
JP231608: posts small blind $0.50
AlexPinsk1: posts big blind $1
*** HOLE CARDS ***
BGS013: folds 
VahTang_89: raises $1.20 to $2.20
sta$igk: folds 
JUANS2: folds 
JP231608: calls $1.70
AlexPinsk1: calls $1.20
*** FLOP *** [Qd Kh 6s]
JP231608: checks 
AlexPinsk1: checks 
VahTang_89: bets $3.14
JP231608: calls $3.14
AlexPinsk1: calls $3.14
*** TURN *** [Qd Kh 6s] [Qs]
JP231608: checks 
AlexPinsk1: checks 
VahTang_89: checks 
*** RIVER *** [Qd Kh 6s Qs] [Jc]
JP231608: bets $8.61
AlexPinsk1: folds 
VahTang_89: folds 
Uncalled bet ($8.61) returned to JP231608
JP231608 collected $15.02 from pot
*** SUMMARY ***
Total pot $16.02 | Rake $1 
Board [Qd Kh 6s Qs Jc]
Seat 1: JP231608 (small blind) collected ($15.02)
Seat 2: AlexPinsk1 (big blind) folded on the River
Seat 3: BGS013 folded before Flop (didn't bet)
Seat 4: VahTang_89 folded on the River
Seat 5: sta$igk folded before Flop (didn't bet)
Seat 6: JUANS2 (button) folded before Flop (didn't bet)



PokerStars Hand #254625500159:  Hold'em No Limit ($0.50/$1.00 USD) - 2025/01/30 18:49:51 WET [2025/01/30 13:49:51 ET]
Table 'Tea' 6-max Seat #1 is the button
Seat 1: JP231608 ($103.82 in chips) 
Seat 2: AlexPinsk1 ($100 in chips) 
Seat 3: BGS013 ($100 in chips) 
Seat 4: VahTang_89 ($100 in chips) 
Seat 5: sta$igk ($117.36 in chips) 
Seat 6: JUANS2 ($137.89 in chips) 
AlexPinsk1: posts small blind $0.50
BGS013: posts big blind $1
*** HOLE CARDS ***
VahTang_89: folds 
sta$igk: raises $1.50 to $2.50
JUANS2: folds 
JP231608: folds 
AlexPinsk1: folds 
BGS013: folds 
Uncalled bet ($1.50) returned to sta$igk
sta$igk collected $2.50 from pot
sta$igk: doesn't show hand 
*** SUMMARY ***
Total pot $2.50 | Rake $0 
Seat 1: JP231608 (button) folded before Flop (didn't bet)
Seat 2: AlexPinsk1 (small blind) folded before Flop
Seat 3: BGS013 (big blind) folded before Flop
Seat 4: VahTang_89 folded before Flop (didn't bet)
Seat 5: sta$igk collected ($2.50)
Seat 6: JUANS2 folded before Flop (didn't bet)



PokerStars Hand #254625504779:  Hold'em No Limit ($0.50/$1.00 USD) - 2025/01/30 18:50:09 WET [2025/01/30 13:50:09 ET]
Table 'Tea' 6-max Seat #2 is the button
Seat 1: JP231608 ($103.82 in chips) 
Seat 2: AlexPinsk1 ($100 in chips) 
Seat 3: BGS013 ($100 in chips) 
Seat 4: VahTang_89 ($100 in chips) 
Seat 5: sta$igk ($118.86 in chips) 
Seat 6: JUANS2 ($137.89 in chips) 
BGS013: posts small blind $0.50
VahTang_89: posts big blind $1
*** HOLE CARDS ***
sta$igk: folds 
JUANS2: folds 
JP231608: raises $1 to $2
AlexPinsk1: folds 
BGS013: folds 
VahTang_89: calls $1
*** FLOP *** [3h Jh 4s]
VahTang_89: checks 
JP231608: bets $3.14
VahTang_89: calls $3.14
*** TURN *** [3h Jh 4s] [9d]
VahTang_89: checks 
JP231608: checks 
*** RIVER *** [3h Jh 4s 9d] [6c]
VahTang_89: checks 
JP231608: checks 
*** SHOW DOWN ***
VahTang_89: shows [4c 5c] (a pair of Fours)
JP231608: mucks hand 
VahTang_89 collected $10.24 from pot
*** SUMMARY ***
Total pot $10.78 | Rake $0.54 
Board [3h Jh 4s 9d 6c]
Seat 1: JP231608 mucked
Seat 2: AlexPinsk1 (button) folded before Flop (didn't bet)
Seat 3: BGS013 (small blind) folded before Flop
Seat 4: VahTang_89 (big blind) showed [4c 5c] and won ($10.24) with a pair of Fours
Seat 5: sta$igk folded before Flop (didn't bet)
Seat 6: JUANS2 folded before Flop (didn't bet)



PokerStars Hand #254625518003:  Hold'em No Limit ($0.50/$1.00 USD) - 2025/01/30 18:50:57 WET [2025/01/30 13:50:57 ET]
Table 'Tea' 6-max Seat #3 is the button
Seat 1: JP231608 ($98.68 in chips) 
Seat 2: AlexPinsk1 ($100 in chips) 
Seat 3: BGS013 ($100 in chips) 
Seat 4: VahTang_89 ($105.10 in chips) 
Seat 5: sta$igk ($118.86 in chips) 
Seat 6: JUANS2 ($137.89 in chips) 
VahTang_89: posts small blind $0.50
sta$igk: posts big blind $1
*** HOLE CARDS ***
JUANS2: raises $1.20 to $2.20
JP231608: folds 
AlexPinsk1: folds 
BGS013: folds 
VahTang_89: folds 
sta$igk: folds 
Uncalled bet ($1.20) returned to JUANS2
JUANS2 collected $2.50 from pot
JUANS2: doesn't show hand 
*** SUMMARY ***
Total pot $2.50 | Rake $0 
Seat 1: JP231608 folded before Flop (didn't bet)
Seat 2: AlexPinsk1 folded before Flop (didn't bet)
Seat 3: BGS013 (button) folded before Flop (didn't bet)
Seat 4: VahTang_89 (small blind) folded before Flop
Seat 5: sta$igk (big blind) folded before Flop
Seat 6: JUANS2 collected ($2.50)



PokerStars Hand #254625521869:  Hold'em No Limit ($0.50/$1.00 USD) - 2025/01/30 18:51:12 WET [2025/01/30 13:51:12 ET]
Table 'Tea' 6-max Seat #4 is the button
Seat 1: JP231608 ($98.68 in chips) 
Seat 2: AlexPinsk1 ($100 in chips) 
Seat 3: BGS013 ($100 in chips) 
Seat 4: VahTang_89 ($104.60 in chips) 
Seat 5: sta$igk ($117.86 in chips) 
Seat 6: JUANS2 ($139.39 in chips) 
sta$igk: posts small blind $0.50
JUANS2: posts big blind $1
*** HOLE CARDS ***
JP231608: folds 
AlexPinsk1: folds 
BGS013: folds 
VahTang_89: folds 
sta$igk: folds 
Uncalled bet ($0.50) returned to JUANS2
JUANS2 collected $1 from pot
JUANS2: doesn't show hand 
*** SUMMARY ***
Total pot $1 | Rake $0 
Seat 1: JP231608 folded before Flop (didn't bet)
Seat 2: AlexPinsk1 folded before Flop (didn't bet)
Seat 3: BGS013 folded before Flop (didn't bet)
Seat 4: VahTang_89 (button) folded before Flop (didn't bet)
Seat 5: sta$igk (small blind) folded before Flop
Seat 6: JUANS2 (big blind) collected ($1)



PokerStars Hand #254625526361:  Hold'em No Limit ($0.50/$1.00 USD) - 2025/01/30 18:51:28 WET [2025/01/30 13:51:28 ET]
Table 'Tea' 6-max Seat #5 is the button
Seat 1: JP231608 ($98.68 in chips) 
Seat 2: AlexPinsk1 ($100 in chips) 
Seat 3: BGS013 ($100 in chips) 
Seat 4: VahTang_89 ($104.60 in chips) 
Seat 5: sta$igk ($117.36 in chips) 
Seat 6: JUANS2 ($139.89 in chips) 
JUANS2: posts small blind $0.50
JP231608: posts big blind $1
*** HOLE CARDS ***
AlexPinsk1: raises $1.50 to $2.50
BGS013: folds 
VahTang_89: folds 
sta$igk: folds 
JUANS2: folds 
JP231608: folds 
Uncalled bet ($1.50) returned to AlexPinsk1
AlexPinsk1 collected $2.50 from pot
AlexPinsk1: doesn't show hand 
*** SUMMARY ***
Total pot $2.50 | Rake $0 
Seat 1: JP231608 (big blind) folded before Flop
Seat 2: AlexPinsk1 collected ($2.50)
Seat 3: BGS013 folded before Flop (didn't bet)
Seat 4: VahTang_89 folded before Flop (didn't bet)
Seat 5: sta$igk (button) folded before Flop (didn't bet)
Seat 6: JUANS2 (small blind) folded before Flop



PokerStars Hand #254625529668:  Hold'em No Limit ($0.50/$1.00 USD) - 2025/01/30 18:51:40 WET [2025/01/30 13:51:40 ET]
Table 'Tea' 6-max Seat #6 is the button
Seat 1: JP231608 ($97.68 in chips) 
Seat 2: AlexPinsk1 ($101.50 in chips) 
Seat 3: BGS013 ($100 in chips) 
Seat 4: VahTang_89 ($104.60 in chips) 
Seat 5: sta$igk ($117.36 in chips) 
Seat 6: JUANS2 ($139.39 in chips) 
JP231608: posts small blind $0.50
AlexPinsk1: posts big blind $1
*** HOLE CARDS ***
BGS013: raises $1 to $2
VahTang_89: folds 
sta$igk: folds 
JUANS2: raises $5 to $7
JP231608: folds 
AlexPinsk1: folds 
BGS013: calls $5
*** FLOP *** [4h 9s Ks]
BGS013: checks 
JUANS2: bets $4.86
BGS013: calls $4.86
*** TURN *** [4h 9s Ks] [Jd]
BGS013: checks 
JUANS2: checks 
*** RIVER *** [4h 9s Ks Jd] [4s]
BGS013: bets $18.69
JUANS2: folds 
Uncalled bet ($18.69) returned to BGS013
BGS013 collected $23.96 from pot
BGS013: doesn't show hand 
*** SUMMARY ***
Total pot $25.22 | Rake $1.26 
Board [4h 9s Ks Jd 4s]
Seat 1: JP231608 (small blind) folded before Flop
Seat 2: AlexPinsk1 (big blind) folded before Flop
Seat 3: BGS013 collected ($23.96)
Seat 4: VahTang_89 folded before Flop (didn't bet)
Seat 5: sta$igk folded before Flop (didn't bet)
Seat 6: JUANS2 (button) folded on the River



PokerStars Hand #254625547786:  Hold'em No Limit ($0.50/$1.00 USD) - 2025/01/30 18:52:47 WET [2025/01/30 13:52:47 ET]
Table 'Tea' 6-max Seat #1 is the button
Seat 1: JP231608 ($97.18 in chips) 
Seat 2: AlexPinsk1 ($100.50 in chips) 
Seat 3: BGS013 ($112.10 in chips) 
Seat 4: VahTang_89 ($104.60 in chips) 
Seat 5: sta$igk ($117.36 in chips) 
Seat 6: JUANS2 ($127.53 in chips) 
AlexPinsk1: posts small blind $0.50
BGS013: posts big blind $1
*** HOLE CARDS ***
VahTang_89: folds 
sta$igk: folds 
JUANS2: folds 
JP231608: folds 
AlexPinsk1: folds 
Uncalled bet ($0.50) returned to BGS013
BGS013 collected $1 from pot
BGS013: doesn't show hand 
*** SUMMARY ***
Total pot $1 | Rake $0 
Seat 1: JP231608 (button) folded before Flop (didn't bet)
Seat 2: AlexPinsk1 (small blind) folded before Flop
Seat 3: BGS013 (big blind) collected ($1)
Seat 4: VahTang_89 folded before Flop (didn't bet)
Seat 5: sta$igk folded before Flop (didn't bet)
Seat 6: JUANS2 folded before Flop (didn't bet)



PokerStars Hand #254625551542:  Hold'em No Limit ($0.50/$1.00 USD) - 2025/01/30 18:53:01 WET [2025/01/30 13:53:01 ET]
Table 'Tea' 6-max Seat #2 is the button
Seat 1: JP231608 ($97.18 in chips) 
Seat 2: AlexPinsk1 ($100 in chips) 
Seat 3: BGS013 ($112.60 in chips) 
Seat 4: VahTang_89 ($104.60 in chips) 
Seat 5: sta$igk ($117.36 in chips) 
Seat 6: JUANS2 ($127.53 in chips) 
BGS013: posts small blind $0.50
VahTang_89: posts big blind $1
*** HOLE CARDS ***
sta$igk: folds 
JUANS2: folds 
JP231608: raises $2 to $3
AlexPinsk1: folds 
BGS013: folds 
VahTang_89: folds 
Uncalled bet ($2) returned to JP231608
JP231608 collected $2.50 from pot
*** SUMMARY ***
Total pot $2.50 | Rake $0 
Seat 1: JP231608 collected ($2.50)
Seat 2: AlexPinsk1 (button) folded before Flop (didn't bet)
Seat 3: BGS013 (small blind) folded before Flop
Seat 4: VahTang_89 (big blind) folded before Flop
Seat 5: sta$igk folded before Flop (didn't bet)
Seat 6: JUANS2 folded before Flop (didn't bet)



PokerStars Hand #254625556294:  Hold'em No Limit ($0.50/$1.00 USD) - 2025/01/30 18:53:18 WET [2025/01/30 13:53:18 ET]
Table 'Tea' 6-max Seat #3 is the button
Seat 1: JP231608 ($98.68 in chips) 
Seat 2: AlexPinsk1 ($100 in chips) 
Seat 3: BGS013 ($112.10 in chips) 
Seat 4: VahTang_89 ($103.60 in chips) 
Seat 5: sta$igk ($117.36 in chips) 
Seat 6: JUANS2 ($127.53 in chips) 
VahTang_89: posts small blind $0.50
sta$igk: posts big blind $1
*** HOLE CARDS ***
JUANS2: raises $1.20 to $2.20
JP231608: folds 
AlexPinsk1: folds 
BGS013: folds 
VahTang_89: folds 
sta$igk: folds 
Uncalled bet ($1.20) returned to JUANS2
JUANS2 collected $2.50 from pot
JUANS2: doesn't show hand 
*** SUMMARY ***
Total pot $2.50 | Rake $0 
Seat 1: JP231608 folded before Flop (didn't bet)
Seat 2: AlexPinsk1 folded before Flop (didn't bet)
Seat 3: BGS013 (button) folded before Flop (didn't bet)
Seat 4: VahTang_89 (small blind) folded before Flop
Seat 5: sta$igk (big blind) folded before Flop
Seat 6: JUANS2 collected ($2.50)



PokerStars Hand #254625560476:  Hold'em No Limit ($0.50/$1.00 USD) - 2025/01/30 18:53:34 WET [2025/01/30 13:53:34 ET]
Table 'Tea' 6-max Seat #4 is the button
Seat 1: JP231608 ($98.68 in chips) 
Seat 2: AlexPinsk1 ($100 in chips) 
Seat 3: BGS013 ($112.10 in chips) 
Seat 4: VahTang_89 ($103.10 in chips) 
Seat 5: sta$igk ($116.36 in chips) 
Seat 6: JUANS2 ($129.03 in chips) 
sta$igk: posts small blind $0.50
JUANS2: posts big blind $1
*** HOLE CARDS ***
JP231608: folds 
AlexPinsk1: folds 
BGS013: folds 
VahTang_89: folds 
sta$igk: folds 
Uncalled bet ($0.50) returned to JUANS2
JUANS2 collected $1 from pot
JUANS2: doesn't show hand 
*** SUMMARY ***
Total pot $1 | Rake $0 
Seat 1: JP231608 folded before Flop (didn't bet)
Seat 2: AlexPinsk1 folded before Flop (didn't bet)
Seat 3: BGS013 folded before Flop (didn't bet)
Seat 4: VahTang_89 (button) folded before Flop (didn't bet)
Seat 5: sta$igk (small blind) folded before Flop
Seat 6: JUANS2 (big blind) collected ($1)



PokerStars Hand #254625562938:  Hold'em No Limit ($0.50/$1.00 USD) - 2025/01/30 18:53:43 WET [2025/01/30 13:53:43 ET]
Table 'Tea' 6-max Seat #5 is the button
Seat 1: JP231608 ($98.68 in chips) 
Seat 2: AlexPinsk1 ($100 in chips) 
Seat 3: BGS013 ($112.10 in chips) 
Seat 4: VahTang_89 ($103.10 in chips) 
Seat 5: sta$igk ($115.86 in chips) 
Seat 6: JUANS2 ($129.53 in chips) 
JUANS2: posts small blind $0.50
JP231608: posts big blind $1
*** HOLE CARDS ***
AlexPinsk1: folds 
BGS013: raises $1 to $2
VahTang_89: folds 
sta$igk: folds 
JUANS2: folds 
JP231608: folds 
Uncalled bet ($1) returned to BGS013
BGS013 collected $2.50 from pot
BGS013: doesn't show hand 
*** SUMMARY ***
Total pot $2.50 | Rake $0 
Seat 1: JP231608 (big blind) folded before Flop
Seat 2: AlexPinsk1 folded before Flop (didn't bet)
Seat 3: BGS013 collected ($2.50)
Seat 4: VahTang_89 folded before Flop (didn't bet)
Seat 5: sta$igk (button) folded before Flop (didn't bet)
Seat 6: JUANS2 (small blind) folded before Flop



PokerStars Hand #254625567091:  Hold'em No Limit ($0.50/$1.00 USD) - 2025/01/30 18:53:58 WET [2025/01/30 13:53:58 ET]
Table 'Tea' 6-max Seat #6 is the button
Seat 1: JP231608 ($97.68 in chips) 
Seat 2: AlexPinsk1 ($100 in chips) 
Seat 3: BGS013 ($113.60 in chips) 
Seat 4: VahTang_89 ($103.10 in chips) 
Seat 5: sta$igk ($115.86 in chips) 
Seat 6: JUANS2 ($129.03 in chips) 
JP231608: posts small blind $0.50
AlexPinsk1: posts big blind $1
*** HOLE CARDS ***
BGS013: folds 
VahTang_89: raises $1.20 to $2.20
sta$igk: raises $5.30 to $7.50
JUANS2: folds 
JP231608: folds 
AlexPinsk1: folds 
VahTang_89: raises $13 to $20.50
sta$igk: folds 
Uncalled bet ($13) returned to VahTang_89
VahTang_89 collected $16.50 from pot
VahTang_89: doesn't show hand 
*** SUMMARY ***
Total pot $16.50 | Rake $0 
Seat 1: JP231608 (small blind) folded before Flop
Seat 2: AlexPinsk1 (big blind) folded before Flop
Seat 3: BGS013 folded before Flop (didn't bet)
Seat 4: VahTang_89 collected ($16.50)
Seat 5: sta$igk folded before Flop
Seat 6: JUANS2 (button) folded before Flop (didn't bet)



PokerStars Hand #254625573714:  Hold'em No Limit ($0.50/$1.00 USD) - 2025/01/30 18:54:23 WET [2025/01/30 13:54:23 ET]
Table 'Tea' 6-max Seat #1 is the button
Seat 1: JP231608 ($97.18 in chips) 
Seat 2: AlexPinsk1 ($100 in chips) 
Seat 3: BGS013 ($113.60 in chips) 
Seat 4: VahTang_89 ($112.10 in chips) 
Seat 5: sta$igk ($108.36 in chips) 
Seat 6: JUANS2 ($129.03 in chips) 
AlexPinsk1: posts small blind $0.50
BGS013: posts big blind $1
*** HOLE CARDS ***
VahTang_89: folds 
sta$igk: folds 
JUANS2: raises $1.50 to $2.50
JP231608: folds 
AlexPinsk1: folds 
BGS013: calls $1.50
*** FLOP *** [8s Jc Qs]
BGS013: checks 
JUANS2: checks 
*** TURN *** [8s Jc Qs] [6c]
BGS013: bets $1.36
JUANS2: folds 
Uncalled bet ($1.36) returned to BGS013
BGS013 collected $5.22 from pot
BGS013: doesn't show hand 
*** SUMMARY ***
Total pot $5.50 | Rake $0.28 
Board [8s Jc Qs 6c]
Seat 1: JP231608 (button) folded before Flop (didn't bet)
Seat 2: AlexPinsk1 (small blind) folded before Flop
Seat 3: BGS013 (big blind) collected ($5.22)
Seat 4: VahTang_89 folded before Flop (didn't bet)
Seat 5: sta$igk folded before Flop (didn't bet)
Seat 6: JUANS2 folded on the Turn



PokerStars Hand #254625585818:  Hold'em No Limit ($0.50/$1.00 USD) - 2025/01/30 18:55:07 WET [2025/01/30 13:55:07 ET]
Table 'Tea' 6-max Seat #2 is the button
Seat 1: JP231608 ($97.18 in chips) 
Seat 2: AlexPinsk1 ($100 in chips) 
Seat 3: BGS013 ($116.32 in chips) 
Seat 4: VahTang_89 ($112.10 in chips) 
Seat 5: sta$igk ($108.36 in chips) 
Seat 6: JUANS2 ($126.53 in chips) 
BGS013: posts small blind $0.50
VahTang_89: posts big blind $1
*** HOLE CARDS ***
sta$igk: folds 
JUANS2: folds 
JP231608: folds 
AlexPinsk1: raises $1.50 to $2.50
BGS013: folds 
VahTang_89: calls $1.50
*** FLOP *** [Ad 2h Ks]
VahTang_89: checks 
AlexPinsk1: bets $3.92
VahTang_89: folds 
Uncalled bet ($3.92) returned to AlexPinsk1
AlexPinsk1 collected $5.22 from pot
AlexPinsk1: doesn't show hand 
*** SUMMARY ***
Total pot $5.50 | Rake $0.28 
Board [Ad 2h Ks]
Seat 1: JP231608 folded before Flop (didn't bet)
Seat 2: AlexPinsk1 (button) collected ($5.22)
Seat 3: BGS013 (small blind) folded before Flop
Seat 4: VahTang_89 (big blind) folded on the Flop
Seat 5: sta$igk folded before Flop (didn't bet)
Seat 6: JUANS2 folded before Flop (didn't bet)



PokerStars Hand #254625592056:  Hold'em No Limit ($0.50/$1.00 USD) - 2025/01/30 18:55:35 WET [2025/01/30 13:55:35 ET]
Table 'Tea' 6-max Seat #3 is the button
Seat 1: JP231608 ($97.18 in chips) 
Seat 2: AlexPinsk1 ($102.72 in chips) 
Seat 3: BGS013 ($115.82 in chips) 
Seat 4: VahTang_89 ($109.60 in chips) 
Seat 5: sta$igk ($108.36 in chips) 
Seat 6: JUANS2 ($126.53 in chips) 
VahTang_89: posts small blind $0.50
sta$igk: posts big blind $1
*** HOLE CARDS ***
JUANS2: folds 
JP231608: raises $2 to $3
AlexPinsk1: folds 
BGS013: folds 
VahTang_89: folds 
sta$igk: folds 
Uncalled bet ($2) returned to JP231608
JP231608 collected $2.50 from pot
*** SUMMARY ***
Total pot $2.50 | Rake $0 
Seat 1: JP231608 collected ($2.50)
Seat 2: AlexPinsk1 folded before Flop (didn't bet)
Seat 3: BGS013 (button) folded before Flop (didn't bet)
Seat 4: VahTang_89 (small blind) folded before Flop
Seat 5: sta$igk (big blind) folded before Flop
Seat 6: JUANS2 folded before Flop (didn't bet)



PokerStars Hand #254625596377:  Hold'em No Limit ($0.50/$1.00 USD) - 2025/01/30 18:55:57 WET [2025/01/30 13:55:57 ET]
Table 'Tea' 6-max Seat #4 is the button
Seat 6: JUANS2 ($126.53 in chips) is sitting out
Seat 1: JP231608 ($98.68 in chips) 
Seat 2: AlexPinsk1 ($102.72 in chips) 
Seat 3: BGS013 ($115.82 in chips) 
Seat 4: VahTang_89 ($109.10 in chips) 
Seat 5: sta$igk ($107.36 in chips) 
sta$igk: posts small blind $0.50
JUANS2: is sitting out 
JP231608: posts big blind $1
*** HOLE CARDS ***
AlexPinsk1: raises $1.50 to $2.50
JUANS2 leaves the table
BGS013: folds 
VahTang_89: folds 
sta$igk: folds 
JP231608: folds 
Uncalled bet ($1.50) returned to AlexPinsk1
AlexPinsk1 collected $2.50 from pot
AlexPinsk1: doesn't show hand 
BumHuntKing joins the table at seat #6 
*** SUMMARY ***
Total pot $2.50 | Rake $0 
Seat 6: JUANS2
Seat 1: JP231608 (big blind) folded before Flop
Seat 2: AlexPinsk1 collected ($2.50)
Seat 3: BGS013 folded before Flop (didn't bet)
Seat 4: VahTang_89 (button) folded before Flop (didn't bet)
Seat 5: sta$igk (small blind) folded before Flop



PokerStars Hand #254625598855:  Hold'em No Limit ($0.50/$1.00 USD) - 2025/01/30 18:56:09 WET [2025/01/30 13:56:09 ET]
Table 'Tea' 6-max Seat #5 is the button
Seat 6: BumHuntKing ($100 in chips) is sitting out
Seat 1: JP231608 ($97.68 in chips) 
Seat 2: AlexPinsk1 ($104.22 in chips) 
Seat 3: BGS013 ($115.82 in chips) 
Seat 4: VahTang_89 ($109.10 in chips) 
Seat 5: sta$igk ($106.86 in chips) 
JP231608: posts small blind $0.50
AlexPinsk1: posts big blind $1
*** HOLE CARDS ***
BGS013: folds 
VahTang_89: folds 
sta$igk: folds 
JP231608: raises $2 to $3
AlexPinsk1: folds 
Uncalled bet ($2) returned to JP231608
JP231608 collected $2 from pot
*** SUMMARY ***
Total pot $2 | Rake $0 
Seat 6: BumHuntKing
Seat 1: JP231608 (small blind) collected ($2)
Seat 2: AlexPinsk1 (big blind) folded before Flop
Seat 3: BGS013 folded before Flop (didn't bet)
Seat 4: VahTang_89 folded before Flop (didn't bet)
Seat 5: sta$igk (button) folded before Flop (didn't bet)



PokerStars Hand #254625603164:  Hold'em No Limit ($0.50/$1.00 USD) - 2025/01/30 18:56:31 WET [2025/01/30 13:56:31 ET]
Table 'Tea' 6-max Seat #1 is the button
Seat 6: BumHuntKing ($100 in chips) is sitting out
Seat 1: JP231608 ($98.68 in chips) 
Seat 2: AlexPinsk1 ($103.22 in chips) 
Seat 3: BGS013 ($115.82 in chips) 
Seat 4: VahTang_89 ($109.10 in chips) 
Seat 5: sta$igk ($106.86 in chips) 
AlexPinsk1: posts small blind $0.50
BGS013: posts big blind $1
BumHuntKing: sits out 
*** HOLE CARDS ***
VahTang_89: raises $1.20 to $2.20
sta$igk: folds 
JP231608: folds 
AlexPinsk1: folds 
BGS013: folds 
Uncalled bet ($1.20) returned to VahTang_89
VahTang_89 collected $2.50 from pot
VahTang_89: doesn't show hand 
*** SUMMARY ***
Total pot $2.50 | Rake $0 
Seat 6: BumHuntKing
Seat 1: JP231608 (button) folded before Flop (didn't bet)
Seat 2: AlexPinsk1 (small blind) folded before Flop
Seat 3: BGS013 (big blind) folded before Flop
Seat 4: VahTang_89 collected ($2.50)
Seat 5: sta$igk folded before Flop (didn't bet)



PokerStars Hand #254625606160:  Hold'em No Limit ($0.50/$1.00 USD) - 2025/01/30 18:56:46 WET [2025/01/30 13:56:46 ET]
Table 'Tea' 6-max Seat #2 is the button
Seat 6: BumHuntKing ($100 in chips) is sitting out
Seat 1: JP231608 ($98.68 in chips) 
Seat 2: AlexPinsk1 ($102.72 in chips) 
Seat 3: BGS013 ($114.82 in chips) 
Seat 4: VahTang_89 ($110.60 in chips) 
Seat 5: sta$igk ($106.86 in chips) 
BGS013: posts small blind $0.50
VahTang_89: posts big blind $1
BumHuntKing: sits out 
*** HOLE CARDS ***
sta$igk: folds 
JP231608: folds 
AlexPinsk1: raises $1.50 to $2.50
BGS013: folds 
VahTang_89: folds 
Uncalled bet ($1.50) returned to AlexPinsk1
AlexPinsk1 collected $2.50 from pot
AlexPinsk1: doesn't show hand 
*** SUMMARY ***
Total pot $2.50 | Rake $0 
Seat 6: BumHuntKing
Seat 1: JP231608 folded before Flop (didn't bet)
Seat 2: AlexPinsk1 (button) collected ($2.50)
Seat 3: BGS013 (small blind) folded before Flop
Seat 4: VahTang_89 (big blind) folded before Flop
Seat 5: sta$igk folded before Flop (didn't bet)



PokerStars Hand #254625610463:  Hold'em No Limit ($0.50/$1.00 USD) - 2025/01/30 18:57:07 WET [2025/01/30 13:57:07 ET]
Table 'Tea' 6-max Seat #3 is the button
Seat 6: BumHuntKing ($100 in chips) is sitting out
Seat 1: JP231608 ($98.68 in chips) 
Seat 2: AlexPinsk1 ($104.22 in chips) 
Seat 3: BGS013 ($114.32 in chips) 
Seat 4: VahTang_89 ($109.60 in chips) 
Seat 5: sta$igk ($106.86 in chips) 
VahTang_89: posts small blind $0.50
sta$igk: posts big blind $1
BumHuntKing: sits out 
*** HOLE CARDS ***
JP231608: folds 
AlexPinsk1: folds 
BGS013: folds 
VahTang_89: folds 
Uncalled bet ($0.50) returned to sta$igk
sta$igk collected $1 from pot
sta$igk: doesn't show hand 
*** SUMMARY ***
Total pot $1 | Rake $0 
Seat 6: BumHuntKing
Seat 1: JP231608 folded before Flop (didn't bet)
Seat 2: AlexPinsk1 folded before Flop (didn't bet)
Seat 3: BGS013 (button) folded before Flop (didn't bet)
Seat 4: VahTang_89 (small blind) folded before Flop
Seat 5: sta$igk (big blind) collected ($1)



PokerStars Hand #254625613995:  Hold'em No Limit ($0.50/$1.00 USD) - 2025/01/30 18:57:25 WET [2025/01/30 13:57:25 ET]
Table 'Tea' 6-max Seat #4 is the button
Seat 1: JP231608 ($98.68 in chips) 
Seat 2: AlexPinsk1 ($104.22 in chips) 
Seat 3: BGS013 ($114.32 in chips) 
Seat 4: VahTang_89 ($109.10 in chips) 
Seat 5: sta$igk ($107.36 in chips) 
Seat 6: BumHuntKing ($100 in chips) 
sta$igk: posts small blind $0.50
BumHuntKing: posts big blind $1
*** HOLE CARDS ***
JP231608: folds 
AlexPinsk1: raises $1.50 to $2.50
BGS013: folds 
VahTang_89: folds 
sta$igk: folds 
BumHuntKing: folds 
Uncalled bet ($1.50) returned to AlexPinsk1
AlexPinsk1 collected $2.50 from pot
AlexPinsk1: doesn't show hand 
*** SUMMARY ***
Total pot $2.50 | Rake $0 
Seat 1: JP231608 folded before Flop (didn't bet)
Seat 2: AlexPinsk1 collected ($2.50)
Seat 3: BGS013 folded before Flop (didn't bet)
Seat 4: VahTang_89 (button) folded before Flop (didn't bet)
Seat 5: sta$igk (small blind) folded before Flop
Seat 6: BumHuntKing (big blind) folded before Flop



PokerStars Hand #254625619647:  Hold'em No Limit ($0.50/$1.00 USD) - 2025/01/30 18:57:53 WET [2025/01/30 13:57:53 ET]
Table 'Tea' 6-max Seat #5 is the button
Seat 1: JP231608 ($98.68 in chips) 
Seat 2: AlexPinsk1 ($105.72 in chips) 
Seat 3: BGS013 ($114.32 in chips) 
Seat 4: VahTang_89 ($109.10 in chips) 
Seat 5: sta$igk ($106.86 in chips) 
Seat 6: BumHuntKing ($100 in chips) 
BumHuntKing: posts small blind $0.50
JP231608: posts big blind $1
*** HOLE CARDS ***
AlexPinsk1: folds 
BGS013: folds 
VahTang_89: folds 
sta$igk: folds 
BumHuntKing: raises $2 to $3
JP231608: folds 
Uncalled bet ($2) returned to BumHuntKing
BumHuntKing collected $2 from pot
BumHuntKing: doesn't show hand 
*** SUMMARY ***
Total pot $2 | Rake $0 
Seat 1: JP231608 (big blind) folded before Flop
Seat 2: AlexPinsk1 folded before Flop (didn't bet)
Seat 3: BGS013 folded before Flop (didn't bet)
Seat 4: VahTang_89 folded before Flop (didn't bet)
Seat 5: sta$igk (button) folded before Flop (didn't bet)
Seat 6: BumHuntKing (small blind) collected ($2)



PokerStars Hand #254625622583:  Hold'em No Limit ($0.50/$1.00 USD) - 2025/01/30 18:58:08 WET [2025/01/30 13:58:08 ET]
Table 'Tea' 6-max Seat #6 is the button
Seat 1: JP231608 ($97.68 in chips) 
Seat 2: AlexPinsk1 ($105.72 in chips) 
Seat 3: BGS013 ($114.32 in chips) 
Seat 4: VahTang_89 ($109.10 in chips) 
Seat 5: sta$igk ($106.86 in chips) 
Seat 6: BumHuntKing ($101 in chips) 
JP231608: posts small blind $0.50
AlexPinsk1: posts big blind $1
*** HOLE CARDS ***
BGS013: folds 
VahTang_89: raises $1.20 to $2.20
sta$igk: folds 
BumHuntKing: folds 
JP231608: raises $4.20 to $6.40
AlexPinsk1: folds 
VahTang_89: calls $4.20
*** FLOP *** [2c 5s 9s]
JP231608: bets $13.11
VahTang_89: folds 
Uncalled bet ($13.11) returned to JP231608
JP231608 collected $12.94 from pot
*** SUMMARY ***
Total pot $13.80 | Rake $0.86 
Board [2c 5s 9s]
Seat 1: JP231608 (small blind) collected ($12.94)
Seat 2: AlexPinsk1 (big blind) folded before Flop
Seat 3: BGS013 folded before Flop (didn't bet)
Seat 4: VahTang_89 folded on the Flop
Seat 5: sta$igk folded before Flop (didn't bet)
Seat 6: BumHuntKing (button) folded before Flop (didn't bet)



PokerStars Hand #254625628038:  Hold'em No Limit ($0.50/$1.00 USD) - 2025/01/30 18:58:35 WET [2025/01/30 13:58:35 ET]
Table 'Tea' 6-max Seat #1 is the button
Seat 1: JP231608 ($104.22 in chips) 
Seat 2: AlexPinsk1 ($104.72 in chips) 
Seat 3: BGS013 ($114.32 in chips) 
Seat 4: VahTang_89 ($102.70 in chips) 
Seat 5: sta$igk ($106.86 in chips) 
Seat 6: BumHuntKing ($101 in chips) 
AlexPinsk1: posts small blind $0.50
BGS013: posts big blind $1
*** HOLE CARDS ***
VahTang_89: folds 
sta$igk: raises $1.50 to $2.50
BumHuntKing: folds 
JP231608: folds 
AlexPinsk1: raises $9 to $11.50
BGS013: folds 
sta$igk: folds 
Uncalled bet ($9) returned to AlexPinsk1
AlexPinsk1 collected $6 from pot
AlexPinsk1: doesn't show hand 
*** SUMMARY ***
Total pot $6 | Rake $0 
Seat 1: JP231608 (button) folded before Flop (didn't bet)
Seat 2: AlexPinsk1 (small blind) collected ($6)
Seat 3: BGS013 (big blind) folded before Flop
Seat 4: VahTang_89 folded before Flop (didn't bet)
Seat 5: sta$igk folded before Flop
Seat 6: BumHuntKing folded before Flop (didn't bet)



PokerStars Hand #254625633324:  Hold'em No Limit ($0.50/$1.00 USD) - 2025/01/30 18:59:01 WET [2025/01/30 13:59:01 ET]
Table 'Tea' 6-max Seat #2 is the button
Seat 1: JP231608 ($104.22 in chips) 
Seat 2: AlexPinsk1 ($108.22 in chips) 
Seat 3: BGS013 ($113.32 in chips) 
Seat 4: VahTang_89 ($102.70 in chips) 
Seat 5: sta$igk ($104.36 in chips) 
Seat 6: BumHuntKing ($101 in chips) 
BGS013: posts small blind $0.50
VahTang_89: posts big blind $1
*** HOLE CARDS ***
sta$igk: raises $1.50 to $2.50
BumHuntKing: folds 
JP231608: calls $2.50
AlexPinsk1: raises $9 to $11.50
BGS013: folds 
VahTang_89: folds 
sta$igk: folds 
JP231608: folds 
Uncalled bet ($9) returned to AlexPinsk1
AlexPinsk1 collected $9 from pot
AlexPinsk1: doesn't show hand 
*** SUMMARY ***
Total pot $9 | Rake $0 
Seat 1: JP231608 folded before Flop
Seat 2: AlexPinsk1 (button) collected ($9)
Seat 3: BGS013 (small blind) folded before Flop
Seat 4: VahTang_89 (big blind) folded before Flop
Seat 5: sta$igk folded before Flop
Seat 6: BumHuntKing folded before Flop (didn't bet)



PokerStars Hand #254625642188:  Hold'em No Limit ($0.50/$1.00 USD) - 2025/01/30 18:59:46 WET [2025/01/30 13:59:46 ET]
Table 'Tea' 6-max Seat #3 is the button
Seat 1: JP231608 ($101.72 in chips) 
Seat 2: AlexPinsk1 ($114.72 in chips) 
Seat 3: BGS013 ($112.82 in chips) 
Seat 4: VahTang_89 ($101.70 in chips) 
Seat 5: sta$igk ($101.86 in chips) 
Seat 6: BumHuntKing ($101 in chips) 
VahTang_89: posts small blind $0.50
sta$igk: posts big blind $1
*** HOLE CARDS ***
BumHuntKing: folds 
JP231608: folds 
AlexPinsk1: folds 
BGS013: folds 
VahTang_89: raises $2 to $3
sta$igk: folds 
Uncalled bet ($2) returned to VahTang_89
VahTang_89 collected $2 from pot
VahTang_89: doesn't show hand 
*** SUMMARY ***
Total pot $2 | Rake $0 
Seat 1: JP231608 folded before Flop (didn't bet)
Seat 2: AlexPinsk1 folded before Flop (didn't bet)
Seat 3: BGS013 (button) folded before Flop (didn't bet)
Seat 4: VahTang_89 (small blind) collected ($2)
Seat 5: sta$igk (big blind) folded before Flop
Seat 6: BumHuntKing folded before Flop (didn't bet)



PokerStars Hand #254625644882:  Hold'em No Limit ($0.50/$1.00 USD) - 2025/01/30 18:59:58 WET [2025/01/30 13:59:58 ET]
Table 'Tea' 6-max Seat #4 is the button
Seat 1: JP231608 ($101.72 in chips) 
Seat 2: AlexPinsk1 ($114.72 in chips) 
Seat 3: BGS013 ($112.82 in chips) 
Seat 4: VahTang_89 ($102.70 in chips) 
Seat 5: sta$igk ($100.86 in chips) 
Seat 6: BumHuntKing ($101 in chips) 
sta$igk: posts small blind $0.50
BumHuntKing: posts big blind $1
*** HOLE CARDS ***
JP231608: folds 
AlexPinsk1: folds 
BGS013: folds 
VahTang_89: raises $1.20 to $2.20
sta$igk: folds 
BumHuntKing: calls $1.20
*** FLOP *** [5h Qd 3s]
BumHuntKing: checks 
VahTang_89: bets $1.54
BumHuntKing: raises $5.39 to $6.93
VahTang_89: raises $12.22 to $19.15
BumHuntKing: raises $37.06 to $56.21
VahTang_89: folds 
Uncalled bet ($37.06) returned to BumHuntKing
BumHuntKing collected $41.04 from pot
BumHuntKing: doesn't show hand 
*** SUMMARY ***
Total pot $43.20 | Rake $2.16 
Board [5h Qd 3s]
Seat 1: JP231608 folded before Flop (didn't bet)
Seat 2: AlexPinsk1 folded before Flop (didn't bet)
Seat 3: BGS013 folded before Flop (didn't bet)
Seat 4: VahTang_89 (button) folded on the Flop
Seat 5: sta$igk (small blind) folded before Flop
Seat 6: BumHuntKing (big blind) collected ($41.04)



PokerStars Hand #254625655353:  Hold'em No Limit ($0.50/$1.00 USD) - 2025/01/30 19:00:49 WET [2025/01/30 14:00:49 ET]
Table 'Tea' 6-max Seat #5 is the button
Seat 1: JP231608 ($101.72 in chips) 
Seat 2: AlexPinsk1 ($114.72 in chips) 
Seat 3: BGS013 ($112.82 in chips) 
Seat 4: VahTang_89 ($100 in chips) 
Seat 5: sta$igk ($100.36 in chips) 
Seat 6: BumHuntKing ($120.69 in chips) 
BumHuntKing: posts small blind $0.50
JP231608: posts big blind $1
*** HOLE CARDS ***
AlexPinsk1: raises $1.50 to $2.50
BGS013: folds 
VahTang_89: folds 
sta$igk: folds 
BumHuntKing: folds 
JP231608: folds 
Uncalled bet ($1.50) returned to AlexPinsk1
AlexPinsk1 collected $2.50 from pot
AlexPinsk1: doesn't show hand 
*** SUMMARY ***
Total pot $2.50 | Rake $0 
Seat 1: JP231608 (big blind) folded before Flop
Seat 2: AlexPinsk1 collected ($2.50)
Seat 3: BGS013 folded before Flop (didn't bet)
Seat 4: VahTang_89 folded before Flop (didn't bet)
Seat 5: sta$igk (button) folded before Flop (didn't bet)
Seat 6: BumHuntKing (small blind) folded before Flop



PokerStars Hand #254625658174:  Hold'em No Limit ($0.50/$1.00 USD) - 2025/01/30 19:01:02 WET [2025/01/30 14:01:02 ET]
Table 'Tea' 6-max Seat #6 is the button
Seat 1: JP231608 ($100.72 in chips) 
Seat 2: AlexPinsk1 ($116.22 in chips) 
Seat 3: BGS013 ($112.82 in chips) 
Seat 4: VahTang_89 ($100 in chips) 
Seat 5: sta$igk ($100.36 in chips) 
Seat 6: BumHuntKing ($120.19 in chips) 
JP231608: posts small blind $0.50
AlexPinsk1: posts big blind $1
*** HOLE CARDS ***
BGS013: folds 
VahTang_89: folds 
sta$igk: folds 
BumHuntKing: folds 
JP231608: folds 
Uncalled bet ($0.50) returned to AlexPinsk1
AlexPinsk1 collected $1 from pot
AlexPinsk1: doesn't show hand 
*** SUMMARY ***
Total pot $1 | Rake $0 
Seat 1: JP231608 (small blind) folded before Flop
Seat 2: AlexPinsk1 (big blind) collected ($1)
Seat 3: BGS013 folded before Flop (didn't bet)
Seat 4: VahTang_89 folded before Flop (didn't bet)
Seat 5: sta$igk folded before Flop (didn't bet)
Seat 6: BumHuntKing (button) folded before Flop (didn't bet)



PokerStars Hand #254625660181:  Hold'em No Limit ($0.50/$1.00 USD) - 2025/01/30 19:01:11 WET [2025/01/30 14:01:11 ET]
Table 'Tea' 6-max Seat #1 is the button
Seat 1: JP231608 ($100.22 in chips) 
Seat 2: AlexPinsk1 ($116.72 in chips) 
Seat 3: BGS013 ($112.82 in chips) 
Seat 4: VahTang_89 ($100 in chips) 
Seat 5: sta$igk ($100.36 in chips) 
Seat 6: BumHuntKing ($120.19 in chips) 
AlexPinsk1: posts small blind $0.50
BGS013: posts big blind $1
*** HOLE CARDS ***
VahTang_89: folds 
sta$igk: folds 
BumHuntKing: folds 
JP231608: folds 
AlexPinsk1: folds 
Uncalled bet ($0.50) returned to BGS013
BGS013 collected $1 from pot
BGS013: doesn't show hand 
*** SUMMARY ***
Total pot $1 | Rake $0 
Seat 1: JP231608 (button) folded before Flop (didn't bet)
Seat 2: AlexPinsk1 (small blind) folded before Flop
Seat 3: BGS013 (big blind) collected ($1)
Seat 4: VahTang_89 folded before Flop (didn't bet)
Seat 5: sta$igk folded before Flop (didn't bet)
Seat 6: BumHuntKing folded before Flop (didn't bet)



PokerStars Hand #254625662644:  Hold'em No Limit ($0.50/$1.00 USD) - 2025/01/30 19:01:22 WET [2025/01/30 14:01:22 ET]
Table 'Tea' 6-max Seat #2 is the button
Seat 1: JP231608 ($100.22 in chips) 
Seat 2: AlexPinsk1 ($116.22 in chips) 
Seat 3: BGS013 ($113.32 in chips) 
Seat 4: VahTang_89 ($100 in chips) 
Seat 5: sta$igk ($100.36 in chips) 
Seat 6: BumHuntKing ($120.19 in chips) 
BGS013: posts small blind $0.50
VahTang_89: posts big blind $1
*** HOLE CARDS ***
sta$igk: folds 
BumHuntKing: folds 
JP231608: folds 
AlexPinsk1: raises $1.50 to $2.50
BGS013: folds 
VahTang_89: folds 
Uncalled bet ($1.50) returned to AlexPinsk1
AlexPinsk1 collected $2.50 from pot
AlexPinsk1: doesn't show hand 
*** SUMMARY ***
Total pot $2.50 | Rake $0 
Seat 1: JP231608 folded before Flop (didn't bet)
Seat 2: AlexPinsk1 (button) collected ($2.50)
Seat 3: BGS013 (small blind) folded before Flop
Seat 4: VahTang_89 (big blind) folded before Flop
Seat 5: sta$igk folded before Flop (didn't bet)
Seat 6: BumHuntKing folded before Flop (didn't bet)



PokerStars Hand #254625666793:  Hold'em No Limit ($0.50/$1.00 USD) - 2025/01/30 19:01:39 WET [2025/01/30 14:01:39 ET]
Table 'Tea' 6-max Seat #3 is the button
Seat 1: JP231608 ($100.22 in chips) 
Seat 2: AlexPinsk1 ($117.72 in chips) 
Seat 3: BGS013 ($112.82 in chips) 
Seat 4: VahTang_89 ($100 in chips) 
Seat 5: sta$igk ($100.36 in chips) 
Seat 6: BumHuntKing ($120.19 in chips) 
VahTang_89: posts small blind $0.50
sta$igk: posts big blind $1
*** HOLE CARDS ***
BumHuntKing: folds 
JP231608: folds 
AlexPinsk1: raises $1.50 to $2.50
BGS013: folds 
VahTang_89: folds 
sta$igk: folds 
Uncalled bet ($1.50) returned to AlexPinsk1
AlexPinsk1 collected $2.50 from pot
AlexPinsk1: doesn't show hand 
*** SUMMARY ***
Total pot $2.50 | Rake $0 
Seat 1: JP231608 folded before Flop (didn't bet)
Seat 2: AlexPinsk1 collected ($2.50)
Seat 3: BGS013 (button) folded before Flop (didn't bet)
Seat 4: VahTang_89 (small blind) folded before Flop
Seat 5: sta$igk (big blind) folded before Flop
Seat 6: BumHuntKing folded before Flop (didn't bet)



PokerStars Hand #254625671172:  Hold'em No Limit ($0.50/$1.00 USD) - 2025/01/30 19:01:56 WET [2025/01/30 14:01:56 ET]
Table 'Tea' 6-max Seat #4 is the button
Seat 1: JP231608 ($100.22 in chips) 
Seat 2: AlexPinsk1 ($119.22 in chips) 
Seat 3: BGS013 ($112.82 in chips) 
Seat 4: VahTang_89 ($100 in chips) 
Seat 5: sta$igk ($100 in chips) 
Seat 6: BumHuntKing ($120.19 in chips) 
sta$igk: posts small blind $0.50
BumHuntKing: posts big blind $1
*** HOLE CARDS ***
JP231608: folds 
AlexPinsk1: folds 
BGS013: folds 
VahTang_89: folds 
sta$igk: raises $2 to $3
BumHuntKing: calls $2
*** FLOP *** [Kh 6s Jc]
sta$igk: bets $1.88
BumHuntKing: folds 
Uncalled bet ($1.88) returned to sta$igk
sta$igk collected $5.70 from pot
sta$igk: doesn't show hand 
*** SUMMARY ***
Total pot $6 | Rake $0.30 
Board [Kh 6s Jc]
Seat 1: JP231608 folded before Flop (didn't bet)
Seat 2: AlexPinsk1 folded before Flop (didn't bet)
Seat 3: BGS013 folded before Flop (didn't bet)
Seat 4: VahTang_89 (button) folded before Flop (didn't bet)
Seat 5: sta$igk (small blind) collected ($5.70)
Seat 6: BumHuntKing (big blind) folded on the Flop



PokerStars Hand #254625678907:  Hold'em No Limit ($0.50/$1.00 USD) - 2025/01/30 19:02:25 WET [2025/01/30 14:02:25 ET]
Table 'Tea' 6-max Seat #5 is the button
Seat 1: JP231608 ($100.22 in chips) 
Seat 2: AlexPinsk1 ($119.22 in chips) 
Seat 3: BGS013 ($112.82 in chips) 
Seat 4: VahTang_89 ($100 in chips) 
Seat 5: sta$igk ($102.70 in chips) 
Seat 6: BumHuntKing ($117.19 in chips) 
BumHuntKing: posts small blind $0.50
JP231608: posts big blind $1
*** HOLE CARDS ***
AlexPinsk1: folds 
BGS013: folds 
VahTang_89: folds 
sta$igk: raises $1.50 to $2.50
BumHuntKing: folds 
JP231608: folds 
Uncalled bet ($1.50) returned to sta$igk
sta$igk collected $2.50 from pot
sta$igk: doesn't show hand 
*** SUMMARY ***
Total pot $2.50 | Rake $0 
Seat 1: JP231608 (big blind) folded before Flop
Seat 2: AlexPinsk1 folded before Flop (didn't bet)
Seat 3: BGS013 folded before Flop (didn't bet)
Seat 4: VahTang_89 folded before Flop (didn't bet)
Seat 5: sta$igk (button) collected ($2.50)
Seat 6: BumHuntKing (small blind) folded before Flop



PokerStars Hand #254625684499:  Hold'em No Limit ($0.50/$1.00 USD) - 2025/01/30 19:02:47 WET [2025/01/30 14:02:47 ET]
Table 'Tea' 6-max Seat #6 is the button
Seat 1: JP231608 ($99.22 in chips) 
Seat 2: AlexPinsk1 ($119.22 in chips) 
Seat 3: BGS013 ($112.82 in chips) 
Seat 4: VahTang_89 ($100 in chips) 
Seat 5: sta$igk ($104.20 in chips) 
Seat 6: BumHuntKing ($116.69 in chips) 
JP231608: posts small blind $0.50
AlexPinsk1: posts big blind $1
*** HOLE CARDS ***
BGS013: folds 
VahTang_89: folds 
sta$igk: folds 
BumHuntKing: raises $1.50 to $2.50
JP231608: folds 
AlexPinsk1: folds 
Uncalled bet ($1.50) returned to BumHuntKing
BumHuntKing collected $2.50 from pot
BumHuntKing: doesn't show hand 
*** SUMMARY ***
Total pot $2.50 | Rake $0 
Seat 1: JP231608 (small blind) folded before Flop
Seat 2: AlexPinsk1 (big blind) folded before Flop
Seat 3: BGS013 folded before Flop (didn't bet)
Seat 4: VahTang_89 folded before Flop (didn't bet)
Seat 5: sta$igk folded before Flop (didn't bet)
Seat 6: BumHuntKing (button) collected ($2.50)



PokerStars Hand #254625690513:  Hold'em No Limit ($0.50/$1.00 USD) - 2025/01/30 19:03:09 WET [2025/01/30 14:03:09 ET]
Table 'Tea' 6-max Seat #1 is the button
Seat 1: JP231608 ($98.72 in chips) 
Seat 2: AlexPinsk1 ($118.22 in chips) 
Seat 3: BGS013 ($112.82 in chips) 
Seat 4: VahTang_89 ($100 in chips) 
Seat 5: sta$igk ($104.20 in chips) 
Seat 6: BumHuntKing ($118.19 in chips) 
AlexPinsk1: posts small blind $0.50
BGS013: posts big blind $1
*** HOLE CARDS ***
VahTang_89: folds 
sta$igk: folds 
BumHuntKing: folds 
JP231608: raises $2 to $3
AlexPinsk1: folds 
BGS013: folds 
Uncalled bet ($2) returned to JP231608
JP231608 collected $2.50 from pot
*** SUMMARY ***
Total pot $2.50 | Rake $0 
Seat 1: JP231608 (button) collected ($2.50)
Seat 2: AlexPinsk1 (small blind) folded before Flop
Seat 3: BGS013 (big blind) folded before Flop
Seat 4: VahTang_89 folded before Flop (didn't bet)
Seat 5: sta$igk folded before Flop (didn't bet)
Seat 6: BumHuntKing folded before Flop (didn't bet)



PokerStars Hand #254625695910:  Hold'em No Limit ($0.50/$1.00 USD) - 2025/01/30 19:03:29 WET [2025/01/30 14:03:29 ET]
Table 'Tea' 6-max Seat #2 is the button
Seat 1: JP231608 ($100.22 in chips) 
Seat 2: AlexPinsk1 ($117.72 in chips) 
Seat 3: BGS013 ($111.82 in chips) 
Seat 4: VahTang_89 ($100 in chips) 
Seat 5: sta$igk ($104.20 in chips) 
Seat 6: BumHuntKing ($118.19 in chips) 
BGS013: posts small blind $0.50
VahTang_89: posts big blind $1
*** HOLE CARDS ***
sta$igk: folds 
BumHuntKing: folds 
JP231608: raises $2 to $3
AlexPinsk1: folds 
BGS013: folds 
VahTang_89: folds 
Uncalled bet ($2) returned to JP231608
JP231608 collected $2.50 from pot
*** SUMMARY ***
Total pot $2.50 | Rake $0 
Seat 1: JP231608 collected ($2.50)
Seat 2: AlexPinsk1 (button) folded before Flop (didn't bet)
Seat 3: BGS013 (small blind) folded before Flop
Seat 4: VahTang_89 (big blind) folded before Flop
Seat 5: sta$igk folded before Flop (didn't bet)
Seat 6: BumHuntKing folded before Flop (didn't bet)



PokerStars Hand #254625701852:  Hold'em No Limit ($0.50/$1.00 USD) - 2025/01/30 19:03:50 WET [2025/01/30 14:03:50 ET]
Table 'Tea' 6-max Seat #3 is the button
Seat 1: JP231608 ($101.72 in chips) 
Seat 2: AlexPinsk1 ($117.72 in chips) 
Seat 3: BGS013 ($111.32 in chips) 
Seat 4: VahTang_89 ($100 in chips) 
Seat 5: sta$igk ($104.20 in chips) 
Seat 6: BumHuntKing ($118.19 in chips) 
VahTang_89: posts small blind $0.50
sta$igk: posts big blind $1
*** HOLE CARDS ***
BumHuntKing: raises $1.20 to $2.20
JP231608: calls $2.20
AlexPinsk1: folds 
BGS013: folds 
VahTang_89: folds 
sta$igk: folds 
*** FLOP *** [Ac 5d 8c]
BumHuntKing: bets $1.40
JP231608: raises $4.40 to $5.80
BumHuntKing: folds 
Uncalled bet ($4.40) returned to JP231608
JP231608 collected $8.15 from pot
*** SUMMARY ***
Total pot $8.70 | Rake $0.55 
Board [Ac 5d 8c]
Seat 1: JP231608 collected ($8.15)
Seat 2: AlexPinsk1 folded before Flop (didn't bet)
Seat 3: BGS013 (button) folded before Flop (didn't bet)
Seat 4: VahTang_89 (small blind) folded before Flop
Seat 5: sta$igk (big blind) folded before Flop
Seat 6: BumHuntKing folded on the Flop



PokerStars Hand #254625718685:  Hold'em No Limit ($0.50/$1.00 USD) - 2025/01/30 19:04:53 WET [2025/01/30 14:04:53 ET]
Table 'Tea' 6-max Seat #4 is the button
Seat 1: JP231608 ($106.27 in chips) 
Seat 2: AlexPinsk1 ($117.72 in chips) 
Seat 3: BGS013 ($111.32 in chips) 
Seat 4: VahTang_89 ($100 in chips) 
Seat 5: sta$igk ($103.20 in chips) 
Seat 6: BumHuntKing ($114.59 in chips) 
sta$igk: posts small blind $0.50
BumHuntKing: posts big blind $1
*** HOLE CARDS ***
JP231608: folds 
AlexPinsk1: raises $1.50 to $2.50
BGS013: folds 
VahTang_89: folds 
sta$igk: folds 
BumHuntKing: folds 
Uncalled bet ($1.50) returned to AlexPinsk1
AlexPinsk1 collected $2.50 from pot
AlexPinsk1: doesn't show hand 
*** SUMMARY ***
Total pot $2.50 | Rake $0 
Seat 1: JP231608 folded before Flop (didn't bet)
Seat 2: AlexPinsk1 collected ($2.50)
Seat 3: BGS013 folded before Flop (didn't bet)
Seat 4: VahTang_89 (button) folded before Flop (didn't bet)
Seat 5: sta$igk (small blind) folded before Flop
Seat 6: BumHuntKing (big blind) folded before Flop



PokerStars Hand #254625722672:  Hold'em No Limit ($0.50/$1.00 USD) - 2025/01/30 19:05:07 WET [2025/01/30 14:05:07 ET]
Table 'Tea' 6-max Seat #5 is the button
Seat 1: JP231608 ($106.27 in chips) 
Seat 2: AlexPinsk1 ($119.22 in chips) 
Seat 3: BGS013 ($111.32 in chips) 
Seat 4: VahTang_89 ($100 in chips) 
Seat 5: sta$igk ($102.70 in chips) 
Seat 6: BumHuntKing ($113.59 in chips) 
BumHuntKing: posts small blind $0.50
JP231608: posts big blind $1
*** HOLE CARDS ***
AlexPinsk1: folds 
BGS013: folds 
VahTang_89: folds 
sta$igk: raises $1.50 to $2.50
BumHuntKing: folds 
JP231608: folds 
Uncalled bet ($1.50) returned to sta$igk
sta$igk collected $2.50 from pot
sta$igk: doesn't show hand 
*** SUMMARY ***
Total pot $2.50 | Rake $0 
Seat 1: JP231608 (big blind) folded before Flop
Seat 2: AlexPinsk1 folded before Flop (didn't bet)
Seat 3: BGS013 folded before Flop (didn't bet)
Seat 4: VahTang_89 folded before Flop (didn't bet)
Seat 5: sta$igk (button) collected ($2.50)
Seat 6: BumHuntKing (small blind) folded before Flop



PokerStars Hand #254625727585:  Hold'em No Limit ($0.50/$1.00 USD) - 2025/01/30 19:05:25 WET [2025/01/30 14:05:25 ET]
Table 'Tea' 6-max Seat #6 is the button
Seat 1: JP231608 ($105.27 in chips) 
Seat 2: AlexPinsk1 ($119.22 in chips) 
Seat 3: BGS013 ($111.32 in chips) 
Seat 4: VahTang_89 ($100 in chips) 
Seat 5: sta$igk ($104.20 in chips) 
Seat 6: BumHuntKing ($113.09 in chips) 
JP231608: posts small blind $0.50
AlexPinsk1: posts big blind $1
*** HOLE CARDS ***
BGS013: folds 
VahTang_89: folds 
sta$igk: raises $1.50 to $2.50
BumHuntKing: folds 
JP231608: folds 
AlexPinsk1: folds 
Uncalled bet ($1.50) returned to sta$igk
sta$igk collected $2.50 from pot
sta$igk: doesn't show hand 
*** SUMMARY ***
Total pot $2.50 | Rake $0 
Seat 1: JP231608 (small blind) folded before Flop
Seat 2: AlexPinsk1 (big blind) folded before Flop
Seat 3: BGS013 folded before Flop (didn't bet)
Seat 4: VahTang_89 folded before Flop (didn't bet)
Seat 5: sta$igk collected ($2.50)
Seat 6: BumHuntKing (button) folded before Flop (didn't bet)



PokerStars Hand #254625731550:  Hold'em No Limit ($0.50/$1.00 USD) - 2025/01/30 19:05:39 WET [2025/01/30 14:05:39 ET]
Table 'Tea' 6-max Seat #1 is the button
Seat 1: JP231608 ($104.77 in chips) 
Seat 2: AlexPinsk1 ($118.22 in chips) 
Seat 3: BGS013 ($111.32 in chips) 
Seat 4: VahTang_89 ($100 in chips) 
Seat 5: sta$igk ($105.70 in chips) 
Seat 6: BumHuntKing ($113.09 in chips) 
AlexPinsk1: posts small blind $0.50
BGS013: posts big blind $1
*** HOLE CARDS ***
VahTang_89: folds 
sta$igk: folds 
BumHuntKing: folds 
JP231608: raises $2 to $3
AlexPinsk1: folds 
BGS013: calls $2
*** FLOP *** [Tc 8h 5c]
BGS013: checks 
JP231608: bets $4.09
BGS013: folds 
Uncalled bet ($4.09) returned to JP231608
JP231608 collected $6.10 from pot
*** SUMMARY ***
Total pot $6.50 | Rake $0.40 
Board [Tc 8h 5c]
Seat 1: JP231608 (button) collected ($6.10)
Seat 2: AlexPinsk1 (small blind) folded before Flop
Seat 3: BGS013 (big blind) folded on the Flop
Seat 4: VahTang_89 folded before Flop (didn't bet)
Seat 5: sta$igk folded before Flop (didn't bet)
Seat 6: BumHuntKing folded before Flop (didn't bet)



PokerStars Hand #254625738766:  Hold'em No Limit ($0.50/$1.00 USD) - 2025/01/30 19:06:06 WET [2025/01/30 14:06:06 ET]
Table 'Tea' 6-max Seat #2 is the button
Seat 1: JP231608 ($107.87 in chips) 
Seat 2: AlexPinsk1 ($117.72 in chips) 
Seat 3: BGS013 ($108.32 in chips) 
Seat 4: VahTang_89 ($100 in chips) 
Seat 5: sta$igk ($105.70 in chips) 
Seat 6: BumHuntKing ($113.09 in chips) 
BGS013: posts small blind $0.50
VahTang_89: posts big blind $1
*** HOLE CARDS ***
sta$igk: folds 
BumHuntKing: folds 
JP231608: folds 
AlexPinsk1: folds 
BGS013: raises $2 to $3
VahTang_89: folds 
Uncalled bet ($2) returned to BGS013
BGS013 collected $2 from pot
BGS013: doesn't show hand 
*** SUMMARY ***
Total pot $2 | Rake $0 
Seat 1: JP231608 folded before Flop (didn't bet)
Seat 2: AlexPinsk1 (button) folded before Flop (didn't bet)
Seat 3: BGS013 (small blind) collected ($2)
Seat 4: VahTang_89 (big blind) folded before Flop
Seat 5: sta$igk folded before Flop (didn't bet)
Seat 6: BumHuntKing folded before Flop (didn't bet)



PokerStars Hand #254625743964:  Hold'em No Limit ($0.50/$1.00 USD) - 2025/01/30 19:06:25 WET [2025/01/30 14:06:25 ET]
Table 'Tea' 6-max Seat #3 is the button
Seat 1: JP231608 ($107.87 in chips) 
Seat 2: AlexPinsk1 ($117.72 in chips) 
Seat 3: BGS013 ($109.32 in chips) 
Seat 4: VahTang_89 ($100 in chips) 
Seat 5: sta$igk ($105.70 in chips) 
Seat 6: BumHuntKing ($113.09 in chips) 
VahTang_89: posts small blind $0.50
sta$igk: posts big blind $1
*** HOLE CARDS ***
BumHuntKing: folds 
JP231608: folds 
AlexPinsk1: folds 
BGS013: raises $1.50 to $2.50
VahTang_89: raises $8.50 to $11
sta$igk: folds 
BGS013: folds 
Uncalled bet ($8.50) returned to VahTang_89
VahTang_89 collected $6 from pot
VahTang_89: doesn't show hand 
*** SUMMARY ***
Total pot $6 | Rake $0 
Seat 1: JP231608 folded before Flop (didn't bet)
Seat 2: AlexPinsk1 folded before Flop (didn't bet)
Seat 3: BGS013 (button) folded before Flop
Seat 4: VahTang_89 (small blind) collected ($6)
Seat 5: sta$igk (big blind) folded before Flop
Seat 6: BumHuntKing folded before Flop (didn't bet)



PokerStars Hand #254625752706:  Hold'em No Limit ($0.50/$1.00 USD) - 2025/01/30 19:06:56 WET [2025/01/30 14:06:56 ET]
Table 'Tea' 6-max Seat #4 is the button
Seat 1: JP231608 ($107.87 in chips) 
Seat 2: AlexPinsk1 ($117.72 in chips) 
Seat 3: BGS013 ($106.82 in chips) 
Seat 4: VahTang_89 ($103.50 in chips) 
Seat 5: sta$igk ($104.70 in chips) 
Seat 6: BumHuntKing ($113.09 in chips) 
sta$igk: posts small blind $0.50
BumHuntKing: posts big blind $1
*** HOLE CARDS ***
JP231608: folds 
AlexPinsk1: raises $1.50 to $2.50
BGS013: folds 
VahTang_89: folds 
sta$igk: raises $8.50 to $11
BumHuntKing: folds 
AlexPinsk1: folds 
Uncalled bet ($8.50) returned to sta$igk
sta$igk collected $6 from pot
sta$igk: doesn't show hand 
*** SUMMARY ***
Total pot $6 | Rake $0 
Seat 1: JP231608 folded before Flop (didn't bet)
Seat 2: AlexPinsk1 folded before Flop
Seat 3: BGS013 folded before Flop (didn't bet)
Seat 4: VahTang_89 (button) folded before Flop (didn't bet)
Seat 5: sta$igk (small blind) collected ($6)
Seat 6: BumHuntKing (big blind) folded before Flop



PokerStars Hand #254625759893:  Hold'em No Limit ($0.50/$1.00 USD) - 2025/01/30 19:07:22 WET [2025/01/30 14:07:22 ET]
Table 'Tea' 6-max Seat #5 is the button
Seat 1: JP231608 ($107.87 in chips) 
Seat 2: AlexPinsk1 ($115.22 in chips) 
Seat 3: BGS013 ($106.82 in chips) 
Seat 4: VahTang_89 ($103.50 in chips) 
Seat 5: sta$igk ($108.20 in chips) 
Seat 6: BumHuntKing ($112.09 in chips) 
BumHuntKing: posts small blind $0.50
JP231608: posts big blind $1
*** HOLE CARDS ***
AlexPinsk1: folds 
BGS013: folds 
VahTang_89: folds 
sta$igk: raises $1.50 to $2.50
BumHuntKing: folds 
JP231608: raises $4.50 to $7
sta$igk: calls $4.50
*** FLOP *** [4h Td 6s]
JP231608: bets $8.89
sta$igk: folds 
Uncalled bet ($8.89) returned to JP231608
JP231608 collected $13.60 from pot
*** SUMMARY ***
Total pot $14.50 | Rake $0.90 
Board [4h Td 6s]
Seat 1: JP231608 (big blind) collected ($13.60)
Seat 2: AlexPinsk1 folded before Flop (didn't bet)
Seat 3: BGS013 folded before Flop (didn't bet)
Seat 4: VahTang_89 folded before Flop (didn't bet)
Seat 5: sta$igk (button) folded on the Flop
Seat 6: BumHuntKing (small blind) folded before Flop



PokerStars Hand #254625771053:  Hold'em No Limit ($0.50/$1.00 USD) - 2025/01/30 19:08:03 WET [2025/01/30 14:08:03 ET]
Table 'Tea' 6-max Seat #6 is the button
Seat 1: JP231608 ($114.47 in chips) 
Seat 2: AlexPinsk1 ($115.22 in chips) 
Seat 3: BGS013 ($106.82 in chips) 
Seat 4: VahTang_89 ($103.50 in chips) 
Seat 5: sta$igk ($101.20 in chips) 
Seat 6: BumHuntKing ($111.59 in chips) 
JP231608: posts small blind $0.50
AlexPinsk1: posts big blind $1
*** HOLE CARDS ***
BGS013: folds 
VahTang_89: folds 
sta$igk: folds 
BumHuntKing: raises $1.50 to $2.50
JP231608: folds 
AlexPinsk1: folds 
Uncalled bet ($1.50) returned to BumHuntKing
BumHuntKing collected $2.50 from pot
BumHuntKing: doesn't show hand 
*** SUMMARY ***
Total pot $2.50 | Rake $0 
Seat 1: JP231608 (small blind) folded before Flop
Seat 2: AlexPinsk1 (big blind) folded before Flop
Seat 3: BGS013 folded before Flop (didn't bet)
Seat 4: VahTang_89 folded before Flop (didn't bet)
Seat 5: sta$igk folded before Flop (didn't bet)
Seat 6: BumHuntKing (button) collected ($2.50)



PokerStars Hand #254625776315:  Hold'em No Limit ($0.50/$1.00 USD) - 2025/01/30 19:08:22 WET [2025/01/30 14:08:22 ET]
Table 'Tea' 6-max Seat #1 is the button
Seat 1: JP231608 ($113.97 in chips) 
Seat 2: AlexPinsk1 ($114.22 in chips) 
Seat 3: BGS013 ($106.82 in chips) 
Seat 4: VahTang_89 ($103.50 in chips) 
Seat 5: sta$igk ($101.20 in chips) 
Seat 6: BumHuntKing ($113.09 in chips) 
AlexPinsk1: posts small blind $0.50
BGS013: posts big blind $1
*** HOLE CARDS ***
VahTang_89: folds 
sta$igk: folds 
BumHuntKing: raises $1.20 to $2.20
JP231608: folds 
AlexPinsk1: folds 
BGS013: folds 
Uncalled bet ($1.20) returned to BumHuntKing
BumHuntKing collected $2.50 from pot
BumHuntKing: doesn't show hand 
*** SUMMARY ***
Total pot $2.50 | Rake $0 
Seat 1: JP231608 (button) folded before Flop (didn't bet)
Seat 2: AlexPinsk1 (small blind) folded before Flop
Seat 3: BGS013 (big blind) folded before Flop
Seat 4: VahTang_89 folded before Flop (didn't bet)
Seat 5: sta$igk folded before Flop (didn't bet)
Seat 6: BumHuntKing collected ($2.50)



PokerStars Hand #254625780480:  Hold'em No Limit ($0.50/$1.00 USD) - 2025/01/30 19:08:37 WET [2025/01/30 14:08:37 ET]
Table 'Tea' 6-max Seat #2 is the button
Seat 1: JP231608 ($113.97 in chips) 
Seat 2: AlexPinsk1 ($113.72 in chips) 
Seat 3: BGS013 ($105.82 in chips) 
Seat 4: VahTang_89 ($103.50 in chips) 
Seat 5: sta$igk ($101.20 in chips) 
Seat 6: BumHuntKing ($114.59 in chips) 
BGS013: posts small blind $0.50
VahTang_89: posts big blind $1
*** HOLE CARDS ***
sta$igk: folds 
BumHuntKing: folds 
JP231608: folds 
AlexPinsk1: raises $1.50 to $2.50
BGS013: folds 
VahTang_89: folds 
Uncalled bet ($1.50) returned to AlexPinsk1
AlexPinsk1 collected $2.50 from pot
AlexPinsk1: doesn't show hand 
*** SUMMARY ***
Total pot $2.50 | Rake $0 
Seat 1: JP231608 folded before Flop (didn't bet)
Seat 2: AlexPinsk1 (button) collected ($2.50)
Seat 3: BGS013 (small blind) folded before Flop
Seat 4: VahTang_89 (big blind) folded before Flop
Seat 5: sta$igk folded before Flop (didn't bet)
Seat 6: BumHuntKing folded before Flop (didn't bet)



PokerStars Hand #254625785915:  Hold'em No Limit ($0.50/$1.00 USD) - 2025/01/30 19:08:57 WET [2025/01/30 14:08:57 ET]
Table 'Tea' 6-max Seat #3 is the button
Seat 1: JP231608 ($113.97 in chips) 
Seat 2: AlexPinsk1 ($115.22 in chips) 
Seat 3: BGS013 ($105.32 in chips) 
Seat 4: VahTang_89 ($102.50 in chips) 
Seat 5: sta$igk ($101.20 in chips) 
Seat 6: BumHuntKing ($114.59 in chips) 
VahTang_89: posts small blind $0.50
sta$igk: posts big blind $1
*** HOLE CARDS ***
BumHuntKing: folds 
JP231608: folds 
AlexPinsk1: raises $1.50 to $2.50
BGS013: folds 
VahTang_89: folds 
sta$igk: folds 
Uncalled bet ($1.50) returned to AlexPinsk1
AlexPinsk1 collected $2.50 from pot
AlexPinsk1: doesn't show hand 
*** SUMMARY ***
Total pot $2.50 | Rake $0 
Seat 1: JP231608 folded before Flop (didn't bet)
Seat 2: AlexPinsk1 collected ($2.50)
Seat 3: BGS013 (button) folded before Flop (didn't bet)
Seat 4: VahTang_89 (small blind) folded before Flop
Seat 5: sta$igk (big blind) folded before Flop
Seat 6: BumHuntKing folded before Flop (didn't bet)



PokerStars Hand #254625790582:  Hold'em No Limit ($0.50/$1.00 USD) - 2025/01/30 19:09:14 WET [2025/01/30 14:09:14 ET]
Table 'Tea' 6-max Seat #4 is the button
Seat 1: JP231608 ($113.97 in chips) 
Seat 2: AlexPinsk1 ($116.72 in chips) 
Seat 3: BGS013 ($105.32 in chips) 
Seat 4: VahTang_89 ($102 in chips) 
Seat 5: sta$igk ($100.20 in chips) 
Seat 6: BumHuntKing ($114.59 in chips) 
sta$igk: posts small blind $0.50
BumHuntKing: posts big blind $1
*** HOLE CARDS ***
JP231608: folds 
AlexPinsk1: folds 
BGS013: raises $1.50 to $2.50
VahTang_89: folds 
sta$igk: raises $8.50 to $11
BumHuntKing: folds 
BGS013: folds 
Uncalled bet ($8.50) returned to sta$igk
sta$igk collected $6 from pot
sta$igk: doesn't show hand 
*** SUMMARY ***
Total pot $6 | Rake $0 
Seat 1: JP231608 folded before Flop (didn't bet)
Seat 2: AlexPinsk1 folded before Flop (didn't bet)
Seat 3: BGS013 folded before Flop
Seat 4: VahTang_89 (button) folded before Flop (didn't bet)
Seat 5: sta$igk (small blind) collected ($6)
Seat 6: BumHuntKing (big blind) folded before Flop



PokerStars Hand #254625796583:  Hold'em No Limit ($0.50/$1.00 USD) - 2025/01/30 19:09:36 WET [2025/01/30 14:09:36 ET]
Table 'Tea' 6-max Seat #5 is the button
Seat 1: JP231608 ($113.97 in chips) 
Seat 2: AlexPinsk1 ($116.72 in chips) 
Seat 3: BGS013 ($102.82 in chips) 
Seat 4: VahTang_89 ($102 in chips) 
Seat 5: sta$igk ($103.70 in chips) 
Seat 6: BumHuntKing ($113.59 in chips) 
BumHuntKing: posts small blind $0.50
JP231608: posts big blind $1
*** HOLE CARDS ***
AlexPinsk1: raises $1.50 to $2.50
BGS013: folds 
VahTang_89: folds 
sta$igk: folds 
BumHuntKing: folds 
JP231608: folds 
Uncalled bet ($1.50) returned to AlexPinsk1
AlexPinsk1 collected $2.50 from pot
AlexPinsk1: doesn't show hand 
*** SUMMARY ***
Total pot $2.50 | Rake $0 
Seat 1: JP231608 (big blind) folded before Flop
Seat 2: AlexPinsk1 collected ($2.50)
Seat 3: BGS013 folded before Flop (didn't bet)
Seat 4: VahTang_89 folded before Flop (didn't bet)
Seat 5: sta$igk (button) folded before Flop (didn't bet)
Seat 6: BumHuntKing (small blind) folded before Flop



PokerStars Hand #254625802405:  Hold'em No Limit ($0.50/$1.00 USD) - 2025/01/30 19:09:57 WET [2025/01/30 14:09:57 ET]
Table 'Tea' 6-max Seat #6 is the button
Seat 1: JP231608 ($112.97 in chips) 
Seat 2: AlexPinsk1 ($118.22 in chips) 
Seat 3: BGS013 ($102.82 in chips) 
Seat 4: VahTang_89 ($102 in chips) 
Seat 5: sta$igk ($103.70 in chips) 
Seat 6: BumHuntKing ($113.09 in chips) 
JP231608: posts small blind $0.50
AlexPinsk1: posts big blind $1
*** HOLE CARDS ***
BGS013: folds 
VahTang_89: folds 
sta$igk: folds 
BumHuntKing: raises $1.50 to $2.50
JP231608: folds 
AlexPinsk1: folds 
Uncalled bet ($1.50) returned to BumHuntKing
BumHuntKing collected $2.50 from pot
BumHuntKing: doesn't show hand 
*** SUMMARY ***
Total pot $2.50 | Rake $0 
Seat 1: JP231608 (small blind) folded before Flop
Seat 2: AlexPinsk1 (big blind) folded before Flop
Seat 3: BGS013 folded before Flop (didn't bet)
Seat 4: VahTang_89 folded before Flop (didn't bet)
Seat 5: sta$igk folded before Flop (didn't bet)
Seat 6: BumHuntKing (button) collected ($2.50)



PokerStars Hand #254625807037:  Hold'em No Limit ($0.50/$1.00 USD) - 2025/01/30 19:10:14 WET [2025/01/30 14:10:14 ET]
Table 'Tea' 6-max Seat #1 is the button
Seat 1: JP231608 ($112.47 in chips) 
Seat 2: AlexPinsk1 ($117.22 in chips) 
Seat 3: BGS013 ($102.82 in chips) 
Seat 4: VahTang_89 ($102 in chips) 
Seat 5: sta$igk ($103.70 in chips) 
Seat 6: BumHuntKing ($114.59 in chips) 
AlexPinsk1: posts small blind $0.50
BGS013: posts big blind $1
*** HOLE CARDS ***
VahTang_89: folds 
sta$igk: raises $1.50 to $2.50
BumHuntKing: folds 
JP231608: calls $2.50
AlexPinsk1: folds 
BGS013: folds 
*** FLOP *** [3s 6c Js]
sta$igk: checks 
JP231608: checks 
*** TURN *** [3s 6c Js] [7h]
sta$igk: checks 
JP231608: bets $3.09
sta$igk: calls $3.09
*** RIVER *** [3s 6c Js 7h] [4s]
sta$igk: checks 
JP231608: checks 
*** SHOW DOWN ***
sta$igk: shows [Ad Td] (high card Ace)
JP231608: shows [Ah 6h] (a pair of Sixes)
JP231608 collected $11.89 from pot
*** SUMMARY ***
Total pot $12.68 | Rake $0.79 
Board [3s 6c Js 7h 4s]
Seat 1: JP231608 (button) showed [Ah 6h] and won ($11.89) with a pair of Sixes
Seat 2: AlexPinsk1 (small blind) folded before Flop
Seat 3: BGS013 (big blind) folded before Flop
Seat 4: VahTang_89 folded before Flop (didn't bet)
Seat 5: sta$igk showed [Ad Td] and lost with high card Ace
Seat 6: BumHuntKing folded before Flop (didn't bet)



PokerStars Hand #254625823729:  Hold'em No Limit ($0.50/$1.00 USD) - 2025/01/30 19:11:14 WET [2025/01/30 14:11:14 ET]
Table 'Tea' 6-max Seat #2 is the button
Seat 1: JP231608 ($118.77 in chips) 
Seat 2: AlexPinsk1 ($116.72 in chips) 
Seat 3: BGS013 ($101.82 in chips) 
Seat 4: VahTang_89 ($102 in chips) 
Seat 5: sta$igk ($100 in chips) 
Seat 6: BumHuntKing ($114.59 in chips) 
BGS013: posts small blind $0.50
VahTang_89: posts big blind $1
*** HOLE CARDS ***
sta$igk: folds 
BumHuntKing: raises $1.20 to $2.20
JP231608: folds 
AlexPinsk1: folds 
BGS013: folds 
VahTang_89: folds 
Uncalled bet ($1.20) returned to BumHuntKing
BumHuntKing collected $2.50 from pot
BumHuntKing: doesn't show hand 
*** SUMMARY ***
Total pot $2.50 | Rake $0 
Seat 1: JP231608 folded before Flop (didn't bet)
Seat 2: AlexPinsk1 (button) folded before Flop (didn't bet)
Seat 3: BGS013 (small blind) folded before Flop
Seat 4: VahTang_89 (big blind) folded before Flop
Seat 5: sta$igk folded before Flop (didn't bet)
Seat 6: BumHuntKing collected ($2.50)



PokerStars Hand #254625835465:  Hold'em No Limit ($0.50/$1.00 USD) - 2025/01/30 19:11:56 WET [2025/01/30 14:11:56 ET]
Table 'Tea' 6-max Seat #3 is the button
Seat 1: JP231608 ($118.77 in chips) 
Seat 2: AlexPinsk1 ($116.72 in chips) 
Seat 3: BGS013 ($101.32 in chips) 
Seat 4: VahTang_89 ($101 in chips) 
Seat 5: sta$igk ($100 in chips) 
Seat 6: BumHuntKing ($116.09 in chips) 
VahTang_89: posts small blind $0.50
sta$igk: posts big blind $1
*** HOLE CARDS ***
BumHuntKing: folds 
JP231608: folds 
AlexPinsk1: folds 
BGS013: folds 
VahTang_89: folds 
Uncalled bet ($0.50) returned to sta$igk
sta$igk collected $1 from pot
sta$igk: doesn't show hand 
*** SUMMARY ***
Total pot $1 | Rake $0 
Seat 1: JP231608 folded before Flop (didn't bet)
Seat 2: AlexPinsk1 folded before Flop (didn't bet)
Seat 3: BGS013 (button) folded before Flop (didn't bet)
Seat 4: VahTang_89 (small blind) folded before Flop
Seat 5: sta$igk (big blind) collected ($1)
Seat 6: BumHuntKing folded before Flop (didn't bet)



PokerStars Hand #254625839356:  Hold'em No Limit ($0.50/$1.00 USD) - 2025/01/30 19:12:10 WET [2025/01/30 14:12:10 ET]
Table 'Tea' 6-max Seat #4 is the button
Seat 1: JP231608 ($118.77 in chips) 
Seat 2: AlexPinsk1 ($116.72 in chips) 
Seat 3: BGS013 ($101.32 in chips) 
Seat 4: VahTang_89 ($100.50 in chips) 
Seat 5: sta$igk ($100.50 in chips) 
Seat 6: BumHuntKing ($116.09 in chips) 
sta$igk: posts small blind $0.50
BumHuntKing: posts big blind $1
*** HOLE CARDS ***
JP231608: raises $2 to $3
AlexPinsk1: raises $6 to $9
BGS013: folds 
VahTang_89: folds 
sta$igk: folds 
BumHuntKing: folds 
JP231608: calls $6
*** FLOP *** [Kd 3s Qs]
JP231608: checks 
AlexPinsk1: bets $9.26
JP231608: folds 
Uncalled bet ($9.26) returned to AlexPinsk1
AlexPinsk1 collected $18.52 from pot
AlexPinsk1: doesn't show hand 
*** SUMMARY ***
Total pot $19.50 | Rake $0.98 
Board [Kd 3s Qs]
Seat 1: JP231608 folded on the Flop
Seat 2: AlexPinsk1 collected ($18.52)
Seat 3: BGS013 folded before Flop (didn't bet)
Seat 4: VahTang_89 (button) folded before Flop (didn't bet)
Seat 5: sta$igk (small blind) folded before Flop
Seat 6: BumHuntKing (big blind) folded before Flop



PokerStars Hand #254625854612:  Hold'em No Limit ($0.50/$1.00 USD) - 2025/01/30 19:13:05 WET [2025/01/30 14:13:05 ET]
Table 'Tea' 6-max Seat #5 is the button
Seat 1: JP231608 ($109.77 in chips) 
Seat 2: AlexPinsk1 ($126.24 in chips) 
Seat 3: BGS013 ($101.32 in chips) 
Seat 4: VahTang_89 ($100.50 in chips) 
Seat 5: sta$igk ($100 in chips) 
Seat 6: BumHuntKing ($115.09 in chips) 
BumHuntKing: posts small blind $0.50
JP231608: posts big blind $1
*** HOLE CARDS ***
AlexPinsk1: folds 
BGS013: folds 
VahTang_89: raises $1.20 to $2.20
sta$igk: folds 
BumHuntKing: folds 
JP231608: calls $1.20
*** FLOP *** [Ah 4c 7c]
JP231608: checks 
VahTang_89: bets $3.08
JP231608: folds 
Uncalled bet ($3.08) returned to VahTang_89
VahTang_89 collected $4.66 from pot
VahTang_89: doesn't show hand 
*** SUMMARY ***
Total pot $4.90 | Rake $0.24 
Board [Ah 4c 7c]
Seat 1: JP231608 (big blind) folded on the Flop
Seat 2: AlexPinsk1 folded before Flop (didn't bet)
Seat 3: BGS013 folded before Flop (didn't bet)
Seat 4: VahTang_89 collected ($4.66)
Seat 5: sta$igk (button) folded before Flop (didn't bet)
Seat 6: BumHuntKing (small blind) folded before Flop



PokerStars Hand #254625861764:  Hold'em No Limit ($0.50/$1.00 USD) - 2025/01/30 19:13:31 WET [2025/01/30 14:13:31 ET]
Table 'Tea' 6-max Seat #6 is the button
Seat 1: JP231608 ($107.57 in chips) 
Seat 2: AlexPinsk1 ($126.24 in chips) 
Seat 3: BGS013 ($101.32 in chips) 
Seat 4: VahTang_89 ($102.96 in chips) 
Seat 5: sta$igk ($100 in chips) 
Seat 6: BumHuntKing ($114.59 in chips) 
JP231608: posts small blind $0.50
AlexPinsk1: posts big blind $1
*** HOLE CARDS ***
BGS013: folds 
VahTang_89: folds 
sta$igk: raises $1.50 to $2.50
BumHuntKing: folds 
JP231608: folds 
AlexPinsk1: folds 
Uncalled bet ($1.50) returned to sta$igk
sta$igk collected $2.50 from pot
sta$igk: doesn't show hand 
*** SUMMARY ***
Total pot $2.50 | Rake $0 
Seat 1: JP231608 (small blind) folded before Flop
Seat 2: AlexPinsk1 (big blind) folded before Flop
Seat 3: BGS013 folded before Flop (didn't bet)
Seat 4: VahTang_89 folded before Flop (didn't bet)
Seat 5: sta$igk collected ($2.50)
Seat 6: BumHuntKing (button) folded before Flop (didn't bet)



PokerStars Hand #254625866476:  Hold'em No Limit ($0.50/$1.00 USD) - 2025/01/30 19:13:48 WET [2025/01/30 14:13:48 ET]
Table 'Tea' 6-max Seat #1 is the button
Seat 1: JP231608 ($107.07 in chips) 
Seat 2: AlexPinsk1 ($125.24 in chips) 
Seat 3: BGS013 ($101.32 in chips) 
Seat 4: VahTang_89 ($102.96 in chips) 
Seat 5: sta$igk ($101.50 in chips) 
Seat 6: BumHuntKing ($114.59 in chips) 
AlexPinsk1: posts small blind $0.50
BGS013: posts big blind $1
*** HOLE CARDS ***
VahTang_89: folds 
sta$igk: folds 
BumHuntKing: folds 
JP231608: raises $1 to $2
AlexPinsk1: folds 
BGS013: folds 
Uncalled bet ($1) returned to JP231608
JP231608 collected $2.50 from pot
*** SUMMARY ***
Total pot $2.50 | Rake $0 
Seat 1: JP231608 (button) collected ($2.50)
Seat 2: AlexPinsk1 (small blind) folded before Flop
Seat 3: BGS013 (big blind) folded before Flop
Seat 4: VahTang_89 folded before Flop (didn't bet)
Seat 5: sta$igk folded before Flop (didn't bet)
Seat 6: BumHuntKing folded before Flop (didn't bet)



PokerStars Hand #254625872333:  Hold'em No Limit ($0.50/$1.00 USD) - 2025/01/30 19:14:09 WET [2025/01/30 14:14:09 ET]
Table 'Tea' 6-max Seat #2 is the button
Seat 1: JP231608 ($108.57 in chips) 
Seat 2: AlexPinsk1 ($124.74 in chips) 
Seat 3: BGS013 ($100.32 in chips) 
Seat 4: VahTang_89 ($102.96 in chips) 
Seat 5: sta$igk ($101.50 in chips) 
Seat 6: BumHuntKing ($114.59 in chips) 
BGS013: posts small blind $0.50
VahTang_89: posts big blind $1
*** HOLE CARDS ***
sta$igk: raises $1.50 to $2.50
BumHuntKing: folds 
JP231608: folds 
AlexPinsk1: raises $5 to $7.50
BGS013: folds 
VahTang_89: folds 
sta$igk: calls $5
*** FLOP *** [Ac Jd 6s]
sta$igk: checks 
AlexPinsk1: bets $5.17
sta$igk: calls $5.17
*** TURN *** [Ac Jd 6s] [2d]
sta$igk: checks 
AlexPinsk1: checks 
*** RIVER *** [Ac Jd 6s 2d] [Js]
sta$igk: bets $10.20
AlexPinsk1: folds 
Uncalled bet ($10.20) returned to sta$igk
sta$igk collected $25.50 from pot
sta$igk: doesn't show hand 
*** SUMMARY ***
Total pot $26.84 | Rake $1.34 
Board [Ac Jd 6s 2d Js]
Seat 1: JP231608 folded before Flop (didn't bet)
Seat 2: AlexPinsk1 (button) folded on the River
Seat 3: BGS013 (small blind) folded before Flop
Seat 4: VahTang_89 (big blind) folded before Flop
Seat 5: sta$igk collected ($25.50)
Seat 6: BumHuntKing folded before Flop (didn't bet)



PokerStars Hand #254625895104:  Hold'em No Limit ($0.50/$1.00 USD) - 2025/01/30 19:15:30 WET [2025/01/30 14:15:30 ET]
Table 'Tea' 6-max Seat #3 is the button
Seat 1: JP231608 ($108.57 in chips) 
Seat 2: AlexPinsk1 ($112.07 in chips) 
Seat 3: BGS013 ($100 in chips) 
Seat 4: VahTang_89 ($101.96 in chips) 
Seat 5: sta$igk ($114.33 in chips) 
Seat 6: BumHuntKing ($114.59 in chips) 
VahTang_89: posts small blind $0.50
sta$igk: posts big blind $1
*** HOLE CARDS ***
BumHuntKing: folds 
JP231608: folds 
AlexPinsk1: folds 
BGS013: raises $1.50 to $2.50
VahTang_89: folds 
sta$igk: folds 
Uncalled bet ($1.50) returned to BGS013
BGS013 collected $2.50 from pot
BGS013: doesn't show hand 
*** SUMMARY ***
Total pot $2.50 | Rake $0 
Seat 1: JP231608 folded before Flop (didn't bet)
Seat 2: AlexPinsk1 folded before Flop (didn't bet)
Seat 3: BGS013 (button) collected ($2.50)
Seat 4: VahTang_89 (small blind) folded before Flop
Seat 5: sta$igk (big blind) folded before Flop
Seat 6: BumHuntKing folded before Flop (didn't bet)



PokerStars Hand #254625901637:  Hold'em No Limit ($0.50/$1.00 USD) - 2025/01/30 19:15:54 WET [2025/01/30 14:15:54 ET]
Table 'Tea' 6-max Seat #4 is the button
Seat 1: JP231608 ($108.57 in chips) 
Seat 2: AlexPinsk1 ($112.07 in chips) 
Seat 3: BGS013 ($101.50 in chips) 
Seat 4: VahTang_89 ($101.46 in chips) 
Seat 5: sta$igk ($113.33 in chips) 
Seat 6: BumHuntKing ($114.59 in chips) 
sta$igk: posts small blind $0.50
BumHuntKing: posts big blind $1
*** HOLE CARDS ***
JP231608: raises $2 to $3
AlexPinsk1: folds 
BGS013: folds 
VahTang_89: raises $6 to $9
sta$igk: folds 
BumHuntKing: folds 
JP231608: calls $6
*** FLOP *** [2h Qh 6h]
JP231608: bets $10.26
VahTang_89: raises $25.77 to $36.03
JP231608: folds 
Uncalled bet ($25.77) returned to VahTang_89
VahTang_89 collected $38.02 from pot
VahTang_89: doesn't show hand 
*** SUMMARY ***
Total pot $40.02 | Rake $2 
Board [2h Qh 6h]
Seat 1: JP231608 folded on the Flop
Seat 2: AlexPinsk1 folded before Flop (didn't bet)
Seat 3: BGS013 folded before Flop (didn't bet)
Seat 4: VahTang_89 (button) collected ($38.02)
Seat 5: sta$igk (small blind) folded before Flop
Seat 6: BumHuntKing (big blind) folded before Flop



PokerStars Hand #254625921590:  Hold'em No Limit ($0.50/$1.00 USD) - 2025/01/30 19:17:05 WET [2025/01/30 14:17:05 ET]
Table 'Tea' 6-max Seat #5 is the button
Seat 1: JP231608 ($89.31 in chips) 
Seat 2: AlexPinsk1 ($112.07 in chips) 
Seat 3: BGS013 ($101.50 in chips) 
Seat 4: VahTang_89 ($120.22 in chips) 
Seat 5: sta$igk ($112.83 in chips) 
Seat 6: BumHuntKing ($113.59 in chips) 
BumHuntKing: posts small blind $0.50
JP231608: posts big blind $1
*** HOLE CARDS ***
AlexPinsk1: raises $1.50 to $2.50
BGS013: folds 
VahTang_89: folds 
sta$igk: folds 
BumHuntKing: folds 
JP231608: calls $1.50
*** FLOP *** [4s 6h 2s]
JP231608: checks 
AlexPinsk1: checks 
*** TURN *** [4s 6h 2s] [3c]
JP231608: bets $5.22
AlexPinsk1: folds 
Uncalled bet ($5.22) returned to JP231608
JP231608 collected $5.15 from pot
*** SUMMARY ***
Total pot $5.50 | Rake $0.35 
Board [4s 6h 2s 3c]
Seat 1: JP231608 (big blind) collected ($5.15)
Seat 2: AlexPinsk1 folded on the Turn
Seat 3: BGS013 folded before Flop (didn't bet)
Seat 4: VahTang_89 folded before Flop (didn't bet)
Seat 5: sta$igk (button) folded before Flop (didn't bet)
Seat 6: BumHuntKing (small blind) folded before Flop



PokerStars Hand #254625933031:  Hold'em No Limit ($0.50/$1.00 USD) - 2025/01/30 19:17:46 WET [2025/01/30 14:17:46 ET]
Table 'Tea' 6-max Seat #6 is the button
Seat 1: JP231608 ($91.96 in chips) 
Seat 2: AlexPinsk1 ($109.57 in chips) 
Seat 3: BGS013 ($101.50 in chips) 
Seat 4: VahTang_89 ($120.22 in chips) 
Seat 5: sta$igk ($112.83 in chips) 
Seat 6: BumHuntKing ($113.09 in chips) 
JP231608: posts small blind $0.50
AlexPinsk1: posts big blind $1
*** HOLE CARDS ***
BGS013: folds 
VahTang_89: raises $1.20 to $2.20
sta$igk: folds 
BumHuntKing: folds 
JP231608: folds 
AlexPinsk1: folds 
Uncalled bet ($1.20) returned to VahTang_89
VahTang_89 collected $2.50 from pot
VahTang_89: doesn't show hand 
*** SUMMARY ***
Total pot $2.50 | Rake $0 
Seat 1: JP231608 (small blind) folded before Flop
Seat 2: AlexPinsk1 (big blind) folded before Flop
Seat 3: BGS013 folded before Flop (didn't bet)
Seat 4: VahTang_89 collected ($2.50)
Seat 5: sta$igk folded before Flop (didn't bet)
Seat 6: BumHuntKing (button) folded before Flop (didn't bet)



PokerStars Hand #254625937818:  Hold'em No Limit ($0.50/$1.00 USD) - 2025/01/30 19:18:04 WET [2025/01/30 14:18:04 ET]
Table 'Tea' 6-max Seat #1 is the button
Seat 1: JP231608 ($91.46 in chips) 
Seat 2: AlexPinsk1 ($108.57 in chips) 
Seat 3: BGS013 ($101.50 in chips) 
Seat 4: VahTang_89 ($121.72 in chips) 
Seat 5: sta$igk ($112.83 in chips) 
Seat 6: BumHuntKing ($113.09 in chips) 
AlexPinsk1: posts small blind $0.50
BGS013: posts big blind $1
*** HOLE CARDS ***
VahTang_89: folds 
sta$igk: folds 
BumHuntKing: folds 
JP231608: folds 
AlexPinsk1: raises $2 to $3
BGS013: raises $6.50 to $9.50
AlexPinsk1: folds 
Uncalled bet ($6.50) returned to BGS013
BGS013 collected $6 from pot
BGS013: doesn't show hand 
*** SUMMARY ***
Total pot $6 | Rake $0 
Seat 1: JP231608 (button) folded before Flop (didn't bet)
Seat 2: AlexPinsk1 (small blind) folded before Flop
Seat 3: BGS013 (big blind) collected ($6)
Seat 4: VahTang_89 folded before Flop (didn't bet)
Seat 5: sta$igk folded before Flop (didn't bet)
Seat 6: BumHuntKing folded before Flop (didn't bet)



PokerStars Hand #254625944795:  Hold'em No Limit ($0.50/$1.00 USD) - 2025/01/30 19:18:29 WET [2025/01/30 14:18:29 ET]
Table 'Tea' 6-max Seat #2 is the button
Seat 1: JP231608 ($91.46 in chips) 
Seat 2: AlexPinsk1 ($105.57 in chips) 
Seat 3: BGS013 ($104.50 in chips) 
Seat 4: VahTang_89 ($121.72 in chips) 
Seat 5: sta$igk ($112.83 in chips) 
Seat 6: BumHuntKing ($113.09 in chips) 
BGS013: posts small blind $0.50
VahTang_89: posts big blind $1
*** HOLE CARDS ***
sta$igk: raises $1.50 to $2.50
BumHuntKing: folds 
JP231608: folds 
AlexPinsk1: folds 
BGS013: folds 
VahTang_89: folds 
Uncalled bet ($1.50) returned to sta$igk
sta$igk collected $2.50 from pot
sta$igk: doesn't show hand 
*** SUMMARY ***
Total pot $2.50 | Rake $0 
Seat 1: JP231608 folded before Flop (didn't bet)
Seat 2: AlexPinsk1 (button) folded before Flop (didn't bet)
Seat 3: BGS013 (small blind) folded before Flop
Seat 4: VahTang_89 (big blind) folded before Flop
Seat 5: sta$igk collected ($2.50)
Seat 6: BumHuntKing folded before Flop (didn't bet)



PokerStars Hand #254625948048:  Hold'em No Limit ($0.50/$1.00 USD) - 2025/01/30 19:18:41 WET [2025/01/30 14:18:41 ET]
Table 'Tea' 6-max Seat #3 is the button
Seat 1: JP231608 ($91.46 in chips) 
Seat 2: AlexPinsk1 ($105.57 in chips) 
Seat 3: BGS013 ($104 in chips) 
Seat 4: VahTang_89 ($120.72 in chips) 
Seat 5: sta$igk ($114.33 in chips) 
Seat 6: BumHuntKing ($113.09 in chips) 
VahTang_89: posts small blind $0.50
sta$igk: posts big blind $1
*** HOLE CARDS ***
BumHuntKing: folds 
JP231608: folds 
AlexPinsk1: folds 
BGS013: folds 
VahTang_89: folds 
Uncalled bet ($0.50) returned to sta$igk
sta$igk collected $1 from pot
sta$igk: doesn't show hand 
*** SUMMARY ***
Total pot $1 | Rake $0 
Seat 1: JP231608 folded before Flop (didn't bet)
Seat 2: AlexPinsk1 folded before Flop (didn't bet)
Seat 3: BGS013 (button) folded before Flop (didn't bet)
Seat 4: VahTang_89 (small blind) folded before Flop
Seat 5: sta$igk (big blind) collected ($1)
Seat 6: BumHuntKing folded before Flop (didn't bet)



PokerStars Hand #254625953195:  Hold'em No Limit ($0.50/$1.00 USD) - 2025/01/30 19:18:59 WET [2025/01/30 14:18:59 ET]
Table 'Tea' 6-max Seat #4 is the button
Seat 1: JP231608 ($91.46 in chips) 
Seat 2: AlexPinsk1 ($105.57 in chips) 
Seat 3: BGS013 ($104 in chips) 
Seat 4: VahTang_89 ($120.22 in chips) 
Seat 5: sta$igk ($114.83 in chips) 
Seat 6: BumHuntKing ($113.09 in chips) 
sta$igk: posts small blind $0.50
BumHuntKing: posts big blind $1
*** HOLE CARDS ***
JP231608: folds 
AlexPinsk1: folds 
BGS013: folds 
VahTang_89: folds 
sta$igk: folds 
Uncalled bet ($0.50) returned to BumHuntKing
BumHuntKing collected $1 from pot
BumHuntKing: doesn't show hand 
*** SUMMARY ***
Total pot $1 | Rake $0 
Seat 1: JP231608 folded before Flop (didn't bet)
Seat 2: AlexPinsk1 folded before Flop (didn't bet)
Seat 3: BGS013 folded before Flop (didn't bet)
Seat 4: VahTang_89 (button) folded before Flop (didn't bet)
Seat 5: sta$igk (small blind) folded before Flop
Seat 6: BumHuntKing (big blind) collected ($1)



PokerStars Hand #254625956806:  Hold'em No Limit ($0.50/$1.00 USD) - 2025/01/30 19:19:12 WET [2025/01/30 14:19:12 ET]
Table 'Tea' 6-max Seat #5 is the button
Seat 1: JP231608 ($91.46 in chips) 
Seat 2: AlexPinsk1 ($105.57 in chips) 
Seat 3: BGS013 ($104 in chips) 
Seat 4: VahTang_89 ($120.22 in chips) 
Seat 5: sta$igk ($114.33 in chips) 
Seat 6: BumHuntKing ($113.59 in chips) 
BumHuntKing: posts small blind $0.50
JP231608: posts big blind $1
*** HOLE CARDS ***
AlexPinsk1: folds 
BGS013: raises $1 to $2
VahTang_89: folds 
sta$igk: folds 
BumHuntKing: folds 
JP231608: folds 
Uncalled bet ($1) returned to BGS013
BGS013 collected $2.50 from pot
BGS013: doesn't show hand 
*** SUMMARY ***
Total pot $2.50 | Rake $0 
Seat 1: JP231608 (big blind) folded before Flop
Seat 2: AlexPinsk1 folded before Flop (didn't bet)
Seat 3: BGS013 collected ($2.50)
Seat 4: VahTang_89 folded before Flop (didn't bet)
Seat 5: sta$igk (button) folded before Flop (didn't bet)
Seat 6: BumHuntKing (small blind) folded before Flop



PokerStars Hand #254625961194:  Hold'em No Limit ($0.50/$1.00 USD) - 2025/01/30 19:19:28 WET [2025/01/30 14:19:28 ET]
Table 'Tea' 6-max Seat #6 is the button
Seat 1: JP231608 ($90.46 in chips) 
Seat 2: AlexPinsk1 ($105.57 in chips) 
Seat 3: BGS013 ($105.50 in chips) 
Seat 4: VahTang_89 ($120.22 in chips) 
Seat 5: sta$igk ($114.33 in chips) 
Seat 6: BumHuntKing ($113.09 in chips) 
JP231608: posts small blind $0.50
AlexPinsk1: posts big blind $1
*** HOLE CARDS ***
BGS013: folds 
VahTang_89: folds 
sta$igk: folds 
BumHuntKing: folds 
JP231608: raises $1 to $2
AlexPinsk1: calls $1
*** FLOP *** [4s 3d Th]
JP231608: bets $3.80
AlexPinsk1: folds 
Uncalled bet ($3.80) returned to JP231608
JP231608 collected $3.75 from pot
*** SUMMARY ***
Total pot $4 | Rake $0.25 
Board [4s 3d Th]
Seat 1: JP231608 (small blind) collected ($3.75)
Seat 2: AlexPinsk1 (big blind) folded on the Flop
Seat 3: BGS013 folded before Flop (didn't bet)
Seat 4: VahTang_89 folded before Flop (didn't bet)
Seat 5: sta$igk folded before Flop (didn't bet)
Seat 6: BumHuntKing (button) folded before Flop (didn't bet)



PokerStars Hand #254625970178:  Hold'em No Limit ($0.50/$1.00 USD) - 2025/01/30 19:20:00 WET [2025/01/30 14:20:00 ET]
Table 'Tea' 6-max Seat #1 is the button
Seat 1: JP231608 ($92.21 in chips) 
Seat 2: AlexPinsk1 ($103.57 in chips) 
Seat 3: BGS013 ($105.50 in chips) 
Seat 4: VahTang_89 ($120.22 in chips) 
Seat 5: sta$igk ($114.33 in chips) 
Seat 6: BumHuntKing ($113.09 in chips) 
AlexPinsk1: posts small blind $0.50
BGS013: posts big blind $1
*** HOLE CARDS ***
VahTang_89: folds 
sta$igk: raises $1.50 to $2.50
BumHuntKing: folds 
JP231608: calls $2.50
AlexPinsk1: folds 
BGS013: calls $1.50
*** FLOP *** [Kh 9s 5d]
BGS013: checks 
sta$igk: bets $2.51
JP231608: folds 
BGS013: calls $2.51
*** TURN *** [Kh 9s 5d] [6d]
BGS013: checks 
sta$igk: checks 
*** RIVER *** [Kh 9s 5d 6d] [Jh]
BGS013: bets $20
sta$igk: calls $20
*** SHOW DOWN ***
BGS013: shows [8c 7c] (a straight, Five to Nine)
sta$igk: mucks hand 
BGS013 collected $50.52 from pot
*** SUMMARY ***
Total pot $53.02 | Rake $2.50 
Board [Kh 9s 5d 6d Jh]
Seat 1: JP231608 (button) folded on the Flop
Seat 2: AlexPinsk1 (small blind) folded before Flop
Seat 3: BGS013 (big blind) showed [8c 7c] and won ($50.52) with a straight, Five to Nine
Seat 4: VahTang_89 folded before Flop (didn't bet)
Seat 5: sta$igk mucked
Seat 6: BumHuntKing folded before Flop (didn't bet)



PokerStars Hand #254625989408:  Hold'em No Limit ($0.50/$1.00 USD) - 2025/01/30 19:21:08 WET [2025/01/30 14:21:08 ET]
Table 'Tea' 6-max Seat #2 is the button
Seat 1: JP231608 ($89.71 in chips) 
Seat 2: AlexPinsk1 ($103.07 in chips) 
Seat 3: BGS013 ($131.01 in chips) 
Seat 4: VahTang_89 ($120.22 in chips) 
Seat 5: sta$igk ($100 in chips) 
Seat 6: BumHuntKing ($113.09 in chips) 
BGS013: posts small blind $0.50
VahTang_89: posts big blind $1
*** HOLE CARDS ***
sta$igk: folds 
BumHuntKing: folds 
JP231608: raises $4 to $5
AlexPinsk1: folds 
BGS013: folds 
VahTang_89: folds 
Uncalled bet ($4) returned to JP231608
JP231608 collected $2.50 from pot
*** SUMMARY ***
Total pot $2.50 | Rake $0 
Seat 1: JP231608 collected ($2.50)
Seat 2: AlexPinsk1 (button) folded before Flop (didn't bet)
Seat 3: BGS013 (small blind) folded before Flop
Seat 4: VahTang_89 (big blind) folded before Flop
Seat 5: sta$igk folded before Flop (didn't bet)
Seat 6: BumHuntKing folded before Flop (didn't bet)



PokerStars Hand #254625993628:  Hold'em No Limit ($0.50/$1.00 USD) - 2025/01/30 19:21:23 WET [2025/01/30 14:21:23 ET]
Table 'Tea' 6-max Seat #3 is the button
Seat 1: JP231608 ($91.21 in chips) 
Seat 2: AlexPinsk1 ($103.07 in chips) 
Seat 3: BGS013 ($130.51 in chips) 
Seat 4: VahTang_89 ($119.22 in chips) 
Seat 5: sta$igk ($100 in chips) 
Seat 6: BumHuntKing ($113.09 in chips) 
VahTang_89: posts small blind $0.50
sta$igk: posts big blind $1
*** HOLE CARDS ***
BumHuntKing: folds 
JP231608: folds 
AlexPinsk1: raises $1.50 to $2.50
BGS013: folds 
VahTang_89: raises $8.50 to $11
sta$igk: folds 
AlexPinsk1: calls $8.50
*** FLOP *** [2c 8s Ts]
VahTang_89: bets $10.93
AlexPinsk1: calls $10.93
*** TURN *** [2c 8s Ts] [Jc]
VahTang_89: bets $21.31
AlexPinsk1: calls $21.31
*** RIVER *** [2c 8s Ts Jc] [Ks]
VahTang_89: checks 
AlexPinsk1: bets $59.83 and is all-in
VahTang_89: calls $59.83
*** SHOW DOWN ***
AlexPinsk1: shows [5s 4s] (a flush, King high)
VahTang_89: shows [Qs Qd] (a pair of Queens)
AlexPinsk1 collected $204.64 from pot
*** SUMMARY ***
Total pot $207.14 | Rake $2.50 
Board [2c 8s Ts Jc Ks]
Seat 1: JP231608 folded before Flop (didn't bet)
Seat 2: AlexPinsk1 showed [5s 4s] and won ($204.64) with a flush, King high
Seat 3: BGS013 (button) folded before Flop (didn't bet)
Seat 4: VahTang_89 (small blind) showed [Qs Qd] and lost with a pair of Queens
Seat 5: sta$igk (big blind) folded before Flop
Seat 6: BumHuntKing folded before Flop (didn't bet)



PokerStars Hand #254626025785:  Hold'em No Limit ($0.50/$1.00 USD) - 2025/01/30 19:23:17 WET [2025/01/30 14:23:17 ET]
Table 'Tea' 6-max Seat #4 is the button
Seat 1: JP231608 ($91.21 in chips) 
Seat 2: AlexPinsk1 ($204.64 in chips) 
Seat 3: BGS013 ($130.51 in chips) 
Seat 4: VahTang_89 ($100 in chips) 
Seat 5: sta$igk ($100 in chips) 
Seat 6: BumHuntKing ($113.09 in chips) 
sta$igk: posts small blind $0.50
BumHuntKing: posts big blind $1
*** HOLE CARDS ***
JP231608: folds 
AlexPinsk1: folds 
BGS013: folds 
VahTang_89: folds 
sta$igk: folds 
Uncalled bet ($0.50) returned to BumHuntKing
BumHuntKing collected $1 from pot
BumHuntKing: doesn't show hand 
*** SUMMARY ***
Total pot $1 | Rake $0 
Seat 1: JP231608 folded before Flop (didn't bet)
Seat 2: AlexPinsk1 folded before Flop (didn't bet)
Seat 3: BGS013 folded before Flop (didn't bet)
Seat 4: VahTang_89 (button) folded before Flop (didn't bet)
Seat 5: sta$igk (small blind) folded before Flop
Seat 6: BumHuntKing (big blind) collected ($1)



PokerStars Hand #254626055516:  Hold'em No Limit ($0.50/$1.00 USD) - 2025/01/30 19:25:03 WET [2025/01/30 14:25:03 ET]
Table 'Tea' 6-max Seat #2 is the button
Seat 1: JP231608 ($85.66 in chips) 
Seat 2: AlexPinsk1 ($203.14 in chips) 
Seat 3: BGS013 ($131.01 in chips) 
Seat 4: VahTang_89 ($100 in chips) 
Seat 5: sta$igk ($100 in chips) 
Seat 6: BumHuntKing ($119.66 in chips) 
BGS013: posts small blind $0.50
VahTang_89: posts big blind $1
*** HOLE CARDS ***
sta$igk: folds 
BumHuntKing: folds 
JP231608: raises $1 to $2
AlexPinsk1: folds 
BGS013: folds 
VahTang_89: calls $1
*** FLOP *** [6d Ts Ah]
VahTang_89: checks 
JP231608: bets $3.14
VahTang_89: folds 
Uncalled bet ($3.14) returned to JP231608
JP231608 collected $4.22 from pot
*** SUMMARY ***
Total pot $4.50 | Rake $0.28 
Board [6d Ts Ah]
Seat 1: JP231608 collected ($4.22)
Seat 2: AlexPinsk1 (button) folded before Flop (didn't bet)
Seat 3: BGS013 (small blind) folded before Flop
Seat 4: VahTang_89 (big blind) folded on the Flop
Seat 5: sta$igk folded before Flop (didn't bet)
Seat 6: BumHuntKing folded before Flop (didn't bet)



PokerStars Hand #254626061790:  Hold'em No Limit ($0.50/$1.00 USD) - 2025/01/30 19:25:25 WET [2025/01/30 14:25:25 ET]
Table 'Tea' 6-max Seat #3 is the button
Seat 1: JP231608 ($87.88 in chips) 
Seat 2: AlexPinsk1 ($203.14 in chips) 
Seat 3: BGS013 ($130.51 in chips) 
Seat 4: VahTang_89 ($100 in chips) 
Seat 5: sta$igk ($100 in chips) 
Seat 6: BumHuntKing ($119.66 in chips) 
VahTang_89: posts small blind $0.50
sta$igk: posts big blind $1
*** HOLE CARDS ***
BumHuntKing: folds 
JP231608: raises $2 to $3
AlexPinsk1: folds 
BGS013: folds 
VahTang_89: folds 
sta$igk: folds 
Uncalled bet ($2) returned to JP231608
JP231608 collected $2.50 from pot
*** SUMMARY ***
Total pot $2.50 | Rake $0 
Seat 1: JP231608 collected ($2.50)
Seat 2: AlexPinsk1 folded before Flop (didn't bet)
Seat 3: BGS013 (button) folded before Flop (didn't bet)
Seat 4: VahTang_89 (small blind) folded before Flop
Seat 5: sta$igk (big blind) folded before Flop
Seat 6: BumHuntKing folded before Flop (didn't bet)



PokerStars Hand #254626066749:  Hold'em No Limit ($0.50/$1.00 USD) - 2025/01/30 19:25:43 WET [2025/01/30 14:25:43 ET]
Table 'Tea' 6-max Seat #4 is the button
Seat 6: BumHuntKing ($119.66 in chips) is sitting out
Seat 1: JP231608 ($89.38 in chips) 
Seat 2: AlexPinsk1 ($203.14 in chips) 
Seat 3: BGS013 ($130.51 in chips) 
Seat 4: VahTang_89 ($100 in chips) 
Seat 5: sta$igk ($100 in chips) 
sta$igk: posts small blind $0.50
BumHuntKing: is sitting out 
JP231608: posts big blind $1
*** HOLE CARDS ***
AlexPinsk1: folds 
BGS013: folds 
VahTang_89: folds 
sta$igk: folds 
Uncalled bet ($0.50) returned to JP231608
JP231608 collected $1 from pot
*** SUMMARY ***
Total pot $1 | Rake $0 
Seat 6: BumHuntKing
Seat 1: JP231608 (big blind) collected ($1)
Seat 2: AlexPinsk1 folded before Flop (didn't bet)
Seat 3: BGS013 folded before Flop (didn't bet)
Seat 4: VahTang_89 (button) folded before Flop (didn't bet)
Seat 5: sta$igk (small blind) folded before Flop



PokerStars Hand #254626029546:  Hold'em No Limit ($0.50/$1.00 USD) - 2025/01/30 19:23:30 WET [2025/01/30 14:23:30 ET]
Table 'Tea' 6-max Seat #5 is the button
Seat 1: JP231608 ($91.21 in chips) 
Seat 2: AlexPinsk1 ($204.64 in chips) 
Seat 3: BGS013 ($130.51 in chips) 
Seat 4: VahTang_89 ($100 in chips) 
Seat 5: sta$igk ($100 in chips) 
Seat 6: BumHuntKing ($113.59 in chips) 
BumHuntKing: posts small blind $0.50
JP231608: posts big blind $1
*** HOLE CARDS ***
AlexPinsk1: folds 
BGS013: raises $1 to $2
VahTang_89: folds 
sta$igk: folds 
BumHuntKing: folds 
JP231608: folds 
Uncalled bet ($1) returned to BGS013
BGS013 collected $2.50 from pot
BGS013: doesn't show hand 
*** SUMMARY ***
Total pot $2.50 | Rake $0 
Seat 1: JP231608 (big blind) folded before Flop
Seat 2: AlexPinsk1 folded before Flop (didn't bet)
Seat 3: BGS013 collected ($2.50)
Seat 4: VahTang_89 folded before Flop (didn't bet)
Seat 5: sta$igk (button) folded before Flop (didn't bet)
Seat 6: BumHuntKing (small blind) folded before Flop



PokerStars Hand #254626036933:  Hold'em No Limit ($0.50/$1.00 USD) - 2025/01/30 19:23:57 WET [2025/01/30 14:23:57 ET]
Table 'Tea' 6-max Seat #6 is the button
Seat 1: JP231608 ($90.21 in chips) 
Seat 2: AlexPinsk1 ($204.64 in chips) 
Seat 3: BGS013 ($132.01 in chips) 
Seat 4: VahTang_89 ($100 in chips) 
Seat 5: sta$igk ($100 in chips) 
Seat 6: BumHuntKing ($113.09 in chips) 
JP231608: posts small blind $0.50
AlexPinsk1: posts big blind $1
*** HOLE CARDS ***
BGS013: folds 
VahTang_89: folds 
sta$igk: folds 
BumHuntKing: raises $1.50 to $2.50
JP231608: folds 
AlexPinsk1: folds 
Uncalled bet ($1.50) returned to BumHuntKing
BumHuntKing collected $2.50 from pot
BumHuntKing: doesn't show hand 
*** SUMMARY ***
Total pot $2.50 | Rake $0 
Seat 1: JP231608 (small blind) folded before Flop
Seat 2: AlexPinsk1 (big blind) folded before Flop
Seat 3: BGS013 folded before Flop (didn't bet)
Seat 4: VahTang_89 folded before Flop (didn't bet)
Seat 5: sta$igk folded before Flop (didn't bet)
Seat 6: BumHuntKing (button) collected ($2.50)



PokerStars Hand #254626043122:  Hold'em No Limit ($0.50/$1.00 USD) - 2025/01/30 19:24:19 WET [2025/01/30 14:24:19 ET]
Table 'Tea' 6-max Seat #1 is the button
Seat 1: JP231608 ($89.71 in chips) 
Seat 2: AlexPinsk1 ($203.64 in chips) 
Seat 3: BGS013 ($132.01 in chips) 
Seat 4: VahTang_89 ($100 in chips) 
Seat 5: sta$igk ($100 in chips) 
Seat 6: BumHuntKing ($114.59 in chips) 
AlexPinsk1: posts small blind $0.50
BGS013: posts big blind $1
*** HOLE CARDS ***
VahTang_89: folds 
sta$igk: folds 
BumHuntKing: raises $1.20 to $2.20
JP231608: calls $2.20
AlexPinsk1: folds 
BGS013: folds 
*** FLOP *** [Qc As 6c]
BumHuntKing: bets $1.85
JP231608: calls $1.85
*** TURN *** [Qc As 6c] [3d]
BumHuntKing: checks 
JP231608: checks 
*** RIVER *** [Qc As 6c 3d] [6h]
BumHuntKing: checks 
JP231608: checks 
*** SHOW DOWN ***
BumHuntKing: shows [Qd 8d] (two pair, Queens and Sixes)
JP231608: mucks hand 
BumHuntKing collected $9.12 from pot
*** SUMMARY ***
Total pot $9.60 | Rake $0.48 
Board [Qc As 6c 3d 6h]
Seat 1: JP231608 (button) mucked
Seat 2: AlexPinsk1 (small blind) folded before Flop
Seat 3: BGS013 (big blind) folded before Flop
Seat 4: VahTang_89 folded before Flop (didn't bet)
Seat 5: sta$igk folded before Flop (didn't bet)
Seat 6: BumHuntKing showed [Qd 8d] and won ($9.12) with two pair, Queens and Sixes



PokerStars Hand #254626069544:  Hold'em No Limit ($0.50/$1.00 USD) - 2025/01/30 19:25:52 WET [2025/01/30 14:25:52 ET]
Table 'Tea' 6-max Seat #5 is the button
Seat 6: BumHuntKing ($119.66 in chips) is sitting out
Seat 1: JP231608 ($89.88 in chips) 
Seat 2: AlexPinsk1 ($203.14 in chips) 
Seat 3: BGS013 ($130.51 in chips) 
Seat 4: VahTang_89 ($100 in chips) 
Seat 5: sta$igk ($100 in chips) 
JP231608: posts small blind $0.50
AlexPinsk1: posts big blind $1
*** HOLE CARDS ***
BGS013: raises $1 to $2
VahTang_89: folds 
sta$igk: folds 
JP231608: folds 
AlexPinsk1: calls $1
*** FLOP *** [6c Th 7s]
AlexPinsk1: checks 
BGS013: bets $2.35
AlexPinsk1: calls $2.35
*** TURN *** [6c Th 7s] [7h]
AlexPinsk1: checks 
BGS013: checks 
*** RIVER *** [6c Th 7s 7h] [Qc]
AlexPinsk1: checks 
BGS013: bets $5.82
AlexPinsk1: folds 
Uncalled bet ($5.82) returned to BGS013
BGS013 collected $8.74 from pot
BGS013: doesn't show hand 
*** SUMMARY ***
Total pot $9.20 | Rake $0.46 
Board [6c Th 7s 7h Qc]
Seat 6: BumHuntKing
Seat 1: JP231608 (small blind) folded before Flop
Seat 2: AlexPinsk1 (big blind) folded on the River
Seat 3: BGS013 collected ($8.74)
Seat 4: VahTang_89 folded before Flop (didn't bet)
Seat 5: sta$igk (button) folded before Flop (didn't bet)



PokerStars Hand #254626087195:  Hold'em No Limit ($0.50/$1.00 USD) - 2025/01/30 19:26:55 WET [2025/01/30 14:26:55 ET]
Table 'Tea' 6-max Seat #1 is the button
Seat 6: BumHuntKing ($119.66 in chips) is sitting out
Seat 1: JP231608 ($89.38 in chips) 
Seat 2: AlexPinsk1 ($198.79 in chips) 
Seat 3: BGS013 ($134.90 in chips) 
Seat 4: VahTang_89 ($100 in chips) 
Seat 5: sta$igk ($100 in chips) 
AlexPinsk1: posts small blind $0.50
BGS013: posts big blind $1
*** HOLE CARDS ***
VahTang_89: folds 
sta$igk: folds 
JP231608: folds 
AlexPinsk1: raises $2 to $3
BGS013: calls $2
*** FLOP *** [3s Ac 9s]
AlexPinsk1: checks 
BGS013: checks 
*** TURN *** [3s Ac 9s] [7h]
AlexPinsk1: bets $1.88
BGS013: folds 
Uncalled bet ($1.88) returned to AlexPinsk1
AlexPinsk1 collected $5.70 from pot
AlexPinsk1: doesn't show hand 
*** SUMMARY ***
Total pot $6 | Rake $0.30 
Board [3s Ac 9s 7h]
Seat 6: BumHuntKing
Seat 1: JP231608 (button) folded before Flop (didn't bet)
Seat 2: AlexPinsk1 (small blind) collected ($5.70)
Seat 3: BGS013 (big blind) folded on the Turn
Seat 4: VahTang_89 folded before Flop (didn't bet)
Seat 5: sta$igk folded before Flop (didn't bet)



PokerStars Hand #254626102530:  Hold'em No Limit ($0.50/$1.00 USD) - 2025/01/30 19:27:50 WET [2025/01/30 14:27:50 ET]
Table 'Tea' 6-max Seat #2 is the button
Seat 6: BumHuntKing ($119.66 in chips) is sitting out
Seat 1: JP231608 ($89.38 in chips) 
Seat 2: AlexPinsk1 ($201.49 in chips) 
Seat 3: BGS013 ($131.90 in chips) 
Seat 4: VahTang_89 ($100 in chips) 
Seat 5: sta$igk ($100 in chips) 
BGS013: posts small blind $0.50
VahTang_89: posts big blind $1
*** HOLE CARDS ***
sta$igk: folds 
JP231608: raises $2 to $3
AlexPinsk1: raises $6 to $9
BumHuntKing leaves the table
BGS013: folds 
VahTang_89: folds 
JP231608: calls $6
*** FLOP *** [4d 2h 7c]
JP231608: bets $10.26
S3MPR3IGUAL joins the table at seat #6 
AlexPinsk1: calls $10.26
*** TURN *** [4d 2h 7c] [4c]
JP231608: bets $19.01
AlexPinsk1: folds 
Uncalled bet ($19.01) returned to JP231608
JP231608 collected $37.52 from pot
*** SUMMARY ***
Total pot $40.02 | Rake $2.50 
Board [4d 2h 7c 4c]
Seat 6: BumHuntKing
Seat 1: JP231608 collected ($37.52)
Seat 2: AlexPinsk1 (button) folded on the Turn
Seat 3: BGS013 (small blind) folded before Flop
Seat 4: VahTang_89 (big blind) folded before Flop
Seat 5: sta$igk folded before Flop (didn't bet)



PokerStars Hand #254626118017:  Hold'em No Limit ($0.50/$1.00 USD) - 2025/01/30 19:28:45 WET [2025/01/30 14:28:45 ET]
Table 'Tea' 6-max Seat #3 is the button
Seat 6: S3MPR3IGUAL ($100 in chips) is sitting out
Seat 1: JP231608 ($107.64 in chips) 
Seat 2: AlexPinsk1 ($182.23 in chips) 
Seat 3: BGS013 ($131.40 in chips) 
Seat 4: VahTang_89 ($100 in chips) 
Seat 5: sta$igk ($100 in chips) 
VahTang_89: posts small blind $0.50
sta$igk: posts big blind $1
S3MPR3IGUAL: sits out 
*** HOLE CARDS ***
JP231608: folds 
AlexPinsk1: folds 
BGS013: folds 
VahTang_89: folds 
Uncalled bet ($0.50) returned to sta$igk
sta$igk collected $1 from pot
sta$igk: doesn't show hand 
*** SUMMARY ***
Total pot $1 | Rake $0 
Seat 6: S3MPR3IGUAL
Seat 1: JP231608 folded before Flop (didn't bet)
Seat 2: AlexPinsk1 folded before Flop (didn't bet)
Seat 3: BGS013 (button) folded before Flop (didn't bet)
Seat 4: VahTang_89 (small blind) folded before Flop
Seat 5: sta$igk (big blind) collected ($1)



PokerStars Hand #254626121146:  Hold'em No Limit ($0.50/$1.00 USD) - 2025/01/30 19:28:56 WET [2025/01/30 14:28:56 ET]
Table 'Tea' 6-max Seat #4 is the button
Seat 1: JP231608 ($107.64 in chips) 
Seat 2: AlexPinsk1 ($182.23 in chips) 
Seat 3: BGS013 ($131.40 in chips) 
Seat 4: VahTang_89 ($100 in chips) 
Seat 5: sta$igk ($100.50 in chips) 
Seat 6: S3MPR3IGUAL ($100 in chips) 
sta$igk: posts small blind $0.50
S3MPR3IGUAL: posts big blind $1
*** HOLE CARDS ***
JP231608: raises $1 to $2
AlexPinsk1: raises $5 to $7
BGS013: raises $12.50 to $19.50
VahTang_89: folds 
sta$igk: folds 
S3MPR3IGUAL: folds 
JP231608: folds 
AlexPinsk1: folds 
Uncalled bet ($12.50) returned to BGS013
BGS013 collected $17.50 from pot
BGS013: doesn't show hand 
*** SUMMARY ***
Total pot $17.50 | Rake $0 
Seat 1: JP231608 folded before Flop
Seat 2: AlexPinsk1 folded before Flop
Seat 3: BGS013 collected ($17.50)
Seat 4: VahTang_89 (button) folded before Flop (didn't bet)
Seat 5: sta$igk (small blind) folded before Flop
Seat 6: S3MPR3IGUAL (big blind) folded before Flop



PokerStars Hand #254626128813:  Hold'em No Limit ($0.50/$1.00 USD) - 2025/01/30 19:29:23 WET [2025/01/30 14:29:23 ET]
Table 'Tea' 6-max Seat #5 is the button
Seat 1: JP231608 ($105.64 in chips) 
Seat 2: AlexPinsk1 ($175.23 in chips) 
Seat 3: BGS013 ($141.90 in chips) 
Seat 4: VahTang_89 ($100 in chips) 
Seat 5: sta$igk ($100 in chips) 
Seat 6: S3MPR3IGUAL ($100 in chips) 
S3MPR3IGUAL: posts small blind $0.50
JP231608: posts big blind $1
*** HOLE CARDS ***
AlexPinsk1: folds 
BGS013: folds 
VahTang_89: folds 
sta$igk: raises $1.50 to $2.50
S3MPR3IGUAL: folds 
JP231608: folds 
Uncalled bet ($1.50) returned to sta$igk
sta$igk collected $2.50 from pot
sta$igk: doesn't show hand 
*** SUMMARY ***
Total pot $2.50 | Rake $0 
Seat 1: JP231608 (big blind) folded before Flop
Seat 2: AlexPinsk1 folded before Flop (didn't bet)
Seat 3: BGS013 folded before Flop (didn't bet)
Seat 4: VahTang_89 folded before Flop (didn't bet)
Seat 5: sta$igk (button) collected ($2.50)
Seat 6: S3MPR3IGUAL (small blind) folded before Flop



PokerStars Hand #254626132177:  Hold'em No Limit ($0.50/$1.00 USD) - 2025/01/30 19:29:35 WET [2025/01/30 14:29:35 ET]
Table 'Tea' 6-max Seat #6 is the button
Seat 1: JP231608 ($104.64 in chips) 
Seat 2: AlexPinsk1 ($175.23 in chips) 
Seat 3: BGS013 ($141.90 in chips) 
Seat 4: VahTang_89 ($100 in chips) 
Seat 5: sta$igk ($101.50 in chips) 
Seat 6: S3MPR3IGUAL ($100 in chips) 
JP231608: posts small blind $0.50
AlexPinsk1: posts big blind $1
*** HOLE CARDS ***
BGS013: folds 
VahTang_89: folds 
sta$igk: folds 
S3MPR3IGUAL: raises $1.20 to $2.20
JP231608: folds 
AlexPinsk1: folds 
Uncalled bet ($1.20) returned to S3MPR3IGUAL
S3MPR3IGUAL collected $2.50 from pot
S3MPR3IGUAL: doesn't show hand 
*** SUMMARY ***
Total pot $2.50 | Rake $0 
Seat 1: JP231608 (small blind) folded before Flop
Seat 2: AlexPinsk1 (big blind) folded before Flop
Seat 3: BGS013 folded before Flop (didn't bet)
Seat 4: VahTang_89 folded before Flop (didn't bet)
Seat 5: sta$igk folded before Flop (didn't bet)
Seat 6: S3MPR3IGUAL (button) collected ($2.50)



PokerStars Hand #254626140429:  Hold'em No Limit ($0.50/$1.00 USD) - 2025/01/30 19:30:04 WET [2025/01/30 14:30:04 ET]
Table 'Tea' 6-max Seat #1 is the button
Seat 1: JP231608 ($104.14 in chips) 
Seat 2: AlexPinsk1 ($174.23 in chips) 
Seat 3: BGS013 ($141.90 in chips) 
Seat 4: VahTang_89 ($100 in chips) 
Seat 5: sta$igk ($101.50 in chips) 
Seat 6: S3MPR3IGUAL ($101.50 in chips) 
AlexPinsk1: posts small blind $0.50
BGS013: posts big blind $1
*** HOLE CARDS ***
VahTang_89: folds 
sta$igk: folds 
S3MPR3IGUAL: folds 
JP231608: folds 
AlexPinsk1: raises $2 to $3
BGS013: folds 
Uncalled bet ($2) returned to AlexPinsk1
AlexPinsk1 collected $2 from pot
AlexPinsk1: doesn't show hand 
*** SUMMARY ***
Total pot $2 | Rake $0 
Seat 1: JP231608 (button) folded before Flop (didn't bet)
Seat 2: AlexPinsk1 (small blind) collected ($2)
Seat 3: BGS013 (big blind) folded before Flop
Seat 4: VahTang_89 folded before Flop (didn't bet)
Seat 5: sta$igk folded before Flop (didn't bet)
Seat 6: S3MPR3IGUAL folded before Flop (didn't bet)



PokerStars Hand #254626145951:  Hold'em No Limit ($0.50/$1.00 USD) - 2025/01/30 19:30:24 WET [2025/01/30 14:30:24 ET]
Table 'Tea' 6-max Seat #2 is the button
Seat 1: JP231608 ($104.14 in chips) 
Seat 2: AlexPinsk1 ($175.23 in chips) 
Seat 3: BGS013 ($140.90 in chips) 
Seat 4: VahTang_89 ($100 in chips) 
Seat 5: sta$igk ($101.50 in chips) 
Seat 6: S3MPR3IGUAL ($101.50 in chips) 
BGS013: posts small blind $0.50
VahTang_89: posts big blind $1
*** HOLE CARDS ***
sta$igk: folds 
S3MPR3IGUAL: folds 
JP231608: folds 
AlexPinsk1: folds 
BGS013: raises $2 to $3
VahTang_89: calls $2
*** FLOP *** [Jd 7d 7h]
BGS013: bets $1.48
VahTang_89: folds 
Uncalled bet ($1.48) returned to BGS013
BGS013 collected $5.70 from pot
BGS013: doesn't show hand 
*** SUMMARY ***
Total pot $6 | Rake $0.30 
Board [Jd 7d 7h]
Seat 1: JP231608 folded before Flop (didn't bet)
Seat 2: AlexPinsk1 (button) folded before Flop (didn't bet)
Seat 3: BGS013 (small blind) collected ($5.70)
Seat 4: VahTang_89 (big blind) folded on the Flop
Seat 5: sta$igk folded before Flop (didn't bet)
Seat 6: S3MPR3IGUAL folded before Flop (didn't bet)



PokerStars Hand #254626152535:  Hold'em No Limit ($0.50/$1.00 USD) - 2025/01/30 19:30:47 WET [2025/01/30 14:30:47 ET]
Table 'Tea' 6-max Seat #3 is the button
Seat 1: JP231608 ($104.14 in chips) 
Seat 2: AlexPinsk1 ($175.23 in chips) 
Seat 3: BGS013 ($143.60 in chips) 
Seat 4: VahTang_89 ($100 in chips) 
Seat 5: sta$igk ($101.50 in chips) 
Seat 6: S3MPR3IGUAL ($101.50 in chips) 
VahTang_89: posts small blind $0.50
sta$igk: posts big blind $1
*** HOLE CARDS ***
S3MPR3IGUAL: folds 
JP231608: folds 
AlexPinsk1: folds 
BGS013: raises $1.50 to $2.50
VahTang_89: folds 
sta$igk: folds 
Uncalled bet ($1.50) returned to BGS013
BGS013 collected $2.50 from pot
BGS013: doesn't show hand 
*** SUMMARY ***
Total pot $2.50 | Rake $0 
Seat 1: JP231608 folded before Flop (didn't bet)
Seat 2: AlexPinsk1 folded before Flop (didn't bet)
Seat 3: BGS013 (button) collected ($2.50)
Seat 4: VahTang_89 (small blind) folded before Flop
Seat 5: sta$igk (big blind) folded before Flop
Seat 6: S3MPR3IGUAL folded before Flop (didn't bet)



PokerStars Hand #254626156025:  Hold'em No Limit ($0.50/$1.00 USD) - 2025/01/30 19:30:59 WET [2025/01/30 14:30:59 ET]
Table 'Tea' 6-max Seat #4 is the button
Seat 1: JP231608 ($104.14 in chips) 
Seat 2: AlexPinsk1 ($175.23 in chips) 
Seat 3: BGS013 ($145.10 in chips) 
Seat 4: VahTang_89 ($100 in chips) 
Seat 5: sta$igk ($100.50 in chips) 
Seat 6: S3MPR3IGUAL ($101.50 in chips) 
sta$igk: posts small blind $0.50
S3MPR3IGUAL: posts big blind $1
*** HOLE CARDS ***
JP231608: folds 
AlexPinsk1: folds 
BGS013: raises $1.50 to $2.50
VahTang_89: folds 
sta$igk: raises $8.50 to $11
S3MPR3IGUAL: folds 
BGS013: calls $8.50
*** FLOP *** [6c 8s Qc]
sta$igk: bets $7.21
BGS013: calls $7.21
*** TURN *** [6c 8s Qc] [7d]
sta$igk: checks 
BGS013: checks 
*** RIVER *** [6c 8s Qc 7d] [9s]
sta$igk: bets $11.73
BGS013: folds 
Uncalled bet ($11.73) returned to sta$igk
sta$igk collected $35.55 from pot
sta$igk: doesn't show hand 
*** SUMMARY ***
Total pot $37.42 | Rake $1.87 
Board [6c 8s Qc 7d 9s]
Seat 1: JP231608 folded before Flop (didn't bet)
Seat 2: AlexPinsk1 folded before Flop (didn't bet)
Seat 3: BGS013 folded on the River
Seat 4: VahTang_89 (button) folded before Flop (didn't bet)
Seat 5: sta$igk (small blind) collected ($35.55)
Seat 6: S3MPR3IGUAL (big blind) folded before Flop



PokerStars Hand #254626177263:  Hold'em No Limit ($0.50/$1.00 USD) - 2025/01/30 19:32:14 WET [2025/01/30 14:32:14 ET]
Table 'Tea' 6-max Seat #5 is the button
Seat 1: JP231608 ($104.14 in chips) 
Seat 2: AlexPinsk1 ($175.23 in chips) 
Seat 3: BGS013 ($126.89 in chips) 
Seat 4: VahTang_89 ($100 in chips) 
Seat 5: sta$igk ($117.84 in chips) 
Seat 6: S3MPR3IGUAL ($100.50 in chips) 
S3MPR3IGUAL: posts small blind $0.50
JP231608: posts big blind $1
*** HOLE CARDS ***
AlexPinsk1: raises $1.50 to $2.50
BGS013: folds 
VahTang_89: folds 
sta$igk: folds 
S3MPR3IGUAL: folds 
JP231608: raises $2.50 to $5
AlexPinsk1: raises $8.50 to $13.50
JP231608: raises $22.50 to $36
AlexPinsk1: calls $22.50
*** FLOP *** [Jh 2h 8d]
JP231608: bets $68.14 and is all-in
AlexPinsk1: calls $68.14
*** TURN *** [Jh 2h 8d] [5h]
*** RIVER *** [Jh 2h 8d 5h] [Td]
*** SHOW DOWN ***
JP231608: shows [Ac Kc] (high card Ace)
AlexPinsk1: shows [As Ah] (a pair of Aces)
AlexPinsk1 collected $206.28 from pot
*** SUMMARY ***
Total pot $208.78 | Rake $2.50 
Board [Jh 2h 8d 5h Td]
Seat 1: JP231608 (big blind) showed [Ac Kc] and lost with high card Ace
Seat 2: AlexPinsk1 showed [As Ah] and won ($206.28) with a pair of Aces
Seat 3: BGS013 folded before Flop (didn't bet)
Seat 4: VahTang_89 folded before Flop (didn't bet)
Seat 5: sta$igk (button) folded before Flop (didn't bet)
Seat 6: S3MPR3IGUAL (small blind) folded before Flop



PokerStars Hand #254626200857:  Hold'em No Limit ($0.50/$1.00 USD) - 2025/01/30 19:33:37 WET [2025/01/30 14:33:37 ET]
Table 'Tea' 6-max Seat #6 is the button
Seat 1: JP231608 ($0 in chips) is sitting out
Seat 2: AlexPinsk1 ($277.37 in chips) 
Seat 3: BGS013 ($126.89 in chips) 
Seat 4: VahTang_89 ($100 in chips) 
Seat 5: sta$igk ($117.84 in chips) 
Seat 6: S3MPR3IGUAL ($100 in chips) 
AlexPinsk1: posts small blind $0.50
BGS013: posts big blind $1
*** HOLE CARDS ***
VahTang_89: folds 
sta$igk: folds 
S3MPR3IGUAL: folds 
AlexPinsk1: raises $2 to $3
JP231608 is disconnected 
S3MPR3IGUAL leaves the table
BGS013: raises $6.50 to $9.50
sta$igk leaves the table
AlexPinsk1: raises $267.87 to $277.37 and is all-in
BGS013: folds 
Uncalled bet ($267.87) returned to AlexPinsk1
AlexPinsk1 collected $19 from pot
AlexPinsk1: doesn't show hand 
*** SUMMARY ***
Total pot $19 | Rake $0 
Seat 1: JP231608
Seat 2: AlexPinsk1 (small blind) collected ($19)
Seat 3: BGS013 (big blind) folded before Flop
Seat 4: VahTang_89 folded before Flop (didn't bet)
Seat 5: sta$igk folded before Flop (didn't bet)
Seat 6: S3MPR3IGUAL (button) folded before Flop (didn't bet)



