PokerStars Hand #254628382051:  Hold'em No Limit ($0.50/$1.00 USD) - 2025/01/30 21:39:30 WET [2025/01/30 16:39:30 ET]
Table 'Taygeta' 6-max Seat #6 is the button
Seat 3: laloo246 ($100 in chips) is sitting out
Seat 1: app1e_j@ck ($100 in chips) 
Seat 6: XneferX ($100 in chips) 
XneferX: posts small blind $0.50
app1e_j@ck: posts big blind $1
*** HOLE CARDS ***
XneferX: folds 
Uncalled bet ($0.50) returned to app1e_j@ck
app1e_j@ck collected $1 from pot
app1e_j@ck: doesn't show hand 
*** SUMMARY ***
Total pot $1 | Rake $0 
Seat 3: laloo246
Seat 1: app1e_j@ck (big blind) collected ($1)
Seat 6: XneferX (button) (small blind) folded before Flop



PokerStars Hand #254628384885:  Hold'em No Limit ($0.50/$1.00 USD) - 2025/01/30 21:39:39 WET [2025/01/30 16:39:39 ET]
Table 'Taygeta' 6-max Seat #1 is the button
Seat 3: laloo246 ($100 in chips) is sitting out
Seat 1: app1e_j@ck ($100.50 in chips) 
Seat 6: XneferX ($100 in chips) 
app1e_j@ck: posts small blind $0.50
XneferX: posts big blind $1
*** HOLE CARDS ***
app1e_j@ck: folds 
Uncalled bet ($0.50) returned to XneferX
XneferX collected $1 from pot
laloo246 leaves the table
XneferX: doesn't show hand 
app1e_j@ck leaves the table
*** SUMMARY ***
Total pot $1 | Rake $0 
Seat 3: laloo246
Seat 1: app1e_j@ck (button) (small blind) folded before Flop
Seat 6: XneferX (big blind) collected ($1)



PokerStars Hand #254628522042:  Hold'em No Limit ($0.50/$1.00 USD) - 2025/01/30 21:47:17 WET [2025/01/30 16:47:17 ET]
Table 'Taygeta' 6-max Seat #2 is the button
Seat 1: Kristo 914 ($100 in chips) is sitting out
Seat 3: laloo246 ($100 in chips) is sitting out
Seat 2: R.M.Farcas ($80 in chips) 
Seat 4: Espada Fish ($100 in chips) 
Seat 5: Manifestorr ($100 in chips) 
Seat 6: XneferX ($100.50 in chips) 
laloo246: is sitting out 
laloo246 leaves the table
Espada Fish: posts small blind $0.50
Manifestorr: posts big blind $1
*** HOLE CARDS ***
XneferX: raises $1.30 to $2.30
R.M.Farcas: calls $2.30
Espada Fish: folds 
Manifestorr: calls $1.30
*** FLOP *** [9c 3h Qh]
Manifestorr: checks 
XneferX: checks 
R.M.Farcas: bets $2.32
Manifestorr: raises $4.18 to $6.50
zhino joins the table at seat #3 
XneferX: folds 
R.M.Farcas: calls $4.18
*** TURN *** [9c 3h Qh] [4s]
Manifestorr: bets $15.05
R.M.Farcas: folds 
Uncalled bet ($15.05) returned to Manifestorr
Manifestorr collected $19.40 from pot
*** SUMMARY ***
Total pot $20.40 | Rake $1 
Board [9c 3h Qh 4s]
Seat 1: Kristo 914
Seat 3: laloo246
Seat 2: R.M.Farcas (button) folded on the Turn
Seat 4: Espada Fish (small blind) folded before Flop
Seat 5: Manifestorr (big blind) collected ($19.40)
Seat 6: XneferX folded on the Flop



PokerStars Hand #254628536731:  Hold'em No Limit ($0.50/$1.00 USD) - 2025/01/30 21:48:06 WET [2025/01/30 16:48:06 ET]
Table 'Taygeta' 6-max Seat #4 is the button
Seat 1: Kristo 914 ($100 in chips) is sitting out
Seat 3: zhino ($100 in chips) is sitting out
Seat 2: R.M.Farcas ($71.20 in chips) 
Seat 4: Espada Fish ($100 in chips) 
Seat 5: Manifestorr ($110.60 in chips) 
Seat 6: XneferX ($100 in chips) 
Manifestorr: posts small blind $0.50
XneferX: posts big blind $1
zhino: sits out 
*** HOLE CARDS ***
R.M.Farcas: folds 
Espada Fish: raises $1.50 to $2.50
Manifestorr: folds 
XneferX: calls $1.50
*** FLOP *** [9s 3c Ad]
XneferX: checks 
Espada Fish: checks 
*** TURN *** [9s 3c Ad] [4h]
XneferX: checks 
Espada Fish: checks 
*** RIVER *** [9s 3c Ad 4h] [Kc]
XneferX: bets $4.02
Espada Fish: calls $4.02
*** SHOW DOWN ***
XneferX: shows [7c Qc] (high card Ace)
Espada Fish: shows [8h 9d] (a pair of Nines)
Espada Fish collected $12.86 from pot
*** SUMMARY ***
Total pot $13.54 | Rake $0.68 
Board [9s 3c Ad 4h Kc]
Seat 1: Kristo 914
Seat 3: zhino
Seat 2: R.M.Farcas folded before Flop (didn't bet)
Seat 4: Espada Fish (button) showed [8h 9d] and won ($12.86) with a pair of Nines
Seat 5: Manifestorr (small blind) folded before Flop
Seat 6: XneferX (big blind) showed [7c Qc] and lost with high card Ace



PokerStars Hand #254628556919:  Hold'em No Limit ($0.50/$1.00 USD) - 2025/01/30 21:49:14 WET [2025/01/30 16:49:14 ET]
Table 'Taygeta' 6-max Seat #5 is the button
Seat 1: Kristo 914 ($100 in chips) is sitting out
Seat 3: zhino ($100 in chips) is sitting out
Seat 2: R.M.Farcas ($71.20 in chips) 
Seat 4: Espada Fish ($106.34 in chips) 
Seat 5: Manifestorr ($110.10 in chips) 
Seat 6: XneferX ($100 in chips) 
XneferX: posts small blind $0.50
R.M.Farcas: posts big blind $1
zhino: sits out 
*** HOLE CARDS ***
Espada Fish: folds 
Manifestorr: raises $1.20 to $2.20
XneferX: folds 
R.M.Farcas: calls $1.20
*** FLOP *** [9h As Td]
R.M.Farcas: checks 
Manifestorr: bets $3.50
R.M.Farcas: folds 
Uncalled bet ($3.50) returned to Manifestorr
Manifestorr collected $4.66 from pot
*** SUMMARY ***
Total pot $4.90 | Rake $0.24 
Board [9h As Td]
Seat 1: Kristo 914
Seat 3: zhino
Seat 2: R.M.Farcas (big blind) folded on the Flop
Seat 4: Espada Fish folded before Flop (didn't bet)
Seat 5: Manifestorr (button) collected ($4.66)
Seat 6: XneferX (small blind) folded before Flop



PokerStars Hand #254628566361:  Hold'em No Limit ($0.50/$1.00 USD) - 2025/01/30 21:49:46 WET [2025/01/30 16:49:46 ET]
Table 'Taygeta' 6-max Seat #6 is the button
Seat 1: Kristo 914 ($100 in chips) is sitting out
Seat 2: R.M.Farcas ($69 in chips) 
Seat 3: zhino ($100 in chips) 
Seat 4: Espada Fish ($106.34 in chips) 
Seat 5: Manifestorr ($112.56 in chips) 
Seat 6: XneferX ($100 in chips) 
R.M.Farcas: posts small blind $0.50
zhino: posts big blind $1
*** HOLE CARDS ***
Espada Fish: folds 
Manifestorr: folds 
XneferX: raises $1.77 to $2.77
R.M.Farcas: folds 
zhino: raises $11.42 to $14.19
XneferX: folds 
Uncalled bet ($11.42) returned to zhino
zhino collected $6.04 from pot
zhino: doesn't show hand 
*** SUMMARY ***
Total pot $6.04 | Rake $0 
Seat 1: Kristo 914
Seat 2: R.M.Farcas (small blind) folded before Flop
Seat 3: zhino (big blind) collected ($6.04)
Seat 4: Espada Fish folded before Flop (didn't bet)
Seat 5: Manifestorr folded before Flop (didn't bet)
Seat 6: XneferX (button) folded before Flop



PokerStars Hand #254628574168:  Hold'em No Limit ($0.50/$1.00 USD) - 2025/01/30 21:50:12 WET [2025/01/30 16:50:12 ET]
Table 'Taygeta' 6-max Seat #2 is the button
Seat 1: Kristo 914 ($100 in chips) is sitting out
Seat 2: R.M.Farcas ($100 in chips) 
Seat 3: zhino ($103.27 in chips) 
Seat 4: Espada Fish ($106.34 in chips) 
Seat 5: Manifestorr ($112.56 in chips) 
Seat 6: XneferX ($100 in chips) 
zhino: posts small blind $0.50
Espada Fish: posts big blind $1
Kristo 914: sits out 
*** HOLE CARDS ***
Manifestorr: folds 
XneferX: folds 
R.M.Farcas: folds 
zhino: folds 
Uncalled bet ($0.50) returned to Espada Fish
Espada Fish collected $1 from pot
Espada Fish: doesn't show hand 
*** SUMMARY ***
Total pot $1 | Rake $0 
Seat 1: Kristo 914
Seat 2: R.M.Farcas (button) folded before Flop (didn't bet)
Seat 3: zhino (small blind) folded before Flop
Seat 4: Espada Fish (big blind) collected ($1)
Seat 5: Manifestorr folded before Flop (didn't bet)
Seat 6: XneferX folded before Flop (didn't bet)



PokerStars Hand #254628580537:  Hold'em No Limit ($0.50/$1.00 USD) - 2025/01/30 21:50:34 WET [2025/01/30 16:50:34 ET]
Table 'Taygeta' 6-max Seat #3 is the button
Seat 1: Kristo 914 ($100 in chips) is sitting out
Seat 2: R.M.Farcas ($100 in chips) 
Seat 3: zhino ($102.77 in chips) 
Seat 4: Espada Fish ($106.84 in chips) 
Seat 5: Manifestorr ($112.56 in chips) 
Seat 6: XneferX ($100 in chips) 
Espada Fish: posts small blind $0.50
Manifestorr: posts big blind $1
Kristo 914: sits out 
*** HOLE CARDS ***
XneferX: folds 
R.M.Farcas: raises $1.50 to $2.50
zhino: folds 
Espada Fish: folds 
Manifestorr: folds 
Uncalled bet ($1.50) returned to R.M.Farcas
R.M.Farcas collected $2.50 from pot
R.M.Farcas: doesn't show hand 
*** SUMMARY ***
Total pot $2.50 | Rake $0 
Seat 1: Kristo 914
Seat 2: R.M.Farcas collected ($2.50)
Seat 3: zhino (button) folded before Flop (didn't bet)
Seat 4: Espada Fish (small blind) folded before Flop
Seat 5: Manifestorr (big blind) folded before Flop
Seat 6: XneferX folded before Flop (didn't bet)



PokerStars Hand #254628585345:  Hold'em No Limit ($0.50/$1.00 USD) - 2025/01/30 21:50:50 WET [2025/01/30 16:50:50 ET]
Table 'Taygeta' 6-max Seat #4 is the button
Seat 6: XneferX ($100 in chips) is sitting out
Seat 1: Kristo 914 ($100 in chips) 
Seat 2: R.M.Farcas ($101.50 in chips) 
Seat 3: zhino ($102.77 in chips) 
Seat 4: Espada Fish ($106.34 in chips) 
Seat 5: Manifestorr ($111.56 in chips) 
Manifestorr: posts small blind $0.50
XneferX: is sitting out 
Kristo 914: posts big blind $1
*** HOLE CARDS ***
R.M.Farcas: folds 
XneferX leaves the table
DJNezz joins the table at seat #6 
zhino: raises $1.79 to $2.79
Espada Fish: raises $5.21 to $8
Manifestorr: folds 
Kristo 914: folds 
zhino: folds 
Uncalled bet ($5.21) returned to Espada Fish
Espada Fish collected $7.08 from pot
Espada Fish: doesn't show hand 
*** SUMMARY ***
Total pot $7.08 | Rake $0 
Seat 6: XneferX
Seat 1: Kristo 914 (big blind) folded before Flop
Seat 2: R.M.Farcas folded before Flop (didn't bet)
Seat 3: zhino folded before Flop
Seat 4: Espada Fish (button) collected ($7.08)
Seat 5: Manifestorr (small blind) folded before Flop



PokerStars Hand #254628595141:  Hold'em No Limit ($0.50/$1.00 USD) - 2025/01/30 21:51:23 WET [2025/01/30 16:51:23 ET]
Table 'Taygeta' 6-max Seat #5 is the button
Seat 6: DJNezz ($100 in chips) is sitting out
Seat 1: Kristo 914 ($100 in chips) 
Seat 2: R.M.Farcas ($101.50 in chips) 
Seat 3: zhino ($100 in chips) 
Seat 4: Espada Fish ($110.63 in chips) 
Seat 5: Manifestorr ($111.06 in chips) 
Kristo 914: posts small blind $0.50
R.M.Farcas: posts big blind $1
*** HOLE CARDS ***
zhino: folds 
Espada Fish: folds 
Manifestorr: folds 
Kristo 914: raises $2 to $3
R.M.Farcas: calls $2
*** FLOP *** [Qs 6h 7c]
Kristo 914: checks 
R.M.Farcas: bets $1.50
Kristo 914: calls $1.50
*** TURN *** [Qs 6h 7c] [7s]
Kristo 914: checks 
R.M.Farcas: bets $2.82
Kristo 914: folds 
Uncalled bet ($2.82) returned to R.M.Farcas
R.M.Farcas collected $8.55 from pot
R.M.Farcas: doesn't show hand 
*** SUMMARY ***
Total pot $9 | Rake $0.45 
Board [Qs 6h 7c 7s]
Seat 6: DJNezz
Seat 1: Kristo 914 (small blind) folded on the Turn
Seat 2: R.M.Farcas (big blind) collected ($8.55)
Seat 3: zhino folded before Flop (didn't bet)
Seat 4: Espada Fish folded before Flop (didn't bet)
Seat 5: Manifestorr (button) folded before Flop (didn't bet)



PokerStars Hand #254628608755:  Hold'em No Limit ($0.50/$1.00 USD) - 2025/01/30 21:52:10 WET [2025/01/30 16:52:10 ET]
Table 'Taygeta' 6-max Seat #1 is the button
Seat 6: DJNezz ($100 in chips) is sitting out
Seat 1: Kristo 914 ($100 in chips) 
Seat 2: R.M.Farcas ($105.55 in chips) 
Seat 3: zhino ($100 in chips) 
Seat 4: Espada Fish ($110.63 in chips) 
Seat 5: Manifestorr ($111.06 in chips) 
R.M.Farcas: posts small blind $0.50
zhino: posts big blind $1
DJNezz: sits out 
*** HOLE CARDS ***
Espada Fish: raises $1.20 to $2.20
Manifestorr: folds 
Kristo 914: folds 
R.M.Farcas: folds 
zhino: folds 
Uncalled bet ($1.20) returned to Espada Fish
Espada Fish collected $2.50 from pot
Espada Fish: doesn't show hand 
*** SUMMARY ***
Total pot $2.50 | Rake $0 
Seat 6: DJNezz
Seat 1: Kristo 914 (button) folded before Flop (didn't bet)
Seat 2: R.M.Farcas (small blind) folded before Flop
Seat 3: zhino (big blind) folded before Flop
Seat 4: Espada Fish collected ($2.50)
Seat 5: Manifestorr folded before Flop (didn't bet)



