PokerStars Hand #254627070852:  Hold'em No Limit ($0.50/$1.00 USD) - 2025/01/30 20:25:24 WET [2025/01/30 15:25:24 ET]
Table 'Timandra' 6-max Seat #4 is the button
Seat 2: joaquin612 ($100.90 in chips) 
Seat 4: elcutez ($103 in chips) 
elcutez: posts small blind $0.50
joaquin612: posts big blind $1
*** HOLE CARDS ***
elcutez: raises $2 to $3
joaquin612: calls $2
*** FLOP *** [4s Qs 2c]
joaquin612: checks 
elcutez: checks 
*** TURN *** [4s Qs 2c] [5c]
joaquin612: checks 
elcutez: checks 
*** RIVER *** [4s Qs 2c 5c] [3h]
joaquin612: bets $1
elcutez: folds 
Uncalled bet ($1) returned to joaquin612
joaquin612 collected $5.70 from pot
joaquin612: doesn't show hand 
*** SUMMARY ***
Total pot $6 | Rake $0.30 
Board [4s Qs 2c 5c 3h]
Seat 2: joaquin612 (big blind) collected ($5.70)
Seat 4: elcutez (button) (small blind) folded on the River



PokerStars Hand #254627083673:  Hold'em No Limit ($0.50/$1.00 USD) - 2025/01/30 20:26:07 WET [2025/01/30 15:26:07 ET]
Table 'Timandra' 6-max Seat #2 is the button
Seat 2: joaquin612 ($103.60 in chips) 
Seat 4: elcutez ($100 in chips) 
joaquin612: posts small blind $0.50
elcutez: posts big blind $1
*** HOLE CARDS ***
joaquin612: raises $1.50 to $2.50
elcutez: folds 
Uncalled bet ($1.50) returned to joaquin612
joaquin612 collected $2 from pot
joaquin612: doesn't show hand 
*** SUMMARY ***
Total pot $2 | Rake $0 
Seat 2: joaquin612 (button) (small blind) collected ($2)
Seat 4: elcutez (big blind) folded before Flop



PokerStars Hand #254627086897:  Hold'em No Limit ($0.50/$1.00 USD) - 2025/01/30 20:26:18 WET [2025/01/30 15:26:18 ET]
Table 'Timandra' 6-max Seat #4 is the button
Seat 2: joaquin612 ($104.60 in chips) 
Seat 4: elcutez ($99 in chips) 
elcutez: posts small blind $0.50
joaquin612: posts big blind $1
*** HOLE CARDS ***
elcutez: raises $2 to $3
joaquin612: raises $8 to $11
ricaschaefer joins the table at seat #3 
ricaschaefer is disconnected 
CichiChanMarian joins the table at seat #5 
easy_sarcasm joins the table at seat #6 
elcutez: calls $8
*** FLOP *** [2c 8s 4c]
Alinyr joins the table at seat #1 
joaquin612: bets $15.75
elcutez: calls $15.75
*** TURN *** [2c 8s 4c] [Qs]
joaquin612: checks 
elcutez: checks 
*** RIVER *** [2c 8s 4c Qs] [5d]
joaquin612: bets $17.33
elcutez: calls $17.33
*** SHOW DOWN ***
joaquin612: shows [9d 9c] (a pair of Nines)
elcutez: mucks hand 
joaquin612 collected $87.16 from pot
*** SUMMARY ***
Total pot $88.16 | Rake $1 
Board [2c 8s 4c Qs 5d]
Seat 2: joaquin612 (big blind) showed [9d 9c] and won ($87.16) with a pair of Nines
Seat 4: elcutez (button) (small blind) mucked



PokerStars Hand #254627102923:  Hold'em No Limit ($0.50/$1.00 USD) - 2025/01/30 20:27:11 WET [2025/01/30 15:27:11 ET]
Table 'Timandra' 6-max Seat #2 is the button
Seat 1: Alinyr ($100 in chips) is sitting out
Seat 3: ricaschaefer ($42.12 in chips) is sitting out
Seat 6: easy_sarcasm ($100 in chips) is sitting out
Seat 2: joaquin612 ($147.68 in chips) 
Seat 4: elcutez ($54.92 in chips) 
Seat 5: CichiChanMarian ($100 in chips) 
elcutez: posts small blind $0.50
CichiChanMarian: posts big blind $1
easy_sarcasm: sits out 
Alinyr: sits out 
*** HOLE CARDS ***
joaquin612: raises $1.50 to $2.50
elcutez: raises $6.50 to $9
ricaschaefer leaves the table
CichiChanMarian: folds 
joaquin612: folds 
Uncalled bet ($6.50) returned to elcutez
elcutez collected $6 from pot
*** SUMMARY ***
Total pot $6 | Rake $0 
Seat 1: Alinyr
Seat 3: ricaschaefer
Seat 6: easy_sarcasm
Seat 2: joaquin612 (button) folded before Flop
Seat 4: elcutez (small blind) collected ($6)
Seat 5: CichiChanMarian (big blind) folded before Flop



PokerStars Hand #254627108286:  Hold'em No Limit ($0.50/$1.00 USD) - 2025/01/30 20:27:29 WET [2025/01/30 15:27:29 ET]
Table 'Timandra' 6-max Seat #4 is the button
Seat 1: Alinyr ($100 in chips) is sitting out
Seat 2: joaquin612 ($145.18 in chips) 
Seat 4: elcutez ($58.42 in chips) 
Seat 5: CichiChanMarian ($100 in chips) 
Seat 6: easy_sarcasm ($100 in chips) 
CichiChanMarian: posts small blind $0.50
easy_sarcasm: posts big blind $1
Alinyr: sits out 
*** HOLE CARDS ***
kvcsszblcs joins the table at seat #3 
joaquin612: raises $1.50 to $2.50
elcutez: folds 
elcutez leaves the table
CichiChanMarian: raises $10 to $12.50
easy_sarcasm: folds 
joaquin612: folds 
Uncalled bet ($10) returned to CichiChanMarian
CichiChanMarian collected $6 from pot
CichiChanMarian: doesn't show hand 
*** SUMMARY ***
Total pot $6 | Rake $0 
Seat 1: Alinyr
Seat 2: joaquin612 folded before Flop
Seat 4: elcutez (button) folded before Flop (didn't bet)
Seat 5: CichiChanMarian (small blind) collected ($6)
Seat 6: easy_sarcasm (big blind) folded before Flop



PokerStars Hand #254627117105:  Hold'em No Limit ($0.50/$1.00 USD) - 2025/01/30 20:27:58 WET [2025/01/30 15:27:58 ET]
Table 'Timandra' 6-max Seat #5 is the button
Seat 3: kvcsszblcs ($100 in chips) is sitting out
Seat 1: Alinyr ($100 in chips) 
Seat 2: joaquin612 ($142.68 in chips) 
Seat 5: CichiChanMarian ($103.50 in chips) 
Seat 6: easy_sarcasm ($100 in chips) 
easy_sarcasm: posts small blind $0.50
Alinyr: posts big blind $1
kvcsszblcs: sits out 
*** HOLE CARDS ***
joaquin612: folds 
CichiChanMarian: folds 
kvcsszblcs leaves the table
easy_sarcasm: raises $2 to $3
Alinyr: raises $7 to $10
easy_sarcasm: raises $14.50 to $24.50
Alinyr: calls $14.50
*** FLOP *** [Ts Jh 4c]
easy_sarcasm: bets $14.50
Alinyr: calls $14.50
*** TURN *** [Ts Jh 4c] [4s]
easy_sarcasm: checks 
Alinyr: checks 
*** RIVER *** [Ts Jh 4c 4s] [5c]
easy_sarcasm: checks 
Alinyr: checks 
*** SHOW DOWN ***
easy_sarcasm: shows [Kh As] (a pair of Fours)
Alinyr: shows [Tc 8c] (two pair, Tens and Fours)
Alinyr collected $77 from pot
nastja336 joins the table at seat #4 
*** SUMMARY ***
Total pot $78 | Rake $1 
Board [Ts Jh 4c 4s 5c]
Seat 3: kvcsszblcs
Seat 1: Alinyr (big blind) showed [Tc 8c] and won ($77) with two pair, Tens and Fours
Seat 2: joaquin612 folded before Flop (didn't bet)
Seat 5: CichiChanMarian (button) folded before Flop (didn't bet)
Seat 6: easy_sarcasm (small blind) showed [Kh As] and lost with a pair of Fours



PokerStars Hand #254627146470:  Hold'em No Limit ($0.50/$1.00 USD) - 2025/01/30 20:29:36 WET [2025/01/30 15:29:36 ET]
Table 'Timandra' 6-max Seat #6 is the button
Seat 2: joaquin612 ($142.68 in chips) is sitting out
Seat 1: Alinyr ($138 in chips) 
Seat 4: nastja336 ($100 in chips) 
Seat 5: CichiChanMarian ($103.50 in chips) 
Seat 6: easy_sarcasm ($100 in chips) 
Alinyr: posts small blind $0.50
joaquin612: is sitting out 
nastja336: posts big blind $1
*** HOLE CARDS ***
CichiChanMarian: raises $1.50 to $2.50
easy_sarcasm: folds 
Alinyr: folds 
nastja336: calls $1.50
*** FLOP *** [2c Ah Ks]
nastja336: checks 
CichiChanMarian: bets $1.72
nastja336: calls $1.72
*** TURN *** [2c Ah Ks] [7d]
joaquin612 leaves the table
nastja336: checks 
CichiChanMarian: bets $2.80
nastja336: calls $2.80
*** RIVER *** [2c Ah Ks 7d] [9d]
nastja336: checks 
CichiChanMarian: checks 
*** SHOW DOWN ***
nastja336: shows [Kc Qs] (a pair of Kings)
CichiChanMarian: mucks hand 
nastja336 collected $13.81 from pot
*** SUMMARY ***
Total pot $14.54 | Rake $0.73 
Board [2c Ah Ks 7d 9d]
Seat 2: joaquin612
Seat 1: Alinyr (small blind) folded before Flop
Seat 4: nastja336 (big blind) showed [Kc Qs] and won ($13.81) with a pair of Kings
Seat 5: CichiChanMarian mucked
Seat 6: easy_sarcasm (button) folded before Flop (didn't bet)



PokerStars Hand #254627169454:  Hold'em No Limit ($0.50/$1.00 USD) - 2025/01/30 20:30:54 WET [2025/01/30 15:30:54 ET]
Table 'Timandra' 6-max Seat #3 is the button
Seat 4: nastja336 ($106.79 in chips) is sitting out
Seat 2: TCK2 ($13 in chips) 
Seat 3: Espada Fish ($100 in chips) 
Espada Fish: posts small blind $0.50
kvcsszblcs joins the table at seat #1 
nastja336: is sitting out 
easy_sarcasm leaves the table
TCK2: posts big blind $1
*** HOLE CARDS ***
nastja336 leaves the table
Espada Fish: folds 
Uncalled bet ($0.50) returned to TCK2
TCK2 collected $1 from pot
*** SUMMARY ***
Total pot $1 | Rake $0 
Seat 4: nastja336
Seat 2: TCK2 (big blind) collected ($1)
Seat 3: Espada Fish (button) (small blind) folded before Flop



PokerStars Hand #254627172808:  Hold'em No Limit ($0.50/$1.00 USD) - 2025/01/30 20:31:05 WET [2025/01/30 15:31:05 ET]
Table 'Timandra' 6-max Seat #2 is the button
Seat 1: kvcsszblcs ($100 in chips) 
Seat 2: TCK2 ($13.50 in chips) 
Seat 3: Espada Fish ($100 in chips) 
Espada Fish: posts small blind $0.50
kvcsszblcs: posts big blind $1
*** HOLE CARDS ***
TCK2: folds 
Espada Fish: raises $1.50 to $2.50
kvcsszblcs: calls $1.50
*** FLOP *** [Tc Js 6h]
Espada Fish: bets $6.32
kvcsszblcs: folds 
Uncalled bet ($6.32) returned to Espada Fish
Espada Fish collected $4.75 from pot
Espada Fish: doesn't show hand 
*** SUMMARY ***
Total pot $5 | Rake $0.25 
Board [Tc Js 6h]
Seat 1: kvcsszblcs (big blind) folded on the Flop
Seat 2: TCK2 (button) folded before Flop (didn't bet)
Seat 3: Espada Fish (small blind) collected ($4.75)



PokerStars Hand #254627183492:  Hold'em No Limit ($0.50/$1.00 USD) - 2025/01/30 20:31:41 WET [2025/01/30 15:31:41 ET]
Table 'Timandra' 6-max Seat #1 is the button
Seat 2: TCK2 ($13.50 in chips) is sitting out
Seat 1: kvcsszblcs ($100 in chips) 
Seat 3: Espada Fish ($102.25 in chips) 
kvcsszblcs: posts small blind $0.50
TCK2: is sitting out 
Espada Fish: posts big blind $1
*** HOLE CARDS ***
kvcsszblcs: raises $1.25 to $2.25
Espada Fish: folds 
Uncalled bet ($1.25) returned to kvcsszblcs
kvcsszblcs collected $2 from pot
kvcsszblcs: doesn't show hand 
*** SUMMARY ***
Total pot $2 | Rake $0 
Seat 2: TCK2
Seat 1: kvcsszblcs (button) (small blind) collected ($2)
Seat 3: Espada Fish (big blind) folded before Flop



