PokerStars Hand #254626705537:  Hold'em No Limit ($0.50/$1.00 USD) - 2025/01/30 20:04:59 WET [2025/01/30 15:04:59 ET]
Table 'Scheila' 6-max Seat #3 is the button
Seat 1: I am Anux! ($100 in chips) is sitting out
Seat 3: MAO_DZEDYN_S ($102.50 in chips) 
Seat 4: dervesh ($100 in chips) 
MAO_DZEDYN_S: posts small blind $0.50
dervesh: posts big blind $1
*** HOLE CARDS ***
MAO_DZEDYN_S: raises $1.25 to $2.25
dervesh: folds 
Uncalled bet ($1.25) returned to MAO_DZEDYN_S
MAO_DZEDYN_S collected $2 from pot
MAO_DZEDYN_S: doesn't show hand 
*** SUMMARY ***
Total pot $2 | Rake $0 
Seat 1: I am Anux!
Seat 3: MAO_DZEDYN_S (button) (small blind) collected ($2)
Seat 4: dervesh (big blind) folded before Flop



PokerStars Hand #254626798157:  Hold'em No Limit ($0.50/$1.00 USD) - 2025/01/30 20:10:12 WET [2025/01/30 15:10:12 ET]
Table 'Scheila' 6-max Seat #6 is the button
Seat 1: I am Anux! ($100 in chips) is sitting out
Seat 4: dervesh ($100 in chips) 
Seat 6: XneferX ($102.50 in chips) 
XneferX: posts small blind $0.50
dervesh: posts big blind $1
*** HOLE CARDS ***
XneferX: folds 
Uncalled bet ($0.50) returned to dervesh
dervesh collected $1 from pot
dervesh: doesn't show hand 
*** SUMMARY ***
Total pot $1 | Rake $0 
Seat 1: I am Anux!
Seat 4: dervesh (big blind) collected ($1)
Seat 6: XneferX (button) (small blind) folded before Flop



PokerStars Hand #254626802006:  Hold'em No Limit ($0.50/$1.00 USD) - 2025/01/30 20:10:26 WET [2025/01/30 15:10:26 ET]
Table 'Scheila' 6-max Seat #4 is the button
Seat 1: I am Anux! ($100 in chips) is sitting out
Seat 4: dervesh ($100.50 in chips) 
Seat 6: XneferX ($102 in chips) 
dervesh: posts small blind $0.50
XneferX: posts big blind $1
*** HOLE CARDS ***
dervesh: raises $1.50 to $2.50
XneferX: folds 
Uncalled bet ($1.50) returned to dervesh
dervesh collected $2 from pot
dervesh: doesn't show hand 
*** SUMMARY ***
Total pot $2 | Rake $0 
Seat 1: I am Anux!
Seat 4: dervesh (button) (small blind) collected ($2)
Seat 6: XneferX (big blind) folded before Flop



PokerStars Hand #254626807495:  Hold'em No Limit ($0.50/$1.00 USD) - 2025/01/30 20:10:44 WET [2025/01/30 15:10:44 ET]
Table 'Scheila' 6-max Seat #6 is the button
Seat 1: I am Anux! ($100 in chips) is sitting out
Seat 4: dervesh ($101.50 in chips) 
Seat 6: XneferX ($101 in chips) 
XneferX: posts small blind $0.50
dervesh: posts big blind $1
*** HOLE CARDS ***
XneferX: raises $1.50 to $2.50
dervesh: folds 
Uncalled bet ($1.50) returned to XneferX
XneferX collected $2 from pot
XneferX: doesn't show hand 
*** SUMMARY ***
Total pot $2 | Rake $0 
Seat 1: I am Anux!
Seat 4: dervesh (big blind) folded before Flop
Seat 6: XneferX (button) (small blind) collected ($2)



PokerStars Hand #254626810659:  Hold'em No Limit ($0.50/$1.00 USD) - 2025/01/30 20:10:55 WET [2025/01/30 15:10:55 ET]
Table 'Scheila' 6-max Seat #4 is the button
Seat 1: I am Anux! ($100 in chips) is sitting out
Seat 4: dervesh ($100.50 in chips) 
Seat 6: XneferX ($102 in chips) 
dervesh: posts small blind $0.50
XneferX: posts big blind $1
*** HOLE CARDS ***
dervesh: folds 
Uncalled bet ($0.50) returned to XneferX
XneferX collected $1 from pot
XneferX: doesn't show hand 
*** SUMMARY ***
Total pot $1 | Rake $0 
Seat 1: I am Anux!
Seat 4: dervesh (button) (small blind) folded before Flop
Seat 6: XneferX (big blind) collected ($1)



PokerStars Hand #254626813053:  Hold'em No Limit ($0.50/$1.00 USD) - 2025/01/30 20:11:03 WET [2025/01/30 15:11:03 ET]
Table 'Scheila' 6-max Seat #6 is the button
Seat 1: I am Anux! ($100 in chips) is sitting out
Seat 4: dervesh ($100 in chips) 
Seat 6: XneferX ($102.50 in chips) 
XneferX: posts small blind $0.50
dervesh: posts big blind $1
*** HOLE CARDS ***
XneferX: raises $1.50 to $2.50
dervesh: calls $1.50
*** FLOP *** [7h 3d Jd]
dervesh: checks 
XneferX: bets $2.42
I am Anux! leaves the table
dervesh: folds 
Uncalled bet ($2.42) returned to XneferX
XneferX collected $4.75 from pot
XneferX: doesn't show hand 
*** SUMMARY ***
Total pot $5 | Rake $0.25 
Board [7h 3d Jd]
Seat 1: I am Anux!
Seat 4: dervesh (big blind) folded on the Flop
Seat 6: XneferX (button) (small blind) collected ($4.75)



PokerStars Hand #254626821611:  Hold'em No Limit ($0.50/$1.00 USD) - 2025/01/30 20:11:32 WET [2025/01/30 15:11:32 ET]
Table 'Scheila' 6-max Seat #4 is the button
Seat 4: dervesh ($100 in chips) 
Seat 6: XneferX ($104.75 in chips) 
dervesh: posts small blind $0.50
XneferX: posts big blind $1
*** HOLE CARDS ***
dervesh: raises $1.50 to $2.50
sta$igk joins the table at seat #2 
manescuctin joins the table at seat #1 
manescuctin is disconnected 
worker0k joins the table at seat #3 
Manifestorr joins the table at seat #5 
XneferX: calls $1.50
*** FLOP *** [Th Qd As]
XneferX: checks 
dervesh: bets $1.57
XneferX: folds 
Uncalled bet ($1.57) returned to dervesh
dervesh collected $4.75 from pot
dervesh: doesn't show hand 
*** SUMMARY ***
Total pot $5 | Rake $0.25 
Board [Th Qd As]
Seat 4: dervesh (button) (small blind) collected ($4.75)
Seat 6: XneferX (big blind) folded on the Flop



PokerStars Hand #254626832991:  Hold'em No Limit ($0.50/$1.00 USD) - 2025/01/30 20:12:11 WET [2025/01/30 15:12:11 ET]
Table 'Scheila' 6-max Seat #6 is the button
Seat 1: manescuctin ($100 in chips) is sitting out
Seat 2: sta$igk ($100 in chips) is sitting out
Seat 3: worker0k ($100 in chips) is sitting out
Seat 4: dervesh ($102.25 in chips) 
Seat 5: Manifestorr ($100 in chips) 
Seat 6: XneferX ($102.25 in chips) 
dervesh: posts small blind $0.50
Manifestorr: posts big blind $1
*** HOLE CARDS ***
XneferX: folds 
dervesh: raises $2 to $3
Manifestorr: calls $2
*** FLOP *** [5s Qs 3h]
dervesh: bets $1.88
Manifestorr: folds 
Uncalled bet ($1.88) returned to dervesh
dervesh collected $5.70 from pot
dervesh: doesn't show hand 
*** SUMMARY ***
Total pot $6 | Rake $0.30 
Board [5s Qs 3h]
Seat 1: manescuctin
Seat 2: sta$igk
Seat 3: worker0k
Seat 4: dervesh (small blind) collected ($5.70)
Seat 5: Manifestorr (big blind) folded on the Flop
Seat 6: XneferX (button) folded before Flop (didn't bet)



PokerStars Hand #254626841006:  Hold'em No Limit ($0.50/$1.00 USD) - 2025/01/30 20:12:38 WET [2025/01/30 15:12:38 ET]
Table 'Scheila' 6-max Seat #4 is the button
Seat 1: manescuctin ($100 in chips) is sitting out
Seat 2: sta$igk ($100 in chips) is sitting out
Seat 3: worker0k ($100 in chips) is sitting out
Seat 4: dervesh ($104.95 in chips) 
Seat 5: Manifestorr ($100 in chips) 
Seat 6: XneferX ($102.25 in chips) 
Manifestorr: posts small blind $0.50
XneferX: posts big blind $1
manescuctin: sits out 
sta$igk: sits out 
worker0k: sits out 
*** HOLE CARDS ***
dervesh: folds 
Manifestorr: folds 
Uncalled bet ($0.50) returned to XneferX
XneferX collected $1 from pot
XneferX: doesn't show hand 
*** SUMMARY ***
Total pot $1 | Rake $0 
Seat 1: manescuctin
Seat 2: sta$igk
Seat 3: worker0k
Seat 4: dervesh (button) folded before Flop (didn't bet)
Seat 5: Manifestorr (small blind) folded before Flop
Seat 6: XneferX (big blind) collected ($1)



PokerStars Hand #254626846223:  Hold'em No Limit ($0.50/$1.00 USD) - 2025/01/30 20:12:56 WET [2025/01/30 15:12:56 ET]
Table 'Scheila' 6-max Seat #5 is the button
Seat 2: sta$igk ($100 in chips) is sitting out
Seat 3: worker0k ($100 in chips) is sitting out
Seat 1: manescuctin ($100 in chips) 
Seat 4: dervesh ($104.95 in chips) 
Seat 5: Manifestorr ($100 in chips) 
Seat 6: XneferX ($102.75 in chips) 
XneferX: posts small blind $0.50
manescuctin: posts big blind $1
sta$igk: sits out 
worker0k: sits out 
*** HOLE CARDS ***
dervesh: folds 
Manifestorr: raises $1.20 to $2.20
XneferX: folds 
manescuctin: calls $1.20
*** FLOP *** [As 7d 4s]
manescuctin: checks 
Manifestorr: bets $3.50
manescuctin: calls $3.50
*** TURN *** [As 7d 4s] [5c]
manescuctin: checks 
Manifestorr: bets $8.48
manescuctin: calls $8.48
*** RIVER *** [As 7d 4s 5c] [9d]
manescuctin: checks 
Manifestorr: checks 
*** SHOW DOWN ***
manescuctin: shows [2c Ac] (a pair of Aces)
Manifestorr: mucks hand 
manescuctin collected $27.86 from pot
*** SUMMARY ***
Total pot $28.86 | Rake $1 
Board [As 7d 4s 5c 9d]
Seat 2: sta$igk
Seat 3: worker0k
Seat 1: manescuctin (big blind) showed [2c Ac] and won ($27.86) with a pair of Aces
Seat 4: dervesh folded before Flop (didn't bet)
Seat 5: Manifestorr (button) mucked
Seat 6: XneferX (small blind) folded before Flop



PokerStars Hand #254626862869:  Hold'em No Limit ($0.50/$1.00 USD) - 2025/01/30 20:13:52 WET [2025/01/30 15:13:52 ET]
Table 'Scheila' 6-max Seat #6 is the button
Seat 3: worker0k ($100 in chips) is sitting out
Seat 1: manescuctin ($113.68 in chips) 
Seat 2: sta$igk ($100 in chips) 
Seat 4: dervesh ($104.95 in chips) 
Seat 5: Manifestorr ($100 in chips) 
Seat 6: XneferX ($102.25 in chips) 
manescuctin: posts small blind $0.50
sta$igk: posts big blind $1
worker0k: sits out 
*** HOLE CARDS ***
dervesh: folds 
Manifestorr: folds 
XneferX: folds 
manescuctin: calls $0.50
sta$igk: checks 
*** FLOP *** [7d 6h 4s]
manescuctin: checks 
sta$igk: bets $1.43
manescuctin: folds 
Uncalled bet ($1.43) returned to sta$igk
sta$igk collected $1.90 from pot
sta$igk: doesn't show hand 
*** SUMMARY ***
Total pot $2 | Rake $0.10 
Board [7d 6h 4s]
Seat 3: worker0k
Seat 1: manescuctin (small blind) folded on the Flop
Seat 2: sta$igk (big blind) collected ($1.90)
Seat 4: dervesh folded before Flop (didn't bet)
Seat 5: Manifestorr folded before Flop (didn't bet)
Seat 6: XneferX (button) folded before Flop (didn't bet)



PokerStars Hand #254626877489:  Hold'em No Limit ($0.50/$1.00 USD) - 2025/01/30 20:14:41 WET [2025/01/30 15:14:41 ET]
Table 'Scheila' 6-max Seat #1 is the button
Seat 1: manescuctin ($112.68 in chips) 
Seat 2: sta$igk ($100.90 in chips) 
Seat 3: worker0k ($100 in chips) 
Seat 4: dervesh ($104.95 in chips) 
Seat 5: Manifestorr ($100 in chips) 
Seat 6: XneferX ($102.25 in chips) 
sta$igk: posts small blind $0.50
worker0k: posts big blind $1
*** HOLE CARDS ***
dervesh: folds 
Manifestorr: folds 
XneferX: folds 
manescuctin: raises $2.50 to $3.50
sta$igk: folds 
worker0k: calls $2.50
*** FLOP *** [Kc Kd 4d]
sta$igk leaves the table
worker0k: checks 
manescuctin: bets $3.56
worker0k: calls $3.56
*** TURN *** [Kc Kd 4d] [Qs]
worker0k: checks 
manescuctin: checks 
*** RIVER *** [Kc Kd 4d Qs] [Ac]
worker0k: checks 
manescuctin: bets $13.89
worker0k: folds [Ah]
Uncalled bet ($13.89) returned to manescuctin
manescuctin collected $13.89 from pot
*** SUMMARY ***
Total pot $14.62 | Rake $0.73 
Board [Kc Kd 4d Qs Ac]
Seat 1: manescuctin (button) collected ($13.89)
Seat 2: sta$igk (small blind) folded before Flop
Seat 3: worker0k (big blind) folded on the River
Seat 4: dervesh folded before Flop (didn't bet)
Seat 5: Manifestorr folded before Flop (didn't bet)
Seat 6: XneferX folded before Flop (didn't bet)



PokerStars Hand #254626891768:  Hold'em No Limit ($0.50/$1.00 USD) - 2025/01/30 20:15:28 WET [2025/01/30 15:15:28 ET]
Table 'Scheila' 6-max Seat #3 is the button
Seat 5: Manifestorr ($100 in chips) is sitting out
Seat 1: manescuctin ($119.51 in chips) 
Seat 3: worker0k ($100 in chips) 
Seat 4: dervesh ($104.95 in chips) 
Seat 6: XneferX ($102.25 in chips) 
dervesh: posts small blind $0.50
Manifestorr: is sitting out 
XneferX: posts big blind $1
*** HOLE CARDS ***
manescuctin: folds 
worker0k: raises $1.30 to $2.30
Manifestorr leaves the table
dervesh: folds 
XneferX: folds 
Uncalled bet ($1.30) returned to worker0k
worker0k collected $2.50 from pot
*** SUMMARY ***
Total pot $2.50 | Rake $0 
Seat 5: Manifestorr
Seat 1: manescuctin folded before Flop (didn't bet)
Seat 3: worker0k (button) collected ($2.50)
Seat 4: dervesh (small blind) folded before Flop
Seat 6: XneferX (big blind) folded before Flop



PokerStars Hand #254626895306:  Hold'em No Limit ($0.50/$1.00 USD) - 2025/01/30 20:15:40 WET [2025/01/30 15:15:40 ET]
Table 'Scheila' 6-max Seat #4 is the button
Seat 1: manescuctin ($119.51 in chips) 
Seat 3: worker0k ($101.50 in chips) 
Seat 4: dervesh ($104.45 in chips) 
Seat 6: XneferX ($101.25 in chips) 
XneferX: posts small blind $0.50
manescuctin: posts big blind $1
*** HOLE CARDS ***
worker0k: folds 
worker0k leaves the table
dervesh: raises $1.50 to $2.50
XneferX: folds 
manescuctin: calls $1.50
*** FLOP *** [8s Kd 2h]
manescuctin: checks 
dervesh: bets $1.72
manescuctin: calls $1.72
*** TURN *** [8s Kd 2h] [Kc]
manescuctin: checks 
dervesh: checks 
*** RIVER *** [8s Kd 2h Kc] [5s]
massagegun joins the table at seat #2 
massagegun is disconnected 
manescuctin: bets $8.49
dervesh: raises $30.56 to $39.05
Nazareno1999 joins the table at seat #3 
manescuctin: folds [Ad 8h]
AlexPinsk1 joins the table at seat #5 
Uncalled bet ($30.56) returned to dervesh
dervesh collected $24.92 from pot
dervesh: doesn't show hand 
*** SUMMARY ***
Total pot $25.92 | Rake $1 
Board [8s Kd 2h Kc 5s]
Seat 1: manescuctin (big blind) folded on the River
Seat 3: worker0k folded before Flop (didn't bet)
Seat 4: dervesh (button) collected ($24.92)
Seat 6: XneferX (small blind) folded before Flop



PokerStars Hand #254626912717:  Hold'em No Limit ($0.50/$1.00 USD) - 2025/01/30 20:16:38 WET [2025/01/30 15:16:38 ET]
Table 'Scheila' 6-max Seat #6 is the button
Seat 3: Nazareno1999 ($100 in chips) is sitting out
Seat 5: AlexPinsk1 ($100 in chips) is sitting out
Seat 1: manescuctin ($106.80 in chips) 
Seat 2: massagegun ($40 in chips) 
Seat 4: dervesh ($116.66 in chips) 
Seat 6: XneferX ($100.75 in chips) 
manescuctin: posts small blind $0.50
massagegun: posts big blind $1
Nazareno1999: sits out 
AlexPinsk1: sits out 
*** HOLE CARDS ***
dervesh: folds 
XneferX: folds 
manescuctin: calls $0.50
massagegun: checks 
*** FLOP *** [Ts 2c 8s]
manescuctin: checks 
massagegun: checks 
*** TURN *** [Ts 2c 8s] [4c]
manescuctin: checks 
massagegun: checks 
*** RIVER *** [Ts 2c 8s 4c] [8h]
manescuctin: checks 
massagegun: checks 
*** SHOW DOWN ***
manescuctin: shows [As 5c] (a pair of Eights)
massagegun: mucks hand 
manescuctin collected $1.90 from pot
*** SUMMARY ***
Total pot $2 | Rake $0.10 
Board [Ts 2c 8s 4c 8h]
Seat 3: Nazareno1999
Seat 5: AlexPinsk1
Seat 1: manescuctin (small blind) showed [As 5c] and won ($1.90) with a pair of Eights
Seat 2: massagegun (big blind) mucked
Seat 4: dervesh folded before Flop (didn't bet)
Seat 6: XneferX (button) folded before Flop (didn't bet)



PokerStars Hand #254626920461:  Hold'em No Limit ($0.50/$1.00 USD) - 2025/01/30 20:17:04 WET [2025/01/30 15:17:04 ET]
Table 'Scheila' 6-max Seat #1 is the button
Seat 5: AlexPinsk1 ($100 in chips) is sitting out
Seat 1: manescuctin ($107.70 in chips) 
Seat 2: massagegun ($39 in chips) 
Seat 3: Nazareno1999 ($100 in chips) 
Seat 4: dervesh ($116.66 in chips) 
Seat 6: XneferX ($100.75 in chips) 
massagegun: posts small blind $0.50
Nazareno1999: posts big blind $1
AlexPinsk1: sits out 
*** HOLE CARDS ***
dervesh: folds 
XneferX: raises $1.30 to $2.30
manescuctin: folds 
massagegun: folds 
Nazareno1999: folds 
Uncalled bet ($1.30) returned to XneferX
XneferX collected $2.50 from pot
XneferX: doesn't show hand 
*** SUMMARY ***
Total pot $2.50 | Rake $0 
Seat 5: AlexPinsk1
Seat 1: manescuctin (button) folded before Flop (didn't bet)
Seat 2: massagegun (small blind) folded before Flop
Seat 3: Nazareno1999 (big blind) folded before Flop
Seat 4: dervesh folded before Flop (didn't bet)
Seat 6: XneferX collected ($2.50)



PokerStars Hand #254626925901:  Hold'em No Limit ($0.50/$1.00 USD) - 2025/01/30 20:17:22 WET [2025/01/30 15:17:22 ET]
Table 'Scheila' 6-max Seat #2 is the button
Seat 5: AlexPinsk1 ($100 in chips) is sitting out
Seat 1: manescuctin ($107.70 in chips) 
Seat 2: massagegun ($38.50 in chips) 
Seat 3: Nazareno1999 ($100 in chips) 
Seat 4: dervesh ($116.66 in chips) 
Seat 6: XneferX ($102.25 in chips) 
Nazareno1999: posts small blind $0.50
dervesh: posts big blind $1
AlexPinsk1: sits out 
*** HOLE CARDS ***
XneferX: folds 
manescuctin: calls $1
massagegun: folds 
Nazareno1999: folds 
dervesh: checks 
*** FLOP *** [7s 2s 9h]
dervesh: checks 
manescuctin: checks 
*** TURN *** [7s 2s 9h] [8h]
dervesh: checks 
manescuctin: checks 
*** RIVER *** [7s 2s 9h 8h] [5h]
dervesh: checks 
manescuctin: checks 
*** SHOW DOWN ***
dervesh: shows [As 4d] (high card Ace)
manescuctin: mucks hand 
massagegun leaves the table
dervesh collected $2.38 from pot
*** SUMMARY ***
Total pot $2.50 | Rake $0.12 
Board [7s 2s 9h 8h 5h]
Seat 5: AlexPinsk1
Seat 1: manescuctin mucked
Seat 2: massagegun (button) folded before Flop (didn't bet)
Seat 3: Nazareno1999 (small blind) folded before Flop
Seat 4: dervesh (big blind) showed [As 4d] and won ($2.38) with high card Ace
Seat 6: XneferX folded before Flop (didn't bet)



PokerStars Hand #254626935006:  Hold'em No Limit ($0.50/$1.00 USD) - 2025/01/30 20:17:53 WET [2025/01/30 15:17:53 ET]
Table 'Scheila' 6-max Seat #3 is the button
Seat 1: manescuctin ($106.70 in chips) 
Seat 3: Nazareno1999 ($100 in chips) 
Seat 4: dervesh ($118.04 in chips) 
Seat 5: AlexPinsk1 ($100 in chips) 
Seat 6: XneferX ($102.25 in chips) 
dervesh: posts small blind $0.50
AlexPinsk1: posts big blind $1
*** HOLE CARDS ***
XneferX: folds 
manescuctin: folds 
Nazareno1999: folds 
dervesh: folds 
Uncalled bet ($0.50) returned to AlexPinsk1
AlexPinsk1 collected $1 from pot
AlexPinsk1: doesn't show hand 
*** SUMMARY ***
Total pot $1 | Rake $0 
Seat 1: manescuctin folded before Flop (didn't bet)
Seat 3: Nazareno1999 (button) folded before Flop (didn't bet)
Seat 4: dervesh (small blind) folded before Flop
Seat 5: AlexPinsk1 (big blind) collected ($1)
Seat 6: XneferX folded before Flop (didn't bet)



PokerStars Hand #254626938301:  Hold'em No Limit ($0.50/$1.00 USD) - 2025/01/30 20:18:04 WET [2025/01/30 15:18:04 ET]
Table 'Scheila' 6-max Seat #4 is the button
Seat 1: manescuctin ($106.70 in chips) 
Seat 3: Nazareno1999 ($100 in chips) 
Seat 4: dervesh ($117.54 in chips) 
Seat 5: AlexPinsk1 ($100.50 in chips) 
Seat 6: XneferX ($102.25 in chips) 
AlexPinsk1: posts small blind $0.50
XneferX: posts big blind $1
*** HOLE CARDS ***
manescuctin: raises $1 to $2
Nazareno1999: folds 
dervesh: calls $2
AlexPinsk1: folds 
XneferX: calls $1
*** FLOP *** [4c 7h Qs]
XneferX: checks 
manescuctin: checks 
dervesh: checks 
*** TURN *** [4c 7h Qs] [3s]
XneferX: bets $9.39
manescuctin: folds 
dervesh: folds 
Uncalled bet ($9.39) returned to XneferX
XneferX collected $6.18 from pot
XneferX: doesn't show hand 
*** SUMMARY ***
Total pot $6.50 | Rake $0.32 
Board [4c 7h Qs 3s]
Seat 1: manescuctin folded on the Turn
Seat 3: Nazareno1999 folded before Flop (didn't bet)
Seat 4: dervesh (button) folded on the Turn
Seat 5: AlexPinsk1 (small blind) folded before Flop
Seat 6: XneferX (big blind) collected ($6.18)



PokerStars Hand #254626960998:  Hold'em No Limit ($0.50/$1.00 USD) - 2025/01/30 20:19:19 WET [2025/01/30 15:19:19 ET]
Table 'Scheila' 6-max Seat #5 is the button
Seat 1: manescuctin ($104.70 in chips) 
Seat 3: Nazareno1999 ($100 in chips) 
Seat 4: dervesh ($115.54 in chips) 
Seat 5: AlexPinsk1 ($100 in chips) 
Seat 6: XneferX ($106.43 in chips) 
XneferX: posts small blind $0.50
manescuctin: posts big blind $1
*** HOLE CARDS ***
Nazareno1999: folds 
dervesh: raises $1.50 to $2.50
AlexPinsk1: folds 
XneferX: folds 
manescuctin: folds 
Uncalled bet ($1.50) returned to dervesh
dervesh collected $2.50 from pot
dervesh: doesn't show hand 
*** SUMMARY ***
Total pot $2.50 | Rake $0 
Seat 1: manescuctin (big blind) folded before Flop
Seat 3: Nazareno1999 folded before Flop (didn't bet)
Seat 4: dervesh collected ($2.50)
Seat 5: AlexPinsk1 (button) folded before Flop (didn't bet)
Seat 6: XneferX (small blind) folded before Flop



PokerStars Hand #254626970228:  Hold'em No Limit ($0.50/$1.00 USD) - 2025/01/30 20:19:50 WET [2025/01/30 15:19:50 ET]
Table 'Scheila' 6-max Seat #6 is the button
Seat 1: manescuctin ($103.70 in chips) 
Seat 3: Nazareno1999 ($100 in chips) 
Seat 4: dervesh ($117.04 in chips) 
Seat 5: AlexPinsk1 ($100 in chips) 
Seat 6: XneferX ($105.93 in chips) 
manescuctin: posts small blind $0.50
Nazareno1999: posts big blind $1
*** HOLE CARDS ***
dervesh: folds 
AlexPinsk1: folds 
XneferX: folds 
manescuctin: raises $2 to $3
Nazareno1999: calls $2
*** FLOP *** [4d Ah 2h]
manescuctin: checks 
elcutez joins the table at seat #2 
elcutez is disconnected 
Nazareno1999: checks 
*** TURN *** [4d Ah 2h] [9d]
manescuctin: bets $5.70
Nazareno1999: calls $5.70
*** RIVER *** [4d Ah 2h 9d] [7d]
manescuctin: checks 
Nazareno1999: bets $24.50
manescuctin: calls $24.50
*** SHOW DOWN ***
Nazareno1999: shows [2d Jd] (a flush, Jack high)
manescuctin: mucks hand 
Nazareno1999 collected $63.90 from pot
*** SUMMARY ***
Total pot $66.40 | Rake $2.50 
Board [4d Ah 2h 9d 7d]
Seat 1: manescuctin (small blind) mucked
Seat 3: Nazareno1999 (big blind) showed [2d Jd] and won ($63.90) with a flush, Jack high
Seat 4: dervesh folded before Flop (didn't bet)
Seat 5: AlexPinsk1 folded before Flop (didn't bet)
Seat 6: XneferX (button) folded before Flop (didn't bet)



PokerStars Hand #254626986666:  Hold'em No Limit ($0.50/$1.00 USD) - 2025/01/30 20:20:45 WET [2025/01/30 15:20:45 ET]
Table 'Scheila' 6-max Seat #1 is the button
Seat 2: elcutez ($100 in chips) is sitting out
Seat 1: manescuctin ($70.50 in chips) 
Seat 3: Nazareno1999 ($130.70 in chips) 
Seat 4: dervesh ($117.04 in chips) 
Seat 5: AlexPinsk1 ($100 in chips) 
Seat 6: XneferX ($105.93 in chips) 
Nazareno1999: posts small blind $0.50
dervesh: posts big blind $1
*** HOLE CARDS ***
AlexPinsk1: folds 
XneferX: raises $1.30 to $2.30
manescuctin: folds 
Nazareno1999: folds 
dervesh: folds 
Uncalled bet ($1.30) returned to XneferX
XneferX collected $2.50 from pot
XneferX: doesn't show hand 
*** SUMMARY ***
Total pot $2.50 | Rake $0 
Seat 2: elcutez
Seat 1: manescuctin (button) folded before Flop (didn't bet)
Seat 3: Nazareno1999 (small blind) folded before Flop
Seat 4: dervesh (big blind) folded before Flop
Seat 5: AlexPinsk1 folded before Flop (didn't bet)
Seat 6: XneferX collected ($2.50)



PokerStars Hand #254626996000:  Hold'em No Limit ($0.50/$1.00 USD) - 2025/01/30 20:21:16 WET [2025/01/30 15:21:16 ET]
Table 'Scheila' 6-max Seat #3 is the button
Seat 5: AlexPinsk1 ($100 in chips) is sitting out
Seat 6: XneferX ($107.43 in chips) is sitting out
Seat 1: manescuctin ($100 in chips) 
Seat 2: elcutez ($100 in chips) 
Seat 3: Nazareno1999 ($130.20 in chips) 
Seat 4: dervesh ($116.04 in chips) 
dervesh: posts small blind $0.50
AlexPinsk1: is sitting out 
XneferX: is sitting out 
manescuctin: posts big blind $1
elcutez: posts big blind $1
*** HOLE CARDS ***
XneferX leaves the table
elcutez: checks 
Nazareno1999: folds 
dervesh: calls $0.50
manescuctin: checks 
*** FLOP *** [6s Ah 4s]
dervesh: bets $1.88
manescuctin: calls $1.88
I am Anux! joins the table at seat #6 
elcutez: folds 
*** TURN *** [6s Ah 4s] [Jd]
dervesh: checks 
manescuctin: checks 
*** RIVER *** [6s Ah 4s Jd] [2h]
dervesh: checks 
manescuctin: checks 
*** SHOW DOWN ***
dervesh: shows [6h Kh] (a pair of Sixes)
manescuctin: mucks hand 
dervesh collected $6.42 from pot
*** SUMMARY ***
Total pot $6.76 | Rake $0.34 
Board [6s Ah 4s Jd 2h]
Seat 5: AlexPinsk1
Seat 6: XneferX
Seat 1: manescuctin (big blind) mucked
Seat 2: elcutez folded on the Flop (didn't bet)
Seat 3: Nazareno1999 (button) folded before Flop (didn't bet)
Seat 4: dervesh (small blind) showed [6h Kh] and won ($6.42) with a pair of Sixes



PokerStars Hand #254627014870:  Hold'em No Limit ($0.50/$1.00 USD) - 2025/01/30 20:22:18 WET [2025/01/30 15:22:18 ET]
Table 'Scheila' 6-max Seat #4 is the button
Seat 5: AlexPinsk1 ($100 in chips) is sitting out
Seat 6: I am Anux! ($100 in chips) is sitting out
Seat 1: manescuctin ($97.12 in chips) 
Seat 2: elcutez ($99 in chips) 
Seat 3: Nazareno1999 ($130.20 in chips) 
Seat 4: dervesh ($119.58 in chips) 
manescuctin: posts small blind $0.50
elcutez: posts big blind $1
*** HOLE CARDS ***
Nazareno1999: folds 
dervesh: folds 
manescuctin: calls $0.50
elcutez: checks 
*** FLOP *** [Qs 6c 7c]
manescuctin: checks 
elcutez: bets $2
manescuctin: folds 
Uncalled bet ($2) returned to elcutez
elcutez collected $1.90 from pot
*** SUMMARY ***
Total pot $2 | Rake $0.10 
Board [Qs 6c 7c]
Seat 5: AlexPinsk1
Seat 6: I am Anux!
Seat 1: manescuctin (small blind) folded on the Flop
Seat 2: elcutez (big blind) collected ($1.90)
Seat 3: Nazareno1999 folded before Flop (didn't bet)
Seat 4: dervesh (button) folded before Flop (didn't bet)



PokerStars Hand #254627026076:  Hold'em No Limit ($0.50/$1.00 USD) - 2025/01/30 20:22:55 WET [2025/01/30 15:22:55 ET]
Table 'Scheila' 6-max Seat #1 is the button
Seat 5: AlexPinsk1 ($100 in chips) is sitting out
Seat 6: I am Anux! ($100 in chips) is sitting out
Seat 1: manescuctin ($96.12 in chips) 
Seat 2: elcutez ($99.90 in chips) 
Seat 3: Nazareno1999 ($130.20 in chips) 
Seat 4: dervesh ($119.58 in chips) 
elcutez: posts small blind $0.50
Nazareno1999: posts big blind $1
I am Anux!: sits out 
*** HOLE CARDS ***
AlexPinsk1 leaves the table
dervesh: folds 
manescuctin: folds 
elcutez: folds 
Uncalled bet ($0.50) returned to Nazareno1999
Nazareno1999 collected $1 from pot
Nazareno1999: doesn't show hand 
*** SUMMARY ***
Total pot $1 | Rake $0 
Seat 5: AlexPinsk1
Seat 6: I am Anux!
Seat 1: manescuctin (button) folded before Flop (didn't bet)
Seat 2: elcutez (small blind) folded before Flop
Seat 3: Nazareno1999 (big blind) collected ($1)
Seat 4: dervesh folded before Flop (didn't bet)



PokerStars Hand #254627029284:  Hold'em No Limit ($0.50/$1.00 USD) - 2025/01/30 20:23:06 WET [2025/01/30 15:23:06 ET]
Table 'Scheila' 6-max Seat #2 is the button
Seat 6: I am Anux! ($100 in chips) is sitting out
Seat 1: manescuctin ($96.12 in chips) 
Seat 2: elcutez ($99.40 in chips) 
Seat 3: Nazareno1999 ($130.70 in chips) 
Seat 4: dervesh ($119.58 in chips) 
Nazareno1999: posts small blind $0.50
dervesh: posts big blind $1
I am Anux!: sits out 
*** HOLE CARDS ***
manescuctin: folds 
elcutez: raises $1.70 to $2.70
Nazareno1999: folds 
dervesh: folds 
Uncalled bet ($1.70) returned to elcutez
elcutez collected $2.50 from pot
*** SUMMARY ***
Total pot $2.50 | Rake $0 
Seat 6: I am Anux!
Seat 1: manescuctin folded before Flop (didn't bet)
Seat 2: elcutez (button) collected ($2.50)
Seat 3: Nazareno1999 (small blind) folded before Flop
Seat 4: dervesh (big blind) folded before Flop



PokerStars Hand #254627034637:  Hold'em No Limit ($0.50/$1.00 USD) - 2025/01/30 20:23:24 WET [2025/01/30 15:23:24 ET]
Table 'Scheila' 6-max Seat #3 is the button
Seat 1: manescuctin ($96.12 in chips) 
Seat 2: elcutez ($100.90 in chips) 
Seat 3: Nazareno1999 ($130.20 in chips) 
Seat 4: dervesh ($118.58 in chips) 
Seat 6: I am Anux! ($100 in chips) 
dervesh: posts small blind $0.50
I am Anux!: posts big blind $1
*** HOLE CARDS ***
manescuctin: calls $1
elcutez: folds 
Nazareno1999: folds 
dervesh: calls $0.50
I am Anux!: checks 
*** FLOP *** [Qs Jc 5s]
dervesh: checks 
I am Anux!: checks 
manescuctin: checks 
*** TURN *** [Qs Jc 5s] [Kd]
dervesh: checks 
I am Anux!: checks 
manescuctin: checks 
*** RIVER *** [Qs Jc 5s Kd] [Kh]
dervesh: bets $1.88
I am Anux!: folds 
manescuctin: folds 
Uncalled bet ($1.88) returned to dervesh
dervesh collected $2.85 from pot
dervesh: doesn't show hand 
*** SUMMARY ***
Total pot $3 | Rake $0.15 
Board [Qs Jc 5s Kd Kh]
Seat 1: manescuctin folded on the River
Seat 2: elcutez folded before Flop (didn't bet)
Seat 3: Nazareno1999 (button) folded before Flop (didn't bet)
Seat 4: dervesh (small blind) collected ($2.85)
Seat 6: I am Anux! (big blind) folded on the River



PokerStars Hand #254627053863:  Hold'em No Limit ($0.50/$1.00 USD) - 2025/01/30 20:24:27 WET [2025/01/30 15:24:27 ET]
Table 'Scheila' 6-max Seat #4 is the button
Seat 1: manescuctin ($95.12 in chips) 
Seat 2: elcutez ($100.90 in chips) 
Seat 3: Nazareno1999 ($130.20 in chips) 
Seat 4: dervesh ($120.43 in chips) 
Seat 6: I am Anux! ($100 in chips) 
I am Anux!: posts small blind $0.50
manescuctin: posts big blind $1
*** HOLE CARDS ***
elcutez: folds 
Nazareno1999: folds 
dervesh: folds 
DJNezz joins the table at seat #5 
I am Anux!: raises $2.50 to $3.50
manescuctin: calls $2.50
*** FLOP *** [Qh Jh Jc]
I am Anux!: bets $1.66
manescuctin: calls $1.66
*** TURN *** [Qh Jh Jc] [6s]
I am Anux!: checks 
manescuctin: bets $9.80
I am Anux!: calls $9.80
*** RIVER *** [Qh Jh Jc 6s] [Ts]
I am Anux!: checks 
manescuctin: checks 
*** SHOW DOWN ***
I am Anux!: shows [Ks Ac] (a straight, Ten to Ace)
manescuctin: mucks hand 
I am Anux! collected $28.42 from pot
*** SUMMARY ***
Total pot $29.92 | Rake $1.50 
Board [Qh Jh Jc 6s Ts]
Seat 1: manescuctin (big blind) mucked
Seat 2: elcutez folded before Flop (didn't bet)
Seat 3: Nazareno1999 folded before Flop (didn't bet)
Seat 4: dervesh (button) folded before Flop (didn't bet)
Seat 6: I am Anux! (small blind) showed [Ks Ac] and won ($28.42) with a straight, Ten to Ace



PokerStars Hand #254627072783:  Hold'em No Limit ($0.50/$1.00 USD) - 2025/01/30 20:25:31 WET [2025/01/30 15:25:31 ET]
Table 'Scheila' 6-max Seat #6 is the button
Seat 5: DJNezz ($100 in chips) is sitting out
Seat 1: manescuctin ($80.16 in chips) 
Seat 2: elcutez ($100.90 in chips) 
Seat 3: Nazareno1999 ($130.20 in chips) 
Seat 4: dervesh ($120.43 in chips) 
Seat 6: I am Anux! ($113.46 in chips) 
manescuctin: posts small blind $0.50
elcutez: posts big blind $1
DJNezz: sits out 
*** HOLE CARDS ***
Nazareno1999: folds 
dervesh: folds 
I am Anux!: raises $1.50 to $2.50
manescuctin: folds 
elcutez: folds 
Uncalled bet ($1.50) returned to I am Anux!
I am Anux! collected $2.50 from pot
I am Anux!: doesn't show hand 
*** SUMMARY ***
Total pot $2.50 | Rake $0 
Seat 5: DJNezz
Seat 1: manescuctin (small blind) folded before Flop
Seat 2: elcutez (big blind) folded before Flop
Seat 3: Nazareno1999 folded before Flop (didn't bet)
Seat 4: dervesh folded before Flop (didn't bet)
Seat 6: I am Anux! (button) collected ($2.50)



PokerStars Hand #254627077105:  Hold'em No Limit ($0.50/$1.00 USD) - 2025/01/30 20:25:45 WET [2025/01/30 15:25:45 ET]
Table 'Scheila' 6-max Seat #1 is the button
Seat 5: DJNezz ($100 in chips) is sitting out
Seat 1: manescuctin ($99.50 in chips) 
Seat 2: elcutez ($99.90 in chips) 
Seat 3: Nazareno1999 ($130.20 in chips) 
Seat 4: dervesh ($120.43 in chips) 
Seat 6: I am Anux! ($114.96 in chips) 
elcutez: posts small blind $0.50
Nazareno1999: posts big blind $1
DJNezz: sits out 
*** HOLE CARDS ***
dervesh: folds 
I am Anux!: folds 
manescuctin: folds 
elcutez: raises $3 to $4
Nazareno1999: raises $9 to $13
elcutez: folds 
Uncalled bet ($9) returned to Nazareno1999
Nazareno1999 collected $8 from pot
Nazareno1999: doesn't show hand 
*** SUMMARY ***
Total pot $8 | Rake $0 
Seat 5: DJNezz
Seat 1: manescuctin (button) folded before Flop (didn't bet)
Seat 2: elcutez (small blind) folded before Flop
Seat 3: Nazareno1999 (big blind) collected ($8)
Seat 4: dervesh folded before Flop (didn't bet)
Seat 6: I am Anux! folded before Flop (didn't bet)



PokerStars Hand #254627087755:  Hold'em No Limit ($0.50/$1.00 USD) - 2025/01/30 20:26:20 WET [2025/01/30 15:26:20 ET]
Table 'Scheila' 6-max Seat #2 is the button
Seat 5: DJNezz ($100 in chips) is sitting out
Seat 1: manescuctin ($99.50 in chips) 
Seat 2: elcutez ($95.90 in chips) 
Seat 3: Nazareno1999 ($134.20 in chips) 
Seat 4: dervesh ($120.43 in chips) 
Seat 6: I am Anux! ($114.96 in chips) 
Nazareno1999: posts small blind $0.50
dervesh: posts big blind $1
DJNezz: sits out 
*** HOLE CARDS ***
I am Anux!: raises $1.10 to $2.10
manescuctin: folds 
elcutez: folds 
Nazareno1999: folds 
dervesh: folds 
Uncalled bet ($1.10) returned to I am Anux!
I am Anux! collected $2.50 from pot
I am Anux!: doesn't show hand 
*** SUMMARY ***
Total pot $2.50 | Rake $0 
Seat 5: DJNezz
Seat 1: manescuctin folded before Flop (didn't bet)
Seat 2: elcutez (button) folded before Flop (didn't bet)
Seat 3: Nazareno1999 (small blind) folded before Flop
Seat 4: dervesh (big blind) folded before Flop
Seat 6: I am Anux! collected ($2.50)



PokerStars Hand #254627095747:  Hold'em No Limit ($0.50/$1.00 USD) - 2025/01/30 20:26:47 WET [2025/01/30 15:26:47 ET]
Table 'Scheila' 6-max Seat #3 is the button
Seat 1: manescuctin ($99.50 in chips) 
Seat 2: elcutez ($95.90 in chips) 
Seat 3: Nazareno1999 ($133.70 in chips) 
Seat 4: dervesh ($119.43 in chips) 
Seat 5: DJNezz ($100 in chips) 
Seat 6: I am Anux! ($116.46 in chips) 
dervesh: posts small blind $0.50
DJNezz: posts big blind $1
*** HOLE CARDS ***
I am Anux!: folds 
manescuctin: folds 
elcutez: folds 
Nazareno1999: folds 
dervesh: folds 
Uncalled bet ($0.50) returned to DJNezz
DJNezz collected $1 from pot
*** SUMMARY ***
Total pot $1 | Rake $0 
Seat 1: manescuctin folded before Flop (didn't bet)
Seat 2: elcutez folded before Flop (didn't bet)
Seat 3: Nazareno1999 (button) folded before Flop (didn't bet)
Seat 4: dervesh (small blind) folded before Flop
Seat 5: DJNezz (big blind) collected ($1)
Seat 6: I am Anux! folded before Flop (didn't bet)



PokerStars Hand #254627099971:  Hold'em No Limit ($0.50/$1.00 USD) - 2025/01/30 20:27:01 WET [2025/01/30 15:27:01 ET]
Table 'Scheila' 6-max Seat #4 is the button
Seat 1: manescuctin ($99.50 in chips) 
Seat 2: elcutez ($95.90 in chips) 
Seat 3: Nazareno1999 ($133.70 in chips) 
Seat 4: dervesh ($118.93 in chips) 
Seat 5: DJNezz ($100.50 in chips) 
Seat 6: I am Anux! ($116.46 in chips) 
DJNezz: posts small blind $0.50
I am Anux!: posts big blind $1
*** HOLE CARDS ***
manescuctin: raises $1 to $2
elcutez: folds 
Nazareno1999: folds 
dervesh: folds 
elcutez leaves the table
DJNezz: folds 
I am Anux!: folds 
Uncalled bet ($1) returned to manescuctin
manescuctin collected $2.50 from pot
*** SUMMARY ***
Total pot $2.50 | Rake $0 
Seat 1: manescuctin collected ($2.50)
Seat 2: elcutez folded before Flop (didn't bet)
Seat 3: Nazareno1999 folded before Flop (didn't bet)
Seat 4: dervesh (button) folded before Flop (didn't bet)
Seat 5: DJNezz (small blind) folded before Flop
Seat 6: I am Anux! (big blind) folded before Flop



PokerStars Hand #254627104678:  Hold'em No Limit ($0.50/$1.00 USD) - 2025/01/30 20:27:17 WET [2025/01/30 15:27:17 ET]
Table 'Scheila' 6-max Seat #5 is the button
Seat 1: manescuctin ($101 in chips) 
Seat 3: Nazareno1999 ($133.70 in chips) 
Seat 4: dervesh ($118.93 in chips) 
Seat 5: DJNezz ($100 in chips) 
Seat 6: I am Anux! ($115.46 in chips) 
I am Anux!: posts small blind $0.50
manescuctin: posts big blind $1
*** HOLE CARDS ***
Nazareno1999: raises $1.20 to $2.20
dervesh: folds 
DJNezz: folds 
I am Anux!: folds 
manescuctin: calls $1.20
*** FLOP *** [Ad Kc 4d]
manescuctin: checks 
Nazareno1999: bets $2.33
manescuctin: folds 
Uncalled bet ($2.33) returned to Nazareno1999
Nazareno1999 collected $4.66 from pot
Nazareno1999: doesn't show hand 
*** SUMMARY ***
Total pot $4.90 | Rake $0.24 
Board [Ad Kc 4d]
Seat 1: manescuctin (big blind) folded on the Flop
Seat 3: Nazareno1999 collected ($4.66)
Seat 4: dervesh folded before Flop (didn't bet)
Seat 5: DJNezz (button) folded before Flop (didn't bet)
Seat 6: I am Anux! (small blind) folded before Flop



PokerStars Hand #254627114538:  Hold'em No Limit ($0.50/$1.00 USD) - 2025/01/30 20:27:50 WET [2025/01/30 15:27:50 ET]
Table 'Scheila' 6-max Seat #6 is the button
Seat 1: manescuctin ($98.80 in chips) 
Seat 3: Nazareno1999 ($136.16 in chips) 
Seat 4: dervesh ($118.93 in chips) 
Seat 5: DJNezz ($100 in chips) 
Seat 6: I am Anux! ($114.96 in chips) 
manescuctin: posts small blind $0.50
Nazareno1999: posts big blind $1
*** HOLE CARDS ***
avstero joins the table at seat #2 
dervesh: folds 
DJNezz: raises $1.20 to $2.20
I am Anux!: folds 
manescuctin: folds 
Nazareno1999: calls $1.20
*** FLOP *** [8h Th 6d]
Nazareno1999: checks 
DJNezz: checks 
*** TURN *** [8h Th 6d] [5h]
Nazareno1999: bets $3.50
DJNezz: folds 
Uncalled bet ($3.50) returned to Nazareno1999
Nazareno1999 collected $4.66 from pot
Nazareno1999: doesn't show hand 
*** SUMMARY ***
Total pot $4.90 | Rake $0.24 
Board [8h Th 6d 5h]
Seat 1: manescuctin (small blind) folded before Flop
Seat 3: Nazareno1999 (big blind) collected ($4.66)
Seat 4: dervesh folded before Flop (didn't bet)
Seat 5: DJNezz folded on the Turn
Seat 6: I am Anux! (button) folded before Flop (didn't bet)



PokerStars Hand #254627137478:  Hold'em No Limit ($0.50/$1.00 USD) - 2025/01/30 20:29:06 WET [2025/01/30 15:29:06 ET]
Table 'Scheila' 6-max Seat #1 is the button
Seat 2: avstero ($100 in chips) is sitting out
Seat 1: manescuctin ($98.30 in chips) 
Seat 4: dervesh ($118.93 in chips) 
Seat 5: DJNezz ($100 in chips) 
Seat 6: I am Anux! ($114.96 in chips) 
dervesh: posts small blind $0.50
DJNezz: posts big blind $1
*** HOLE CARDS ***
I am Anux!: raises $1.30 to $2.30
manescuctin: folds 
dervesh: folds 
DJNezz: folds 
Uncalled bet ($1.30) returned to I am Anux!
I am Anux! collected $2.50 from pot
I am Anux!: doesn't show hand 
*** SUMMARY ***
Total pot $2.50 | Rake $0 
Seat 2: avstero
Seat 1: manescuctin (button) folded before Flop (didn't bet)
Seat 4: dervesh (small blind) folded before Flop
Seat 5: DJNezz (big blind) folded before Flop
Seat 6: I am Anux! collected ($2.50)



PokerStars Hand #254627141404:  Hold'em No Limit ($0.50/$1.00 USD) - 2025/01/30 20:29:19 WET [2025/01/30 15:29:19 ET]
Table 'Scheila' 6-max Seat #4 is the button
Seat 2: avstero ($100 in chips) is sitting out
Seat 1: manescuctin ($98.30 in chips) 
Seat 4: dervesh ($118.43 in chips) 
Seat 5: DJNezz ($100 in chips) 
Seat 6: I am Anux! ($116.46 in chips) 
DJNezz: posts small blind $0.50
I am Anux!: posts big blind $1
avstero: sits out 
*** HOLE CARDS ***
manescuctin: folds 
dervesh: folds 
DJNezz: folds 
Uncalled bet ($0.50) returned to I am Anux!
I am Anux! collected $1 from pot
I am Anux!: doesn't show hand 
*** SUMMARY ***
Total pot $1 | Rake $0 
Seat 2: avstero
Seat 1: manescuctin folded before Flop (didn't bet)
Seat 4: dervesh (button) folded before Flop (didn't bet)
Seat 5: DJNezz (small blind) folded before Flop
Seat 6: I am Anux! (big blind) collected ($1)



PokerStars Hand #254627144152:  Hold'em No Limit ($0.50/$1.00 USD) - 2025/01/30 20:29:29 WET [2025/01/30 15:29:29 ET]
Table 'Scheila' 6-max Seat #5 is the button
Seat 2: avstero ($100 in chips) is sitting out
Seat 1: manescuctin ($98.30 in chips) 
Seat 4: dervesh ($118.43 in chips) 
Seat 5: DJNezz ($100 in chips) 
Seat 6: I am Anux! ($116.96 in chips) 
I am Anux!: posts small blind $0.50
manescuctin: posts big blind $1
avstero: sits out 
*** HOLE CARDS ***
dervesh: folds 
DJNezz: folds 
I am Anux!: raises $2 to $3
manescuctin: folds 
Uncalled bet ($2) returned to I am Anux!
I am Anux! collected $2 from pot
I am Anux!: doesn't show hand 
*** SUMMARY ***
Total pot $2 | Rake $0 
Seat 2: avstero
Seat 1: manescuctin (big blind) folded before Flop
Seat 4: dervesh folded before Flop (didn't bet)
Seat 5: DJNezz (button) folded before Flop (didn't bet)
Seat 6: I am Anux! (small blind) collected ($2)



PokerStars Hand #254627150736:  Hold'em No Limit ($0.50/$1.00 USD) - 2025/01/30 20:29:51 WET [2025/01/30 15:29:51 ET]
Table 'Scheila' 6-max Seat #6 is the button
Seat 1: manescuctin ($97.30 in chips) 
Seat 2: avstero ($100 in chips) 
Seat 4: dervesh ($118.43 in chips) 
Seat 5: DJNezz ($100 in chips) 
Seat 6: I am Anux! ($117.96 in chips) 
manescuctin: posts small blind $0.50
avstero: posts big blind $1
*** HOLE CARDS ***
dervesh: folds 
DJNezz: folds 
I am Anux!: folds 
manescuctin: calls $0.50
avstero: raises $3 to $4
manescuctin: calls $3
*** FLOP *** [6c As 6h]
manescuctin: checks 
avstero: bets $2.28
manescuctin: calls $2.28
*** TURN *** [6c As 6h] [5h]
manescuctin: checks 
franco232315 joins the table at seat #3 
avstero: bets $7.99
manescuctin: folds 
Uncalled bet ($7.99) returned to avstero
avstero collected $11.93 from pot
avstero: doesn't show hand 
*** SUMMARY ***
Total pot $12.56 | Rake $0.63 
Board [6c As 6h 5h]
Seat 1: manescuctin (small blind) folded on the Turn
Seat 2: avstero (big blind) collected ($11.93)
Seat 4: dervesh folded before Flop (didn't bet)
Seat 5: DJNezz folded before Flop (didn't bet)
Seat 6: I am Anux! (button) folded before Flop (didn't bet)



PokerStars Hand #254627168176:  Hold'em No Limit ($0.50/$1.00 USD) - 2025/01/30 20:30:50 WET [2025/01/30 15:30:50 ET]
Table 'Scheila' 6-max Seat #1 is the button
Seat 1: manescuctin ($91.02 in chips) 
Seat 2: avstero ($105.65 in chips) 
Seat 3: franco232315 ($100 in chips) 
Seat 4: dervesh ($118.43 in chips) 
Seat 5: DJNezz ($100 in chips) 
Seat 6: I am Anux! ($117.96 in chips) 
avstero: posts small blind $0.50
franco232315: posts big blind $1
*** HOLE CARDS ***
dervesh: folds 
DJNezz: folds 
I am Anux!: folds 
manescuctin: raises $2.50 to $3.50
avstero: folds 
franco232315: folds 
Uncalled bet ($2.50) returned to manescuctin
manescuctin collected $2.50 from pot
*** SUMMARY ***
Total pot $2.50 | Rake $0 
Seat 1: manescuctin (button) collected ($2.50)
Seat 2: avstero (small blind) folded before Flop
Seat 3: franco232315 (big blind) folded before Flop
Seat 4: dervesh folded before Flop (didn't bet)
Seat 5: DJNezz folded before Flop (didn't bet)
Seat 6: I am Anux! folded before Flop (didn't bet)



PokerStars Hand #254627174883:  Hold'em No Limit ($0.50/$1.00 USD) - 2025/01/30 20:31:12 WET [2025/01/30 15:31:12 ET]
Table 'Scheila' 6-max Seat #2 is the button
Seat 1: manescuctin ($100 in chips) 
Seat 2: avstero ($105.15 in chips) 
Seat 3: franco232315 ($100 in chips) 
Seat 4: dervesh ($118.43 in chips) 
Seat 5: DJNezz ($100 in chips) 
Seat 6: I am Anux! ($117.96 in chips) 
franco232315: posts small blind $0.50
dervesh: posts big blind $1
*** HOLE CARDS ***
DJNezz: raises $1.20 to $2.20
I am Anux!: folds 
manescuctin: folds 
avstero: folds 
franco232315: folds 
dervesh: folds 
Uncalled bet ($1.20) returned to DJNezz
DJNezz collected $2.50 from pot
*** SUMMARY ***
Total pot $2.50 | Rake $0 
Seat 1: manescuctin folded before Flop (didn't bet)
Seat 2: avstero (button) folded before Flop (didn't bet)
Seat 3: franco232315 (small blind) folded before Flop
Seat 4: dervesh (big blind) folded before Flop
Seat 5: DJNezz collected ($2.50)
Seat 6: I am Anux! folded before Flop (didn't bet)



PokerStars Hand #254627180163:  Hold'em No Limit ($0.50/$1.00 USD) - 2025/01/30 20:31:30 WET [2025/01/30 15:31:30 ET]
Table 'Scheila' 6-max Seat #3 is the button
Seat 1: manescuctin ($100 in chips) 
Seat 2: avstero ($105.15 in chips) 
Seat 3: franco232315 ($100 in chips) 
Seat 4: dervesh ($117.43 in chips) 
Seat 5: DJNezz ($101.50 in chips) 
Seat 6: I am Anux! ($117.96 in chips) 
dervesh: posts small blind $0.50
DJNezz: posts big blind $1
*** HOLE CARDS ***
I am Anux!: folds 
manescuctin: folds 
I am Anux! leaves the table
avstero: folds 
franco232315: raises $1.50 to $2.50
dervesh: folds 
DJNezz: calls $1.50
*** FLOP *** [Qh 3s 8h]
DJNezz: checks 
franco232315: bets $1
DJNezz: calls $1
*** TURN *** [Qh 3s 8h] [Kc]
DJNezz: checks 
franco232315: bets $10.68
DJNezz: folds 
Uncalled bet ($10.68) returned to franco232315
franco232315 collected $7.12 from pot
franco232315: doesn't show hand 
*** SUMMARY ***
Total pot $7.50 | Rake $0.38 
Board [Qh 3s 8h Kc]
Seat 1: manescuctin folded before Flop (didn't bet)
Seat 2: avstero folded before Flop (didn't bet)
Seat 3: franco232315 (button) collected ($7.12)
Seat 4: dervesh (small blind) folded before Flop
Seat 5: DJNezz (big blind) folded on the Turn
Seat 6: I am Anux! folded before Flop (didn't bet)



PokerStars Hand #254627195959:  Hold'em No Limit ($0.50/$1.00 USD) - 2025/01/30 20:32:22 WET [2025/01/30 15:32:22 ET]
Table 'Scheila' 6-max Seat #4 is the button
Seat 1: manescuctin ($100 in chips) 
Seat 2: avstero ($105.15 in chips) 
Seat 3: franco232315 ($103.62 in chips) 
Seat 4: dervesh ($116.93 in chips) 
Seat 5: DJNezz ($100 in chips) 
DJNezz: posts small blind $0.50
manescuctin: posts big blind $1
*** HOLE CARDS ***
avstero: raises $1.20 to $2.20
franco232315: folds 
dervesh: raises $7.80 to $10
DJNezz: folds 
manescuctin: folds 
avstero: folds 
Uncalled bet ($7.80) returned to dervesh
dervesh collected $5.90 from pot
dervesh: doesn't show hand 
*** SUMMARY ***
Total pot $5.90 | Rake $0 
Seat 1: manescuctin (big blind) folded before Flop
Seat 2: avstero folded before Flop
Seat 3: franco232315 folded before Flop (didn't bet)
Seat 4: dervesh (button) collected ($5.90)
Seat 5: DJNezz (small blind) folded before Flop



PokerStars Hand #254627202924:  Hold'em No Limit ($0.50/$1.00 USD) - 2025/01/30 20:32:46 WET [2025/01/30 15:32:46 ET]
Table 'Scheila' 6-max Seat #5 is the button
Seat 1: manescuctin ($99 in chips) 
Seat 2: avstero ($102.95 in chips) 
Seat 3: franco232315 ($103.62 in chips) 
Seat 4: dervesh ($120.63 in chips) 
Seat 5: DJNezz ($100 in chips) 
manescuctin: posts small blind $0.50
avstero: posts big blind $1
*** HOLE CARDS ***
elcutez joins the table at seat #6 
elcutez is disconnected 
franco232315: folds 
dervesh: folds 
DJNezz: raises $1.20 to $2.20
manescuctin: folds 
avstero: raises $9 to $11.20
DJNezz: folds 
Uncalled bet ($9) returned to avstero
avstero collected $4.90 from pot
avstero: doesn't show hand 
*** SUMMARY ***
Total pot $4.90 | Rake $0 
Seat 1: manescuctin (small blind) folded before Flop
Seat 2: avstero (big blind) collected ($4.90)
Seat 3: franco232315 folded before Flop (didn't bet)
Seat 4: dervesh folded before Flop (didn't bet)
Seat 5: DJNezz (button) folded before Flop



PokerStars Hand #254627213906:  Hold'em No Limit ($0.50/$1.00 USD) - 2025/01/30 20:33:23 WET [2025/01/30 15:33:23 ET]
Table 'Scheila' 6-max Seat #1 is the button
Seat 1: manescuctin ($98.50 in chips) 
Seat 2: avstero ($105.65 in chips) 
Seat 3: franco232315 ($103.62 in chips) 
Seat 4: dervesh ($120.63 in chips) 
Seat 5: DJNezz ($100 in chips) 
Seat 6: elcutez ($100 in chips) 
avstero: posts small blind $0.50
franco232315: posts big blind $1
elcutez: posts big blind $1
*** HOLE CARDS ***
dervesh: folds 
DJNezz: raises $2 to $3
elcutez: folds 
manescuctin: folds 
avstero: folds 
franco232315: calls $2
*** FLOP *** [Ad 7d 5h]
franco232315: checks 
DJNezz: bets $3.56
franco232315: calls $3.56
*** TURN *** [Ad 7d 5h] [Kd]
franco232315: checks 
DJNezz: checks 
*** RIVER *** [Ad 7d 5h Kd] [Qd]
franco232315: checks 
DJNezz: checks 
*** SHOW DOWN ***
franco232315: shows [9s 9c] (a pair of Nines)
DJNezz: shows [Ah Jc] (a pair of Aces)
DJNezz collected $13.89 from pot
*** SUMMARY ***
Total pot $14.62 | Rake $0.73 
Board [Ad 7d 5h Kd Qd]
Seat 1: manescuctin (button) folded before Flop (didn't bet)
Seat 2: avstero (small blind) folded before Flop
Seat 3: franco232315 (big blind) showed [9s 9c] and lost with a pair of Nines
Seat 4: dervesh folded before Flop (didn't bet)
Seat 5: DJNezz showed [Ah Jc] and won ($13.89) with a pair of Aces
Seat 6: elcutez folded before Flop (didn't bet)



PokerStars Hand #254627247794:  Hold'em No Limit ($0.50/$1.00 USD) - 2025/01/30 20:35:16 WET [2025/01/30 15:35:16 ET]
Table 'Scheila' 6-max Seat #2 is the button
Seat 1: manescuctin ($98.50 in chips) 
Seat 2: avstero ($105.15 in chips) 
Seat 3: franco232315 ($100 in chips) 
Seat 4: dervesh ($120.63 in chips) 
Seat 5: DJNezz ($107.33 in chips) 
Seat 6: elcutez ($99 in chips) 
franco232315: posts small blind $0.50
dervesh: posts big blind $1
*** HOLE CARDS ***
DJNezz: folds 
elcutez: folds 
manescuctin: folds 
avstero: raises $1.20 to $2.20
franco232315: folds 
dervesh: folds 
Uncalled bet ($1.20) returned to avstero
avstero collected $2.50 from pot
avstero: doesn't show hand 
*** SUMMARY ***
Total pot $2.50 | Rake $0 
Seat 1: manescuctin folded before Flop (didn't bet)
Seat 2: avstero (button) collected ($2.50)
Seat 3: franco232315 (small blind) folded before Flop
Seat 4: dervesh (big blind) folded before Flop
Seat 5: DJNezz folded before Flop (didn't bet)
Seat 6: elcutez folded before Flop (didn't bet)



PokerStars Hand #254627253687:  Hold'em No Limit ($0.50/$1.00 USD) - 2025/01/30 20:35:36 WET [2025/01/30 15:35:36 ET]
Table 'Scheila' 6-max Seat #3 is the button
Seat 1: manescuctin ($98.50 in chips) 
Seat 2: avstero ($106.65 in chips) 
Seat 3: franco232315 ($100 in chips) 
Seat 4: dervesh ($119.63 in chips) 
Seat 5: DJNezz ($107.33 in chips) 
Seat 6: elcutez ($99 in chips) 
dervesh: posts small blind $0.50
DJNezz: posts big blind $1
*** HOLE CARDS ***
elcutez: folds 
manescuctin: folds 
avstero: raises $1.20 to $2.20
franco232315: folds 
dervesh: folds 
DJNezz: calls $1.20
*** FLOP *** [6c 4c Kd]
dervesh leaves the table
DJNezz: checks 
kvcsszblcs joins the table at seat #4 
avstero: bets $3.12
DJNezz: folds 
Uncalled bet ($3.12) returned to avstero
avstero collected $4.66 from pot
avstero: doesn't show hand 
*** SUMMARY ***
Total pot $4.90 | Rake $0.24 
Board [6c 4c Kd]
Seat 1: manescuctin folded before Flop (didn't bet)
Seat 2: avstero collected ($4.66)
Seat 3: franco232315 (button) folded before Flop (didn't bet)
Seat 4: dervesh (small blind) folded before Flop
Seat 5: DJNezz (big blind) folded on the Flop
Seat 6: elcutez folded before Flop (didn't bet)



PokerStars Hand #254627269138:  Hold'em No Limit ($0.50/$1.00 USD) - 2025/01/30 20:36:27 WET [2025/01/30 15:36:27 ET]
Table 'Scheila' 6-max Seat #5 is the button
Seat 4: kvcsszblcs ($100 in chips) is sitting out
Seat 1: manescuctin ($98.50 in chips) 
Seat 2: avstero ($109.11 in chips) 
Seat 3: franco232315 ($100 in chips) 
Seat 5: DJNezz ($105.13 in chips) 
Seat 6: elcutez ($99 in chips) 
elcutez: posts small blind $0.50
manescuctin: posts big blind $1
kvcsszblcs: sits out 
*** HOLE CARDS ***
avstero: folds 
franco232315: folds 
DJNezz: folds 
elcutez: raises $2.50 to $3.50
manescuctin: calls $2.50
*** FLOP *** [7s Ad As]
elcutez: checks 
manescuctin: checks 
*** TURN *** [7s Ad As] [6s]
elcutez: bets $3.33
manescuctin: calls $3.33
*** RIVER *** [7s Ad As 6s] [9h]
elcutez: bets $34
manescuctin: folds 
Uncalled bet ($34) returned to elcutez
elcutez collected $12.98 from pot
*** SUMMARY ***
Total pot $13.66 | Rake $0.68 
Board [7s Ad As 6s 9h]
Seat 4: kvcsszblcs
Seat 1: manescuctin (big blind) folded on the River
Seat 2: avstero folded before Flop (didn't bet)
Seat 3: franco232315 folded before Flop (didn't bet)
Seat 5: DJNezz (button) folded before Flop (didn't bet)
Seat 6: elcutez (small blind) collected ($12.98)



PokerStars Hand #254627284493:  Hold'em No Limit ($0.50/$1.00 USD) - 2025/01/30 20:37:19 WET [2025/01/30 15:37:19 ET]
Table 'Scheila' 6-max Seat #6 is the button
Seat 4: kvcsszblcs ($100 in chips) is sitting out
Seat 1: manescuctin ($91.67 in chips) 
Seat 2: avstero ($109.11 in chips) 
Seat 3: franco232315 ($100 in chips) 
Seat 5: DJNezz ($105.13 in chips) 
Seat 6: elcutez ($105.15 in chips) 
manescuctin: posts small blind $0.50
avstero: posts big blind $1
kvcsszblcs: sits out 
*** HOLE CARDS ***
franco232315: folds 
DJNezz: raises $1.20 to $2.20
elcutez: folds 
manescuctin: folds 
avstero: folds 
Uncalled bet ($1.20) returned to DJNezz
DJNezz collected $2.50 from pot
*** SUMMARY ***
Total pot $2.50 | Rake $0 
Seat 4: kvcsszblcs
Seat 1: manescuctin (small blind) folded before Flop
Seat 2: avstero (big blind) folded before Flop
Seat 3: franco232315 folded before Flop (didn't bet)
Seat 5: DJNezz collected ($2.50)
Seat 6: elcutez (button) folded before Flop (didn't bet)



PokerStars Hand #254627289081:  Hold'em No Limit ($0.50/$1.00 USD) - 2025/01/30 20:37:35 WET [2025/01/30 15:37:35 ET]
Table 'Scheila' 6-max Seat #1 is the button
Seat 4: kvcsszblcs ($100 in chips) is sitting out
Seat 1: manescuctin ($91.17 in chips) 
Seat 2: avstero ($108.11 in chips) 
Seat 3: franco232315 ($100 in chips) 
Seat 5: DJNezz ($106.63 in chips) 
Seat 6: elcutez ($105.15 in chips) 
avstero: posts small blind $0.50
franco232315: posts big blind $1
kvcsszblcs: sits out 
*** HOLE CARDS ***
DJNezz: raises $1.20 to $2.20
elcutez: folds 
manescuctin: calls $2.20
avstero: folds 
franco232315: folds 
*** FLOP *** [Ts 8c 9s]
DJNezz: checks 
manescuctin: checks 
*** TURN *** [Ts 8c 9s] [Js]
DJNezz: bets $2.80
manescuctin: calls $2.80
*** RIVER *** [Ts 8c 9s Js] [9d]
DJNezz: checks 
manescuctin: checks 
*** SHOW DOWN ***
DJNezz: shows [Ad Qc] (a straight, Eight to Queen)
manescuctin: mucks hand 
DJNezz collected $10.92 from pot
*** SUMMARY ***
Total pot $11.50 | Rake $0.58 
Board [Ts 8c 9s Js 9d]
Seat 4: kvcsszblcs
Seat 1: manescuctin (button) mucked
Seat 2: avstero (small blind) folded before Flop
Seat 3: franco232315 (big blind) folded before Flop
Seat 5: DJNezz showed [Ad Qc] and won ($10.92) with a straight, Eight to Queen
Seat 6: elcutez folded before Flop (didn't bet)



PokerStars Hand #254627307975:  Hold'em No Limit ($0.50/$1.00 USD) - 2025/01/30 20:38:37 WET [2025/01/30 15:38:37 ET]
Table 'Scheila' 6-max Seat #2 is the button
Seat 1: manescuctin ($86.17 in chips) 
Seat 2: avstero ($107.61 in chips) 
Seat 3: franco232315 ($100 in chips) 
Seat 4: kvcsszblcs ($100 in chips) 
Seat 5: DJNezz ($112.55 in chips) 
Seat 6: elcutez ($105.15 in chips) 
franco232315: posts small blind $0.50
kvcsszblcs: posts big blind $1
*** HOLE CARDS ***
DJNezz: folds 
elcutez: folds 
manescuctin: folds 
avstero: raises $1.20 to $2.20
franco232315: folds 
kvcsszblcs: folds 
Uncalled bet ($1.20) returned to avstero
avstero collected $2.50 from pot
avstero: doesn't show hand 
*** SUMMARY ***
Total pot $2.50 | Rake $0 
Seat 1: manescuctin folded before Flop (didn't bet)
Seat 2: avstero (button) collected ($2.50)
Seat 3: franco232315 (small blind) folded before Flop
Seat 4: kvcsszblcs (big blind) folded before Flop
Seat 5: DJNezz folded before Flop (didn't bet)
Seat 6: elcutez folded before Flop (didn't bet)



PokerStars Hand #254627316769:  Hold'em No Limit ($0.50/$1.00 USD) - 2025/01/30 20:39:07 WET [2025/01/30 15:39:07 ET]
Table 'Scheila' 6-max Seat #3 is the button
Seat 1: manescuctin ($86.17 in chips) 
Seat 2: avstero ($109.11 in chips) 
Seat 3: franco232315 ($100 in chips) 
Seat 4: kvcsszblcs ($100 in chips) 
Seat 5: DJNezz ($112.55 in chips) 
Seat 6: elcutez ($105.15 in chips) 
kvcsszblcs: posts small blind $0.50
DJNezz: posts big blind $1
*** HOLE CARDS ***
elcutez: folds 
manescuctin: folds 
avstero: folds 
franco232315: folds 
kvcsszblcs: raises $1.85 to $2.85
DJNezz: folds 
Uncalled bet ($1.85) returned to kvcsszblcs
kvcsszblcs collected $2 from pot
kvcsszblcs: doesn't show hand 
*** SUMMARY ***
Total pot $2 | Rake $0 
Seat 1: manescuctin folded before Flop (didn't bet)
Seat 2: avstero folded before Flop (didn't bet)
Seat 3: franco232315 (button) folded before Flop (didn't bet)
Seat 4: kvcsszblcs (small blind) collected ($2)
Seat 5: DJNezz (big blind) folded before Flop
Seat 6: elcutez folded before Flop (didn't bet)



PokerStars Hand #254627325068:  Hold'em No Limit ($0.50/$1.00 USD) - 2025/01/30 20:39:34 WET [2025/01/30 15:39:34 ET]
Table 'Scheila' 6-max Seat #4 is the button
Seat 1: manescuctin ($100 in chips) 
Seat 2: avstero ($109.11 in chips) 
Seat 3: franco232315 ($100 in chips) 
Seat 4: kvcsszblcs ($101 in chips) 
Seat 5: DJNezz ($111.55 in chips) 
Seat 6: elcutez ($105.15 in chips) 
DJNezz: posts small blind $0.50
elcutez: posts big blind $1
*** HOLE CARDS ***
manescuctin: folds 
avstero: raises $1.20 to $2.20
franco232315: folds 
kvcsszblcs: folds 
DJNezz: folds 
elcutez: folds 
Uncalled bet ($1.20) returned to avstero
avstero collected $2.50 from pot
avstero: doesn't show hand 
*** SUMMARY ***
Total pot $2.50 | Rake $0 
Seat 1: manescuctin folded before Flop (didn't bet)
Seat 2: avstero collected ($2.50)
Seat 3: franco232315 folded before Flop (didn't bet)
Seat 4: kvcsszblcs (button) folded before Flop (didn't bet)
Seat 5: DJNezz (small blind) folded before Flop
Seat 6: elcutez (big blind) folded before Flop



PokerStars Hand #254627333704:  Hold'em No Limit ($0.50/$1.00 USD) - 2025/01/30 20:40:03 WET [2025/01/30 15:40:03 ET]
Table 'Scheila' 6-max Seat #5 is the button
Seat 1: manescuctin ($100 in chips) 
Seat 2: avstero ($110.61 in chips) 
Seat 3: franco232315 ($100 in chips) 
Seat 4: kvcsszblcs ($101 in chips) 
Seat 5: DJNezz ($111.05 in chips) 
Seat 6: elcutez ($104.15 in chips) 
elcutez: posts small blind $0.50
manescuctin: posts big blind $1
*** HOLE CARDS ***
avstero: folds 
franco232315: raises $1.20 to $2.20
kvcsszblcs: folds 
DJNezz: folds 
elcutez: folds 
manescuctin: calls $1.20
*** FLOP *** [2c 3c 5h]
manescuctin: checks 
franco232315: bets $1.54
manescuctin: folds 
Uncalled bet ($1.54) returned to franco232315
franco232315 collected $4.66 from pot
franco232315: doesn't show hand 
*** SUMMARY ***
Total pot $4.90 | Rake $0.24 
Board [2c 3c 5h]
Seat 1: manescuctin (big blind) folded on the Flop
Seat 2: avstero folded before Flop (didn't bet)
Seat 3: franco232315 collected ($4.66)
Seat 4: kvcsszblcs folded before Flop (didn't bet)
Seat 5: DJNezz (button) folded before Flop (didn't bet)
Seat 6: elcutez (small blind) folded before Flop



PokerStars Hand #254627345767:  Hold'em No Limit ($0.50/$1.00 USD) - 2025/01/30 20:40:43 WET [2025/01/30 15:40:43 ET]
Table 'Scheila' 6-max Seat #6 is the button
Seat 1: manescuctin ($97.80 in chips) 
Seat 2: avstero ($110.61 in chips) 
Seat 3: franco232315 ($102.46 in chips) 
Seat 4: kvcsszblcs ($101 in chips) 
Seat 5: DJNezz ($111.05 in chips) 
Seat 6: elcutez ($103.65 in chips) 
manescuctin: posts small blind $0.50
avstero: posts big blind $1
*** HOLE CARDS ***
franco232315: folds 
kvcsszblcs: folds 
DJNezz: folds 
elcutez: folds 
manescuctin: folds 
Uncalled bet ($0.50) returned to avstero
avstero collected $1 from pot
avstero: doesn't show hand 
*** SUMMARY ***
Total pot $1 | Rake $0 
Seat 1: manescuctin (small blind) folded before Flop
Seat 2: avstero (big blind) collected ($1)
Seat 3: franco232315 folded before Flop (didn't bet)
Seat 4: kvcsszblcs folded before Flop (didn't bet)
Seat 5: DJNezz folded before Flop (didn't bet)
Seat 6: elcutez (button) folded before Flop (didn't bet)



PokerStars Hand #254627350817:  Hold'em No Limit ($0.50/$1.00 USD) - 2025/01/30 20:41:00 WET [2025/01/30 15:41:00 ET]
Table 'Scheila' 6-max Seat #1 is the button
Seat 1: manescuctin ($97.30 in chips) 
Seat 2: avstero ($111.11 in chips) 
Seat 3: franco232315 ($102.46 in chips) 
Seat 4: kvcsszblcs ($101 in chips) 
Seat 5: DJNezz ($111.05 in chips) 
Seat 6: elcutez ($103.65 in chips) 
avstero: posts small blind $0.50
franco232315: posts big blind $1
*** HOLE CARDS ***
kvcsszblcs has timed out
kvcsszblcs: folds 
DJNezz: folds 
elcutez: folds 
manescuctin: folds 
avstero: raises $1.80 to $2.80
franco232315: calls $1.80
*** FLOP *** [8c 6h 7s]
avstero: checks 
franco232315: bets $1.76
avstero: calls $1.76
*** TURN *** [8c 6h 7s] [Qc]
elcutez is disconnected 
avstero: checks 
franco232315: bets $12.99
avstero: folds 
Uncalled bet ($12.99) returned to franco232315
franco232315 collected $8.66 from pot
franco232315: doesn't show hand 
*** SUMMARY ***
Total pot $9.12 | Rake $0.46 
Board [8c 6h 7s Qc]
Seat 1: manescuctin (button) folded before Flop (didn't bet)
Seat 2: avstero (small blind) folded on the Turn
Seat 3: franco232315 (big blind) collected ($8.66)
Seat 4: kvcsszblcs folded before Flop (didn't bet)
Seat 5: DJNezz folded before Flop (didn't bet)
Seat 6: elcutez folded before Flop (didn't bet)



PokerStars Hand #254627381071:  Hold'em No Limit ($0.50/$1.00 USD) - 2025/01/30 20:42:41 WET [2025/01/30 15:42:41 ET]
Table 'Scheila' 6-max Seat #2 is the button
Seat 6: elcutez ($103.65 in chips) is sitting out
Seat 1: manescuctin ($97.30 in chips) 
Seat 2: avstero ($106.55 in chips) 
Seat 3: franco232315 ($106.56 in chips) 
Seat 4: kvcsszblcs ($101 in chips) 
Seat 5: DJNezz ($111.05 in chips) 
franco232315: posts small blind $0.50
kvcsszblcs: posts big blind $1
*** HOLE CARDS ***
DJNezz: folds 
manescuctin: folds 
avstero: raises $1.20 to $2.20
franco232315: raises $8.30 to $10.50
kvcsszblcs: folds 
avstero: raises $13 to $23.50
franco232315: folds 
Uncalled bet ($13) returned to avstero
avstero collected $22 from pot
avstero: doesn't show hand 
*** SUMMARY ***
Total pot $22 | Rake $0 
Seat 6: elcutez
Seat 1: manescuctin folded before Flop (didn't bet)
Seat 2: avstero (button) collected ($22)
Seat 3: franco232315 (small blind) folded before Flop
Seat 4: kvcsszblcs (big blind) folded before Flop
Seat 5: DJNezz folded before Flop (didn't bet)



PokerStars Hand #254627399185:  Hold'em No Limit ($0.50/$1.00 USD) - 2025/01/30 20:43:42 WET [2025/01/30 15:43:42 ET]
Table 'Scheila' 6-max Seat #3 is the button
Seat 6: elcutez ($103.65 in chips) is sitting out
Seat 1: manescuctin ($97.30 in chips) 
Seat 2: avstero ($118.05 in chips) 
Seat 3: franco232315 ($100 in chips) 
Seat 4: kvcsszblcs ($100 in chips) 
Seat 5: DJNezz ($111.05 in chips) 
kvcsszblcs: posts small blind $0.50
DJNezz: posts big blind $1
*** HOLE CARDS ***
manescuctin: calls $1
avstero: folds 
franco232315: folds 
kvcsszblcs: folds 
DJNezz: checks 
*** FLOP *** [9d 8h 7c]
DJNezz: checks 
manescuctin: checks 
*** TURN *** [9d 8h 7c] [5d]
DJNezz: checks 
manescuctin: checks 
*** RIVER *** [9d 8h 7c 5d] [Jc]
DJNezz: bets $1.79
manescuctin: folds 
Uncalled bet ($1.79) returned to DJNezz
DJNezz collected $2.38 from pot
*** SUMMARY ***
Total pot $2.50 | Rake $0.12 
Board [9d 8h 7c 5d Jc]
Seat 6: elcutez
Seat 1: manescuctin folded on the River
Seat 2: avstero folded before Flop (didn't bet)
Seat 3: franco232315 (button) folded before Flop (didn't bet)
Seat 4: kvcsszblcs (small blind) folded before Flop
Seat 5: DJNezz (big blind) collected ($2.38)



PokerStars Hand #254627419999:  Hold'em No Limit ($0.50/$1.00 USD) - 2025/01/30 20:44:52 WET [2025/01/30 15:44:52 ET]
Table 'Scheila' 6-max Seat #4 is the button
Seat 6: elcutez ($103.65 in chips) is sitting out
Seat 1: manescuctin ($96.30 in chips) 
Seat 2: avstero ($118.05 in chips) 
Seat 3: franco232315 ($100 in chips) 
Seat 4: kvcsszblcs ($100 in chips) 
Seat 5: DJNezz ($112.43 in chips) 
DJNezz: posts small blind $0.50
manescuctin: posts big blind $1
*** HOLE CARDS ***
avstero: folds 
franco232315: raises $1.50 to $2.50
kvcsszblcs: folds 
DJNezz: folds 
manescuctin: calls $1.50
*** FLOP *** [Kd Ks 4h]
manescuctin: checks 
franco232315: bets $1.72
manescuctin: calls $1.72
*** TURN *** [Kd Ks 4h] [6d]
manescuctin: checks 
franco232315: bets $6.37
manescuctin: folds 
Uncalled bet ($6.37) returned to franco232315
franco232315 collected $8.49 from pot
franco232315: doesn't show hand 
*** SUMMARY ***
Total pot $8.94 | Rake $0.45 
Board [Kd Ks 4h 6d]
Seat 6: elcutez
Seat 1: manescuctin (big blind) folded on the Turn
Seat 2: avstero folded before Flop (didn't bet)
Seat 3: franco232315 collected ($8.49)
Seat 4: kvcsszblcs (button) folded before Flop (didn't bet)
Seat 5: DJNezz (small blind) folded before Flop



PokerStars Hand #254627434245:  Hold'em No Limit ($0.50/$1.00 USD) - 2025/01/30 20:45:40 WET [2025/01/30 15:45:40 ET]
Table 'Scheila' 6-max Seat #5 is the button
Seat 6: elcutez ($103.65 in chips) is sitting out
Seat 1: manescuctin ($92.08 in chips) 
Seat 2: avstero ($118.05 in chips) 
Seat 3: franco232315 ($104.27 in chips) 
Seat 4: kvcsszblcs ($100 in chips) 
Seat 5: DJNezz ($111.93 in chips) 
manescuctin: posts small blind $0.50
avstero: posts big blind $1
*** HOLE CARDS ***
franco232315: folds 
kvcsszblcs: folds 
DJNezz: raises $1.20 to $2.20
manescuctin: folds 
avstero: raises $9 to $11.20
franco232315 leaves the table
DJNezz: folds 
Uncalled bet ($9) returned to avstero
avstero collected $4.90 from pot
avstero: doesn't show hand 
*** SUMMARY ***
Total pot $4.90 | Rake $0 
Seat 6: elcutez
Seat 1: manescuctin (small blind) folded before Flop
Seat 2: avstero (big blind) collected ($4.90)
Seat 3: franco232315 folded before Flop (didn't bet)
Seat 4: kvcsszblcs folded before Flop (didn't bet)
Seat 5: DJNezz (button) folded before Flop



PokerStars Hand #254627445798:  Hold'em No Limit ($0.50/$1.00 USD) - 2025/01/30 20:46:18 WET [2025/01/30 15:46:18 ET]
Table 'Scheila' 6-max Seat #1 is the button
Seat 6: elcutez ($103.65 in chips) is sitting out
Seat 1: manescuctin ($100 in chips) 
Seat 2: avstero ($120.75 in chips) 
Seat 4: kvcsszblcs ($100 in chips) 
Seat 5: DJNezz ($109.73 in chips) 
avstero: posts small blind $0.50
kvcsszblcs: posts big blind $1
*** HOLE CARDS ***
J0SHB0SH joins the table at seat #3 
DJNezz: folds 
manescuctin: folds 
avstero: raises $1.80 to $2.80
kvcsszblcs: folds 
Uncalled bet ($1.80) returned to avstero
avstero collected $2 from pot
avstero: doesn't show hand 
*** SUMMARY ***
Total pot $2 | Rake $0 
Seat 6: elcutez
Seat 1: manescuctin (button) folded before Flop (didn't bet)
Seat 2: avstero (small blind) collected ($2)
Seat 4: kvcsszblcs (big blind) folded before Flop
Seat 5: DJNezz folded before Flop (didn't bet)



PokerStars Hand #254627451681:  Hold'em No Limit ($0.50/$1.00 USD) - 2025/01/30 20:46:38 WET [2025/01/30 15:46:38 ET]
Table 'Scheila' 6-max Seat #2 is the button
Seat 3: J0SHB0SH ($100 in chips) is sitting out
Seat 6: elcutez ($103.65 in chips) is sitting out
Seat 1: manescuctin ($100 in chips) 
Seat 2: avstero ($121.75 in chips) 
Seat 4: kvcsszblcs ($100 in chips) 
Seat 5: DJNezz ($109.73 in chips) 
kvcsszblcs: posts small blind $0.50
DJNezz: posts big blind $1
*** HOLE CARDS ***
manescuctin: folds 
avstero: folds 
kvcsszblcs: raises $1.85 to $2.85
DJNezz: calls $1.85
*** FLOP *** [Js 7s Jd]
kvcsszblcs: checks 
DJNezz: bets $1.79
kvcsszblcs: folds 
Uncalled bet ($1.79) returned to DJNezz
DJNezz collected $5.42 from pot
*** SUMMARY ***
Total pot $5.70 | Rake $0.28 
Board [Js 7s Jd]
Seat 3: J0SHB0SH
Seat 6: elcutez
Seat 1: manescuctin folded before Flop (didn't bet)
Seat 2: avstero (button) folded before Flop (didn't bet)
Seat 4: kvcsszblcs (small blind) folded on the Flop
Seat 5: DJNezz (big blind) collected ($5.42)



PokerStars Hand #254627469600:  Hold'em No Limit ($0.50/$1.00 USD) - 2025/01/30 20:47:37 WET [2025/01/30 15:47:37 ET]
Table 'Scheila' 6-max Seat #4 is the button
Seat 3: J0SHB0SH ($100 in chips) is sitting out
Seat 6: elcutez ($103.65 in chips) is sitting out
Seat 1: manescuctin ($100 in chips) 
Seat 2: avstero ($121.75 in chips) 
Seat 4: kvcsszblcs ($100 in chips) 
Seat 5: DJNezz ($112.30 in chips) 
DJNezz: posts small blind $0.50
manescuctin: posts big blind $1
J0SHB0SH: sits out 
*** HOLE CARDS ***
avstero: raises $1.20 to $2.20
kvcsszblcs: raises $5.80 to $8
DJNezz: folds 
manescuctin: folds 
avstero: folds 
Uncalled bet ($5.80) returned to kvcsszblcs
kvcsszblcs collected $5.90 from pot
kvcsszblcs: doesn't show hand 
*** SUMMARY ***
Total pot $5.90 | Rake $0 
Seat 3: J0SHB0SH
Seat 6: elcutez
Seat 1: manescuctin (big blind) folded before Flop
Seat 2: avstero folded before Flop
Seat 4: kvcsszblcs (button) collected ($5.90)
Seat 5: DJNezz (small blind) folded before Flop



PokerStars Hand #254627476950:  Hold'em No Limit ($0.50/$1.00 USD) - 2025/01/30 20:48:02 WET [2025/01/30 15:48:02 ET]
Table 'Scheila' 6-max Seat #5 is the button
Seat 3: J0SHB0SH ($100 in chips) is sitting out
Seat 6: elcutez ($103.65 in chips) is sitting out
Seat 1: manescuctin ($99 in chips) 
Seat 2: avstero ($119.55 in chips) 
Seat 4: kvcsszblcs ($103.70 in chips) 
Seat 5: DJNezz ($111.80 in chips) 
manescuctin: posts small blind $0.50
avstero: posts big blind $1
J0SHB0SH: sits out 
*** HOLE CARDS ***
kvcsszblcs: folds 
DJNezz: folds 
manescuctin: folds 
Uncalled bet ($0.50) returned to avstero
avstero collected $1 from pot
avstero: doesn't show hand 
*** SUMMARY ***
Total pot $1 | Rake $0 
Seat 3: J0SHB0SH
Seat 6: elcutez
Seat 1: manescuctin (small blind) folded before Flop
Seat 2: avstero (big blind) collected ($1)
Seat 4: kvcsszblcs folded before Flop (didn't bet)
Seat 5: DJNezz (button) folded before Flop (didn't bet)



PokerStars Hand #254627480060:  Hold'em No Limit ($0.50/$1.00 USD) - 2025/01/30 20:48:12 WET [2025/01/30 15:48:12 ET]
Table 'Scheila' 6-max Seat #1 is the button
Seat 6: elcutez ($103.65 in chips) is sitting out
Seat 1: manescuctin ($98.50 in chips) 
Seat 2: avstero ($120.05 in chips) 
Seat 3: J0SHB0SH ($100 in chips) 
Seat 4: kvcsszblcs ($103.70 in chips) 
Seat 5: DJNezz ($111.80 in chips) 
avstero: posts small blind $0.50
J0SHB0SH: posts big blind $1
*** HOLE CARDS ***
kvcsszblcs: folds 
DJNezz: raises $1.20 to $2.20
manescuctin: folds 
avstero: folds 
J0SHB0SH: folds 
Uncalled bet ($1.20) returned to DJNezz
DJNezz collected $2.50 from pot
*** SUMMARY ***
Total pot $2.50 | Rake $0 
Seat 6: elcutez
Seat 1: manescuctin (button) folded before Flop (didn't bet)
Seat 2: avstero (small blind) folded before Flop
Seat 3: J0SHB0SH (big blind) folded before Flop
Seat 4: kvcsszblcs folded before Flop (didn't bet)
Seat 5: DJNezz collected ($2.50)



PokerStars Hand #254627487721:  Hold'em No Limit ($0.50/$1.00 USD) - 2025/01/30 20:48:38 WET [2025/01/30 15:48:38 ET]
Table 'Scheila' 6-max Seat #2 is the button
Seat 6: elcutez ($103.65 in chips) is sitting out
Seat 1: manescuctin ($98.50 in chips) 
Seat 2: avstero ($119.55 in chips) 
Seat 3: J0SHB0SH ($100 in chips) 
Seat 4: kvcsszblcs ($103.70 in chips) 
Seat 5: DJNezz ($113.30 in chips) 
J0SHB0SH: posts small blind $0.50
kvcsszblcs: posts big blind $1
*** HOLE CARDS ***
DJNezz: folds 
manescuctin: folds 
avstero: folds 
J0SHB0SH: folds 
Uncalled bet ($0.50) returned to kvcsszblcs
kvcsszblcs collected $1 from pot
kvcsszblcs: doesn't show hand 
*** SUMMARY ***
Total pot $1 | Rake $0 
Seat 6: elcutez
Seat 1: manescuctin folded before Flop (didn't bet)
Seat 2: avstero (button) folded before Flop (didn't bet)
Seat 3: J0SHB0SH (small blind) folded before Flop
Seat 4: kvcsszblcs (big blind) collected ($1)
Seat 5: DJNezz folded before Flop (didn't bet)



PokerStars Hand #254627491429:  Hold'em No Limit ($0.50/$1.00 USD) - 2025/01/30 20:48:51 WET [2025/01/30 15:48:51 ET]
Table 'Scheila' 6-max Seat #3 is the button
Seat 6: elcutez ($103.65 in chips) is sitting out
Seat 1: manescuctin ($98.50 in chips) 
Seat 2: avstero ($119.55 in chips) 
Seat 3: J0SHB0SH ($100 in chips) 
Seat 4: kvcsszblcs ($104.20 in chips) 
Seat 5: DJNezz ($113.30 in chips) 
kvcsszblcs: posts small blind $0.50
DJNezz: posts big blind $1
*** HOLE CARDS ***
manescuctin: calls $1
avstero: folds 
J0SHB0SH: folds 
kvcsszblcs: folds 
DJNezz: checks 
*** FLOP *** [Qs Jd 2s]
DJNezz: checks 
manescuctin: checks 
*** TURN *** [Qs Jd 2s] [Tc]
DJNezz: bets $1.79
manescuctin: calls $1.79
*** RIVER *** [Qs Jd 2s Tc] [4d]
DJNezz: bets $4.34
manescuctin: folds 
Uncalled bet ($4.34) returned to DJNezz
DJNezz collected $5.78 from pot
*** SUMMARY ***
Total pot $6.08 | Rake $0.30 
Board [Qs Jd 2s Tc 4d]
Seat 6: elcutez
Seat 1: manescuctin folded on the River
Seat 2: avstero folded before Flop (didn't bet)
Seat 3: J0SHB0SH (button) folded before Flop (didn't bet)
Seat 4: kvcsszblcs (small blind) folded before Flop
Seat 5: DJNezz (big blind) collected ($5.78)



PokerStars Hand #254627507681:  Hold'em No Limit ($0.50/$1.00 USD) - 2025/01/30 20:49:45 WET [2025/01/30 15:49:45 ET]
Table 'Scheila' 6-max Seat #4 is the button
Seat 6: elcutez ($103.65 in chips) is sitting out
Seat 1: manescuctin ($95.71 in chips) 
Seat 2: avstero ($119.55 in chips) 
Seat 3: J0SHB0SH ($100 in chips) 
Seat 4: kvcsszblcs ($103.70 in chips) 
Seat 5: DJNezz ($116.29 in chips) 
DJNezz: posts small blind $0.50
manescuctin: posts big blind $1
*** HOLE CARDS ***
avstero: raises $1.20 to $2.20
J0SHB0SH: folds 
kvcsszblcs: folds 
DJNezz: folds 
manescuctin: calls $1.20
*** FLOP *** [7d 7c 5h]
manescuctin: checks 
avstero: bets $1.40
manescuctin: folds 
Uncalled bet ($1.40) returned to avstero
avstero collected $4.66 from pot
avstero: doesn't show hand 
*** SUMMARY ***
Total pot $4.90 | Rake $0.24 
Board [7d 7c 5h]
Seat 6: elcutez
Seat 1: manescuctin (big blind) folded on the Flop
Seat 2: avstero collected ($4.66)
Seat 3: J0SHB0SH folded before Flop (didn't bet)
Seat 4: kvcsszblcs (button) folded before Flop (didn't bet)
Seat 5: DJNezz (small blind) folded before Flop



PokerStars Hand #254627519728:  Hold'em No Limit ($0.50/$1.00 USD) - 2025/01/30 20:50:26 WET [2025/01/30 15:50:26 ET]
Table 'Scheila' 6-max Seat #5 is the button
Seat 2: avstero ($122.01 in chips) is sitting out
Seat 6: elcutez ($103.65 in chips) is sitting out
Seat 1: manescuctin ($93.51 in chips) 
Seat 3: J0SHB0SH ($100 in chips) 
Seat 4: kvcsszblcs ($103.70 in chips) 
Seat 5: DJNezz ($115.79 in chips) 
manescuctin: posts small blind $0.50
avstero: is sitting out 
J0SHB0SH: posts big blind $1
*** HOLE CARDS ***
kvcsszblcs: folds 
avstero leaves the table
DJNezz: raises $1.20 to $2.20
manescuctin: folds 
J0SHB0SH: folds 
Uncalled bet ($1.20) returned to DJNezz
dervesh joins the table at seat #2 
DJNezz collected $2.50 from pot
*** SUMMARY ***
Total pot $2.50 | Rake $0 
Seat 2: avstero
Seat 6: elcutez
Seat 1: manescuctin (small blind) folded before Flop
Seat 3: J0SHB0SH (big blind) folded before Flop
Seat 4: kvcsszblcs folded before Flop (didn't bet)
Seat 5: DJNezz (button) collected ($2.50)



PokerStars Hand #254627525583:  Hold'em No Limit ($0.50/$1.00 USD) - 2025/01/30 20:50:45 WET [2025/01/30 15:50:45 ET]
Table 'Scheila' 6-max Seat #1 is the button
Seat 2: dervesh ($119.13 in chips) is sitting out
Seat 6: elcutez ($103.65 in chips) is sitting out
Seat 1: manescuctin ($93.01 in chips) 
Seat 3: J0SHB0SH ($100 in chips) 
Seat 4: kvcsszblcs ($103.70 in chips) 
Seat 5: DJNezz ($117.29 in chips) 
J0SHB0SH: posts small blind $0.50
kvcsszblcs: posts big blind $1
*** HOLE CARDS ***
DJNezz: folds 
manescuctin: calls $1
J0SHB0SH: folds 
kvcsszblcs: checks 
*** FLOP *** [Tc Ad 3h]
kvcsszblcs: checks 
manescuctin: checks 
*** TURN *** [Tc Ad 3h] [2c]
kvcsszblcs: bets $9.34
manescuctin: folds 
Uncalled bet ($9.34) returned to kvcsszblcs
kvcsszblcs collected $2.38 from pot
kvcsszblcs: doesn't show hand 
*** SUMMARY ***
Total pot $2.50 | Rake $0.12 
Board [Tc Ad 3h 2c]
Seat 2: dervesh
Seat 6: elcutez
Seat 1: manescuctin (button) folded on the Turn
Seat 3: J0SHB0SH (small blind) folded before Flop
Seat 4: kvcsszblcs (big blind) collected ($2.38)
Seat 5: DJNezz folded before Flop (didn't bet)



PokerStars Hand #254627534288:  Hold'em No Limit ($0.50/$1.00 USD) - 2025/01/30 20:51:15 WET [2025/01/30 15:51:15 ET]
Table 'Scheila' 6-max Seat #3 is the button
Seat 2: dervesh ($119.13 in chips) is sitting out
Seat 1: manescuctin ($92.01 in chips) 
Seat 3: J0SHB0SH ($100 in chips) 
Seat 4: kvcsszblcs ($105.08 in chips) 
Seat 5: DJNezz ($117.29 in chips) 
Seat 6: elcutez ($103.65 in chips) 
kvcsszblcs: posts small blind $0.50
DJNezz: posts big blind $1
elcutez: posts small & big blinds $1.50
dervesh: sits out 
*** HOLE CARDS ***
elcutez: checks 
manescuctin: folds 
J0SHB0SH: raises $3 to $4
kvcsszblcs: folds 
DJNezz: folds 
elcutez: folds 
Uncalled bet ($3) returned to J0SHB0SH
J0SHB0SH collected $4 from pot
J0SHB0SH: doesn't show hand 
*** SUMMARY ***
Total pot $4 | Rake $0 
Seat 2: dervesh
Seat 1: manescuctin folded before Flop (didn't bet)
Seat 3: J0SHB0SH (button) collected ($4)
Seat 4: kvcsszblcs (small blind) folded before Flop
Seat 5: DJNezz (big blind) folded before Flop
Seat 6: elcutez folded before Flop (didn't bet)



PokerStars Hand #254627543467:  Hold'em No Limit ($0.50/$1.00 USD) - 2025/01/30 20:51:45 WET [2025/01/30 15:51:45 ET]
Table 'Scheila' 6-max Seat #4 is the button
Seat 2: dervesh ($119.13 in chips) is sitting out
Seat 1: manescuctin ($92.01 in chips) 
Seat 3: J0SHB0SH ($103 in chips) 
Seat 4: kvcsszblcs ($104.58 in chips) 
Seat 5: DJNezz ($116.29 in chips) 
Seat 6: elcutez ($102.15 in chips) 
DJNezz: posts small blind $0.50
elcutez: posts big blind $1
dervesh: sits out 
*** HOLE CARDS ***
manescuctin: calls $1
J0SHB0SH: folds 
kvcsszblcs: folds 
DJNezz: folds 
elcutez: checks 
*** FLOP *** [Ac 8h 3c]
elcutez: checks 
manescuctin: checks 
*** TURN *** [Ac 8h 3c] [Ts]
elcutez: checks 
manescuctin: checks 
*** RIVER *** [Ac 8h 3c Ts] [8d]
elcutez: checks 
manescuctin: checks 
*** SHOW DOWN ***
elcutez: shows [2h 7c] (a pair of Eights)
manescuctin: shows [6c 6s] (two pair, Eights and Sixes)
manescuctin collected $2.38 from pot
*** SUMMARY ***
Total pot $2.50 | Rake $0.12 
Board [Ac 8h 3c Ts 8d]
Seat 2: dervesh
Seat 1: manescuctin showed [6c 6s] and won ($2.38) with two pair, Eights and Sixes
Seat 3: J0SHB0SH folded before Flop (didn't bet)
Seat 4: kvcsszblcs (button) folded before Flop (didn't bet)
Seat 5: DJNezz (small blind) folded before Flop
Seat 6: elcutez (big blind) showed [2h 7c] and lost with a pair of Eights



PokerStars Hand #254627551758:  Hold'em No Limit ($0.50/$1.00 USD) - 2025/01/30 20:52:13 WET [2025/01/30 15:52:13 ET]
Table 'Scheila' 6-max Seat #5 is the button
Seat 2: dervesh ($119.13 in chips) is sitting out
Seat 1: manescuctin ($93.39 in chips) 
Seat 3: J0SHB0SH ($103 in chips) 
Seat 4: kvcsszblcs ($104.58 in chips) 
Seat 5: DJNezz ($115.79 in chips) 
Seat 6: elcutez ($101.15 in chips) 
elcutez: posts small blind $0.50
manescuctin: posts big blind $1
dervesh: sits out 
*** HOLE CARDS ***
J0SHB0SH: folds 
kvcsszblcs: folds 
DJNezz: folds 
elcutez: raises $3 to $4
manescuctin: calls $3
*** FLOP *** [2d 2h 2c]
elcutez: checks 
manescuctin: bets $7.60
elcutez: calls $7.60
*** TURN *** [2d 2h 2c] [6c]
elcutez: checks 
manescuctin: checks 
*** RIVER *** [2d 2h 2c 6c] [Ks]
elcutez: bets $32
manescuctin: raises $49.79 to $81.79 and is all-in
elcutez: folds 
Uncalled bet ($49.79) returned to manescuctin
manescuctin collected $84.70 from pot
*** SUMMARY ***
Total pot $87.20 | Rake $2.50 
Board [2d 2h 2c 6c Ks]
Seat 2: dervesh
Seat 1: manescuctin (big blind) collected ($84.70)
Seat 3: J0SHB0SH folded before Flop (didn't bet)
Seat 4: kvcsszblcs folded before Flop (didn't bet)
Seat 5: DJNezz (button) folded before Flop (didn't bet)
Seat 6: elcutez (small blind) folded on the River



PokerStars Hand #254627567584:  Hold'em No Limit ($0.50/$1.00 USD) - 2025/01/30 20:53:06 WET [2025/01/30 15:53:06 ET]
Table 'Scheila' 6-max Seat #6 is the button
Seat 1: manescuctin ($134.49 in chips) 
Seat 2: dervesh ($119.13 in chips) 
Seat 3: J0SHB0SH ($103 in chips) 
Seat 4: kvcsszblcs ($104.58 in chips) 
Seat 5: DJNezz ($115.79 in chips) 
Seat 6: elcutez ($57.55 in chips) 
manescuctin: posts small blind $0.50
dervesh: posts big blind $1
*** HOLE CARDS ***
J0SHB0SH: folds 
kvcsszblcs: folds 
DJNezz: folds 
elcutez: folds 
manescuctin: calls $0.50
dervesh: checks 
*** FLOP *** [Tc 7d Js]
manescuctin: checks 
dervesh: bets $1.25
manescuctin: calls $1.25
*** TURN *** [Tc 7d Js] [7s]
manescuctin: checks 
dervesh: checks 
*** RIVER *** [Tc 7d Js 7s] [Kc]
manescuctin: checks 
dervesh: checks 
*** SHOW DOWN ***
manescuctin: shows [Jd 6h] (two pair, Jacks and Sevens)
dervesh: mucks hand 
manescuctin collected $4.28 from pot
*** SUMMARY ***
Total pot $4.50 | Rake $0.22 
Board [Tc 7d Js 7s Kc]
Seat 1: manescuctin (small blind) showed [Jd 6h] and won ($4.28) with two pair, Jacks and Sevens
Seat 2: dervesh (big blind) mucked
Seat 3: J0SHB0SH folded before Flop (didn't bet)
Seat 4: kvcsszblcs folded before Flop (didn't bet)
Seat 5: DJNezz folded before Flop (didn't bet)
Seat 6: elcutez (button) folded before Flop (didn't bet)



PokerStars Hand #254627587472:  Hold'em No Limit ($0.50/$1.00 USD) - 2025/01/30 20:54:13 WET [2025/01/30 15:54:13 ET]
Table 'Scheila' 6-max Seat #1 is the button
Seat 1: manescuctin ($136.52 in chips) 
Seat 2: dervesh ($116.88 in chips) 
Seat 3: J0SHB0SH ($103 in chips) 
Seat 4: kvcsszblcs ($104.58 in chips) 
Seat 5: DJNezz ($115.79 in chips) 
Seat 6: elcutez ($57.55 in chips) 
dervesh: posts small blind $0.50
J0SHB0SH: posts big blind $1
*** HOLE CARDS ***
kvcsszblcs: folds 
DJNezz: folds 
elcutez: folds 
manescuctin: folds 
dervesh: folds 
Uncalled bet ($0.50) returned to J0SHB0SH
J0SHB0SH collected $1 from pot
J0SHB0SH: doesn't show hand 
*** SUMMARY ***
Total pot $1 | Rake $0 
Seat 1: manescuctin (button) folded before Flop (didn't bet)
Seat 2: dervesh (small blind) folded before Flop
Seat 3: J0SHB0SH (big blind) collected ($1)
Seat 4: kvcsszblcs folded before Flop (didn't bet)
Seat 5: DJNezz folded before Flop (didn't bet)
Seat 6: elcutez folded before Flop (didn't bet)



PokerStars Hand #254627592327:  Hold'em No Limit ($0.50/$1.00 USD) - 2025/01/30 20:54:29 WET [2025/01/30 15:54:29 ET]
Table 'Scheila' 6-max Seat #2 is the button
Seat 1: manescuctin ($136.52 in chips) 
Seat 2: dervesh ($116.38 in chips) 
Seat 3: J0SHB0SH ($103.50 in chips) 
Seat 4: kvcsszblcs ($104.58 in chips) 
Seat 5: DJNezz ($115.79 in chips) 
Seat 6: elcutez ($57.55 in chips) 
J0SHB0SH: posts small blind $0.50
kvcsszblcs: posts big blind $1
*** HOLE CARDS ***
DJNezz: raises $1.20 to $2.20
elcutez: calls $2.20
manescuctin: folds 
dervesh: folds 
J0SHB0SH: folds 
kvcsszblcs: calls $1.20
*** FLOP *** [2c 9h 9c]
kvcsszblcs: checks 
DJNezz: checks 
elcutez: checks 
*** TURN *** [2c 9h 9c] [6h]
kvcsszblcs: bets $1.69
DJNezz: raises $3.34 to $5.03
elcutez: folds 
kvcsszblcs: folds 
Uncalled bet ($3.34) returned to DJNezz
DJNezz collected $9.96 from pot
*** SUMMARY ***
Total pot $10.48 | Rake $0.52 
Board [2c 9h 9c 6h]
Seat 1: manescuctin folded before Flop (didn't bet)
Seat 2: dervesh (button) folded before Flop (didn't bet)
Seat 3: J0SHB0SH (small blind) folded before Flop
Seat 4: kvcsszblcs (big blind) folded on the Turn
Seat 5: DJNezz collected ($9.96)
Seat 6: elcutez folded on the Turn



PokerStars Hand #254627613857:  Hold'em No Limit ($0.50/$1.00 USD) - 2025/01/30 20:55:54 WET [2025/01/30 15:55:54 ET]
Table 'Scheila' 6-max Seat #3 is the button
Seat 1: manescuctin ($136.52 in chips) 
Seat 2: dervesh ($116.38 in chips) 
Seat 3: J0SHB0SH ($103 in chips) 
Seat 4: kvcsszblcs ($100.69 in chips) 
Seat 5: DJNezz ($121.86 in chips) 
Seat 6: elcutez ($55.35 in chips) 
kvcsszblcs: posts small blind $0.50
DJNezz: posts big blind $1
*** HOLE CARDS ***
elcutez: folds 
manescuctin: folds 
dervesh: folds 
J0SHB0SH: folds 
kvcsszblcs: folds 
Uncalled bet ($0.50) returned to DJNezz
DJNezz collected $1 from pot
*** SUMMARY ***
Total pot $1 | Rake $0 
Seat 1: manescuctin folded before Flop (didn't bet)
Seat 2: dervesh folded before Flop (didn't bet)
Seat 3: J0SHB0SH (button) folded before Flop (didn't bet)
Seat 4: kvcsszblcs (small blind) folded before Flop
Seat 5: DJNezz (big blind) collected ($1)
Seat 6: elcutez folded before Flop (didn't bet)



PokerStars Hand #254627617521:  Hold'em No Limit ($0.50/$1.00 USD) - 2025/01/30 20:56:12 WET [2025/01/30 15:56:12 ET]
Table 'Scheila' 6-max Seat #4 is the button
Seat 1: manescuctin ($136.52 in chips) 
Seat 2: dervesh ($116.38 in chips) 
Seat 3: J0SHB0SH ($103 in chips) 
Seat 4: kvcsszblcs ($100.19 in chips) 
Seat 5: DJNezz ($122.36 in chips) 
Seat 6: elcutez ($55.35 in chips) 
DJNezz: posts small blind $0.50
elcutez: posts big blind $1
*** HOLE CARDS ***
manescuctin: raises $1 to $2
dervesh: folds 
J0SHB0SH: folds 
kvcsszblcs: folds 
DJNezz: folds 
elcutez: folds 
Uncalled bet ($1) returned to manescuctin
manescuctin collected $2.50 from pot
*** SUMMARY ***
Total pot $2.50 | Rake $0 
Seat 1: manescuctin collected ($2.50)
Seat 2: dervesh folded before Flop (didn't bet)
Seat 3: J0SHB0SH folded before Flop (didn't bet)
Seat 4: kvcsszblcs (button) folded before Flop (didn't bet)
Seat 5: DJNezz (small blind) folded before Flop
Seat 6: elcutez (big blind) folded before Flop



PokerStars Hand #254627621151:  Hold'em No Limit ($0.50/$1.00 USD) - 2025/01/30 20:56:30 WET [2025/01/30 15:56:30 ET]
Table 'Scheila' 6-max Seat #5 is the button
Seat 1: manescuctin ($138.02 in chips) 
Seat 2: dervesh ($116.38 in chips) 
Seat 3: J0SHB0SH ($103 in chips) 
Seat 4: kvcsszblcs ($100.19 in chips) 
Seat 5: DJNezz ($121.86 in chips) 
Seat 6: elcutez ($54.35 in chips) 
elcutez: posts small blind $0.50
manescuctin: posts big blind $1
*** HOLE CARDS ***
dervesh: folds 
J0SHB0SH: folds 
kvcsszblcs: folds 
DJNezz: folds 
elcutez: folds 
Uncalled bet ($0.50) returned to manescuctin
manescuctin collected $1 from pot
*** SUMMARY ***
Total pot $1 | Rake $0 
Seat 1: manescuctin (big blind) collected ($1)
Seat 2: dervesh folded before Flop (didn't bet)
Seat 3: J0SHB0SH folded before Flop (didn't bet)
Seat 4: kvcsszblcs folded before Flop (didn't bet)
Seat 5: DJNezz (button) folded before Flop (didn't bet)
Seat 6: elcutez (small blind) folded before Flop



PokerStars Hand #254627624145:  Hold'em No Limit ($0.50/$1.00 USD) - 2025/01/30 20:56:44 WET [2025/01/30 15:56:44 ET]
Table 'Scheila' 6-max Seat #6 is the button
Seat 1: manescuctin ($138.52 in chips) 
Seat 2: dervesh ($116.38 in chips) 
Seat 3: J0SHB0SH ($103 in chips) 
Seat 4: kvcsszblcs ($100.19 in chips) 
Seat 5: DJNezz ($121.86 in chips) 
Seat 6: elcutez ($53.85 in chips) 
manescuctin: posts small blind $0.50
dervesh: posts big blind $1
*** HOLE CARDS ***
J0SHB0SH: folds 
kvcsszblcs: raises $1 to $2
DJNezz: folds 
elcutez: folds 
manescuctin: calls $1.50
dervesh: calls $1
*** FLOP *** [5s 2h 5d]
manescuctin: checks 
dervesh: bets $1.88
kvcsszblcs: raises $4.12 to $6
manescuctin: folds 
dervesh: folds 
Uncalled bet ($4.12) returned to kvcsszblcs
kvcsszblcs collected $9.27 from pot
kvcsszblcs: doesn't show hand 
*** SUMMARY ***
Total pot $9.76 | Rake $0.49 
Board [5s 2h 5d]
Seat 1: manescuctin (small blind) folded on the Flop
Seat 2: dervesh (big blind) folded on the Flop
Seat 3: J0SHB0SH folded before Flop (didn't bet)
Seat 4: kvcsszblcs collected ($9.27)
Seat 5: DJNezz folded before Flop (didn't bet)
Seat 6: elcutez (button) folded before Flop (didn't bet)



PokerStars Hand #254627632286:  Hold'em No Limit ($0.50/$1.00 USD) - 2025/01/30 20:57:24 WET [2025/01/30 15:57:24 ET]
Table 'Scheila' 6-max Seat #1 is the button
Seat 1: manescuctin ($136.52 in chips) 
Seat 2: dervesh ($112.50 in chips) 
Seat 3: J0SHB0SH ($103 in chips) 
Seat 4: kvcsszblcs ($105.58 in chips) 
Seat 5: DJNezz ($121.86 in chips) 
Seat 6: elcutez ($53.85 in chips) 
dervesh: posts small blind $0.50
J0SHB0SH: posts big blind $1
*** HOLE CARDS ***
kvcsszblcs: raises $1 to $2
DJNezz: folds 
elcutez: folds 
manescuctin: calls $2
dervesh: folds 
J0SHB0SH: folds 
*** FLOP *** [4h Ks Qc]
kvcsszblcs: checks 
manescuctin: bets $2.61
kvcsszblcs: calls $2.61
*** TURN *** [4h Ks Qc] [9d]
kvcsszblcs: checks 
manescuctin: bets $10.18
kvcsszblcs: folds 
Uncalled bet ($10.18) returned to manescuctin
manescuctin collected $10.18 from pot
*** SUMMARY ***
Total pot $10.72 | Rake $0.54 
Board [4h Ks Qc 9d]
Seat 1: manescuctin (button) collected ($10.18)
Seat 2: dervesh (small blind) folded before Flop
Seat 3: J0SHB0SH (big blind) folded before Flop
Seat 4: kvcsszblcs folded on the Turn
Seat 5: DJNezz folded before Flop (didn't bet)
Seat 6: elcutez folded before Flop (didn't bet)



PokerStars Hand #254627645767:  Hold'em No Limit ($0.50/$1.00 USD) - 2025/01/30 20:58:28 WET [2025/01/30 15:58:28 ET]
Table 'Scheila' 6-max Seat #2 is the button
Seat 1: manescuctin ($142.09 in chips) 
Seat 2: dervesh ($112 in chips) 
Seat 3: J0SHB0SH ($102 in chips) 
Seat 4: kvcsszblcs ($100.97 in chips) 
Seat 5: DJNezz ($121.86 in chips) 
Seat 6: elcutez ($53.85 in chips) 
J0SHB0SH: posts small blind $0.50
kvcsszblcs: posts big blind $1
*** HOLE CARDS ***
DJNezz: folds 
elcutez: folds 
manescuctin: folds 
dervesh: raises $1.50 to $2.50
J0SHB0SH: folds 
kvcsszblcs: folds 
Uncalled bet ($1.50) returned to dervesh
dervesh collected $2.50 from pot
dervesh: doesn't show hand 
*** SUMMARY ***
Total pot $2.50 | Rake $0 
Seat 1: manescuctin folded before Flop (didn't bet)
Seat 2: dervesh (button) collected ($2.50)
Seat 3: J0SHB0SH (small blind) folded before Flop
Seat 4: kvcsszblcs (big blind) folded before Flop
Seat 5: DJNezz folded before Flop (didn't bet)
Seat 6: elcutez folded before Flop (didn't bet)



PokerStars Hand #254627649411:  Hold'em No Limit ($0.50/$1.00 USD) - 2025/01/30 20:58:45 WET [2025/01/30 15:58:45 ET]
Table 'Scheila' 6-max Seat #3 is the button
Seat 1: manescuctin ($142.09 in chips) 
Seat 2: dervesh ($113.50 in chips) 
Seat 3: J0SHB0SH ($101.50 in chips) 
Seat 4: kvcsszblcs ($100 in chips) 
Seat 5: DJNezz ($121.86 in chips) 
Seat 6: elcutez ($53.85 in chips) 
kvcsszblcs: posts small blind $0.50
DJNezz: posts big blind $1
*** HOLE CARDS ***
elcutez: raises $2 to $3
manescuctin: folds 
dervesh: folds 
J0SHB0SH: folds 
kvcsszblcs: folds 
DJNezz: folds 
Uncalled bet ($2) returned to elcutez
elcutez collected $2.50 from pot
*** SUMMARY ***
Total pot $2.50 | Rake $0 
Seat 1: manescuctin folded before Flop (didn't bet)
Seat 2: dervesh folded before Flop (didn't bet)
Seat 3: J0SHB0SH (button) folded before Flop (didn't bet)
Seat 4: kvcsszblcs (small blind) folded before Flop
Seat 5: DJNezz (big blind) folded before Flop
Seat 6: elcutez collected ($2.50)



PokerStars Hand #254627654550:  Hold'em No Limit ($0.50/$1.00 USD) - 2025/01/30 20:59:10 WET [2025/01/30 15:59:10 ET]
Table 'Scheila' 6-max Seat #4 is the button
Seat 1: manescuctin ($142.09 in chips) 
Seat 2: dervesh ($113.50 in chips) 
Seat 3: J0SHB0SH ($101.50 in chips) 
Seat 4: kvcsszblcs ($100 in chips) 
Seat 5: DJNezz ($120.86 in chips) 
Seat 6: elcutez ($55.35 in chips) 
DJNezz: posts small blind $0.50
elcutez: posts big blind $1
*** HOLE CARDS ***
manescuctin: folds 
dervesh: folds 
J0SHB0SH: raises $1.50 to $2.50
kvcsszblcs: folds 
DJNezz: raises $9.50 to $12
elcutez: folds 
J0SHB0SH: folds 
Uncalled bet ($9.50) returned to DJNezz
DJNezz collected $6 from pot
*** SUMMARY ***
Total pot $6 | Rake $0 
Seat 1: manescuctin folded before Flop (didn't bet)
Seat 2: dervesh folded before Flop (didn't bet)
Seat 3: J0SHB0SH folded before Flop
Seat 4: kvcsszblcs (button) folded before Flop (didn't bet)
Seat 5: DJNezz (small blind) collected ($6)
Seat 6: elcutez (big blind) folded before Flop



PokerStars Hand #254627663520:  Hold'em No Limit ($0.50/$1.00 USD) - 2025/01/30 20:59:52 WET [2025/01/30 15:59:52 ET]
Table 'Scheila' 6-max Seat #5 is the button
Seat 1: manescuctin ($142.09 in chips) 
Seat 2: dervesh ($113.50 in chips) 
Seat 3: J0SHB0SH ($100 in chips) 
Seat 4: kvcsszblcs ($100 in chips) 
Seat 5: DJNezz ($124.36 in chips) 
Seat 6: elcutez ($54.35 in chips) 
elcutez: posts small blind $0.50
manescuctin: posts big blind $1
*** HOLE CARDS ***
dervesh: folds 
J0SHB0SH: folds 
kvcsszblcs: folds 
DJNezz: folds 
elcutez: folds 
Uncalled bet ($0.50) returned to manescuctin
manescuctin collected $1 from pot
*** SUMMARY ***
Total pot $1 | Rake $0 
Seat 1: manescuctin (big blind) collected ($1)
Seat 2: dervesh folded before Flop (didn't bet)
Seat 3: J0SHB0SH folded before Flop (didn't bet)
Seat 4: kvcsszblcs folded before Flop (didn't bet)
Seat 5: DJNezz (button) folded before Flop (didn't bet)
Seat 6: elcutez (small blind) folded before Flop



PokerStars Hand #254627667926:  Hold'em No Limit ($0.50/$1.00 USD) - 2025/01/30 21:00:12 WET [2025/01/30 16:00:12 ET]
Table 'Scheila' 6-max Seat #6 is the button
Seat 1: manescuctin ($142.59 in chips) 
Seat 2: dervesh ($113.50 in chips) 
Seat 3: J0SHB0SH ($100 in chips) 
Seat 4: kvcsszblcs ($100 in chips) 
Seat 5: DJNezz ($124.36 in chips) 
Seat 6: elcutez ($53.85 in chips) 
manescuctin: posts small blind $0.50
dervesh: posts big blind $1
*** HOLE CARDS ***
J0SHB0SH: raises $1 to $2
kvcsszblcs: folds 
DJNezz: folds 
elcutez: folds 
manescuctin: calls $1.50
dervesh: calls $1
*** FLOP *** [2d 9h 2s]
manescuctin: checks 
dervesh: checks 
J0SHB0SH: checks 
*** TURN *** [2d 9h 2s] [5c]
manescuctin: checks 
dervesh: checks 
J0SHB0SH: checks 
*** RIVER *** [2d 9h 2s 5c] [8d]
manescuctin: checks 
dervesh: checks 
J0SHB0SH: checks 
*** SHOW DOWN ***
manescuctin: shows [7d 8c] (two pair, Eights and Deuces)
dervesh: mucks hand 
J0SHB0SH: mucks hand 
manescuctin collected $5.70 from pot
*** SUMMARY ***
Total pot $6 | Rake $0.30 
Board [2d 9h 2s 5c 8d]
Seat 1: manescuctin (small blind) showed [7d 8c] and won ($5.70) with two pair, Eights and Deuces
Seat 2: dervesh (big blind) mucked
Seat 3: J0SHB0SH mucked
Seat 4: kvcsszblcs folded before Flop (didn't bet)
Seat 5: DJNezz folded before Flop (didn't bet)
Seat 6: elcutez (button) folded before Flop (didn't bet)



PokerStars Hand #254627681432:  Hold'em No Limit ($0.50/$1.00 USD) - 2025/01/30 21:01:10 WET [2025/01/30 16:01:10 ET]
Table 'Scheila' 6-max Seat #1 is the button
Seat 1: manescuctin ($146.29 in chips) 
Seat 2: dervesh ($111.50 in chips) 
Seat 3: J0SHB0SH ($100 in chips) 
Seat 4: kvcsszblcs ($100 in chips) 
Seat 5: DJNezz ($124.36 in chips) 
Seat 6: elcutez ($53.85 in chips) 
dervesh: posts small blind $0.50
J0SHB0SH: posts big blind $1
*** HOLE CARDS ***
kvcsszblcs: folds 
DJNezz: folds 
elcutez: folds 
manescuctin: folds 
dervesh: folds 
Uncalled bet ($0.50) returned to J0SHB0SH
J0SHB0SH collected $1 from pot
J0SHB0SH: doesn't show hand 
*** SUMMARY ***
Total pot $1 | Rake $0 
Seat 1: manescuctin (button) folded before Flop (didn't bet)
Seat 2: dervesh (small blind) folded before Flop
Seat 3: J0SHB0SH (big blind) collected ($1)
Seat 4: kvcsszblcs folded before Flop (didn't bet)
Seat 5: DJNezz folded before Flop (didn't bet)
Seat 6: elcutez folded before Flop (didn't bet)



PokerStars Hand #254627685185:  Hold'em No Limit ($0.50/$1.00 USD) - 2025/01/30 21:01:25 WET [2025/01/30 16:01:25 ET]
Table 'Scheila' 6-max Seat #2 is the button
Seat 1: manescuctin ($146.29 in chips) 
Seat 2: dervesh ($111 in chips) 
Seat 3: J0SHB0SH ($100.50 in chips) 
Seat 4: kvcsszblcs ($100 in chips) 
Seat 5: DJNezz ($124.36 in chips) 
Seat 6: elcutez ($53.85 in chips) 
J0SHB0SH: posts small blind $0.50
kvcsszblcs: posts big blind $1
*** HOLE CARDS ***
DJNezz: folds 
elcutez: folds 
manescuctin: folds 
dervesh: folds 
J0SHB0SH: raises $2 to $3
kvcsszblcs: folds 
Uncalled bet ($2) returned to J0SHB0SH
J0SHB0SH collected $2 from pot
J0SHB0SH: doesn't show hand 
*** SUMMARY ***
Total pot $2 | Rake $0 
Seat 1: manescuctin folded before Flop (didn't bet)
Seat 2: dervesh (button) folded before Flop (didn't bet)
Seat 3: J0SHB0SH (small blind) collected ($2)
Seat 4: kvcsszblcs (big blind) folded before Flop
Seat 5: DJNezz folded before Flop (didn't bet)
Seat 6: elcutez folded before Flop (didn't bet)



PokerStars Hand #254627689310:  Hold'em No Limit ($0.50/$1.00 USD) - 2025/01/30 21:01:41 WET [2025/01/30 16:01:41 ET]
Table 'Scheila' 6-max Seat #3 is the button
Seat 1: manescuctin ($146.29 in chips) 
Seat 2: dervesh ($111 in chips) 
Seat 3: J0SHB0SH ($101.50 in chips) 
Seat 4: kvcsszblcs ($100 in chips) 
Seat 5: DJNezz ($124.36 in chips) 
Seat 6: elcutez ($53.85 in chips) 
kvcsszblcs: posts small blind $0.50
DJNezz: posts big blind $1
*** HOLE CARDS ***
elcutez: raises $2 to $3
manescuctin: folds 
dervesh: raises $7 to $10
J0SHB0SH: folds 
kvcsszblcs: folds 
DJNezz: folds 
elcutez: folds 
Uncalled bet ($7) returned to dervesh
dervesh collected $7.50 from pot
dervesh: doesn't show hand 
*** SUMMARY ***
Total pot $7.50 | Rake $0 
Seat 1: manescuctin folded before Flop (didn't bet)
Seat 2: dervesh collected ($7.50)
Seat 3: J0SHB0SH (button) folded before Flop (didn't bet)
Seat 4: kvcsszblcs (small blind) folded before Flop
Seat 5: DJNezz (big blind) folded before Flop
Seat 6: elcutez folded before Flop



PokerStars Hand #254627696623:  Hold'em No Limit ($0.50/$1.00 USD) - 2025/01/30 21:02:07 WET [2025/01/30 16:02:07 ET]
Table 'Scheila' 6-max Seat #4 is the button
Seat 1: manescuctin ($146.29 in chips) 
Seat 2: dervesh ($115.50 in chips) 
Seat 3: J0SHB0SH ($101.50 in chips) 
Seat 4: kvcsszblcs ($100 in chips) 
Seat 5: DJNezz ($123.36 in chips) 
Seat 6: elcutez ($50.85 in chips) 
DJNezz: posts small blind $0.50
elcutez: posts big blind $1
*** HOLE CARDS ***
manescuctin: folds 
dervesh: folds 
J0SHB0SH: folds 
kvcsszblcs: raises $1.25 to $2.25
DJNezz: raises $9.75 to $12
elcutez: folds 
kvcsszblcs: folds 
Uncalled bet ($9.75) returned to DJNezz
DJNezz collected $5.50 from pot
*** SUMMARY ***
Total pot $5.50 | Rake $0 
Seat 1: manescuctin folded before Flop (didn't bet)
Seat 2: dervesh folded before Flop (didn't bet)
Seat 3: J0SHB0SH folded before Flop (didn't bet)
Seat 4: kvcsszblcs (button) folded before Flop
Seat 5: DJNezz (small blind) collected ($5.50)
Seat 6: elcutez (big blind) folded before Flop



PokerStars Hand #254627703977:  Hold'em No Limit ($0.50/$1.00 USD) - 2025/01/30 21:02:32 WET [2025/01/30 16:02:32 ET]
Table 'Scheila' 6-max Seat #5 is the button
Seat 1: manescuctin ($146.29 in chips) 
Seat 2: dervesh ($115.50 in chips) 
Seat 3: J0SHB0SH ($101.50 in chips) 
Seat 4: kvcsszblcs ($100 in chips) 
Seat 5: DJNezz ($126.61 in chips) 
Seat 6: elcutez ($49.85 in chips) 
elcutez: posts small blind $0.50
manescuctin: posts big blind $1
*** HOLE CARDS ***
dervesh: folds 
J0SHB0SH: folds 
kvcsszblcs: folds 
DJNezz: folds 
elcutez: folds 
Uncalled bet ($0.50) returned to manescuctin
manescuctin collected $1 from pot
*** SUMMARY ***
Total pot $1 | Rake $0 
Seat 1: manescuctin (big blind) collected ($1)
Seat 2: dervesh folded before Flop (didn't bet)
Seat 3: J0SHB0SH folded before Flop (didn't bet)
Seat 4: kvcsszblcs folded before Flop (didn't bet)
Seat 5: DJNezz (button) folded before Flop (didn't bet)
Seat 6: elcutez (small blind) folded before Flop



PokerStars Hand #254627709493:  Hold'em No Limit ($0.50/$1.00 USD) - 2025/01/30 21:02:51 WET [2025/01/30 16:02:51 ET]
Table 'Scheila' 6-max Seat #6 is the button
Seat 1: manescuctin ($146.79 in chips) 
Seat 2: dervesh ($115.50 in chips) 
Seat 3: J0SHB0SH ($101.50 in chips) 
Seat 4: kvcsszblcs ($100 in chips) 
Seat 5: DJNezz ($126.61 in chips) 
Seat 6: elcutez ($49.35 in chips) 
manescuctin: posts small blind $0.50
dervesh: posts big blind $1
*** HOLE CARDS ***
J0SHB0SH: raises $1 to $2
kvcsszblcs: folds 
DJNezz: folds 
elcutez: folds 
manescuctin: calls $1.50
dervesh: folds 
*** FLOP *** [Ac 7d 4c]
manescuctin: checks 
J0SHB0SH: checks 
*** TURN *** [Ac 7d 4c] [3d]
manescuctin: bets $4.75
J0SHB0SH: calls $4.75
*** RIVER *** [Ac 7d 4c 3d] [4d]
manescuctin: checks 
J0SHB0SH: checks 
*** SHOW DOWN ***
manescuctin: shows [Ad 2c] (two pair, Aces and Fours)
J0SHB0SH: mucks hand 
manescuctin collected $13.78 from pot
*** SUMMARY ***
Total pot $14.50 | Rake $0.72 
Board [Ac 7d 4c 3d 4d]
Seat 1: manescuctin (small blind) showed [Ad 2c] and won ($13.78) with two pair, Aces and Fours
Seat 2: dervesh (big blind) folded before Flop
Seat 3: J0SHB0SH mucked
Seat 4: kvcsszblcs folded before Flop (didn't bet)
Seat 5: DJNezz folded before Flop (didn't bet)
Seat 6: elcutez (button) folded before Flop (didn't bet)



PokerStars Hand #254627732404:  Hold'em No Limit ($0.50/$1.00 USD) - 2025/01/30 21:04:08 WET [2025/01/30 16:04:08 ET]
Table 'Scheila' 6-max Seat #1 is the button
Seat 1: manescuctin ($153.82 in chips) 
Seat 2: dervesh ($114.50 in chips) 
Seat 3: J0SHB0SH ($100 in chips) 
Seat 4: kvcsszblcs ($100 in chips) 
Seat 5: DJNezz ($126.61 in chips) 
Seat 6: elcutez ($49.35 in chips) 
dervesh: posts small blind $0.50
J0SHB0SH: posts big blind $1
*** HOLE CARDS ***
kvcsszblcs: raises $1 to $2
DJNezz: folds 
elcutez: folds 
manescuctin: folds 
dervesh: raises $9 to $11
J0SHB0SH: folds 
kvcsszblcs: raises $12 to $23
dervesh: raises $91.50 to $114.50 and is all-in
kvcsszblcs: calls $77 and is all-in
Uncalled bet ($14.50) returned to dervesh
*** FLOP *** [Js 4s Jc]
*** TURN *** [Js 4s Jc] [Qs]
*** RIVER *** [Js 4s Jc Qs] [Jd]
*** SHOW DOWN ***
dervesh: shows [As Ah] (a full house, Jacks full of Aces)
kvcsszblcs: shows [Ks Kh] (a full house, Jacks full of Kings)
dervesh collected $198.50 from pot
*** SUMMARY ***
Total pot $201 | Rake $2.50 
Board [Js 4s Jc Qs Jd]
Seat 1: manescuctin (button) folded before Flop (didn't bet)
Seat 2: dervesh (small blind) showed [As Ah] and won ($198.50) with a full house, Jacks full of Aces
Seat 3: J0SHB0SH (big blind) folded before Flop
Seat 4: kvcsszblcs showed [Ks Kh] and lost with a full house, Jacks full of Kings
Seat 5: DJNezz folded before Flop (didn't bet)
Seat 6: elcutez folded before Flop (didn't bet)



PokerStars Hand #254627748110:  Hold'em No Limit ($0.50/$1.00 USD) - 2025/01/30 21:05:00 WET [2025/01/30 16:05:00 ET]
Table 'Scheila' 6-max Seat #2 is the button
Seat 1: manescuctin ($153.82 in chips) 
Seat 2: dervesh ($213 in chips) 
Seat 3: J0SHB0SH ($100 in chips) 
Seat 4: kvcsszblcs ($100 in chips) 
Seat 5: DJNezz ($126.61 in chips) 
Seat 6: elcutez ($49.35 in chips) 
J0SHB0SH: posts small blind $0.50
kvcsszblcs: posts big blind $1
*** HOLE CARDS ***
DJNezz: folds 
elcutez: folds 
manescuctin: folds 
dervesh: raises $1.50 to $2.50
J0SHB0SH: folds 
kvcsszblcs: folds 
Uncalled bet ($1.50) returned to dervesh
dervesh collected $2.50 from pot
dervesh: doesn't show hand 
*** SUMMARY ***
Total pot $2.50 | Rake $0 
Seat 1: manescuctin folded before Flop (didn't bet)
Seat 2: dervesh (button) collected ($2.50)
Seat 3: J0SHB0SH (small blind) folded before Flop
Seat 4: kvcsszblcs (big blind) folded before Flop
Seat 5: DJNezz folded before Flop (didn't bet)
Seat 6: elcutez folded before Flop (didn't bet)



PokerStars Hand #254627753573:  Hold'em No Limit ($0.50/$1.00 USD) - 2025/01/30 21:05:18 WET [2025/01/30 16:05:18 ET]
Table 'Scheila' 6-max Seat #3 is the button
Seat 1: manescuctin ($153.82 in chips) 
Seat 2: dervesh ($214.50 in chips) 
Seat 3: J0SHB0SH ($100 in chips) 
Seat 4: kvcsszblcs ($100 in chips) 
Seat 5: DJNezz ($126.61 in chips) 
Seat 6: elcutez ($49.35 in chips) 
kvcsszblcs: posts small blind $0.50
DJNezz: posts big blind $1
*** HOLE CARDS ***
elcutez: folds 
manescuctin: raises $2.50 to $3.50
dervesh: folds 
J0SHB0SH: folds 
kvcsszblcs: folds 
DJNezz: folds 
Uncalled bet ($2.50) returned to manescuctin
manescuctin collected $2.50 from pot
*** SUMMARY ***
Total pot $2.50 | Rake $0 
Seat 1: manescuctin collected ($2.50)
Seat 2: dervesh folded before Flop (didn't bet)
Seat 3: J0SHB0SH (button) folded before Flop (didn't bet)
Seat 4: kvcsszblcs (small blind) folded before Flop
Seat 5: DJNezz (big blind) folded before Flop
Seat 6: elcutez folded before Flop (didn't bet)



PokerStars Hand #254627758729:  Hold'em No Limit ($0.50/$1.00 USD) - 2025/01/30 21:05:35 WET [2025/01/30 16:05:35 ET]
Table 'Scheila' 6-max Seat #4 is the button
Seat 1: manescuctin ($155.32 in chips) 
Seat 2: dervesh ($214.50 in chips) 
Seat 3: J0SHB0SH ($100 in chips) 
Seat 4: kvcsszblcs ($100 in chips) 
Seat 5: DJNezz ($125.61 in chips) 
Seat 6: elcutez ($49.35 in chips) 
DJNezz: posts small blind $0.50
elcutez: posts big blind $1
*** HOLE CARDS ***
manescuctin: folds 
dervesh: folds 
J0SHB0SH: folds 
kvcsszblcs: raises $1.25 to $2.25
DJNezz: folds 
elcutez: folds 
Uncalled bet ($1.25) returned to kvcsszblcs
kvcsszblcs collected $2.50 from pot
kvcsszblcs: doesn't show hand 
*** SUMMARY ***
Total pot $2.50 | Rake $0 
Seat 1: manescuctin folded before Flop (didn't bet)
Seat 2: dervesh folded before Flop (didn't bet)
Seat 3: J0SHB0SH folded before Flop (didn't bet)
Seat 4: kvcsszblcs (button) collected ($2.50)
Seat 5: DJNezz (small blind) folded before Flop
Seat 6: elcutez (big blind) folded before Flop



PokerStars Hand #254627763765:  Hold'em No Limit ($0.50/$1.00 USD) - 2025/01/30 21:05:52 WET [2025/01/30 16:05:52 ET]
Table 'Scheila' 6-max Seat #5 is the button
Seat 1: manescuctin ($155.32 in chips) 
Seat 2: dervesh ($214.50 in chips) 
Seat 3: J0SHB0SH ($100 in chips) 
Seat 4: kvcsszblcs ($101.50 in chips) 
Seat 5: DJNezz ($125.11 in chips) 
Seat 6: elcutez ($48.35 in chips) 
elcutez: posts small blind $0.50
manescuctin: posts big blind $1
*** HOLE CARDS ***
dervesh: folds 
J0SHB0SH: folds 
kvcsszblcs: folds 
DJNezz: folds 
elcutez: raises $2 to $3
manescuctin: calls $2
*** FLOP *** [Qd Th Js]
elcutez: checks 
manescuctin: checks 
*** TURN *** [Qd Th Js] [Kh]
elcutez: bets $5.70
manescuctin: calls $5.70
*** RIVER *** [Qd Th Js Kh] [Qh]
elcutez: checks 
manescuctin: bets $146.62 and is all-in
elcutez: folds 
Uncalled bet ($146.62) returned to manescuctin
manescuctin collected $16.53 from pot
*** SUMMARY ***
Total pot $17.40 | Rake $0.87 
Board [Qd Th Js Kh Qh]
Seat 1: manescuctin (big blind) collected ($16.53)
Seat 2: dervesh folded before Flop (didn't bet)
Seat 3: J0SHB0SH folded before Flop (didn't bet)
Seat 4: kvcsszblcs folded before Flop (didn't bet)
Seat 5: DJNezz (button) folded before Flop (didn't bet)
Seat 6: elcutez (small blind) folded on the River



PokerStars Hand #254627786925:  Hold'em No Limit ($0.50/$1.00 USD) - 2025/01/30 21:07:10 WET [2025/01/30 16:07:10 ET]
Table 'Scheila' 6-max Seat #6 is the button
Seat 1: manescuctin ($163.15 in chips) 
Seat 2: dervesh ($214.50 in chips) 
Seat 3: J0SHB0SH ($100 in chips) 
Seat 4: kvcsszblcs ($101.50 in chips) 
Seat 5: DJNezz ($125.11 in chips) 
Seat 6: elcutez ($39.65 in chips) 
manescuctin: posts small blind $0.50
dervesh: posts big blind $1
*** HOLE CARDS ***
J0SHB0SH: folds 
kvcsszblcs: folds 
DJNezz: folds 
elcutez: folds 
manescuctin: calls $0.50
dervesh: checks 
*** FLOP *** [Ts 7d 2h]
manescuctin: checks 
dervesh: checks 
*** TURN *** [Ts 7d 2h] [8d]
manescuctin: checks 
dervesh: checks 
*** RIVER *** [Ts 7d 2h 8d] [4s]
manescuctin: checks 
dervesh: checks 
*** SHOW DOWN ***
manescuctin: shows [4c 5s] (a pair of Fours)
dervesh: mucks hand 
manescuctin collected $1.90 from pot
*** SUMMARY ***
Total pot $2 | Rake $0.10 
Board [Ts 7d 2h 8d 4s]
Seat 1: manescuctin (small blind) showed [4c 5s] and won ($1.90) with a pair of Fours
Seat 2: dervesh (big blind) mucked
Seat 3: J0SHB0SH folded before Flop (didn't bet)
Seat 4: kvcsszblcs folded before Flop (didn't bet)
Seat 5: DJNezz folded before Flop (didn't bet)
Seat 6: elcutez (button) folded before Flop (didn't bet)



PokerStars Hand #254627795251:  Hold'em No Limit ($0.50/$1.00 USD) - 2025/01/30 21:07:37 WET [2025/01/30 16:07:37 ET]
Table 'Scheila' 6-max Seat #1 is the button
Seat 1: manescuctin ($164.05 in chips) 
Seat 2: dervesh ($213.50 in chips) 
Seat 3: J0SHB0SH ($100 in chips) 
Seat 4: kvcsszblcs ($101.50 in chips) 
Seat 5: DJNezz ($125.11 in chips) 
Seat 6: elcutez ($39.65 in chips) 
dervesh: posts small blind $0.50
J0SHB0SH: posts big blind $1
*** HOLE CARDS ***
kvcsszblcs: folds 
DJNezz: folds 
elcutez: folds 
manescuctin: folds 
dervesh: raises $2 to $3
J0SHB0SH: calls $2
*** FLOP *** [2d 6h 9h]
dervesh: bets $1.88
J0SHB0SH: folds 
Uncalled bet ($1.88) returned to dervesh
dervesh collected $5.70 from pot
dervesh: doesn't show hand 
*** SUMMARY ***
Total pot $6 | Rake $0.30 
Board [2d 6h 9h]
Seat 1: manescuctin (button) folded before Flop (didn't bet)
Seat 2: dervesh (small blind) collected ($5.70)
Seat 3: J0SHB0SH (big blind) folded on the Flop
Seat 4: kvcsszblcs folded before Flop (didn't bet)
Seat 5: DJNezz folded before Flop (didn't bet)
Seat 6: elcutez folded before Flop (didn't bet)



PokerStars Hand #254628017570:  Hold'em No Limit ($0.50/$1.00 USD) - 2025/01/30 21:19:45 WET [2025/01/30 16:19:45 ET]
Table 'Scheila' 6-max Seat #5 is the button
Seat 1: CichiChanMarian ($100 in chips) 
Seat 2: YeeesMan ($100 in chips) 
Seat 3: Manifestorr ($100 in chips) 
Seat 4: sgtdood1234 ($40 in chips) 
Seat 5: Espada Fish ($100 in chips) 
Seat 6: Kristo 914 ($100 in chips) 
Kristo 914: posts small blind $0.50
CichiChanMarian: posts big blind $1
*** HOLE CARDS ***
YeeesMan: folds 
Manifestorr: folds 
sgtdood1234: folds 
Espada Fish: folds 
Kristo 914: folds 
Uncalled bet ($0.50) returned to CichiChanMarian
CichiChanMarian collected $1 from pot
CichiChanMarian: doesn't show hand 
*** SUMMARY ***
Total pot $1 | Rake $0 
Seat 1: CichiChanMarian (big blind) collected ($1)
Seat 2: YeeesMan folded before Flop (didn't bet)
Seat 3: Manifestorr folded before Flop (didn't bet)
Seat 4: sgtdood1234 folded before Flop (didn't bet)
Seat 5: Espada Fish (button) folded before Flop (didn't bet)
Seat 6: Kristo 914 (small blind) folded before Flop



PokerStars Hand #254628025915:  Hold'em No Limit ($0.50/$1.00 USD) - 2025/01/30 21:20:12 WET [2025/01/30 16:20:12 ET]
Table 'Scheila' 6-max Seat #6 is the button
Seat 1: CichiChanMarian ($100.50 in chips) 
Seat 2: YeeesMan ($100 in chips) 
Seat 3: Manifestorr ($100 in chips) 
Seat 4: sgtdood1234 ($40 in chips) 
Seat 5: Espada Fish ($100 in chips) 
Seat 6: Kristo 914 ($100 in chips) 
CichiChanMarian: posts small blind $0.50
YeeesMan: posts big blind $1
*** HOLE CARDS ***
Manifestorr: folds 
sgtdood1234: calls $1
Espada Fish: folds 
Kristo 914: folds 
CichiChanMarian: raises $4 to $5
YeeesMan: folds 
sgtdood1234: folds 
Uncalled bet ($4) returned to CichiChanMarian
CichiChanMarian collected $3 from pot
CichiChanMarian: doesn't show hand 
*** SUMMARY ***
Total pot $3 | Rake $0 
Seat 1: CichiChanMarian (small blind) collected ($3)
Seat 2: YeeesMan (big blind) folded before Flop
Seat 3: Manifestorr folded before Flop (didn't bet)
Seat 4: sgtdood1234 folded before Flop
Seat 5: Espada Fish folded before Flop (didn't bet)
Seat 6: Kristo 914 (button) folded before Flop (didn't bet)



PokerStars Hand #254628032048:  Hold'em No Limit ($0.50/$1.00 USD) - 2025/01/30 21:20:32 WET [2025/01/30 16:20:32 ET]
Table 'Scheila' 6-max Seat #1 is the button
Seat 1: CichiChanMarian ($102.50 in chips) 
Seat 2: YeeesMan ($100 in chips) 
Seat 3: Manifestorr ($100 in chips) 
Seat 4: sgtdood1234 ($39 in chips) 
Seat 5: Espada Fish ($100 in chips) 
Seat 6: Kristo 914 ($100 in chips) 
YeeesMan: posts small blind $0.50
Manifestorr: posts big blind $1
*** HOLE CARDS ***
sgtdood1234: folds 
Espada Fish: folds 
Kristo 914: raises $1.40 to $2.40
CichiChanMarian: folds 
YeeesMan: folds 
Manifestorr: calls $1.40
*** FLOP *** [3d Jc 4d]
Manifestorr: checks 
Kristo 914: checks 
*** TURN *** [3d Jc 4d] [As]
Manifestorr: checks 
Kristo 914: bets $1.46
Manifestorr: calls $1.46
*** RIVER *** [3d Jc 4d As] [4h]
Manifestorr: checks 
Kristo 914: checks 
*** SHOW DOWN ***
Manifestorr: shows [Tc Jh] (two pair, Jacks and Fours)
Kristo 914: mucks hand 
Manifestorr collected $7.81 from pot
*** SUMMARY ***
Total pot $8.22 | Rake $0.41 
Board [3d Jc 4d As 4h]
Seat 1: CichiChanMarian (button) folded before Flop (didn't bet)
Seat 2: YeeesMan (small blind) folded before Flop
Seat 3: Manifestorr (big blind) showed [Tc Jh] and won ($7.81) with two pair, Jacks and Fours
Seat 4: sgtdood1234 folded before Flop (didn't bet)
Seat 5: Espada Fish folded before Flop (didn't bet)
Seat 6: Kristo 914 mucked



PokerStars Hand #254628046652:  Hold'em No Limit ($0.50/$1.00 USD) - 2025/01/30 21:21:19 WET [2025/01/30 16:21:19 ET]
Table 'Scheila' 6-max Seat #2 is the button
Seat 1: CichiChanMarian ($102.50 in chips) 
Seat 2: YeeesMan ($100 in chips) 
Seat 3: Manifestorr ($103.95 in chips) 
Seat 4: sgtdood1234 ($39 in chips) 
Seat 5: Espada Fish ($100 in chips) 
Seat 6: Kristo 914 ($100 in chips) 
Manifestorr: posts small blind $0.50
sgtdood1234: posts big blind $1
*** HOLE CARDS ***
Espada Fish: folds 
Kristo 914: folds 
CichiChanMarian: raises $1.50 to $2.50
YeeesMan: folds 
Manifestorr: folds 
sgtdood1234: calls $1.50
*** FLOP *** [7h 3d 9c]
sgtdood1234: bets $1
CichiChanMarian: calls $1
*** TURN *** [7h 3d 9c] [9d]
sgtdood1234: bets $3.56
CichiChanMarian: calls $3.56
*** RIVER *** [7h 3d 9c 9d] [4s]
sgtdood1234: bets $13.89
CichiChanMarian: folds 
Uncalled bet ($13.89) returned to sgtdood1234
sgtdood1234 collected $13.89 from pot
sgtdood1234: doesn't show hand 
*** SUMMARY ***
Total pot $14.62 | Rake $0.73 
Board [7h 3d 9c 9d 4s]
Seat 1: CichiChanMarian folded on the River
Seat 2: YeeesMan (button) folded before Flop (didn't bet)
Seat 3: Manifestorr (small blind) folded before Flop
Seat 4: sgtdood1234 (big blind) collected ($13.89)
Seat 5: Espada Fish folded before Flop (didn't bet)
Seat 6: Kristo 914 folded before Flop (didn't bet)



PokerStars Hand #254628066467:  Hold'em No Limit ($0.50/$1.00 USD) - 2025/01/30 21:22:22 WET [2025/01/30 16:22:22 ET]
Table 'Scheila' 6-max Seat #3 is the button
Seat 1: CichiChanMarian ($100 in chips) 
Seat 2: YeeesMan ($100 in chips) 
Seat 3: Manifestorr ($103.45 in chips) 
Seat 4: sgtdood1234 ($45.83 in chips) 
Seat 5: Espada Fish ($100 in chips) 
Seat 6: Kristo 914 ($100 in chips) 
sgtdood1234: posts small blind $0.50
Espada Fish: posts big blind $1
*** HOLE CARDS ***
Kristo 914: folds 
CichiChanMarian: folds 
YeeesMan: folds 
Manifestorr: folds 
sgtdood1234: calls $0.50
Espada Fish: checks 
*** FLOP *** [Ks 5s 6s]
sgtdood1234: checks 
Espada Fish: checks 
*** TURN *** [Ks 5s 6s] [Jc]
sgtdood1234: checks 
Espada Fish: checks 
*** RIVER *** [Ks 5s 6s Jc] [8d]
sgtdood1234: checks 
Espada Fish: checks 
*** SHOW DOWN ***
sgtdood1234: shows [3d Qd] (high card King)
Espada Fish: shows [2c 8c] (a pair of Eights)
Espada Fish collected $1.90 from pot
*** SUMMARY ***
Total pot $2 | Rake $0.10 
Board [Ks 5s 6s Jc 8d]
Seat 1: CichiChanMarian folded before Flop (didn't bet)
Seat 2: YeeesMan folded before Flop (didn't bet)
Seat 3: Manifestorr (button) folded before Flop (didn't bet)
Seat 4: sgtdood1234 (small blind) showed [3d Qd] and lost with high card King
Seat 5: Espada Fish (big blind) showed [2c 8c] and won ($1.90) with a pair of Eights
Seat 6: Kristo 914 folded before Flop (didn't bet)



PokerStars Hand #254628086109:  Hold'em No Limit ($0.50/$1.00 USD) - 2025/01/30 21:23:26 WET [2025/01/30 16:23:26 ET]
Table 'Scheila' 6-max Seat #4 is the button
Seat 1: CichiChanMarian ($100 in chips) 
Seat 2: YeeesMan ($100 in chips) 
Seat 3: Manifestorr ($103.45 in chips) 
Seat 4: sgtdood1234 ($44.83 in chips) 
Seat 5: Espada Fish ($100.90 in chips) 
Seat 6: Kristo 914 ($100 in chips) 
Espada Fish: posts small blind $0.50
Kristo 914: posts big blind $1
*** HOLE CARDS ***
CichiChanMarian: folds 
YeeesMan: folds 
Manifestorr: folds 
sgtdood1234: folds 
Espada Fish: folds 
Uncalled bet ($0.50) returned to Kristo 914
Kristo 914 collected $1 from pot
Kristo 914: doesn't show hand 
*** SUMMARY ***
Total pot $1 | Rake $0 
Seat 1: CichiChanMarian folded before Flop (didn't bet)
Seat 2: YeeesMan folded before Flop (didn't bet)
Seat 3: Manifestorr folded before Flop (didn't bet)
Seat 4: sgtdood1234 (button) folded before Flop (didn't bet)
Seat 5: Espada Fish (small blind) folded before Flop
Seat 6: Kristo 914 (big blind) collected ($1)



PokerStars Hand #254628090226:  Hold'em No Limit ($0.50/$1.00 USD) - 2025/01/30 21:23:39 WET [2025/01/30 16:23:39 ET]
Table 'Scheila' 6-max Seat #5 is the button
Seat 1: CichiChanMarian ($100 in chips) 
Seat 2: YeeesMan ($100 in chips) 
Seat 3: Manifestorr ($103.45 in chips) 
Seat 4: sgtdood1234 ($44.83 in chips) 
Seat 5: Espada Fish ($100.40 in chips) 
Seat 6: Kristo 914 ($100.50 in chips) 
Kristo 914: posts small blind $0.50
CichiChanMarian: posts big blind $1
*** HOLE CARDS ***
YeeesMan: folds 
Manifestorr: folds 
sgtdood1234: calls $1
Espada Fish: folds 
Kristo 914: folds 
CichiChanMarian: checks 
*** FLOP *** [Jh Qh 4h]
CichiChanMarian: checks 
sgtdood1234: checks 
*** TURN *** [Jh Qh 4h] [Js]
CichiChanMarian: checks 
sgtdood1234: checks 
*** RIVER *** [Jh Qh 4h Js] [2s]
CichiChanMarian: bets $3
sgtdood1234: folds 
Uncalled bet ($3) returned to CichiChanMarian
CichiChanMarian collected $2.38 from pot
CichiChanMarian: doesn't show hand 
*** SUMMARY ***
Total pot $2.50 | Rake $0.12 
Board [Jh Qh 4h Js 2s]
Seat 1: CichiChanMarian (big blind) collected ($2.38)
Seat 2: YeeesMan folded before Flop (didn't bet)
Seat 3: Manifestorr folded before Flop (didn't bet)
Seat 4: sgtdood1234 folded on the River
Seat 5: Espada Fish (button) folded before Flop (didn't bet)
Seat 6: Kristo 914 (small blind) folded before Flop



PokerStars Hand #254628110041:  Hold'em No Limit ($0.50/$1.00 USD) - 2025/01/30 21:24:43 WET [2025/01/30 16:24:43 ET]
Table 'Scheila' 6-max Seat #6 is the button
Seat 1: CichiChanMarian ($101.38 in chips) 
Seat 2: YeeesMan ($100 in chips) 
Seat 3: Manifestorr ($103.45 in chips) 
Seat 4: sgtdood1234 ($43.83 in chips) 
Seat 5: Espada Fish ($100.40 in chips) 
Seat 6: Kristo 914 ($100 in chips) 
CichiChanMarian: posts small blind $0.50
YeeesMan: posts big blind $1
*** HOLE CARDS ***
Manifestorr: folds 
sgtdood1234: calls $1
Espada Fish: raises $2.50 to $3.50
Kristo 914: folds 
CichiChanMarian: folds 
YeeesMan: folds 
sgtdood1234: calls $2.50
*** FLOP *** [Jd Ad 3c]
sgtdood1234: checks 
Espada Fish: bets $6.06
sgtdood1234: calls $6.06
*** TURN *** [Jd Ad 3c] [6h]
sgtdood1234: checks 
Espada Fish: bets $19.50
sgtdood1234: folds 
Uncalled bet ($19.50) returned to Espada Fish
Espada Fish collected $19.59 from pot
Espada Fish: doesn't show hand 
*** SUMMARY ***
Total pot $20.62 | Rake $1.03 
Board [Jd Ad 3c 6h]
Seat 1: CichiChanMarian (small blind) folded before Flop
Seat 2: YeeesMan (big blind) folded before Flop
Seat 3: Manifestorr folded before Flop (didn't bet)
Seat 4: sgtdood1234 folded on the Turn
Seat 5: Espada Fish collected ($19.59)
Seat 6: Kristo 914 (button) folded before Flop (didn't bet)



PokerStars Hand #254628124740:  Hold'em No Limit ($0.50/$1.00 USD) - 2025/01/30 21:25:31 WET [2025/01/30 16:25:31 ET]
Table 'Scheila' 6-max Seat #1 is the button
Seat 1: CichiChanMarian ($100.88 in chips) 
Seat 2: YeeesMan ($100 in chips) 
Seat 3: Manifestorr ($103.45 in chips) 
Seat 4: sgtdood1234 ($34.27 in chips) 
Seat 5: Espada Fish ($110.43 in chips) 
Seat 6: Kristo 914 ($100 in chips) 
YeeesMan: posts small blind $0.50
Manifestorr: posts big blind $1
*** HOLE CARDS ***
sgtdood1234: calls $1
Espada Fish: folds 
Kristo 914: folds 
CichiChanMarian: folds 
YeeesMan: folds 
Manifestorr: checks 
*** FLOP *** [Td 9d 3d]
Manifestorr: checks 
sgtdood1234: checks 
*** TURN *** [Td 9d 3d] [2s]
Manifestorr: bets $1
sgtdood1234: folds 
Uncalled bet ($1) returned to Manifestorr
Manifestorr collected $2.38 from pot
*** SUMMARY ***
Total pot $2.50 | Rake $0.12 
Board [Td 9d 3d 2s]
Seat 1: CichiChanMarian (button) folded before Flop (didn't bet)
Seat 2: YeeesMan (small blind) folded before Flop
Seat 3: Manifestorr (big blind) collected ($2.38)
Seat 4: sgtdood1234 folded on the Turn
Seat 5: Espada Fish folded before Flop (didn't bet)
Seat 6: Kristo 914 folded before Flop (didn't bet)



PokerStars Hand #254628133387:  Hold'em No Limit ($0.50/$1.00 USD) - 2025/01/30 21:25:59 WET [2025/01/30 16:25:59 ET]
Table 'Scheila' 6-max Seat #2 is the button
Seat 1: CichiChanMarian ($100.88 in chips) 
Seat 2: YeeesMan ($100 in chips) 
Seat 3: Manifestorr ($104.83 in chips) 
Seat 4: sgtdood1234 ($33.27 in chips) 
Seat 5: Espada Fish ($110.43 in chips) 
Seat 6: Kristo 914 ($100 in chips) 
Manifestorr: posts small blind $0.50
sgtdood1234: posts big blind $1
*** HOLE CARDS ***
Espada Fish: folds 
Kristo 914: folds 
CichiChanMarian: folds 
YeeesMan: raises $1 to $2
Manifestorr: folds 
sgtdood1234: folds 
Uncalled bet ($1) returned to YeeesMan
YeeesMan collected $2.50 from pot
YeeesMan: doesn't show hand 
*** SUMMARY ***
Total pot $2.50 | Rake $0 
Seat 1: CichiChanMarian folded before Flop (didn't bet)
Seat 2: YeeesMan (button) collected ($2.50)
Seat 3: Manifestorr (small blind) folded before Flop
Seat 4: sgtdood1234 (big blind) folded before Flop
Seat 5: Espada Fish folded before Flop (didn't bet)
Seat 6: Kristo 914 folded before Flop (didn't bet)



PokerStars Hand #254628139792:  Hold'em No Limit ($0.50/$1.00 USD) - 2025/01/30 21:26:20 WET [2025/01/30 16:26:20 ET]
Table 'Scheila' 6-max Seat #3 is the button
Seat 1: CichiChanMarian ($100.88 in chips) 
Seat 2: YeeesMan ($101.50 in chips) 
Seat 3: Manifestorr ($104.33 in chips) 
Seat 4: sgtdood1234 ($32.27 in chips) 
Seat 5: Espada Fish ($110.43 in chips) 
Seat 6: Kristo 914 ($100 in chips) 
sgtdood1234: posts small blind $0.50
Espada Fish: posts big blind $1
*** HOLE CARDS ***
Kristo 914: folds 
CichiChanMarian: raises $1.50 to $2.50
YeeesMan: folds 
Manifestorr: folds 
sgtdood1234: folds 
Espada Fish: folds 
Uncalled bet ($1.50) returned to CichiChanMarian
sgtdood1234 leaves the table
CichiChanMarian collected $2.50 from pot
CichiChanMarian: doesn't show hand 
*** SUMMARY ***
Total pot $2.50 | Rake $0 
Seat 1: CichiChanMarian collected ($2.50)
Seat 2: YeeesMan folded before Flop (didn't bet)
Seat 3: Manifestorr (button) folded before Flop (didn't bet)
Seat 4: sgtdood1234 (small blind) folded before Flop
Seat 5: Espada Fish (big blind) folded before Flop
Seat 6: Kristo 914 folded before Flop (didn't bet)



PokerStars Hand #254628153201:  Hold'em No Limit ($0.50/$1.00 USD) - 2025/01/30 21:27:03 WET [2025/01/30 16:27:03 ET]
Table 'Scheila' 6-max Seat #5 is the button
Seat 1: CichiChanMarian ($102.38 in chips) 
Seat 2: YeeesMan ($101.50 in chips) 
Seat 3: Manifestorr ($104.33 in chips) 
Seat 5: Espada Fish ($109.43 in chips) 
Seat 6: Kristo 914 ($100 in chips) 
Kristo 914: posts small blind $0.50
CichiChanMarian: posts big blind $1
*** HOLE CARDS ***
YeeesMan: raises $1.50 to $2.50
Manifestorr: folds 
DJNezz joins the table at seat #4 
Espada Fish: folds 
Kristo 914: folds 
CichiChanMarian: folds 
Uncalled bet ($1.50) returned to YeeesMan
YeeesMan collected $2.50 from pot
YeeesMan: doesn't show hand 
*** SUMMARY ***
Total pot $2.50 | Rake $0 
Seat 1: CichiChanMarian (big blind) folded before Flop
Seat 2: YeeesMan collected ($2.50)
Seat 3: Manifestorr folded before Flop (didn't bet)
Seat 5: Espada Fish (button) folded before Flop (didn't bet)
Seat 6: Kristo 914 (small blind) folded before Flop



PokerStars Hand #254628162375:  Hold'em No Limit ($0.50/$1.00 USD) - 2025/01/30 21:27:33 WET [2025/01/30 16:27:33 ET]
Table 'Scheila' 6-max Seat #6 is the button
Seat 2: YeeesMan ($103 in chips) is sitting out
Seat 3: Manifestorr ($104.33 in chips) is sitting out
Seat 1: CichiChanMarian ($101.38 in chips) 
Seat 4: DJNezz ($128.76 in chips) 
Seat 5: Espada Fish ($109.43 in chips) 
Seat 6: Kristo 914 ($100 in chips) 
CichiChanMarian: posts small blind $0.50
YeeesMan: is sitting out 
Manifestorr: is sitting out 
DJNezz: posts big blind $1
*** HOLE CARDS ***
Manifestorr leaves the table
YeeesMan leaves the table
Espada Fish: folds 
Kristo 914: folds 
CichiChanMarian: raises $2 to $3
coeeeelho joins the table at seat #3 
Espada Fish leaves the table
DJNezz: folds 
Uncalled bet ($2) returned to CichiChanMarian
CichiChanMarian collected $2 from pot
CichiChanMarian: doesn't show hand 
coeeeelho leaves the table
laloo246 joins the table at seat #5 
*** SUMMARY ***
Total pot $2 | Rake $0 
Seat 2: YeeesMan
Seat 3: Manifestorr
Seat 1: CichiChanMarian (small blind) collected ($2)
Seat 4: DJNezz (big blind) folded before Flop
Seat 5: Espada Fish folded before Flop (didn't bet)
Seat 6: Kristo 914 (button) folded before Flop (didn't bet)



PokerStars Hand #254628166802:  Hold'em No Limit ($0.50/$1.00 USD) - 2025/01/30 21:27:48 WET [2025/01/30 16:27:48 ET]
Table 'Scheila' 6-max Seat #1 is the button
Seat 1: CichiChanMarian ($102.38 in chips) 
Seat 4: DJNezz ($127.76 in chips) 
Seat 5: laloo246 ($100 in chips) 
Seat 6: Kristo 914 ($100 in chips) 
DJNezz: posts small blind $0.50
laloo246 is connected 
laloo246: posts big blind $1
*** HOLE CARDS ***
Kristo 914: folds 
CichiChanMarian: folds 
DJNezz: raises $2 to $3
laloo246: calls $2
*** FLOP *** [Kd Kc 5c]
DJNezz: checks 
laloo246: bets $2.85
DJNezz: calls $2.85
*** TURN *** [Kd Kc 5c] [3h]
DJNezz: checks 
laloo246: checks 
*** RIVER *** [Kd Kc 5c 3h] [4h]
DJNezz: checks 
laloo246: bets $3.67
DJNezz: calls $3.67
*** SHOW DOWN ***
laloo246: shows [5d 4s] (two pair, Kings and Fives)
DJNezz: mucks hand 
laloo246 collected $18.09 from pot
*** SUMMARY ***
Total pot $19.04 | Rake $0.95 
Board [Kd Kc 5c 3h 4h]
Seat 1: CichiChanMarian (button) folded before Flop (didn't bet)
Seat 4: DJNezz (small blind) mucked
Seat 5: laloo246 (big blind) showed [5d 4s] and won ($18.09) with two pair, Kings and Fives
Seat 6: Kristo 914 folded before Flop (didn't bet)



PokerStars Hand #254628210169:  Hold'em No Limit ($0.50/$1.00 USD) - 2025/01/30 21:30:08 WET [2025/01/30 16:30:08 ET]
Table 'Scheila' 6-max Seat #4 is the button
Seat 1: CichiChanMarian ($102.38 in chips) 
Seat 4: DJNezz ($118.24 in chips) 
Seat 5: laloo246 ($108.57 in chips) 
Seat 6: Kristo 914 ($100 in chips) 
laloo246: posts small blind $0.50
Kristo 914: posts big blind $1
*** HOLE CARDS ***
CichiChanMarian: folds 
DJNezz: folds 
laloo246: folds 
Uncalled bet ($0.50) returned to Kristo 914
Kristo 914 collected $1 from pot
Kristo 914: doesn't show hand 
*** SUMMARY ***
Total pot $1 | Rake $0 
Seat 1: CichiChanMarian folded before Flop (didn't bet)
Seat 4: DJNezz (button) folded before Flop (didn't bet)
Seat 5: laloo246 (small blind) folded before Flop
Seat 6: Kristo 914 (big blind) collected ($1)



PokerStars Hand #254628215070:  Hold'em No Limit ($0.50/$1.00 USD) - 2025/01/30 21:30:23 WET [2025/01/30 16:30:23 ET]
Table 'Scheila' 6-max Seat #5 is the button
Seat 1: CichiChanMarian ($102.38 in chips) is sitting out
Seat 4: DJNezz ($118.24 in chips) 
Seat 5: laloo246 ($108.07 in chips) 
Seat 6: Kristo 914 ($100.50 in chips) 
Kristo 914: posts small blind $0.50
CichiChanMarian: is sitting out 
DJNezz: posts big blind $1
*** HOLE CARDS ***
laloo246: raises $1.50 to $2.50
CichiChanMarian leaves the table
Kristo 914: folds 
DJNezz: folds 
Uncalled bet ($1.50) returned to laloo246
laloo246 collected $2.50 from pot
laloo246: doesn't show hand 
*** SUMMARY ***
Total pot $2.50 | Rake $0 
Seat 1: CichiChanMarian
Seat 4: DJNezz (big blind) folded before Flop
Seat 5: laloo246 (button) collected ($2.50)
Seat 6: Kristo 914 (small blind) folded before Flop



PokerStars Hand #254628218917:  Hold'em No Limit ($0.50/$1.00 USD) - 2025/01/30 21:30:36 WET [2025/01/30 16:30:36 ET]
Table 'Scheila' 6-max Seat #4 is the button
Seat 5: laloo246 ($109.57 in chips) is sitting out
Seat 4: DJNezz ($117.24 in chips) 
Seat 6: Kristo 914 ($100 in chips) 
DJNezz: posts small blind $0.50
laloo246: is sitting out 
Kristo 914: posts big blind $1
*** HOLE CARDS ***
laloo246 leaves the table
DJNezz: raises $1.20 to $2.20
Kristo 914: folds 
Uncalled bet ($1.20) returned to DJNezz
DJNezz collected $2 from pot
*** SUMMARY ***
Total pot $2 | Rake $0 
Seat 5: laloo246
Seat 4: DJNezz (button) (small blind) collected ($2)
Seat 6: Kristo 914 (big blind) folded before Flop



