PokerStars Hand #254619035738:  Hold'em No Limit ($0.50/$1.00 USD) - 2025/01/30 9:45:49 WET [2025/01/30 4:45:49 ET]
Table 'Mebsuta' 6-max Seat #3 is the button
Seat 1: fedor0f ($100 in chips) is sitting out
Seat 2: poke er spot ($0 in chips) is sitting out
Seat 3: Poker9803 ($100 in chips) 
Seat 4: v.sting ($100 in chips) 
Seat 5: SeEevg ($165.86 in chips) 
Seat 6: KarP93 ($100 in chips) 
v.sting: posts small blind $0.50
SeEevg: posts big blind $1
fedor0f: sits out 
*** HOLE CARDS ***
KarP93: folds 
Poker9803: folds 
v.sting: raises $2 to $3
poke er spot leaves the table
SeEevg: raises $6 to $9
v.sting: calls $6
*** FLOP *** [6s Jd 8d]
v.sting: checks 
SeEevg: checks 
*** TURN *** [6s Jd 8d] [4d]
v.sting: bets $5.64
kentaro120 joins the table at seat #2 
kentaro120 is disconnected 
SeEevg: folds 
Uncalled bet ($5.64) returned to v.sting
v.sting collected $17.10 from pot
v.sting: doesn't show hand 
*** SUMMARY ***
Total pot $18 | Rake $0.90 
Board [6s Jd 8d 4d]
Seat 1: fedor0f
Seat 2: poke er spot
Seat 3: Poker9803 (button) folded before Flop (didn't bet)
Seat 4: v.sting (small blind) collected ($17.10)
Seat 5: SeEevg (big blind) folded on the Turn
Seat 6: KarP93 folded before Flop (didn't bet)



PokerStars Hand #254619043292:  Hold'em No Limit ($0.50/$1.00 USD) - 2025/01/30 9:47:04 WET [2025/01/30 4:47:04 ET]
Table 'Mebsuta' 6-max Seat #4 is the button
Seat 2: kentaro120 ($100 in chips) is sitting out
Seat 6: KarP93 ($100 in chips) is sitting out
Seat 1: fedor0f ($100 in chips) 
Seat 3: Poker9803 ($100 in chips) 
Seat 4: v.sting ($108.10 in chips) 
Seat 5: SeEevg ($156.86 in chips) 
SeEevg: posts small blind $0.50
KarP93: is sitting out 
fedor0f: posts big blind $1
kentaro120: sits out 
*** HOLE CARDS ***
Poker9803: folds 
KarP93 leaves the table
v.sting: folds 
SeEevg: folds 
Uncalled bet ($0.50) returned to fedor0f
fedor0f collected $1 from pot
fedor0f: doesn't show hand 
*** SUMMARY ***
Total pot $1 | Rake $0 
Seat 2: kentaro120
Seat 6: KarP93
Seat 1: fedor0f (big blind) collected ($1)
Seat 3: Poker9803 folded before Flop (didn't bet)
Seat 4: v.sting (button) folded before Flop (didn't bet)
Seat 5: SeEevg (small blind) folded before Flop



PokerStars Hand #254619044277:  Hold'em No Limit ($0.50/$1.00 USD) - 2025/01/30 9:47:13 WET [2025/01/30 4:47:13 ET]
Table 'Mebsuta' 6-max Seat #5 is the button
Seat 1: fedor0f ($100.50 in chips) 
Seat 2: kentaro120 ($100 in chips) 
Seat 3: Poker9803 ($100 in chips) 
Seat 4: v.sting ($108.10 in chips) 
Seat 5: SeEevg ($156.36 in chips) 
fedor0f: posts small blind $0.50
kentaro120: posts big blind $1
*** HOLE CARDS ***
Poker9803: folds 
v.sting: folds 
SeEevg: folds 
fedor0f: folds 
Uncalled bet ($0.50) returned to kentaro120
kentaro120 collected $1 from pot
*** SUMMARY ***
Total pot $1 | Rake $0 
Seat 1: fedor0f (small blind) folded before Flop
Seat 2: kentaro120 (big blind) collected ($1)
Seat 3: Poker9803 folded before Flop (didn't bet)
Seat 4: v.sting folded before Flop (didn't bet)
Seat 5: SeEevg (button) folded before Flop (didn't bet)



PokerStars Hand #254619090895:  Hold'em No Limit ($0.50/$1.00 USD) - 2025/01/30 9:54:50 WET [2025/01/30 4:54:50 ET]
Table 'Mebsuta' 6-max Seat #6 is the button
Seat 2: Pro-Vok-777 ($20.55 in chips) 
Seat 3: Poker9803 ($100 in chips) 
Seat 4: NoonTime1991 ($100 in chips) 
Seat 6: fedor0f ($100 in chips) 
Pro-Vok-777: posts small blind $0.50
Poker9803: posts big blind $1
*** HOLE CARDS ***
NoonTime1991: folds 
fedor0f: raises $1 to $2
Pro-Vok-777: folds 
Poker9803: calls $1
*** FLOP *** [Qc Jc Td]
ru_ruu_ru joins the table at seat #5 
Pon4uk.ua joins the table at seat #1 
Poker9803: checks 
fedor0f: checks 
*** TURN *** [Qc Jc Td] [Jd]
Poker9803: checks 
fedor0f: bets $8.56
Poker9803: folds 
Uncalled bet ($8.56) returned to fedor0f
fedor0f collected $4.28 from pot
fedor0f: doesn't show hand 
*** SUMMARY ***
Total pot $4.50 | Rake $0.22 
Board [Qc Jc Td Jd]
Seat 2: Pro-Vok-777 (small blind) folded before Flop
Seat 3: Poker9803 (big blind) folded on the Turn
Seat 4: NoonTime1991 folded before Flop (didn't bet)
Seat 6: fedor0f (button) collected ($4.28)



PokerStars Hand #254619095167:  Hold'em No Limit ($0.50/$1.00 USD) - 2025/01/30 9:55:38 WET [2025/01/30 4:55:38 ET]
Table 'Mebsuta' 6-max Seat #2 is the button
Seat 1: Pon4uk.ua ($100 in chips) is sitting out
Seat 5: ru_ruu_ru ($100 in chips) is sitting out
Seat 2: Pro-Vok-777 ($20.05 in chips) 
Seat 3: Poker9803 ($100 in chips) 
Seat 4: NoonTime1991 ($100 in chips) 
Seat 6: fedor0f ($102.28 in chips) 
Poker9803: posts small blind $0.50
NoonTime1991: posts big blind $1
ru_ruu_ru: sits out 
Pon4uk.ua: sits out 
*** HOLE CARDS ***
fedor0f: raises $1.20 to $2.20
Pro-Vok-777: calls $2.20
Poker9803: folds 
NoonTime1991: folds 
*** FLOP *** [3d 9c Jc]
fedor0f: bets $1.85
Pro-Vok-777: raises $1.85 to $3.70
fedor0f: calls $1.85
*** TURN *** [3d 9c Jc] [4d]
fedor0f: checks 
Pro-Vok-777: bets $14.15 and is all-in
fedor0f: calls $14.15
*** RIVER *** [3d 9c Jc 4d] [5c]
*** SHOW DOWN ***
fedor0f: shows [Jd Td] (a pair of Jacks)
Pro-Vok-777: shows [Ac 9s] (a pair of Nines)
fedor0f collected $40.60 from pot
*** SUMMARY ***
Total pot $41.60 | Rake $1 
Board [3d 9c Jc 4d 5c]
Seat 1: Pon4uk.ua
Seat 5: ru_ruu_ru
Seat 2: Pro-Vok-777 (button) showed [Ac 9s] and lost with a pair of Nines
Seat 3: Poker9803 (small blind) folded before Flop
Seat 4: NoonTime1991 (big blind) folded before Flop
Seat 6: fedor0f showed [Jd Td] and won ($40.60) with a pair of Jacks



PokerStars Hand #254619099909:  Hold'em No Limit ($0.50/$1.00 USD) - 2025/01/30 9:56:32 WET [2025/01/30 4:56:32 ET]
Table 'Mebsuta' 6-max Seat #3 is the button
Seat 1: Pon4uk.ua ($100 in chips) is sitting out
Seat 2: Pro-Vok-777 ($0 in chips) is sitting out
Seat 3: Poker9803 ($100 in chips) 
Seat 4: NoonTime1991 ($100 in chips) 
Seat 5: ru_ruu_ru ($100 in chips) 
Seat 6: fedor0f ($122.83 in chips) 
NoonTime1991: posts small blind $0.50
ru_ruu_ru: posts big blind $1
Pon4uk.ua: sits out 
*** HOLE CARDS ***
fedor0f: raises $1.20 to $2.20
Poker9803: folds 
NoonTime1991: folds 
Pro-Vok-777 leaves the table
ru_ruu_ru: calls $1.20
*** FLOP *** [2c 2s Jd]
ru_ruu_ru: checks 
Pon4uk.ua leaves the table
fedor0f: bets $1.54
ru_ruu_ru: raises $1.96 to $3.50
fedor0f: calls $1.96
*** TURN *** [2c 2s Jd] [9d]
ru_ruu_ru: bets $3.73
fedor0f: calls $3.73
*** RIVER *** [2c 2s Jd 9d] [Kd]
ru_ruu_ru: checks 
fedor0f: checks 
*** SHOW DOWN ***
ru_ruu_ru: shows [7h 7d] (two pair, Sevens and Deuces)
fedor0f: shows [Jh Th] (two pair, Jacks and Deuces)
fedor0f collected $18.39 from pot
*** SUMMARY ***
Total pot $19.36 | Rake $0.97 
Board [2c 2s Jd 9d Kd]
Seat 1: Pon4uk.ua
Seat 2: Pro-Vok-777
Seat 3: Poker9803 (button) folded before Flop (didn't bet)
Seat 4: NoonTime1991 (small blind) folded before Flop
Seat 5: ru_ruu_ru (big blind) showed [7h 7d] and lost with two pair, Sevens and Deuces
Seat 6: fedor0f showed [Jh Th] and won ($18.39) with two pair, Jacks and Deuces



PokerStars Hand #254619105670:  Hold'em No Limit ($0.50/$1.00 USD) - 2025/01/30 9:57:38 WET [2025/01/30 4:57:38 ET]
Table 'Mebsuta' 6-max Seat #5 is the button
Seat 3: Poker9803 ($100 in chips) is sitting out
Seat 6: fedor0f ($131.79 in chips) is sitting out
Seat 4: NoonTime1991 ($100 in chips) 
Seat 5: ru_ruu_ru ($100 in chips) 
ru_ruu_ru: posts small blind $0.50
fedor0f: is sitting out 
Poker9803: is sitting out 
NoonTime1991: posts big blind $1
*** HOLE CARDS ***
Poker9803 leaves the table
ru_ruu_ru: raises $1.50 to $2.50
NoonTime1991: folds 
Uncalled bet ($1.50) returned to ru_ruu_ru
fedor0f leaves the table
ru_ruu_ru collected $2 from pot
ru_ruu_ru: doesn't show hand 
*** SUMMARY ***
Total pot $2 | Rake $0 
Seat 3: Poker9803
Seat 6: fedor0f
Seat 4: NoonTime1991 (big blind) folded before Flop
Seat 5: ru_ruu_ru (button) (small blind) collected ($2)



