PokerStars Hand #254619032071:  Hold'em No Limit ($0.50/$1.00 USD) - 2025/01/30 9:45:14 WET [2025/01/30 4:45:14 ET]
Table 'Jabbah' 6-max Seat #3 is the button
Seat 6: KarP93 ($100 in chips) is sitting out
Seat 1: Red4erT ($31.51 in chips) 
Seat 2: AdeMcT808 ($98 in chips) 
Seat 3: Poker9803 ($101.90 in chips) 
Seat 4: willko999 ($18.48 in chips) 
Seat 5: ChuckNorrisQ ($100 in chips) 
willko999: posts small blind $0.50
ChuckNorrisQ: posts big blind $1
KarP93: sits out 
*** HOLE CARDS ***
Red4erT: folds 
AdeMcT808: raises $1 to $2
Poker9803: raises $4 to $6
willko999: folds 
ChuckNorrisQ: folds 
AdeMcT808: raises $13.50 to $19.50
Poker9803: folds 
Uncalled bet ($13.50) returned to AdeMcT808
AdeMcT808 collected $13.50 from pot
AdeMcT808: doesn't show hand 
*** SUMMARY ***
Total pot $13.50 | Rake $0 
Seat 6: KarP93
Seat 1: Red4erT folded before Flop (didn't bet)
Seat 2: AdeMcT808 collected ($13.50)
Seat 3: Poker9803 (button) folded before Flop
Seat 4: willko999 (small blind) folded before Flop
Seat 5: ChuckNorrisQ (big blind) folded before Flop



PokerStars Hand #254619035045:  Hold'em No Limit ($0.50/$1.00 USD) - 2025/01/30 9:45:43 WET [2025/01/30 4:45:43 ET]
Table 'Jabbah' 6-max Seat #4 is the button
Seat 1: Red4erT ($31.51 in chips) 
Seat 2: AdeMcT808 ($105.50 in chips) 
Seat 3: Poker9803 ($100 in chips) 
Seat 4: willko999 ($17.98 in chips) 
Seat 5: ChuckNorrisQ ($100 in chips) 
Seat 6: KarP93 ($100 in chips) 
ChuckNorrisQ: posts small blind $0.50
KarP93: posts big blind $1
*** HOLE CARDS ***
Red4erT: raises $1 to $2
AdeMcT808: folds 
Poker9803: folds 
willko999: folds 
ChuckNorrisQ: raises $8.85 to $10.85
KarP93: folds 
Red4erT: folds 
Uncalled bet ($8.85) returned to ChuckNorrisQ
ChuckNorrisQ collected $5 from pot
ChuckNorrisQ: doesn't show hand 
*** SUMMARY ***
Total pot $5 | Rake $0 
Seat 1: Red4erT folded before Flop
Seat 2: AdeMcT808 folded before Flop (didn't bet)
Seat 3: Poker9803 folded before Flop (didn't bet)
Seat 4: willko999 (button) folded before Flop (didn't bet)
Seat 5: ChuckNorrisQ (small blind) collected ($5)
Seat 6: KarP93 (big blind) folded before Flop



PokerStars Hand #254619038669:  Hold'em No Limit ($0.50/$1.00 USD) - 2025/01/30 9:46:18 WET [2025/01/30 4:46:18 ET]
Table 'Jabbah' 6-max Seat #5 is the button
Seat 1: Red4erT ($29.51 in chips) 
Seat 2: AdeMcT808 ($105.50 in chips) 
Seat 3: Poker9803 ($100 in chips) 
Seat 4: willko999 ($17.98 in chips) 
Seat 5: ChuckNorrisQ ($103 in chips) 
Seat 6: KarP93 ($100 in chips) 
KarP93: posts small blind $0.50
Red4erT: posts big blind $1
*** HOLE CARDS ***
AdeMcT808: folds 
Poker9803: folds 
willko999: calls $1
ChuckNorrisQ: folds 
KarP93: folds 
Red4erT: raises $3 to $4
willko999: folds 
Uncalled bet ($3) returned to Red4erT
Red4erT collected $2.50 from pot
Red4erT: doesn't show hand 
*** SUMMARY ***
Total pot $2.50 | Rake $0 
Seat 1: Red4erT (big blind) collected ($2.50)
Seat 2: AdeMcT808 folded before Flop (didn't bet)
Seat 3: Poker9803 folded before Flop (didn't bet)
Seat 4: willko999 folded before Flop
Seat 5: ChuckNorrisQ (button) folded before Flop (didn't bet)
Seat 6: KarP93 (small blind) folded before Flop



PokerStars Hand #254619042866:  Hold'em No Limit ($0.50/$1.00 USD) - 2025/01/30 9:46:59 WET [2025/01/30 4:46:59 ET]
Table 'Jabbah' 6-max Seat #6 is the button
Seat 1: Red4erT ($31.01 in chips) 
Seat 2: AdeMcT808 ($105.50 in chips) 
Seat 3: Poker9803 ($100 in chips) 
Seat 4: willko999 ($16.98 in chips) 
Seat 5: ChuckNorrisQ ($103 in chips) 
Seat 6: KarP93 ($100 in chips) 
Red4erT: posts small blind $0.50
AdeMcT808: posts big blind $1
*** HOLE CARDS ***
Poker9803: folds 
willko999: raises $1 to $2
ChuckNorrisQ: folds 
KarP93: folds 
Red4erT: folds 
AdeMcT808: calls $1
*** FLOP *** [3h 7s 6d]
AdeMcT808: checks 
willko999: checks 
*** TURN *** [3h 7s 6d] [Tc]
AdeMcT808: checks 
willko999: checks 
*** RIVER *** [3h 7s 6d Tc] [5s]
AdeMcT808: checks 
willko999: checks 
*** SHOW DOWN ***
AdeMcT808: shows [7c 8d] (a pair of Sevens)
willko999: mucks hand 
AdeMcT808 collected $4.28 from pot
*** SUMMARY ***
Total pot $4.50 | Rake $0.22 
Board [3h 7s 6d Tc 5s]
Seat 1: Red4erT (small blind) folded before Flop
Seat 2: AdeMcT808 (big blind) showed [7c 8d] and won ($4.28) with a pair of Sevens
Seat 3: Poker9803 folded before Flop (didn't bet)
Seat 4: willko999 mucked
Seat 5: ChuckNorrisQ folded before Flop (didn't bet)
Seat 6: KarP93 (button) folded before Flop (didn't bet)



PokerStars Hand #254619047074:  Hold'em No Limit ($0.50/$1.00 USD) - 2025/01/30 9:47:40 WET [2025/01/30 4:47:40 ET]
Table 'Jabbah' 6-max Seat #1 is the button
Seat 1: Red4erT ($30.51 in chips) 
Seat 2: AdeMcT808 ($107.78 in chips) 
Seat 3: Poker9803 ($100 in chips) 
Seat 4: willko999 ($14.98 in chips) 
Seat 5: ChuckNorrisQ ($103 in chips) 
Seat 6: KarP93 ($100 in chips) 
AdeMcT808: posts small blind $0.50
Poker9803: posts big blind $1
*** HOLE CARDS ***
willko999: folds 
ChuckNorrisQ: raises $1 to $2
KarP93: folds 
Red4erT: raises $3 to $5
AdeMcT808: folds 
Poker9803: folds 
ChuckNorrisQ: calls $3
*** FLOP *** [As 9d 4c]
ChuckNorrisQ: checks 
Red4erT: bets $2.73
ChuckNorrisQ: calls $2.73
*** TURN *** [As 9d 4c] [5c]
ChuckNorrisQ: checks 
Red4erT: bets $8.06
ChuckNorrisQ: calls $8.06
*** RIVER *** [As 9d 4c 5c] [Ks]
ChuckNorrisQ: checks 
Red4erT: bets $14.72 and is all-in
ChuckNorrisQ: folds 
Uncalled bet ($14.72) returned to Red4erT
Red4erT collected $31.43 from pot
Red4erT: doesn't show hand 
*** SUMMARY ***
Total pot $33.08 | Rake $1.65 
Board [As 9d 4c 5c Ks]
Seat 1: Red4erT (button) collected ($31.43)
Seat 2: AdeMcT808 (small blind) folded before Flop
Seat 3: Poker9803 (big blind) folded before Flop
Seat 4: willko999 folded before Flop (didn't bet)
Seat 5: ChuckNorrisQ folded on the River
Seat 6: KarP93 folded before Flop (didn't bet)



PokerStars Hand #254619054094:  Hold'em No Limit ($0.50/$1.00 USD) - 2025/01/30 9:48:49 WET [2025/01/30 4:48:49 ET]
Table 'Jabbah' 6-max Seat #2 is the button
Seat 1: Red4erT ($46.15 in chips) 
Seat 2: AdeMcT808 ($107.28 in chips) 
Seat 3: Poker9803 ($100 in chips) 
Seat 4: willko999 ($14.98 in chips) 
Seat 5: ChuckNorrisQ ($100 in chips) 
Seat 6: KarP93 ($100 in chips) 
Poker9803: posts small blind $0.50
willko999: posts big blind $1
*** HOLE CARDS ***
ChuckNorrisQ: folds 
KarP93: raises $1.50 to $2.50
Red4erT: folds 
AdeMcT808: folds 
Poker9803: folds 
willko999: folds 
Uncalled bet ($1.50) returned to KarP93
KarP93 collected $2.50 from pot
KarP93: doesn't show hand 
*** SUMMARY ***
Total pot $2.50 | Rake $0 
Seat 1: Red4erT folded before Flop (didn't bet)
Seat 2: AdeMcT808 (button) folded before Flop (didn't bet)
Seat 3: Poker9803 (small blind) folded before Flop
Seat 4: willko999 (big blind) folded before Flop
Seat 5: ChuckNorrisQ folded before Flop (didn't bet)
Seat 6: KarP93 collected ($2.50)



PokerStars Hand #254619055617:  Hold'em No Limit ($0.50/$1.00 USD) - 2025/01/30 9:49:04 WET [2025/01/30 4:49:04 ET]
Table 'Jabbah' 6-max Seat #3 is the button
Seat 1: Red4erT ($46.15 in chips) 
Seat 2: AdeMcT808 ($107.28 in chips) 
Seat 3: Poker9803 ($100 in chips) 
Seat 4: willko999 ($13.98 in chips) 
Seat 5: ChuckNorrisQ ($100 in chips) 
Seat 6: KarP93 ($101.50 in chips) 
willko999: posts small blind $0.50
ChuckNorrisQ: posts big blind $1
*** HOLE CARDS ***
KarP93: folds 
Red4erT: folds 
AdeMcT808: raises $1 to $2
Poker9803: folds 
willko999: folds 
ChuckNorrisQ: raises $10 to $12
AdeMcT808: calls $10
*** FLOP *** [4s 6s Ts]
ChuckNorrisQ: bets $7.68
AdeMcT808: folds 
Uncalled bet ($7.68) returned to ChuckNorrisQ
ChuckNorrisQ collected $23.28 from pot
ChuckNorrisQ: doesn't show hand 
*** SUMMARY ***
Total pot $24.50 | Rake $1.22 
Board [4s 6s Ts]
Seat 1: Red4erT folded before Flop (didn't bet)
Seat 2: AdeMcT808 folded on the Flop
Seat 3: Poker9803 (button) folded before Flop (didn't bet)
Seat 4: willko999 (small blind) folded before Flop
Seat 5: ChuckNorrisQ (big blind) collected ($23.28)
Seat 6: KarP93 folded before Flop (didn't bet)



PokerStars Hand #254619060958:  Hold'em No Limit ($0.50/$1.00 USD) - 2025/01/30 9:49:56 WET [2025/01/30 4:49:56 ET]
Table 'Jabbah' 6-max Seat #4 is the button
Seat 1: Red4erT ($46.15 in chips) 
Seat 2: AdeMcT808 ($95.28 in chips) 
Seat 3: Poker9803 ($100 in chips) 
Seat 4: willko999 ($13.48 in chips) 
Seat 5: ChuckNorrisQ ($111.28 in chips) 
Seat 6: KarP93 ($101.50 in chips) 
ChuckNorrisQ: posts small blind $0.50
KarP93: posts big blind $1
*** HOLE CARDS ***
Red4erT: folds 
AdeMcT808: folds 
Poker9803: folds 
willko999: folds 
ChuckNorrisQ: folds 
Uncalled bet ($0.50) returned to KarP93
KarP93 collected $1 from pot
KarP93: doesn't show hand 
*** SUMMARY ***
Total pot $1 | Rake $0 
Seat 1: Red4erT folded before Flop (didn't bet)
Seat 2: AdeMcT808 folded before Flop (didn't bet)
Seat 3: Poker9803 folded before Flop (didn't bet)
Seat 4: willko999 (button) folded before Flop (didn't bet)
Seat 5: ChuckNorrisQ (small blind) folded before Flop
Seat 6: KarP93 (big blind) collected ($1)



PokerStars Hand #254619061916:  Hold'em No Limit ($0.50/$1.00 USD) - 2025/01/30 9:50:06 WET [2025/01/30 4:50:06 ET]
Table 'Jabbah' 6-max Seat #5 is the button
Seat 1: Red4erT ($46.15 in chips) 
Seat 2: AdeMcT808 ($95.28 in chips) 
Seat 3: Poker9803 ($100 in chips) 
Seat 4: willko999 ($13.48 in chips) 
Seat 5: ChuckNorrisQ ($110.78 in chips) 
Seat 6: KarP93 ($102 in chips) 
KarP93: posts small blind $0.50
Red4erT: posts big blind $1
*** HOLE CARDS ***
AdeMcT808: folds 
Poker9803: folds 
willko999: raises $1 to $2
ChuckNorrisQ: folds 
KarP93: folds 
Red4erT: calls $1
*** FLOP *** [Kh Jd Ac]
Red4erT: checks 
willko999: checks 
*** TURN *** [Kh Jd Ac] [4h]
Red4erT: checks 
willko999: bets $2
Red4erT: folds 
Uncalled bet ($2) returned to willko999
willko999 collected $4.28 from pot
*** SUMMARY ***
Total pot $4.50 | Rake $0.22 
Board [Kh Jd Ac 4h]
Seat 1: Red4erT (big blind) folded on the Turn
Seat 2: AdeMcT808 folded before Flop (didn't bet)
Seat 3: Poker9803 folded before Flop (didn't bet)
Seat 4: willko999 collected ($4.28)
Seat 5: ChuckNorrisQ (button) folded before Flop (didn't bet)
Seat 6: KarP93 (small blind) folded before Flop



PokerStars Hand #254619066205:  Hold'em No Limit ($0.50/$1.00 USD) - 2025/01/30 9:50:47 WET [2025/01/30 4:50:47 ET]
Table 'Jabbah' 6-max Seat #6 is the button
Seat 1: Red4erT ($44.15 in chips) 
Seat 2: AdeMcT808 ($95.28 in chips) 
Seat 3: Poker9803 ($100 in chips) 
Seat 4: willko999 ($15.76 in chips) 
Seat 5: ChuckNorrisQ ($110.78 in chips) 
Seat 6: KarP93 ($101.50 in chips) 
Red4erT: posts small blind $0.50
AdeMcT808: posts big blind $1
*** HOLE CARDS ***
Poker9803: folds 
willko999: folds 
ChuckNorrisQ: folds 
KarP93: raises $1.50 to $2.50
Red4erT: folds 
AdeMcT808: folds 
Uncalled bet ($1.50) returned to KarP93
KarP93 collected $2.50 from pot
KarP93: doesn't show hand 
*** SUMMARY ***
Total pot $2.50 | Rake $0 
Seat 1: Red4erT (small blind) folded before Flop
Seat 2: AdeMcT808 (big blind) folded before Flop
Seat 3: Poker9803 folded before Flop (didn't bet)
Seat 4: willko999 folded before Flop (didn't bet)
Seat 5: ChuckNorrisQ folded before Flop (didn't bet)
Seat 6: KarP93 (button) collected ($2.50)



PokerStars Hand #254619067666:  Hold'em No Limit ($0.50/$1.00 USD) - 2025/01/30 9:51:02 WET [2025/01/30 4:51:02 ET]
Table 'Jabbah' 6-max Seat #1 is the button
Seat 1: Red4erT ($43.65 in chips) 
Seat 2: AdeMcT808 ($94.28 in chips) 
Seat 3: Poker9803 ($100 in chips) 
Seat 4: willko999 ($15.76 in chips) 
Seat 5: ChuckNorrisQ ($110.78 in chips) 
Seat 6: KarP93 ($103 in chips) 
AdeMcT808: posts small blind $0.50
Poker9803: posts big blind $1
*** HOLE CARDS ***
willko999: folds 
ChuckNorrisQ: folds 
KarP93: folds 
Red4erT: raises $1 to $2
AdeMcT808: folds 
Poker9803: calls $1
*** FLOP *** [5s 7h 9s]
Poker9803: bets $1.41
Red4erT: raises $4.09 to $5.50
Poker9803: calls $4.09
*** TURN *** [5s 7h 9s] [Kc]
Poker9803: checks 
Red4erT: checks 
*** RIVER *** [5s 7h 9s Kc] [7s]
Poker9803: checks 
Red4erT: checks 
*** SHOW DOWN ***
Poker9803: shows [5d 6s] (two pair, Sevens and Fives)
Red4erT: shows [Ah 5h] (two pair, Sevens and Fives - Ace kicker)
Red4erT collected $14.72 from pot
*** SUMMARY ***
Total pot $15.50 | Rake $0.78 
Board [5s 7h 9s Kc 7s]
Seat 1: Red4erT (button) showed [Ah 5h] and won ($14.72) with two pair, Sevens and Fives
Seat 2: AdeMcT808 (small blind) folded before Flop
Seat 3: Poker9803 (big blind) showed [5d 6s] and lost with two pair, Sevens and Fives
Seat 4: willko999 folded before Flop (didn't bet)
Seat 5: ChuckNorrisQ folded before Flop (didn't bet)
Seat 6: KarP93 folded before Flop (didn't bet)



PokerStars Hand #254619074751:  Hold'em No Limit ($0.50/$1.00 USD) - 2025/01/30 9:52:12 WET [2025/01/30 4:52:12 ET]
Table 'Jabbah' 6-max Seat #2 is the button
Seat 1: Red4erT ($50.87 in chips) 
Seat 2: AdeMcT808 ($93.78 in chips) 
Seat 3: Poker9803 ($100 in chips) 
Seat 4: willko999 ($15.76 in chips) 
Seat 5: ChuckNorrisQ ($110.78 in chips) 
Seat 6: KarP93 ($103 in chips) 
Poker9803: posts small blind $0.50
willko999: posts big blind $1
*** HOLE CARDS ***
ChuckNorrisQ: folds 
KarP93: folds 
Red4erT: folds 
AdeMcT808: folds 
Poker9803: raises $99 to $100 and is all-in
willko999: folds 
Uncalled bet ($99) returned to Poker9803
Poker9803 collected $2 from pot
Poker9803: doesn't show hand 
*** SUMMARY ***
Total pot $2 | Rake $0 
Seat 1: Red4erT folded before Flop (didn't bet)
Seat 2: AdeMcT808 (button) folded before Flop (didn't bet)
Seat 3: Poker9803 (small blind) collected ($2)
Seat 4: willko999 (big blind) folded before Flop
Seat 5: ChuckNorrisQ folded before Flop (didn't bet)
Seat 6: KarP93 folded before Flop (didn't bet)



PokerStars Hand #254619077511:  Hold'em No Limit ($0.50/$1.00 USD) - 2025/01/30 9:52:39 WET [2025/01/30 4:52:39 ET]
Table 'Jabbah' 6-max Seat #3 is the button
Seat 1: Red4erT ($50.87 in chips) 
Seat 2: AdeMcT808 ($93.78 in chips) 
Seat 3: Poker9803 ($101 in chips) 
Seat 4: willko999 ($14.76 in chips) 
Seat 5: ChuckNorrisQ ($110.78 in chips) 
Seat 6: KarP93 ($103 in chips) 
willko999: posts small blind $0.50
ChuckNorrisQ: posts big blind $1
*** HOLE CARDS ***
KarP93: raises $1.50 to $2.50
Red4erT: folds 
AdeMcT808: folds 
Poker9803: folds 
willko999: folds 
ChuckNorrisQ: calls $1.50
*** FLOP *** [Kd Ts 9h]
ChuckNorrisQ: checks 
KarP93: bets $3.92
ChuckNorrisQ: calls $3.92
*** TURN *** [Kd Ts 9h] [8h]
ChuckNorrisQ: checks 
KarP93: checks 
*** RIVER *** [Kd Ts 9h 8h] [2h]
ChuckNorrisQ: bets $4.18
KarP93: raises $15.77 to $19.95
ChuckNorrisQ: raises $20.05 to $40
KarP93: folds 
Uncalled bet ($20.05) returned to ChuckNorrisQ
ChuckNorrisQ collected $50.74 from pot
ChuckNorrisQ: doesn't show hand 
*** SUMMARY ***
Total pot $53.24 | Rake $2.50 
Board [Kd Ts 9h 8h 2h]
Seat 1: Red4erT folded before Flop (didn't bet)
Seat 2: AdeMcT808 folded before Flop (didn't bet)
Seat 3: Poker9803 (button) folded before Flop (didn't bet)
Seat 4: willko999 (small blind) folded before Flop
Seat 5: ChuckNorrisQ (big blind) collected ($50.74)
Seat 6: KarP93 folded on the River



PokerStars Hand #254619088160:  Hold'em No Limit ($0.50/$1.00 USD) - 2025/01/30 9:54:24 WET [2025/01/30 4:54:24 ET]
Table 'Jabbah' 6-max Seat #4 is the button
Seat 1: Red4erT ($50.87 in chips) 
Seat 2: AdeMcT808 ($93.78 in chips) 
Seat 3: Poker9803 ($101 in chips) 
Seat 4: willko999 ($14.26 in chips) 
Seat 5: ChuckNorrisQ ($135.15 in chips) 
Seat 6: KarP93 ($100 in chips) 
ChuckNorrisQ: posts small blind $0.50
KarP93: posts big blind $1
*** HOLE CARDS ***
Red4erT: folds 
AdeMcT808: raises $1 to $2
Poker9803: raises $4 to $6
willko999: folds 
ChuckNorrisQ: folds 
KarP93: folds 
AdeMcT808: calls $4
*** FLOP *** [4h 4d 3h]
AdeMcT808: checks 
Poker9803: bets $6.41
AdeMcT808: folds 
Uncalled bet ($6.41) returned to Poker9803
Poker9803 collected $12.82 from pot
Poker9803: doesn't show hand 
*** SUMMARY ***
Total pot $13.50 | Rake $0.68 
Board [4h 4d 3h]
Seat 1: Red4erT folded before Flop (didn't bet)
Seat 2: AdeMcT808 folded on the Flop
Seat 3: Poker9803 collected ($12.82)
Seat 4: willko999 (button) folded before Flop (didn't bet)
Seat 5: ChuckNorrisQ (small blind) folded before Flop
Seat 6: KarP93 (big blind) folded before Flop



PokerStars Hand #254619091910:  Hold'em No Limit ($0.50/$1.00 USD) - 2025/01/30 9:55:00 WET [2025/01/30 4:55:00 ET]
Table 'Jabbah' 6-max Seat #5 is the button
Seat 1: Red4erT ($50.87 in chips) 
Seat 2: AdeMcT808 ($87.78 in chips) 
Seat 3: Poker9803 ($107.82 in chips) 
Seat 4: willko999 ($14.26 in chips) 
Seat 5: ChuckNorrisQ ($134.65 in chips) 
Seat 6: KarP93 ($100 in chips) 
KarP93: posts small blind $0.50
Red4erT: posts big blind $1
*** HOLE CARDS ***
AdeMcT808: folds 
AdeMcT808 leaves the table
Poker9803: folds 
willko999: calls $1
ChuckNorrisQ: folds 
KarP93: folds 
Red4erT: checks 
*** FLOP *** [3s 6h Qd]
Red4erT: checks 
willko999: bets $1
Red4erT: folds 
Uncalled bet ($1) returned to willko999
willko999 collected $2.38 from pot
*** SUMMARY ***
Total pot $2.50 | Rake $0.12 
Board [3s 6h Qd]
Seat 1: Red4erT (big blind) folded on the Flop
Seat 2: AdeMcT808 folded before Flop (didn't bet)
Seat 3: Poker9803 folded before Flop (didn't bet)
Seat 4: willko999 collected ($2.38)
Seat 5: ChuckNorrisQ (button) folded before Flop (didn't bet)
Seat 6: KarP93 (small blind) folded before Flop



PokerStars Hand #254619094213:  Hold'em No Limit ($0.50/$1.00 USD) - 2025/01/30 9:55:26 WET [2025/01/30 4:55:26 ET]
Table 'Jabbah' 6-max Seat #6 is the button
Seat 3: Poker9803 ($107.82 in chips) is sitting out
Seat 1: Red4erT ($49.87 in chips) 
Seat 4: willko999 ($15.64 in chips) 
Seat 5: ChuckNorrisQ ($134.65 in chips) 
Seat 6: KarP93 ($100 in chips) 
Red4erT: posts small blind $0.50
Poker9803: is sitting out 
willko999: posts big blind $1
*** HOLE CARDS ***
ChuckNorrisQ: folds 
KarP93: folds 
Poker9803 leaves the table
Red4erT: raises $48.87 to $49.87 and is all-in
willko999: folds 
Uncalled bet ($48.87) returned to Red4erT
Red4erT collected $2 from pot
Red4erT: doesn't show hand 
*** SUMMARY ***
Total pot $2 | Rake $0 
Seat 3: Poker9803
Seat 1: Red4erT (small blind) collected ($2)
Seat 4: willko999 (big blind) folded before Flop
Seat 5: ChuckNorrisQ folded before Flop (didn't bet)
Seat 6: KarP93 (button) folded before Flop (didn't bet)



PokerStars Hand #254619095324:  Hold'em No Limit ($0.50/$1.00 USD) - 2025/01/30 9:55:39 WET [2025/01/30 4:55:39 ET]
Table 'Jabbah' 6-max Seat #1 is the button
Seat 1: Red4erT ($50.87 in chips) 
Seat 4: willko999 ($14.64 in chips) 
Seat 5: ChuckNorrisQ ($134.65 in chips) 
Seat 6: KarP93 ($100 in chips) 
willko999: posts small blind $0.50
ChuckNorrisQ: posts big blind $1
*** HOLE CARDS ***
KarP93: raises $1.50 to $2.50
Red4erT: raises $4.50 to $7
willko999: folds 
ChuckNorrisQ: folds 
KarP93: folds 
Uncalled bet ($4.50) returned to Red4erT
Red4erT collected $6.50 from pot
Red4erT: doesn't show hand 
*** SUMMARY ***
Total pot $6.50 | Rake $0 
Seat 1: Red4erT (button) collected ($6.50)
Seat 4: willko999 (small blind) folded before Flop
Seat 5: ChuckNorrisQ (big blind) folded before Flop
Seat 6: KarP93 folded before Flop



PokerStars Hand #254619097521:  Hold'em No Limit ($0.50/$1.00 USD) - 2025/01/30 9:56:05 WET [2025/01/30 4:56:05 ET]
Table 'Jabbah' 6-max Seat #4 is the button
Seat 6: KarP93 ($100 in chips) is sitting out
Seat 1: Red4erT ($54.87 in chips) 
Seat 4: willko999 ($14.14 in chips) 
Seat 5: ChuckNorrisQ ($133.65 in chips) 
ChuckNorrisQ: posts small blind $0.50
KarP93: is sitting out 
Red4erT: posts big blind $1
*** HOLE CARDS ***
KarP93 leaves the table
willko999: raises $1 to $2
ChuckNorrisQ: folds 
Red4erT: raises $52.87 to $54.87 and is all-in
willko999: calls $12.14 and is all-in
Uncalled bet ($40.73) returned to Red4erT
*** FLOP *** [Ah 2s 5h]
*** TURN *** [Ah 2s 5h] [6d]
*** RIVER *** [Ah 2s 5h 6d] [7c]
*** SHOW DOWN ***
Red4erT: shows [Kc Kh] (a pair of Kings)
willko999: shows [Qd Kd] (high card Ace)
Red4erT collected $27.78 from pot
willko999 cashed out the hand for $3.77 | Cash Out Fee $0.08
*** SUMMARY ***
Total pot $28.78 | Rake $1 
Board [Ah 2s 5h 6d 7c]
Seat 6: KarP93
Seat 1: Red4erT (big blind) showed [Kc Kh] and won ($27.78) with a pair of Kings
Seat 4: willko999 (button) showed [Qd Kd] and lost with high card Ace (cashed out).
Seat 5: ChuckNorrisQ (small blind) folded before Flop



PokerStars Hand #254619100035:  Hold'em No Limit ($0.50/$1.00 USD) - 2025/01/30 9:56:33 WET [2025/01/30 4:56:33 ET]
Table 'Jabbah' 6-max Seat #5 is the button
Seat 1: Red4erT ($68.51 in chips) 
Seat 4: willko999 ($3.77 in chips) 
Seat 5: ChuckNorrisQ ($133.15 in chips) 
Red4erT: posts small blind $0.50
willko999: posts big blind $1
*** HOLE CARDS ***
ChuckNorrisQ: folds 
Red4erT: raises $67.51 to $68.51 and is all-in
willko999: calls $2.77 and is all-in
Uncalled bet ($64.74) returned to Red4erT
*** FLOP *** [6s 5h Ts]
*** TURN *** [6s 5h Ts] [Ac]
*** RIVER *** [6s 5h Ts Ac] [5d]
*** SHOW DOWN ***
Red4erT: shows [Qc 7s] (a pair of Fives)
willko999: shows [Kd 9s] (a pair of Fives - Ace+King kicker)
willko999 collected $7.16 from pot
*** SUMMARY ***
Total pot $7.54 | Rake $0.38 
Board [6s 5h Ts Ac 5d]
Seat 1: Red4erT (small blind) showed [Qc 7s] and lost with a pair of Fives
Seat 4: willko999 (big blind) showed [Kd 9s] and won ($7.16) with a pair of Fives
Seat 5: ChuckNorrisQ (button) folded before Flop (didn't bet)



PokerStars Hand #254619101912:  Hold'em No Limit ($0.50/$1.00 USD) - 2025/01/30 9:56:55 WET [2025/01/30 4:56:55 ET]
Table 'Jabbah' 6-max Seat #1 is the button
Seat 1: Red4erT ($64.74 in chips) 
Seat 4: willko999 ($7.16 in chips) 
Seat 5: ChuckNorrisQ ($133.15 in chips) 
willko999: posts small blind $0.50
ChuckNorrisQ: posts big blind $1
*** HOLE CARDS ***
Red4erT: folds 
willko999: folds 
Uncalled bet ($0.50) returned to ChuckNorrisQ
ChuckNorrisQ collected $1 from pot
ChuckNorrisQ: doesn't show hand 
*** SUMMARY ***
Total pot $1 | Rake $0 
Seat 1: Red4erT (button) folded before Flop (didn't bet)
Seat 4: willko999 (small blind) folded before Flop
Seat 5: ChuckNorrisQ (big blind) collected ($1)



PokerStars Hand #254619102757:  Hold'em No Limit ($0.50/$1.00 USD) - 2025/01/30 9:57:05 WET [2025/01/30 4:57:05 ET]
Table 'Jabbah' 6-max Seat #4 is the button
Seat 1: Red4erT ($64.74 in chips) 
Seat 4: willko999 ($6.66 in chips) 
Seat 5: ChuckNorrisQ ($133.65 in chips) 
ChuckNorrisQ: posts small blind $0.50
Red4erT: posts big blind $1
*** HOLE CARDS ***
willko999: folds 
ChuckNorrisQ: folds 
Uncalled bet ($0.50) returned to Red4erT
Red4erT collected $1 from pot
Red4erT: doesn't show hand 
*** SUMMARY ***
Total pot $1 | Rake $0 
Seat 1: Red4erT (big blind) collected ($1)
Seat 4: willko999 (button) folded before Flop (didn't bet)
Seat 5: ChuckNorrisQ (small blind) folded before Flop



PokerStars Hand #254619103514:  Hold'em No Limit ($0.50/$1.00 USD) - 2025/01/30 9:57:13 WET [2025/01/30 4:57:13 ET]
Table 'Jabbah' 6-max Seat #5 is the button
Seat 1: Red4erT ($65.24 in chips) 
Seat 4: willko999 ($6.66 in chips) 
Seat 5: ChuckNorrisQ ($133.15 in chips) 
Red4erT: posts small blind $0.50
willko999: posts big blind $1
*** HOLE CARDS ***
ChuckNorrisQ: raises $1 to $2
Red4erT: folds 
willko999: raises $4.66 to $6.66 and is all-in
ChuckNorrisQ: calls $4.66
*** FLOP *** [Td 3d 7s]
*** TURN *** [Td 3d 7s] [2s]
*** RIVER *** [Td 3d 7s 2s] [Qd]
*** SHOW DOWN ***
willko999: shows [Qs Ah] (a pair of Queens)
ChuckNorrisQ: shows [Ad Qh] (a pair of Queens)
willko999 collected $6.57 from pot
ChuckNorrisQ collected $6.56 from pot
*** SUMMARY ***
Total pot $13.82 | Rake $0.69 
Board [Td 3d 7s 2s Qd]
Seat 1: Red4erT (small blind) folded before Flop
Seat 4: willko999 (big blind) showed [Qs Ah] and won ($6.57) with a pair of Queens
Seat 5: ChuckNorrisQ (button) showed [Ad Qh] and won ($6.56) with a pair of Queens



PokerStars Hand #254619105515:  Hold'em No Limit ($0.50/$1.00 USD) - 2025/01/30 9:57:37 WET [2025/01/30 4:57:37 ET]
Table 'Jabbah' 6-max Seat #1 is the button
Seat 1: Red4erT ($64.74 in chips) 
Seat 4: willko999 ($6.57 in chips) 
Seat 5: ChuckNorrisQ ($133.05 in chips) 
willko999: posts small blind $0.50
ChuckNorrisQ: posts big blind $1
*** HOLE CARDS ***
Red4erT: raises $1 to $2
willko999: folds 
ChuckNorrisQ: folds 
Uncalled bet ($1) returned to Red4erT
Pon4uk.ua joins the table at seat #6 
Red4erT collected $2.50 from pot
Red4erT: doesn't show hand 
*** SUMMARY ***
Total pot $2.50 | Rake $0 
Seat 1: Red4erT (button) collected ($2.50)
Seat 4: willko999 (small blind) folded before Flop
Seat 5: ChuckNorrisQ (big blind) folded before Flop



PokerStars Hand #254619106495:  Hold'em No Limit ($0.50/$1.00 USD) - 2025/01/30 9:57:48 WET [2025/01/30 4:57:48 ET]
Table 'Jabbah' 6-max Seat #4 is the button
Seat 1: Red4erT ($66.24 in chips) 
Seat 4: willko999 ($6.07 in chips) 
Seat 5: ChuckNorrisQ ($132.05 in chips) 
Seat 6: Pon4uk.ua ($100 in chips) 
ChuckNorrisQ: posts small blind $0.50
Pon4uk.ua: posts big blind $1
*** HOLE CARDS ***
Red4erT: folds 
Red4erT leaves the table
willko999: folds 
ChuckNorrisQ: folds 
Uncalled bet ($0.50) returned to Pon4uk.ua
Pon4uk.ua collected $1 from pot
Pon4uk.ua: doesn't show hand 
*** SUMMARY ***
Total pot $1 | Rake $0 
Seat 1: Red4erT folded before Flop (didn't bet)
Seat 4: willko999 (button) folded before Flop (didn't bet)
Seat 5: ChuckNorrisQ (small blind) folded before Flop
Seat 6: Pon4uk.ua (big blind) collected ($1)



PokerStars Hand #254619107382:  Hold'em No Limit ($0.50/$1.00 USD) - 2025/01/30 9:57:58 WET [2025/01/30 4:57:58 ET]
Table 'Jabbah' 6-max Seat #5 is the button
Seat 4: willko999 ($6.07 in chips) 
Seat 5: ChuckNorrisQ ($131.55 in chips) 
Seat 6: Pon4uk.ua ($100.50 in chips) 
Pon4uk.ua: posts small blind $0.50
willko999: posts big blind $1
*** HOLE CARDS ***
ChuckNorrisQ: raises $1 to $2
Pon4uk.ua: folds 
willko999: calls $1
*** FLOP *** [Ks Js 8h]
willko999: bets $4.07 and is all-in
ChuckNorrisQ: calls $4.07
*** TURN *** [Ks Js 8h] [Td]
*** RIVER *** [Ks Js 8h Td] [4d]
*** SHOW DOWN ***
willko999: shows [Jh 9s] (a pair of Jacks)
ChuckNorrisQ: shows [Qd Th] (a pair of Tens)
willko999 collected $12.01 from pot
*** SUMMARY ***
Total pot $12.64 | Rake $0.63 
Board [Ks Js 8h Td 4d]
Seat 4: willko999 (big blind) showed [Jh 9s] and won ($12.01) with a pair of Jacks
Seat 5: ChuckNorrisQ (button) showed [Qd Th] and lost with a pair of Tens
Seat 6: Pon4uk.ua (small blind) folded before Flop



PokerStars Hand #254619109658:  Hold'em No Limit ($0.50/$1.00 USD) - 2025/01/30 9:58:24 WET [2025/01/30 4:58:24 ET]
Table 'Jabbah' 6-max Seat #6 is the button
Seat 4: willko999 ($12.01 in chips) 
Seat 5: ChuckNorrisQ ($125.48 in chips) 
Seat 6: Pon4uk.ua ($100 in chips) 
willko999: posts small blind $0.50
ChuckNorrisQ: posts big blind $1
*** HOLE CARDS ***
Pon4uk.ua: folds 
willko999: folds 
Uncalled bet ($0.50) returned to ChuckNorrisQ
ChuckNorrisQ collected $1 from pot
ChuckNorrisQ: doesn't show hand 
elcutez joins the table at seat #3 
elcutez is disconnected 
*** SUMMARY ***
Total pot $1 | Rake $0 
Seat 4: willko999 (small blind) folded before Flop
Seat 5: ChuckNorrisQ (big blind) collected ($1)
Seat 6: Pon4uk.ua (button) folded before Flop (didn't bet)



PokerStars Hand #254619110288:  Hold'em No Limit ($0.50/$1.00 USD) - 2025/01/30 9:58:31 WET [2025/01/30 4:58:31 ET]
Table 'Jabbah' 6-max Seat #4 is the button
Seat 3: elcutez ($100 in chips) is sitting out
Seat 4: willko999 ($11.51 in chips) 
Seat 5: ChuckNorrisQ ($125.98 in chips) 
Seat 6: Pon4uk.ua ($100 in chips) 
ChuckNorrisQ: posts small blind $0.50
Pon4uk.ua: posts big blind $1
elcutez: sits out 
*** HOLE CARDS ***
willko999: folds 
ChuckNorrisQ: raises $2 to $3
Pon4uk.ua: folds 
Uncalled bet ($2) returned to ChuckNorrisQ
ChuckNorrisQ collected $2 from pot
ChuckNorrisQ: doesn't show hand 
*** SUMMARY ***
Total pot $2 | Rake $0 
Seat 3: elcutez
Seat 4: willko999 (button) folded before Flop (didn't bet)
Seat 5: ChuckNorrisQ (small blind) collected ($2)
Seat 6: Pon4uk.ua (big blind) folded before Flop



PokerStars Hand #254619111222:  Hold'em No Limit ($0.50/$1.00 USD) - 2025/01/30 9:58:41 WET [2025/01/30 4:58:41 ET]
Table 'Jabbah' 6-max Seat #5 is the button
Seat 3: elcutez ($100 in chips) 
Seat 4: willko999 ($11.51 in chips) 
Seat 5: ChuckNorrisQ ($126.98 in chips) 
Seat 6: Pon4uk.ua ($100 in chips) 
Pon4uk.ua: posts small blind $0.50
elcutez: posts big blind $1
*** HOLE CARDS ***
willko999: folds 
ChuckNorrisQ: folds 
Pon4uk.ua: folds 
Uncalled bet ($0.50) returned to elcutez
elcutez collected $1 from pot
*** SUMMARY ***
Total pot $1 | Rake $0 
Seat 3: elcutez (big blind) collected ($1)
Seat 4: willko999 folded before Flop (didn't bet)
Seat 5: ChuckNorrisQ (button) folded before Flop (didn't bet)
Seat 6: Pon4uk.ua (small blind) folded before Flop



PokerStars Hand #254619112047:  Hold'em No Limit ($0.50/$1.00 USD) - 2025/01/30 9:58:51 WET [2025/01/30 4:58:51 ET]
Table 'Jabbah' 6-max Seat #6 is the button
Seat 3: elcutez ($100.50 in chips) 
Seat 4: willko999 ($11.51 in chips) 
Seat 5: ChuckNorrisQ ($126.98 in chips) 
Seat 6: Pon4uk.ua ($100 in chips) 
elcutez: posts small blind $0.50
willko999: posts big blind $1
*** HOLE CARDS ***
ChuckNorrisQ: folds 
Pon4uk.ua: folds 
elcutez: folds 
Uncalled bet ($0.50) returned to willko999
willko999 collected $1 from pot
*** SUMMARY ***
Total pot $1 | Rake $0 
Seat 3: elcutez (small blind) folded before Flop
Seat 4: willko999 (big blind) collected ($1)
Seat 5: ChuckNorrisQ folded before Flop (didn't bet)
Seat 6: Pon4uk.ua (button) folded before Flop (didn't bet)



PokerStars Hand #254619113384:  Hold'em No Limit ($0.50/$1.00 USD) - 2025/01/30 9:59:06 WET [2025/01/30 4:59:06 ET]
Table 'Jabbah' 6-max Seat #3 is the button
Seat 3: elcutez ($100 in chips) 
Seat 4: willko999 ($12.01 in chips) 
Seat 5: ChuckNorrisQ ($126.98 in chips) 
Seat 6: Pon4uk.ua ($100 in chips) 
willko999: posts small blind $0.50
ChuckNorrisQ: posts big blind $1
*** HOLE CARDS ***
Pon4uk.ua: folds 
elcutez: folds 
willko999: calls $0.50
ChuckNorrisQ: raises $2 to $3
willko999: folds 
Uncalled bet ($2) returned to ChuckNorrisQ
ChuckNorrisQ collected $2 from pot
ChuckNorrisQ: doesn't show hand 
*** SUMMARY ***
Total pot $2 | Rake $0 
Seat 3: elcutez (button) folded before Flop (didn't bet)
Seat 4: willko999 (small blind) folded before Flop
Seat 5: ChuckNorrisQ (big blind) collected ($2)
Seat 6: Pon4uk.ua folded before Flop (didn't bet)



PokerStars Hand #254619201312:  Hold'em No Limit ($0.50/$1.00 USD) - 2025/01/30 10:13:17 WET [2025/01/30 5:13:17 ET]
Table 'Jabbah' 6-max Seat #3 is the button
Seat 1: B1GBankroll ($100 in chips) 
Seat 3: elcutez ($104.80 in chips) 
elcutez: posts small blind $0.50
B1GBankroll: posts big blind $1
*** HOLE CARDS ***
elcutez: raises $1 to $2
B1GBankroll: calls $1
*** FLOP *** [Tc 9d 8c]
B1GBankroll: bets $1.86
elcutez: raises $7.52 to $9.38
B1GBankroll: calls $7.52
*** TURN *** [Tc 9d 8c] [Ac]
B1GBankroll: checks 
elcutez: checks 
*** RIVER *** [Tc 9d 8c Ac] [6c]
B1GBankroll: bets $7.40
elcutez: folds 
Uncalled bet ($7.40) returned to B1GBankroll
B1GBankroll collected $21.76 from pot
B1GBankroll: doesn't show hand 
*** SUMMARY ***
Total pot $22.76 | Rake $1 
Board [Tc 9d 8c Ac 6c]
Seat 1: B1GBankroll (big blind) collected ($21.76)
Seat 3: elcutez (button) (small blind) folded on the River



PokerStars Hand #254619208002:  Hold'em No Limit ($0.50/$1.00 USD) - 2025/01/30 10:14:21 WET [2025/01/30 5:14:21 ET]
Table 'Jabbah' 6-max Seat #1 is the button
Seat 1: B1GBankroll ($110.38 in chips) 
Seat 3: elcutez ($93.42 in chips) 
B1GBankroll: posts small blind $0.50
elcutez: posts big blind $1
*** HOLE CARDS ***
B1GBankroll: raises $1.50 to $2.50
elcutez: folds 
Uncalled bet ($1.50) returned to B1GBankroll
B1GBankroll collected $2 from pot
B1GBankroll: doesn't show hand 
*** SUMMARY ***
Total pot $2 | Rake $0 
Seat 1: B1GBankroll (button) (small blind) collected ($2)
Seat 3: elcutez (big blind) folded before Flop



PokerStars Hand #254619209041:  Hold'em No Limit ($0.50/$1.00 USD) - 2025/01/30 10:14:31 WET [2025/01/30 5:14:31 ET]
Table 'Jabbah' 6-max Seat #3 is the button
Seat 1: B1GBankroll ($111.38 in chips) 
Seat 3: elcutez ($92.42 in chips) 
elcutez: posts small blind $0.50
B1GBankroll: posts big blind $1
*** HOLE CARDS ***
elcutez: raises $2 to $3
B1GBankroll: folds 
Uncalled bet ($2) returned to elcutez
elcutez collected $2 from pot
*** SUMMARY ***
Total pot $2 | Rake $0 
Seat 1: B1GBankroll (big blind) folded before Flop
Seat 3: elcutez (button) (small blind) collected ($2)



PokerStars Hand #254619210477:  Hold'em No Limit ($0.50/$1.00 USD) - 2025/01/30 10:14:45 WET [2025/01/30 5:14:45 ET]
Table 'Jabbah' 6-max Seat #1 is the button
Seat 1: B1GBankroll ($110.38 in chips) 
Seat 3: elcutez ($93.42 in chips) 
B1GBankroll: posts small blind $0.50
elcutez: posts big blind $1
*** HOLE CARDS ***
B1GBankroll: folds 
Uncalled bet ($0.50) returned to elcutez
elcutez collected $1 from pot
*** SUMMARY ***
Total pot $1 | Rake $0 
Seat 1: B1GBankroll (button) (small blind) folded before Flop
Seat 3: elcutez (big blind) collected ($1)



PokerStars Hand #254619211345:  Hold'em No Limit ($0.50/$1.00 USD) - 2025/01/30 10:14:53 WET [2025/01/30 5:14:53 ET]
Table 'Jabbah' 6-max Seat #3 is the button
Seat 1: B1GBankroll ($109.88 in chips) 
Seat 3: elcutez ($93.92 in chips) 
elcutez: posts small blind $0.50
B1GBankroll: posts big blind $1
*** HOLE CARDS ***
elcutez: raises $1.40 to $2.40
B1GBankroll: calls $1.40
*** FLOP *** [5h Tc 7c]
B1GBankroll: checks 
elcutez: bets $5
B1GBankroll: folds 
Uncalled bet ($5) returned to elcutez
elcutez collected $4.56 from pot
*** SUMMARY ***
Total pot $4.80 | Rake $0.24 
Board [5h Tc 7c]
Seat 1: B1GBankroll (big blind) folded on the Flop
Seat 3: elcutez (button) (small blind) collected ($4.56)



PokerStars Hand #254619214872:  Hold'em No Limit ($0.50/$1.00 USD) - 2025/01/30 10:15:26 WET [2025/01/30 5:15:26 ET]
Table 'Jabbah' 6-max Seat #1 is the button
Seat 1: B1GBankroll ($107.48 in chips) 
Seat 3: elcutez ($96.08 in chips) 
B1GBankroll: posts small blind $0.50
elcutez: posts big blind $1
*** HOLE CARDS ***
B1GBankroll: folds 
Uncalled bet ($0.50) returned to elcutez
elcutez collected $1 from pot
*** SUMMARY ***
Total pot $1 | Rake $0 
Seat 1: B1GBankroll (button) (small blind) folded before Flop
Seat 3: elcutez (big blind) collected ($1)



PokerStars Hand #254619215774:  Hold'em No Limit ($0.50/$1.00 USD) - 2025/01/30 10:15:34 WET [2025/01/30 5:15:34 ET]
Table 'Jabbah' 6-max Seat #3 is the button
Seat 1: B1GBankroll ($106.98 in chips) 
Seat 3: elcutez ($96.58 in chips) 
elcutez: posts small blind $0.50
B1GBankroll: posts big blind $1
*** HOLE CARDS ***
elcutez: raises $1 to $2
B1GBankroll: raises $6.82 to $8.82
elcutez: folds 
Uncalled bet ($6.82) returned to B1GBankroll
B1GBankroll collected $4 from pot
B1GBankroll: doesn't show hand 
*** SUMMARY ***
Total pot $4 | Rake $0 
Seat 1: B1GBankroll (big blind) collected ($4)
Seat 3: elcutez (button) (small blind) folded before Flop



PokerStars Hand #254619218003:  Hold'em No Limit ($0.50/$1.00 USD) - 2025/01/30 10:15:55 WET [2025/01/30 5:15:55 ET]
Table 'Jabbah' 6-max Seat #1 is the button
Seat 1: B1GBankroll ($108.98 in chips) 
Seat 3: elcutez ($94.58 in chips) 
B1GBankroll: posts small blind $0.50
elcutez: posts big blind $1
*** HOLE CARDS ***
B1GBankroll: folds 
Uncalled bet ($0.50) returned to elcutez
elcutez collected $1 from pot
*** SUMMARY ***
Total pot $1 | Rake $0 
Seat 1: B1GBankroll (button) (small blind) folded before Flop
Seat 3: elcutez (big blind) collected ($1)



PokerStars Hand #254619218914:  Hold'em No Limit ($0.50/$1.00 USD) - 2025/01/30 10:16:03 WET [2025/01/30 5:16:03 ET]
Table 'Jabbah' 6-max Seat #3 is the button
Seat 1: B1GBankroll ($108.48 in chips) 
Seat 3: elcutez ($95.08 in chips) 
elcutez: posts small blind $0.50
B1GBankroll: posts big blind $1
*** HOLE CARDS ***
elcutez: folds 
Uncalled bet ($0.50) returned to B1GBankroll
B1GBankroll collected $1 from pot
B1GBankroll: doesn't show hand 
*** SUMMARY ***
Total pot $1 | Rake $0 
Seat 1: B1GBankroll (big blind) collected ($1)
Seat 3: elcutez (button) (small blind) folded before Flop



PokerStars Hand #254619219562:  Hold'em No Limit ($0.50/$1.00 USD) - 2025/01/30 10:16:09 WET [2025/01/30 5:16:09 ET]
Table 'Jabbah' 6-max Seat #1 is the button
Seat 1: B1GBankroll ($108.98 in chips) 
Seat 3: elcutez ($94.58 in chips) 
B1GBankroll: posts small blind $0.50
elcutez: posts big blind $1
*** HOLE CARDS ***
B1GBankroll: raises $1.50 to $2.50
elcutez: folds 
Uncalled bet ($1.50) returned to B1GBankroll
B1GBankroll collected $2 from pot
B1GBankroll: doesn't show hand 
*** SUMMARY ***
Total pot $2 | Rake $0 
Seat 1: B1GBankroll (button) (small blind) collected ($2)
Seat 3: elcutez (big blind) folded before Flop



PokerStars Hand #254619220602:  Hold'em No Limit ($0.50/$1.00 USD) - 2025/01/30 10:16:19 WET [2025/01/30 5:16:19 ET]
Table 'Jabbah' 6-max Seat #3 is the button
Seat 1: B1GBankroll ($109.98 in chips) 
Seat 3: elcutez ($93.58 in chips) 
elcutez: posts small blind $0.50
B1GBankroll: posts big blind $1
*** HOLE CARDS ***
elcutez: raises $2 to $3
B1GBankroll: folds 
Uncalled bet ($2) returned to elcutez
elcutez collected $2 from pot
*** SUMMARY ***
Total pot $2 | Rake $0 
Seat 1: B1GBankroll (big blind) folded before Flop
Seat 3: elcutez (button) (small blind) collected ($2)



PokerStars Hand #254619222158:  Hold'em No Limit ($0.50/$1.00 USD) - 2025/01/30 10:16:33 WET [2025/01/30 5:16:33 ET]
Table 'Jabbah' 6-max Seat #1 is the button
Seat 1: B1GBankroll ($108.98 in chips) 
Seat 3: elcutez ($94.58 in chips) 
B1GBankroll: posts small blind $0.50
elcutez: posts big blind $1
*** HOLE CARDS ***
B1GBankroll: raises $1.50 to $2.50
elcutez: calls $1.50
*** FLOP *** [9h 9d 7s]
ponchua joins the table at seat #5 
elcutez: checks 
B1GBankroll: checks 
*** TURN *** [9h 9d 7s] [9c]
elcutez: bets $2.38
ponchua leaves the table
B1GBankroll: raises $5.66 to $8.04
elcutez: folds 
Uncalled bet ($5.66) returned to B1GBankroll
B1GBankroll collected $9.27 from pot
B1GBankroll: doesn't show hand 
*** SUMMARY ***
Total pot $9.76 | Rake $0.49 
Board [9h 9d 7s 9c]
Seat 1: B1GBankroll (button) (small blind) collected ($9.27)
Seat 3: elcutez (big blind) folded on the Turn



PokerStars Hand #254619226664:  Hold'em No Limit ($0.50/$1.00 USD) - 2025/01/30 10:17:15 WET [2025/01/30 5:17:15 ET]
Table 'Jabbah' 6-max Seat #3 is the button
Seat 1: B1GBankroll ($113.37 in chips) 
Seat 3: elcutez ($89.70 in chips) 
elcutez: posts small blind $0.50
B1GBankroll: posts big blind $1
*** HOLE CARDS ***
Dazburt123 joins the table at seat #4 
elcutez: folds 
Uncalled bet ($0.50) returned to B1GBankroll
B1GBankroll collected $1 from pot
B1GBankroll: doesn't show hand 
*** SUMMARY ***
Total pot $1 | Rake $0 
Seat 1: B1GBankroll (big blind) collected ($1)
Seat 3: elcutez (button) (small blind) folded before Flop



PokerStars Hand #254619227380:  Hold'em No Limit ($0.50/$1.00 USD) - 2025/01/30 10:17:22 WET [2025/01/30 5:17:22 ET]
Table 'Jabbah' 6-max Seat #1 is the button
Seat 1: B1GBankroll ($113.87 in chips) 
Seat 3: elcutez ($89.20 in chips) 
Seat 4: Dazburt123 ($100 in chips) 
elcutez: posts small blind $0.50
Dazburt123: posts big blind $1
*** HOLE CARDS ***
B1GBankroll: folds 
elcutez: folds 
Uncalled bet ($0.50) returned to Dazburt123
Dazburt123 collected $1 from pot
Dazburt123: doesn't show hand 
*** SUMMARY ***
Total pot $1 | Rake $0 
Seat 1: B1GBankroll (button) folded before Flop (didn't bet)
Seat 3: elcutez (small blind) folded before Flop
Seat 4: Dazburt123 (big blind) collected ($1)



PokerStars Hand #254619228748:  Hold'em No Limit ($0.50/$1.00 USD) - 2025/01/30 10:17:34 WET [2025/01/30 5:17:34 ET]
Table 'Jabbah' 6-max Seat #4 is the button
Seat 1: B1GBankroll ($113.87 in chips) is sitting out
Seat 3: elcutez ($88.70 in chips) 
Seat 4: Dazburt123 ($100.50 in chips) 
Dazburt123: posts small blind $0.50
elcutez: posts big blind $1
*** HOLE CARDS ***
B1GBankroll leaves the table
Dazburt123: raises $1.50 to $2.50
elcutez: calls $1.50
*** FLOP *** [2d Ks Jh]
elcutez: checks 
Dazburt123: bets $1.57
elcutez: folds 
Uncalled bet ($1.57) returned to Dazburt123
Dazburt123 collected $4.75 from pot
Dazburt123: doesn't show hand 
*** SUMMARY ***
Total pot $5 | Rake $0.25 
Board [2d Ks Jh]
Seat 1: B1GBankroll
Seat 3: elcutez (big blind) folded on the Flop
Seat 4: Dazburt123 (button) (small blind) collected ($4.75)



PokerStars Hand #254619232100:  Hold'em No Limit ($0.50/$1.00 USD) - 2025/01/30 10:18:05 WET [2025/01/30 5:18:05 ET]
Table 'Jabbah' 6-max Seat #3 is the button
Seat 3: elcutez ($86.20 in chips) 
Seat 4: Dazburt123 ($102.75 in chips) 
elcutez: posts small blind $0.50
Dazburt123: posts big blind $1
*** HOLE CARDS ***
elcutez: folds 
Uncalled bet ($0.50) returned to Dazburt123
Dazburt123 collected $1 from pot
Dazburt123: doesn't show hand 
*** SUMMARY ***
Total pot $1 | Rake $0 
Seat 3: elcutez (button) (small blind) folded before Flop
Seat 4: Dazburt123 (big blind) collected ($1)



PokerStars Hand #254619232760:  Hold'em No Limit ($0.50/$1.00 USD) - 2025/01/30 10:18:11 WET [2025/01/30 5:18:11 ET]
Table 'Jabbah' 6-max Seat #4 is the button
Seat 3: elcutez ($85.70 in chips) 
Seat 4: Dazburt123 ($103.25 in chips) 
Dazburt123: posts small blind $0.50
elcutez: posts big blind $1
*** HOLE CARDS ***
Dazburt123: raises $1.50 to $2.50
elcutez: raises $5.50 to $8
Dazburt123: folds 
Uncalled bet ($5.50) returned to elcutez
elcutez collected $5 from pot
*** SUMMARY ***
Total pot $5 | Rake $0 
Seat 3: elcutez (big blind) collected ($5)
Seat 4: Dazburt123 (button) (small blind) folded before Flop



PokerStars Hand #254619235767:  Hold'em No Limit ($0.50/$1.00 USD) - 2025/01/30 10:18:39 WET [2025/01/30 5:18:39 ET]
Table 'Jabbah' 6-max Seat #3 is the button
Seat 3: elcutez ($88.20 in chips) 
Seat 4: Dazburt123 ($100.75 in chips) 
elcutez: posts small blind $0.50
Dazburt123: posts big blind $1
*** HOLE CARDS ***
elcutez: raises $2 to $3
Dazburt123: calls $2
*** FLOP *** [4s Qs Kc]
Dazburt123: checks 
elcutez: checks 
*** TURN *** [4s Qs Kc] [2d]
Dazburt123: checks 
elcutez: checks 
*** RIVER *** [4s Qs Kc 2d] [Qd]
Dazburt123: checks 
elcutez: checks 
*** SHOW DOWN ***
Dazburt123: shows [7d 9h] (a pair of Queens)
elcutez: shows [7h Jd] (a pair of Queens - King+Jack kicker)
elcutez collected $5.70 from pot
*** SUMMARY ***
Total pot $6 | Rake $0.30 
Board [4s Qs Kc 2d Qd]
Seat 3: elcutez (button) (small blind) showed [7h Jd] and won ($5.70) with a pair of Queens
Seat 4: Dazburt123 (big blind) showed [7d 9h] and lost with a pair of Queens



PokerStars Hand #254619241479:  Hold'em No Limit ($0.50/$1.00 USD) - 2025/01/30 10:19:32 WET [2025/01/30 5:19:32 ET]
Table 'Jabbah' 6-max Seat #4 is the button
Seat 3: elcutez ($90.90 in chips) 
Seat 4: Dazburt123 ($100 in chips) 
Dazburt123: posts small blind $0.50
elcutez: posts big blind $1
*** HOLE CARDS ***
Dazburt123: raises $1.50 to $2.50
elcutez: folds 
Uncalled bet ($1.50) returned to Dazburt123
Dazburt123 collected $2 from pot
Dazburt123: doesn't show hand 
*** SUMMARY ***
Total pot $2 | Rake $0 
Seat 3: elcutez (big blind) folded before Flop
Seat 4: Dazburt123 (button) (small blind) collected ($2)



PokerStars Hand #254619242255:  Hold'em No Limit ($0.50/$1.00 USD) - 2025/01/30 10:19:40 WET [2025/01/30 5:19:40 ET]
Table 'Jabbah' 6-max Seat #3 is the button
Seat 3: elcutez ($89.90 in chips) 
Seat 4: Dazburt123 ($101 in chips) 
elcutez: posts small blind $0.50
Dazburt123: posts big blind $1
*** HOLE CARDS ***
elcutez: raises $2 to $3
Dazburt123: folds 
Uncalled bet ($2) returned to elcutez
elcutez collected $2 from pot
*** SUMMARY ***
Total pot $2 | Rake $0 
Seat 3: elcutez (button) (small blind) collected ($2)
Seat 4: Dazburt123 (big blind) folded before Flop



PokerStars Hand #254619243142:  Hold'em No Limit ($0.50/$1.00 USD) - 2025/01/30 10:19:48 WET [2025/01/30 5:19:48 ET]
Table 'Jabbah' 6-max Seat #4 is the button
Seat 3: elcutez ($90.90 in chips) 
Seat 4: Dazburt123 ($100 in chips) 
Dazburt123: posts small blind $0.50
elcutez: posts big blind $1
*** HOLE CARDS ***
Dazburt123: raises $1.50 to $2.50
elcutez: folds 
Uncalled bet ($1.50) returned to Dazburt123
Dazburt123 collected $2 from pot
Dazburt123: doesn't show hand 
*** SUMMARY ***
Total pot $2 | Rake $0 
Seat 3: elcutez (big blind) folded before Flop
Seat 4: Dazburt123 (button) (small blind) collected ($2)



PokerStars Hand #254619247620:  Hold'em No Limit ($0.50/$1.00 USD) - 2025/01/30 10:20:29 WET [2025/01/30 5:20:29 ET]
Table 'Jabbah' 6-max Seat #4 is the button
Seat 3: elcutez ($85.70 in chips) 
Seat 4: Dazburt123 ($104.93 in chips) 
Dazburt123: posts small blind $0.50
elcutez: posts big blind $1
*** HOLE CARDS ***
Dazburt123: raises $1.50 to $2.50
elcutez: folds 
Uncalled bet ($1.50) returned to Dazburt123
Dazburt123 collected $2 from pot
Dazburt123: doesn't show hand 
*** SUMMARY ***
Total pot $2 | Rake $0 
Seat 3: elcutez (big blind) folded before Flop
Seat 4: Dazburt123 (button) (small blind) collected ($2)



PokerStars Hand #254619248747:  Hold'em No Limit ($0.50/$1.00 USD) - 2025/01/30 10:20:40 WET [2025/01/30 5:20:40 ET]
Table 'Jabbah' 6-max Seat #3 is the button
Seat 3: elcutez ($84.70 in chips) 
Seat 4: Dazburt123 ($105.93 in chips) 
elcutez: posts small blind $0.50
Dazburt123: posts big blind $1
*** HOLE CARDS ***
elcutez: raises $2 to $3
Dazburt123: calls $2
*** FLOP *** [9d Jc 5h]
Dazburt123: checks 
elcutez: bets $4
Dazburt123: calls $4
*** TURN *** [9d Jc 5h] [3d]
Dazburt123: checks 
elcutez: checks 
*** RIVER *** [9d Jc 5h 3d] [7s]
Dazburt123: checks 
elcutez: checks 
*** SHOW DOWN ***
Dazburt123: shows [6s 7c] (a pair of Sevens)
elcutez: shows [9c As] (a pair of Nines)
elcutez collected $13.30 from pot
*** SUMMARY ***
Total pot $14 | Rake $0.70 
Board [9d Jc 5h 3d 7s]
Seat 3: elcutez (button) (small blind) showed [9c As] and won ($13.30) with a pair of Nines
Seat 4: Dazburt123 (big blind) showed [6s 7c] and lost with a pair of Sevens



PokerStars Hand #254619252719:  Hold'em No Limit ($0.50/$1.00 USD) - 2025/01/30 10:21:16 WET [2025/01/30 5:21:16 ET]
Table 'Jabbah' 6-max Seat #4 is the button
Seat 3: elcutez ($91 in chips) 
Seat 4: Dazburt123 ($100 in chips) 
Dazburt123: posts small blind $0.50
elcutez: posts big blind $1
*** HOLE CARDS ***
CMX1998 joins the table at seat #6 
CMX1998 is disconnected 
Dazburt123: raises $1.50 to $2.50
B1GBankroll joins the table at seat #1 
KeR888 joins the table at seat #2 
Gamz11 joins the table at seat #5 
elcutez: calls $1.50
*** FLOP *** [Ts 5d Qd]
elcutez: checks 
Dazburt123: bets $1.57
elcutez: raises $3.43 to $5
Dazburt123: folds 
Uncalled bet ($3.43) returned to elcutez
elcutez collected $7.73 from pot
*** SUMMARY ***
Total pot $8.14 | Rake $0.41 
Board [Ts 5d Qd]
Seat 3: elcutez (big blind) collected ($7.73)
Seat 4: Dazburt123 (button) (small blind) folded on the Flop



PokerStars Hand #254619255383:  Hold'em No Limit ($0.50/$1.00 USD) - 2025/01/30 10:21:41 WET [2025/01/30 5:21:41 ET]
Table 'Jabbah' 6-max Seat #3 is the button
Seat 1: B1GBankroll ($113.87 in chips) is sitting out
Seat 2: KeR888 ($100 in chips) is sitting out
Seat 6: CMX1998 ($70.52 in chips) is sitting out
Seat 3: elcutez ($94.66 in chips) 
Seat 4: Dazburt123 ($100 in chips) 
Seat 5: Gamz11 ($100 in chips) 
Dazburt123: posts small blind $0.50
Gamz11: posts big blind $1
CMX1998: sits out 
B1GBankroll: sits out 
KeR888: sits out 
*** HOLE CARDS ***
elcutez: raises $1.80 to $2.80
Dazburt123: folds 
Gamz11: folds 
Uncalled bet ($1.80) returned to elcutez
elcutez collected $2.50 from pot
*** SUMMARY ***
Total pot $2.50 | Rake $0 
Seat 1: B1GBankroll
Seat 2: KeR888
Seat 6: CMX1998
Seat 3: elcutez (button) collected ($2.50)
Seat 4: Dazburt123 (small blind) folded before Flop
Seat 5: Gamz11 (big blind) folded before Flop



PokerStars Hand #254619256867:  Hold'em No Limit ($0.50/$1.00 USD) - 2025/01/30 10:21:54 WET [2025/01/30 5:21:54 ET]
Table 'Jabbah' 6-max Seat #4 is the button
Seat 1: B1GBankroll ($113.87 in chips) is sitting out
Seat 2: KeR888 ($100 in chips) is sitting out
Seat 3: elcutez ($96.16 in chips) 
Seat 4: Dazburt123 ($100 in chips) 
Seat 5: Gamz11 ($100 in chips) 
Seat 6: CMX1998 ($70.52 in chips) 
Gamz11: posts small blind $0.50
CMX1998: posts big blind $1
B1GBankroll: sits out 
KeR888: sits out 
*** HOLE CARDS ***
elcutez: folds 
Dazburt123: raises $1.50 to $2.50
Gamz11: folds 
CMX1998: calls $1.50
*** FLOP *** [8d 7s 2h]
CMX1998: checks 
Dazburt123: bets $1.31
CMX1998: calls $1.31
*** TURN *** [8d 7s 2h] [Qs]
CMX1998: bets $4
Dazburt123: calls $4
*** RIVER *** [8d 7s 2h Qs] [Kc]
CMX1998: checks 
Dazburt123: bets $7.66
CMX1998: folds 
Uncalled bet ($7.66) returned to Dazburt123
Dazburt123 collected $15.31 from pot
Dazburt123: doesn't show hand 
*** SUMMARY ***
Total pot $16.12 | Rake $0.81 
Board [8d 7s 2h Qs Kc]
Seat 1: B1GBankroll
Seat 2: KeR888
Seat 3: elcutez folded before Flop (didn't bet)
Seat 4: Dazburt123 (button) collected ($15.31)
Seat 5: Gamz11 (small blind) folded before Flop
Seat 6: CMX1998 (big blind) folded on the River



PokerStars Hand #254619262831:  Hold'em No Limit ($0.50/$1.00 USD) - 2025/01/30 10:22:50 WET [2025/01/30 5:22:50 ET]
Table 'Jabbah' 6-max Seat #5 is the button
Seat 2: KeR888 ($100 in chips) is sitting out
Seat 1: B1GBankroll ($113.87 in chips) 
Seat 3: elcutez ($96.16 in chips) 
Seat 4: Dazburt123 ($107.50 in chips) 
Seat 5: Gamz11 ($100 in chips) 
Seat 6: CMX1998 ($62.71 in chips) 
CMX1998: posts small blind $0.50
B1GBankroll: posts big blind $1
KeR888: sits out 
*** HOLE CARDS ***
elcutez: raises $2.50 to $3.50
Dazburt123: folds 
Gamz11: folds 
CMX1998: folds 
B1GBankroll: folds 
Uncalled bet ($2.50) returned to elcutez
elcutez collected $2.50 from pot
*** SUMMARY ***
Total pot $2.50 | Rake $0 
Seat 2: KeR888
Seat 1: B1GBankroll (big blind) folded before Flop
Seat 3: elcutez collected ($2.50)
Seat 4: Dazburt123 folded before Flop (didn't bet)
Seat 5: Gamz11 (button) folded before Flop (didn't bet)
Seat 6: CMX1998 (small blind) folded before Flop



PokerStars Hand #254619265100:  Hold'em No Limit ($0.50/$1.00 USD) - 2025/01/30 10:23:11 WET [2025/01/30 5:23:11 ET]
Table 'Jabbah' 6-max Seat #6 is the button
Seat 1: B1GBankroll ($112.87 in chips) 
Seat 2: KeR888 ($100 in chips) 
Seat 3: elcutez ($97.66 in chips) 
Seat 4: Dazburt123 ($107.50 in chips) 
Seat 5: Gamz11 ($100 in chips) 
Seat 6: CMX1998 ($62.21 in chips) 
B1GBankroll: posts small blind $0.50
KeR888: posts big blind $1
*** HOLE CARDS ***
elcutez: folds 
Dazburt123: raises $1 to $2
Gamz11: folds 
CMX1998: folds 
B1GBankroll: folds 
KeR888: calls $1
*** FLOP *** [Jh Ts 6s]
KeR888: checks 
Dazburt123: checks 
*** TURN *** [Jh Ts 6s] [Qc]
KeR888: checks 
Dazburt123: bets $6.42
KeR888: folds 
Uncalled bet ($6.42) returned to Dazburt123
Dazburt123 collected $4.28 from pot
Dazburt123: doesn't show hand 
*** SUMMARY ***
Total pot $4.50 | Rake $0.22 
Board [Jh Ts 6s Qc]
Seat 1: B1GBankroll (small blind) folded before Flop
Seat 2: KeR888 (big blind) folded on the Turn
Seat 3: elcutez folded before Flop (didn't bet)
Seat 4: Dazburt123 collected ($4.28)
Seat 5: Gamz11 folded before Flop (didn't bet)
Seat 6: CMX1998 (button) folded before Flop (didn't bet)



PokerStars Hand #254619270872:  Hold'em No Limit ($0.50/$1.00 USD) - 2025/01/30 10:24:05 WET [2025/01/30 5:24:05 ET]
Table 'Jabbah' 6-max Seat #1 is the button
Seat 1: B1GBankroll ($112.37 in chips) 
Seat 2: KeR888 ($100 in chips) 
Seat 3: elcutez ($97.66 in chips) 
Seat 4: Dazburt123 ($109.78 in chips) 
Seat 5: Gamz11 ($100 in chips) 
Seat 6: CMX1998 ($62.21 in chips) 
KeR888: posts small blind $0.50
elcutez: posts big blind $1
*** HOLE CARDS ***
Dazburt123: folds 
Gamz11: raises $1.25 to $2.25
CMX1998: calls $2.25
B1GBankroll: folds 
KeR888: folds 
elcutez: folds 
*** FLOP *** [Kc 9c 9d]
Gamz11: bets $1.88
CMX1998: folds 
Uncalled bet ($1.88) returned to Gamz11
Gamz11 collected $5.70 from pot
*** SUMMARY ***
Total pot $6 | Rake $0.30 
Board [Kc 9c 9d]
Seat 1: B1GBankroll (button) folded before Flop (didn't bet)
Seat 2: KeR888 (small blind) folded before Flop
Seat 3: elcutez (big blind) folded before Flop
Seat 4: Dazburt123 folded before Flop (didn't bet)
Seat 5: Gamz11 collected ($5.70)
Seat 6: CMX1998 folded on the Flop



PokerStars Hand #254619276078:  Hold'em No Limit ($0.50/$1.00 USD) - 2025/01/30 10:24:53 WET [2025/01/30 5:24:53 ET]
Table 'Jabbah' 6-max Seat #2 is the button
Seat 1: B1GBankroll ($112.37 in chips) 
Seat 2: KeR888 ($100 in chips) 
Seat 3: elcutez ($96.66 in chips) 
Seat 4: Dazburt123 ($109.78 in chips) 
Seat 5: Gamz11 ($103.45 in chips) 
Seat 6: CMX1998 ($59.96 in chips) 
elcutez: posts small blind $0.50
Dazburt123: posts big blind $1
*** HOLE CARDS ***
Gamz11: folds 
CMX1998: calls $1
B1GBankroll: raises $3 to $4
KeR888: folds 
elcutez: folds 
Dazburt123: folds 
CMX1998: folds 
Uncalled bet ($3) returned to B1GBankroll
B1GBankroll collected $3.50 from pot
B1GBankroll: doesn't show hand 
*** SUMMARY ***
Total pot $3.50 | Rake $0 
Seat 1: B1GBankroll collected ($3.50)
Seat 2: KeR888 (button) folded before Flop (didn't bet)
Seat 3: elcutez (small blind) folded before Flop
Seat 4: Dazburt123 (big blind) folded before Flop
Seat 5: Gamz11 folded before Flop (didn't bet)
Seat 6: CMX1998 folded before Flop



PokerStars Hand #254619279244:  Hold'em No Limit ($0.50/$1.00 USD) - 2025/01/30 10:25:23 WET [2025/01/30 5:25:23 ET]
Table 'Jabbah' 6-max Seat #3 is the button
Seat 1: B1GBankroll ($114.87 in chips) 
Seat 2: KeR888 ($100 in chips) 
Seat 3: elcutez ($96.16 in chips) 
Seat 4: Dazburt123 ($108.78 in chips) 
Seat 5: Gamz11 ($103.45 in chips) 
Seat 6: CMX1998 ($58.96 in chips) 
Dazburt123: posts small blind $0.50
Gamz11: posts big blind $1
*** HOLE CARDS ***
CMX1998: calls $1
B1GBankroll: folds 
KeR888: folds 
elcutez: raises $2 to $3
Dazburt123: folds 
Gamz11: folds 
CMX1998: calls $2
*** FLOP *** [6d 7s Qc]
CMX1998: checks 
elcutez: checks 
*** TURN *** [6d 7s Qc] [9c]
CMX1998: checks 
elcutez: bets $3.56
CMX1998: calls $3.56
*** RIVER *** [6d 7s Qc 9c] [2d]
CMX1998: checks 
elcutez: checks 
*** SHOW DOWN ***
CMX1998: shows [3c 6h] (a pair of Sixes)
elcutez: shows [Jh 9s] (a pair of Nines)
elcutez collected $13.89 from pot
*** SUMMARY ***
Total pot $14.62 | Rake $0.73 
Board [6d 7s Qc 9c 2d]
Seat 1: B1GBankroll folded before Flop (didn't bet)
Seat 2: KeR888 folded before Flop (didn't bet)
Seat 3: elcutez (button) showed [Jh 9s] and won ($13.89) with a pair of Nines
Seat 4: Dazburt123 (small blind) folded before Flop
Seat 5: Gamz11 (big blind) folded before Flop
Seat 6: CMX1998 showed [3c 6h] and lost with a pair of Sixes



PokerStars Hand #254619286470:  Hold'em No Limit ($0.50/$1.00 USD) - 2025/01/30 10:26:29 WET [2025/01/30 5:26:29 ET]
Table 'Jabbah' 6-max Seat #4 is the button
Seat 1: B1GBankroll ($114.87 in chips) 
Seat 2: KeR888 ($100 in chips) 
Seat 3: elcutez ($103.49 in chips) 
Seat 4: Dazburt123 ($108.28 in chips) 
Seat 5: Gamz11 ($102.45 in chips) 
Seat 6: CMX1998 ($52.40 in chips) 
Gamz11: posts small blind $0.50
CMX1998: posts big blind $1
*** HOLE CARDS ***
B1GBankroll: folds 
KeR888: folds 
elcutez: folds 
Dazburt123: folds 
Gamz11: folds 
Uncalled bet ($0.50) returned to CMX1998
CMX1998 collected $1 from pot
*** SUMMARY ***
Total pot $1 | Rake $0 
Seat 1: B1GBankroll folded before Flop (didn't bet)
Seat 2: KeR888 folded before Flop (didn't bet)
Seat 3: elcutez folded before Flop (didn't bet)
Seat 4: Dazburt123 (button) folded before Flop (didn't bet)
Seat 5: Gamz11 (small blind) folded before Flop
Seat 6: CMX1998 (big blind) collected ($1)



PokerStars Hand #254619288096:  Hold'em No Limit ($0.50/$1.00 USD) - 2025/01/30 10:26:44 WET [2025/01/30 5:26:44 ET]
Table 'Jabbah' 6-max Seat #5 is the button
Seat 1: B1GBankroll ($114.87 in chips) 
Seat 2: KeR888 ($100 in chips) 
Seat 3: elcutez ($103.49 in chips) 
Seat 4: Dazburt123 ($108.28 in chips) 
Seat 5: Gamz11 ($101.95 in chips) 
Seat 6: CMX1998 ($52.90 in chips) 
CMX1998: posts small blind $0.50
B1GBankroll: posts big blind $1
*** HOLE CARDS ***
KeR888: folds 
elcutez: folds 
Dazburt123: folds 
Gamz11: folds 
CMX1998: calls $0.50
B1GBankroll: raises $4 to $5
CMX1998: calls $4
*** FLOP *** [8s Qh 5s]
CMX1998: bets $10
B1GBankroll: calls $10
*** TURN *** [8s Qh 5s] [Jh]
CMX1998: bets $17
B1GBankroll: raises $30.63 to $47.63
CMX1998: folds 
Uncalled bet ($30.63) returned to B1GBankroll
B1GBankroll collected $61.50 from pot
B1GBankroll: doesn't show hand 
*** SUMMARY ***
Total pot $64 | Rake $2.50 
Board [8s Qh 5s Jh]
Seat 1: B1GBankroll (big blind) collected ($61.50)
Seat 2: KeR888 folded before Flop (didn't bet)
Seat 3: elcutez folded before Flop (didn't bet)
Seat 4: Dazburt123 folded before Flop (didn't bet)
Seat 5: Gamz11 (button) folded before Flop (didn't bet)
Seat 6: CMX1998 (small blind) folded on the Turn



PokerStars Hand #254619296175:  Hold'em No Limit ($0.50/$1.00 USD) - 2025/01/30 10:27:58 WET [2025/01/30 5:27:58 ET]
Table 'Jabbah' 6-max Seat #6 is the button
Seat 1: B1GBankroll ($144.37 in chips) 
Seat 2: KeR888 ($100 in chips) 
Seat 3: elcutez ($103.49 in chips) 
Seat 4: Dazburt123 ($108.28 in chips) 
Seat 5: Gamz11 ($101.95 in chips) 
Seat 6: CMX1998 ($20.90 in chips) 
B1GBankroll: posts small blind $0.50
KeR888: posts big blind $1
*** HOLE CARDS ***
elcutez: folds 
Dazburt123: folds 
Gamz11: folds 
CMX1998: calls $1
B1GBankroll: folds 
KeR888: checks 
*** FLOP *** [7c 2h Ks]
KeR888: checks 
CMX1998: checks 
*** TURN *** [7c 2h Ks] [Ad]
KeR888: checks 
CMX1998: checks 
*** RIVER *** [7c 2h Ks Ad] [2c]
KeR888: bets $1.19
CMX1998: folds 
Uncalled bet ($1.19) returned to KeR888
KeR888 collected $2.38 from pot
KeR888: doesn't show hand 
elcutez is disconnected 
*** SUMMARY ***
Total pot $2.50 | Rake $0.12 
Board [7c 2h Ks Ad 2c]
Seat 1: B1GBankroll (small blind) folded before Flop
Seat 2: KeR888 (big blind) collected ($2.38)
Seat 3: elcutez folded before Flop (didn't bet)
Seat 4: Dazburt123 folded before Flop (didn't bet)
Seat 5: Gamz11 folded before Flop (didn't bet)
Seat 6: CMX1998 (button) folded on the River



PokerStars Hand #254619301053:  Hold'em No Limit ($0.50/$1.00 USD) - 2025/01/30 10:28:43 WET [2025/01/30 5:28:43 ET]
Table 'Jabbah' 6-max Seat #1 is the button
Seat 3: elcutez ($103.49 in chips) is sitting out
Seat 1: B1GBankroll ($143.87 in chips) 
Seat 2: KeR888 ($101.38 in chips) 
Seat 4: Dazburt123 ($108.28 in chips) 
Seat 5: Gamz11 ($101.95 in chips) 
Seat 6: CMX1998 ($19.90 in chips) 
KeR888: posts small blind $0.50
Dazburt123: posts big blind $1
*** HOLE CARDS ***
Gamz11: folds 
CMX1998: calls $1
B1GBankroll: folds 
KeR888: folds 
Dazburt123: checks 
*** FLOP *** [5s Ts Kh]
Dazburt123: checks 
CMX1998: checks 
*** TURN *** [5s Ts Kh] [2h]
Dazburt123: checks 
CMX1998: checks 
*** RIVER *** [5s Ts Kh 2h] [9h]
Dazburt123: checks 
CMX1998: bets $6
Dazburt123: folds 
Uncalled bet ($6) returned to CMX1998
CMX1998 collected $2.38 from pot
*** SUMMARY ***
Total pot $2.50 | Rake $0.12 
Board [5s Ts Kh 2h 9h]
Seat 3: elcutez
Seat 1: B1GBankroll (button) folded before Flop (didn't bet)
Seat 2: KeR888 (small blind) folded before Flop
Seat 4: Dazburt123 (big blind) folded on the River
Seat 5: Gamz11 folded before Flop (didn't bet)
Seat 6: CMX1998 collected ($2.38)



PokerStars Hand #254619308086:  Hold'em No Limit ($0.50/$1.00 USD) - 2025/01/30 10:29:47 WET [2025/01/30 5:29:47 ET]
Table 'Jabbah' 6-max Seat #2 is the button
Seat 3: elcutez ($103.49 in chips) is sitting out
Seat 5: Gamz11 ($101.95 in chips) is sitting out
Seat 1: B1GBankroll ($143.87 in chips) 
Seat 2: KeR888 ($100.88 in chips) 
Seat 4: Dazburt123 ($107.28 in chips) 
Seat 6: CMX1998 ($21.28 in chips) 
Dazburt123: posts small blind $0.50
Gamz11: is sitting out 
CMX1998: posts big blind $1
*** HOLE CARDS ***
Gamz11 leaves the table
B1GBankroll: folds 
KeR888: folds 
Dazburt123: raises $1.50 to $2.50
CMX1998: calls $1.50
*** FLOP *** [8d 2s 7d]
Dazburt123: bets $1.19
CMX1998: calls $1.19
*** TURN *** [8d 2s 7d] [5d]
Pon4uk.ua joins the table at seat #5 
Dazburt123: checks 
CMX1998: checks 
*** RIVER *** [8d 2s 7d 5d] [9s]
Dazburt123: checks 
CMX1998: bets $5
Dazburt123: folds 
Uncalled bet ($5) returned to CMX1998
CMX1998 collected $7.01 from pot
*** SUMMARY ***
Total pot $7.38 | Rake $0.37 
Board [8d 2s 7d 5d 9s]
Seat 3: elcutez
Seat 5: Gamz11
Seat 1: B1GBankroll folded before Flop (didn't bet)
Seat 2: KeR888 (button) folded before Flop (didn't bet)
Seat 4: Dazburt123 (small blind) folded on the River
Seat 6: CMX1998 (big blind) collected ($7.01)



PokerStars Hand #254619317451:  Hold'em No Limit ($0.50/$1.00 USD) - 2025/01/30 10:31:11 WET [2025/01/30 5:31:11 ET]
Table 'Jabbah' 6-max Seat #4 is the button
Seat 3: elcutez ($103.49 in chips) is sitting out
Seat 5: Pon4uk.ua ($101.50 in chips) is sitting out
Seat 1: B1GBankroll ($143.87 in chips) 
Seat 2: KeR888 ($100.88 in chips) 
Seat 4: Dazburt123 ($103.59 in chips) 
Seat 6: CMX1998 ($24.60 in chips) 
CMX1998: posts small blind $0.50
B1GBankroll: posts big blind $1
*** HOLE CARDS ***
KeR888: folds 
Dazburt123: folds 
CMX1998: folds 
Uncalled bet ($0.50) returned to B1GBankroll
B1GBankroll collected $1 from pot
B1GBankroll: doesn't show hand 
CMX1998 leaves the table
*** SUMMARY ***
Total pot $1 | Rake $0 
Seat 3: elcutez
Seat 5: Pon4uk.ua
Seat 1: B1GBankroll (big blind) collected ($1)
Seat 2: KeR888 folded before Flop (didn't bet)
Seat 4: Dazburt123 (button) folded before Flop (didn't bet)
Seat 6: CMX1998 (small blind) folded before Flop



PokerStars Hand #254619318447:  Hold'em No Limit ($0.50/$1.00 USD) - 2025/01/30 10:31:20 WET [2025/01/30 5:31:20 ET]
Table 'Jabbah' 6-max Seat #1 is the button
Seat 3: elcutez ($103.49 in chips) is sitting out
Seat 5: Pon4uk.ua ($101.50 in chips) is sitting out
Seat 1: B1GBankroll ($144.37 in chips) 
Seat 2: KeR888 ($100.88 in chips) 
Seat 4: Dazburt123 ($103.59 in chips) 
KeR888: posts small blind $0.50
Dazburt123: posts big blind $1
Pon4uk.ua: sits out 
*** HOLE CARDS ***
B1GBankroll: folds 
KeR888: folds 
Uncalled bet ($0.50) returned to Dazburt123
Dazburt123 collected $1 from pot
Dazburt123: doesn't show hand 
*** SUMMARY ***
Total pot $1 | Rake $0 
Seat 3: elcutez
Seat 5: Pon4uk.ua
Seat 1: B1GBankroll (button) folded before Flop (didn't bet)
Seat 2: KeR888 (small blind) folded before Flop
Seat 4: Dazburt123 (big blind) collected ($1)



PokerStars Hand #254619319701:  Hold'em No Limit ($0.50/$1.00 USD) - 2025/01/30 10:31:31 WET [2025/01/30 5:31:31 ET]
Table 'Jabbah' 6-max Seat #2 is the button
Seat 3: elcutez ($103.49 in chips) is sitting out
Seat 1: B1GBankroll ($144.37 in chips) 
Seat 2: KeR888 ($100.38 in chips) 
Seat 4: Dazburt123 ($104.09 in chips) 
Seat 5: Pon4uk.ua ($101.50 in chips) 
Dazburt123: posts small blind $0.50
Pon4uk.ua: posts big blind $1
*** HOLE CARDS ***
B1GBankroll: raises $1.50 to $2.50
KeR888: folds 
Dazburt123: folds 
Pon4uk.ua: folds 
Uncalled bet ($1.50) returned to B1GBankroll
B1GBankroll collected $2.50 from pot
B1GBankroll: doesn't show hand 
*** SUMMARY ***
Total pot $2.50 | Rake $0 
Seat 3: elcutez
Seat 1: B1GBankroll collected ($2.50)
Seat 2: KeR888 (button) folded before Flop (didn't bet)
Seat 4: Dazburt123 (small blind) folded before Flop
Seat 5: Pon4uk.ua (big blind) folded before Flop



PokerStars Hand #254619321693:  Hold'em No Limit ($0.50/$1.00 USD) - 2025/01/30 10:31:49 WET [2025/01/30 5:31:49 ET]
Table 'Jabbah' 6-max Seat #4 is the button
Seat 3: elcutez ($103.49 in chips) is sitting out
Seat 1: B1GBankroll ($145.87 in chips) 
Seat 2: KeR888 ($100.38 in chips) 
Seat 4: Dazburt123 ($103.59 in chips) 
Seat 5: Pon4uk.ua ($100.50 in chips) 
Pon4uk.ua: posts small blind $0.50
B1GBankroll: posts big blind $1
*** HOLE CARDS ***
KeR888: folds 
Dazburt123: raises $1.50 to $2.50
Pon4uk.ua: folds 
B1GBankroll: calls $1.50
*** FLOP *** [8s 2d 7c]
B1GBankroll: checks 
Dazburt123: checks 
*** TURN *** [8s 2d 7c] [4d]
$LuckerMax1$ joins the table at seat #6 
B1GBankroll: bets $4.65
Dazburt123: calls $4.65
*** RIVER *** [8s 2d 7c 4d] [7d]
B1GBankroll: checks 
Dazburt123: bets $23.50
B1GBankroll: folds 
Uncalled bet ($23.50) returned to Dazburt123
Dazburt123 collected $14.06 from pot
Dazburt123: doesn't show hand 
*** SUMMARY ***
Total pot $14.80 | Rake $0.74 
Board [8s 2d 7c 4d 7d]
Seat 3: elcutez
Seat 1: B1GBankroll (big blind) folded on the River
Seat 2: KeR888 folded before Flop (didn't bet)
Seat 4: Dazburt123 (button) collected ($14.06)
Seat 5: Pon4uk.ua (small blind) folded before Flop



PokerStars Hand #254619331144:  Hold'em No Limit ($0.50/$1.00 USD) - 2025/01/30 10:33:14 WET [2025/01/30 5:33:14 ET]
Table 'Jabbah' 6-max Seat #5 is the button
Seat 6: $LuckerMax1$ ($19.60 in chips) is sitting out
Seat 1: B1GBankroll ($138.72 in chips) 
Seat 2: KeR888 ($100.38 in chips) 
Seat 3: elcutez ($103.49 in chips) 
Seat 4: Dazburt123 ($110.50 in chips) 
Seat 5: Pon4uk.ua ($100 in chips) 
B1GBankroll: posts small blind $0.50
KeR888: posts big blind $1
elcutez: posts small & big blinds $1.50
*** HOLE CARDS ***
elcutez: checks 
Dazburt123: folds 
Pon4uk.ua: folds 
B1GBankroll: folds 
KeR888: checks 
*** FLOP *** [Ah 7c Td]
KeR888: bets $2
elcutez: calls $2
*** TURN *** [Ah 7c Td] [Qc]
KeR888: bets $5.50
elcutez: calls $5.50
*** RIVER *** [Ah 7c Td Qc] [8c]
KeR888: bets $12.83
elcutez: folds 
Uncalled bet ($12.83) returned to KeR888
KeR888 collected $17.10 from pot
KeR888: doesn't show hand 
*** SUMMARY ***
Total pot $18 | Rake $0.90 
Board [Ah 7c Td Qc 8c]
Seat 6: $LuckerMax1$
Seat 1: B1GBankroll (small blind) folded before Flop
Seat 2: KeR888 (big blind) collected ($17.10)
Seat 3: elcutez folded on the River
Seat 4: Dazburt123 folded before Flop (didn't bet)
Seat 5: Pon4uk.ua (button) folded before Flop (didn't bet)



PokerStars Hand #254619338860:  Hold'em No Limit ($0.50/$1.00 USD) - 2025/01/30 10:34:24 WET [2025/01/30 5:34:24 ET]
Table 'Jabbah' 6-max Seat #1 is the button
Seat 1: B1GBankroll ($138.22 in chips) 
Seat 2: KeR888 ($108.98 in chips) 
Seat 3: elcutez ($94.49 in chips) 
Seat 4: Dazburt123 ($110.50 in chips) 
Seat 5: Pon4uk.ua ($100 in chips) 
Seat 6: $LuckerMax1$ ($19.60 in chips) 
KeR888: posts small blind $0.50
elcutez: posts big blind $1
$LuckerMax1$: posts big blind $1
*** HOLE CARDS ***
Dazburt123: folds 
Pon4uk.ua: folds 
$LuckerMax1$: raises $1 to $2
B1GBankroll: folds 
KeR888: folds 
elcutez: calls $1
*** FLOP *** [3c Kc 9s]
elcutez: checks 
$LuckerMax1$: checks 
*** TURN *** [3c Kc 9s] [6s]
elcutez: bets $4
$LuckerMax1$: folds 
Uncalled bet ($4) returned to elcutez
elcutez collected $4.28 from pot
*** SUMMARY ***
Total pot $4.50 | Rake $0.22 
Board [3c Kc 9s 6s]
Seat 1: B1GBankroll (button) folded before Flop (didn't bet)
Seat 2: KeR888 (small blind) folded before Flop
Seat 3: elcutez (big blind) collected ($4.28)
Seat 4: Dazburt123 folded before Flop (didn't bet)
Seat 5: Pon4uk.ua folded before Flop (didn't bet)
Seat 6: $LuckerMax1$ folded on the Turn



PokerStars Hand #254619342713:  Hold'em No Limit ($0.50/$1.00 USD) - 2025/01/30 10:34:59 WET [2025/01/30 5:34:59 ET]
Table 'Jabbah' 6-max Seat #2 is the button
Seat 1: B1GBankroll ($138.22 in chips) 
Seat 2: KeR888 ($108.48 in chips) 
Seat 3: elcutez ($96.77 in chips) 
Seat 4: Dazburt123 ($110.50 in chips) 
Seat 5: Pon4uk.ua ($100 in chips) 
Seat 6: $LuckerMax1$ ($17.60 in chips) 
elcutez: posts small blind $0.50
Dazburt123: posts big blind $1
*** HOLE CARDS ***
Pon4uk.ua: folds 
$LuckerMax1$: folds 
B1GBankroll: folds 
KeR888: folds 
$LuckerMax1$ leaves the table
elcutez: raises $2.70 to $3.70
Dazburt123: calls $2.70
*** FLOP *** [7h 4c 3c]
elcutez: bets $7.03
Dazburt123: folds 
Uncalled bet ($7.03) returned to elcutez
elcutez collected $7.03 from pot
*** SUMMARY ***
Total pot $7.40 | Rake $0.37 
Board [7h 4c 3c]
Seat 1: B1GBankroll folded before Flop (didn't bet)
Seat 2: KeR888 (button) folded before Flop (didn't bet)
Seat 3: elcutez (small blind) collected ($7.03)
Seat 4: Dazburt123 (big blind) folded on the Flop
Seat 5: Pon4uk.ua folded before Flop (didn't bet)
Seat 6: $LuckerMax1$ folded before Flop (didn't bet)



PokerStars Hand #254619345573:  Hold'em No Limit ($0.50/$1.00 USD) - 2025/01/30 10:35:25 WET [2025/01/30 5:35:25 ET]
Table 'Jabbah' 6-max Seat #3 is the button
Seat 1: B1GBankroll ($138.22 in chips) 
Seat 2: KeR888 ($108.48 in chips) 
Seat 3: elcutez ($100.10 in chips) 
Seat 4: Dazburt123 ($106.80 in chips) 
Seat 5: Pon4uk.ua ($100 in chips) 
Dazburt123: posts small blind $0.50
Pon4uk.ua: posts big blind $1
*** HOLE CARDS ***
B1GBankroll: folds 
KeR888: folds 
elcutez: raises $1.70 to $2.70
Dazburt123: folds 
Pon4uk.ua: calls $1.70
*** FLOP *** [Jh Th 7h]
Pon4uk.ua: checks 
elcutez: checks 
*** TURN *** [Jh Th 7h] [Qd]
Pon4uk.ua: checks 
elcutez: checks 
*** RIVER *** [Jh Th 7h Qd] [Qc]
Pon4uk.ua: checks 
elcutez: checks 
*** SHOW DOWN ***
Pon4uk.ua: shows [5s As] (a pair of Queens)
elcutez: shows [7c Kc] (two pair, Queens and Sevens)
elcutez collected $5.60 from pot
*** SUMMARY ***
Total pot $5.90 | Rake $0.30 
Board [Jh Th 7h Qd Qc]
Seat 1: B1GBankroll folded before Flop (didn't bet)
Seat 2: KeR888 folded before Flop (didn't bet)
Seat 3: elcutez (button) showed [7c Kc] and won ($5.60) with two pair, Queens and Sevens
Seat 4: Dazburt123 (small blind) folded before Flop
Seat 5: Pon4uk.ua (big blind) showed [5s As] and lost with a pair of Queens



PokerStars Hand #254619349093:  Hold'em No Limit ($0.50/$1.00 USD) - 2025/01/30 10:35:57 WET [2025/01/30 5:35:57 ET]
Table 'Jabbah' 6-max Seat #4 is the button
Seat 1: B1GBankroll ($138.22 in chips) 
Seat 2: KeR888 ($108.48 in chips) 
Seat 3: elcutez ($103 in chips) 
Seat 4: Dazburt123 ($106.30 in chips) 
Seat 5: Pon4uk.ua ($100 in chips) 
Pon4uk.ua: posts small blind $0.50
B1GBankroll: posts big blind $1
*** HOLE CARDS ***
KeR888: folds 
KeR888 leaves the table
elcutez: raises $2.50 to $3.50
Dazburt123: folds 
Pon4uk.ua: folds 
B1GBankroll: folds 
Uncalled bet ($2.50) returned to elcutez
elcutez collected $2.50 from pot
*** SUMMARY ***
Total pot $2.50 | Rake $0 
Seat 1: B1GBankroll (big blind) folded before Flop
Seat 2: KeR888 folded before Flop (didn't bet)
Seat 3: elcutez collected ($2.50)
Seat 4: Dazburt123 (button) folded before Flop (didn't bet)
Seat 5: Pon4uk.ua (small blind) folded before Flop



PokerStars Hand #254619351365:  Hold'em No Limit ($0.50/$1.00 USD) - 2025/01/30 10:36:18 WET [2025/01/30 5:36:18 ET]
Table 'Jabbah' 6-max Seat #5 is the button
Seat 1: B1GBankroll ($137.22 in chips) 
Seat 3: elcutez ($104.50 in chips) 
Seat 4: Dazburt123 ($106.30 in chips) 
Seat 5: Pon4uk.ua ($100 in chips) 
B1GBankroll: posts small blind $0.50
elcutez: posts big blind $1
*** HOLE CARDS ***
Dazburt123: folds 
Pon4uk.ua: folds 
B1GBankroll: raises $2 to $3
elcutez: folds 
Uncalled bet ($2) returned to B1GBankroll
B1GBankroll collected $2 from pot
B1GBankroll: doesn't show hand 
*** SUMMARY ***
Total pot $2 | Rake $0 
Seat 1: B1GBankroll (small blind) collected ($2)
Seat 3: elcutez (big blind) folded before Flop
Seat 4: Dazburt123 folded before Flop (didn't bet)
Seat 5: Pon4uk.ua (button) folded before Flop (didn't bet)



PokerStars Hand #254619352785:  Hold'em No Limit ($0.50/$1.00 USD) - 2025/01/30 10:36:31 WET [2025/01/30 5:36:31 ET]
Table 'Jabbah' 6-max Seat #1 is the button
Seat 1: B1GBankroll ($138.22 in chips) 
Seat 3: elcutez ($103.50 in chips) 
Seat 4: Dazburt123 ($106.30 in chips) 
Seat 5: Pon4uk.ua ($100 in chips) 
elcutez: posts small blind $0.50
Dazburt123: posts big blind $1
*** HOLE CARDS ***
Pon4uk.ua: folds 
B1GBankroll: folds 
elcutez: raises $2.70 to $3.70
Dazburt123: raises $7.30 to $11
elcutez: raises $22 to $33
Dazburt123: raises $73.30 to $106.30 and is all-in
elcutez: calls $70.50 and is all-in
Uncalled bet ($2.80) returned to Dazburt123
*** FLOP *** [6d 2s 4h]
*** TURN *** [6d 2s 4h] [5h]
*** RIVER *** [6d 2s 4h 5h] [Jh]
*** SHOW DOWN ***
elcutez: shows [Ah Kc] (high card Ace)
Dazburt123: shows [Ac As] (a pair of Aces)
Dazburt123 collected $206 from pot
*** SUMMARY ***
Total pot $207 | Rake $1 
Board [6d 2s 4h 5h Jh]
Seat 1: B1GBankroll (button) folded before Flop (didn't bet)
Seat 3: elcutez (small blind) showed [Ah Kc] and lost with high card Ace
Seat 4: Dazburt123 (big blind) showed [Ac As] and won ($206) with a pair of Aces
Seat 5: Pon4uk.ua folded before Flop (didn't bet)



PokerStars Hand #254619361327:  Hold'em No Limit ($0.50/$1.00 USD) - 2025/01/30 10:37:47 WET [2025/01/30 5:37:47 ET]
Table 'Jabbah' 6-max Seat #5 is the button
Seat 1: B1GBankroll ($138.22 in chips) is sitting out
Seat 3: elcutez ($0 in chips) is sitting out
Seat 4: Dazburt123 ($208.80 in chips) 
Seat 5: Pon4uk.ua ($100 in chips) 
Pon4uk.ua: posts small blind $0.50
B1GBankroll: is sitting out 
Dazburt123: posts big blind $1
*** HOLE CARDS ***
elcutez leaves the table
B1GBankroll leaves the table
Pon4uk.ua: raises $1.50 to $2.50
Dazburt123: calls $1.50
*** FLOP *** [7d 8d 3h]
Dazburt123: checks 
Pon4uk.ua: bets $3.56
Dazburt123: folds 
Uncalled bet ($3.56) returned to Pon4uk.ua
Pon4uk.ua collected $4.75 from pot
Pon4uk.ua: doesn't show hand 
*** SUMMARY ***
Total pot $5 | Rake $0.25 
Board [7d 8d 3h]
Seat 1: B1GBankroll
Seat 3: elcutez
Seat 4: Dazburt123 (big blind) folded on the Flop
Seat 5: Pon4uk.ua (button) (small blind) collected ($4.75)



PokerStars Hand #254619115539:  Hold'em No Limit ($0.50/$1.00 USD) - 2025/01/30 9:59:31 WET [2025/01/30 4:59:31 ET]
Table 'Jabbah' 6-max Seat #4 is the button
Seat 3: elcutez ($100 in chips) 
Seat 4: willko999 ($11.01 in chips) 
Seat 5: ChuckNorrisQ ($127.98 in chips) 
Seat 6: Pon4uk.ua ($100 in chips) 
ChuckNorrisQ: posts small blind $0.50
Pon4uk.ua: posts big blind $1
*** HOLE CARDS ***
elcutez: folds 
willko999: folds 
ChuckNorrisQ: folds 
Uncalled bet ($0.50) returned to Pon4uk.ua
Pon4uk.ua collected $1 from pot
Pon4uk.ua: doesn't show hand 
*** SUMMARY ***
Total pot $1 | Rake $0 
Seat 3: elcutez folded before Flop (didn't bet)
Seat 4: willko999 (button) folded before Flop (didn't bet)
Seat 5: ChuckNorrisQ (small blind) folded before Flop
Seat 6: Pon4uk.ua (big blind) collected ($1)



PokerStars Hand #254619116959:  Hold'em No Limit ($0.50/$1.00 USD) - 2025/01/30 9:59:47 WET [2025/01/30 4:59:47 ET]
Table 'Jabbah' 6-max Seat #5 is the button
Seat 3: elcutez ($100 in chips) is sitting out
Seat 4: willko999 ($11.01 in chips) 
Seat 5: ChuckNorrisQ ($127.48 in chips) 
Seat 6: Pon4uk.ua ($100.50 in chips) 
Pon4uk.ua: posts small blind $0.50
willko999: posts big blind $1
*** HOLE CARDS ***
ChuckNorrisQ: raises $1 to $2
Pon4uk.ua: folds 
willko999: calls $1
*** FLOP *** [5s 8h 6c]
willko999: checks 
ChuckNorrisQ: checks 
*** TURN *** [5s 8h 6c] [6h]
willko999: bets $2
ChuckNorrisQ: calls $2
*** RIVER *** [5s 8h 6c 6h] [6s]
willko999: bets $7.01 and is all-in
ChuckNorrisQ: calls $7.01
*** SHOW DOWN ***
willko999: shows [2d Qd] (three of a kind, Sixes)
ChuckNorrisQ: shows [9d Ah] (three of a kind, Sixes - Ace kicker)
ChuckNorrisQ collected $21.52 from pot
*** SUMMARY ***
Total pot $22.52 | Rake $1 
Board [5s 8h 6c 6h 6s]
Seat 3: elcutez
Seat 4: willko999 (big blind) showed [2d Qd] and lost with three of a kind, Sixes
Seat 5: ChuckNorrisQ (button) showed [9d Ah] and won ($21.52) with three of a kind, Sixes
Seat 6: Pon4uk.ua (small blind) folded before Flop



PokerStars Hand #254619122067:  Hold'em No Limit ($0.50/$1.00 USD) - 2025/01/30 10:00:44 WET [2025/01/30 5:00:44 ET]
Table 'Jabbah' 6-max Seat #6 is the button
Seat 3: elcutez ($100 in chips) is sitting out
Seat 4: willko999 ($0 in chips) is sitting out
Seat 5: ChuckNorrisQ ($137.99 in chips) 
Seat 6: Pon4uk.ua ($100 in chips) 
Pon4uk.ua: posts small blind $0.50
ChuckNorrisQ: posts big blind $1
*** HOLE CARDS ***
willko999 is disconnected 
Pon4uk.ua: folds 
Uncalled bet ($0.50) returned to ChuckNorrisQ
ChuckNorrisQ collected $1 from pot
ChuckNorrisQ: doesn't show hand 
*** SUMMARY ***
Total pot $1 | Rake $0 
Seat 3: elcutez
Seat 4: willko999
Seat 5: ChuckNorrisQ (big blind) collected ($1)
Seat 6: Pon4uk.ua (button) (small blind) folded before Flop



PokerStars Hand #254619123611:  Hold'em No Limit ($0.50/$1.00 USD) - 2025/01/30 10:00:59 WET [2025/01/30 5:00:59 ET]
Table 'Jabbah' 6-max Seat #5 is the button
Seat 3: elcutez ($100 in chips) is sitting out
Seat 4: willko999 ($0 in chips) is sitting out
Seat 5: ChuckNorrisQ ($138.49 in chips) 
Seat 6: Pon4uk.ua ($100 in chips) 
ChuckNorrisQ: posts small blind $0.50
Pon4uk.ua: posts big blind $1
*** HOLE CARDS ***
ChuckNorrisQ: folds 
Uncalled bet ($0.50) returned to Pon4uk.ua
Pon4uk.ua collected $1 from pot
Pon4uk.ua: doesn't show hand 
*** SUMMARY ***
Total pot $1 | Rake $0 
Seat 3: elcutez
Seat 4: willko999
Seat 5: ChuckNorrisQ (button) (small blind) folded before Flop
Seat 6: Pon4uk.ua (big blind) collected ($1)



PokerStars Hand #254619124471:  Hold'em No Limit ($0.50/$1.00 USD) - 2025/01/30 10:01:07 WET [2025/01/30 5:01:07 ET]
Table 'Jabbah' 6-max Seat #6 is the button
Seat 3: elcutez ($100 in chips) is sitting out
Seat 4: willko999 ($0 in chips) is sitting out
Seat 5: ChuckNorrisQ ($137.99 in chips) 
Seat 6: Pon4uk.ua ($100.50 in chips) 
Pon4uk.ua: posts small blind $0.50
ChuckNorrisQ: posts big blind $1
*** HOLE CARDS ***
Pon4uk.ua: raises $1.50 to $2.50
ChuckNorrisQ: folds 
Uncalled bet ($1.50) returned to Pon4uk.ua
Pon4uk.ua collected $2 from pot
Pon4uk.ua: doesn't show hand 
*** SUMMARY ***
Total pot $2 | Rake $0 
Seat 3: elcutez
Seat 4: willko999
Seat 5: ChuckNorrisQ (big blind) folded before Flop
Seat 6: Pon4uk.ua (button) (small blind) collected ($2)



PokerStars Hand #254619143413:  Hold'em No Limit ($0.50/$1.00 USD) - 2025/01/30 10:04:10 WET [2025/01/30 5:04:10 ET]
Table 'Jabbah' 6-max Seat #2 is the button
Seat 3: elcutez ($100 in chips) is sitting out
Seat 4: willko999 ($0 in chips) is sitting out
Seat 2: janarr5 ($100 in chips) 
Seat 5: ChuckNorrisQ ($136.99 in chips) 
janarr5: posts small blind $0.50
ChuckNorrisQ: posts big blind $1
*** HOLE CARDS ***
janarr5: raises $1.50 to $2.50
ChuckNorrisQ: calls $1.50
*** FLOP *** [9c 8h Th]
ChuckNorrisQ: checks 
janarr5: checks 
*** TURN *** [9c 8h Th] [6c]
ChuckNorrisQ: checks 
janarr5: checks 
*** RIVER *** [9c 8h Th 6c] [As]
ChuckNorrisQ: bets $3.56
janarr5: folds 
Uncalled bet ($3.56) returned to ChuckNorrisQ
ChuckNorrisQ collected $4.75 from pot
ChuckNorrisQ: doesn't show hand 
*** SUMMARY ***
Total pot $5 | Rake $0.25 
Board [9c 8h Th 6c As]
Seat 3: elcutez
Seat 4: willko999
Seat 2: janarr5 (button) (small blind) folded on the River
Seat 5: ChuckNorrisQ (big blind) collected ($4.75)



PokerStars Hand #254619147277:  Hold'em No Limit ($0.50/$1.00 USD) - 2025/01/30 10:04:47 WET [2025/01/30 5:04:47 ET]
Table 'Jabbah' 6-max Seat #5 is the button
Seat 3: elcutez ($100 in chips) is sitting out
Seat 4: willko999 ($0 in chips) is sitting out
Seat 2: janarr5 ($100 in chips) 
Seat 5: ChuckNorrisQ ($139.24 in chips) 
ChuckNorrisQ: posts small blind $0.50
janarr5: posts big blind $1
*** HOLE CARDS ***
ChuckNorrisQ: folds 
Uncalled bet ($0.50) returned to janarr5
janarr5 collected $1 from pot
janarr5: doesn't show hand 
*** SUMMARY ***
Total pot $1 | Rake $0 
Seat 3: elcutez
Seat 4: willko999
Seat 2: janarr5 (big blind) collected ($1)
Seat 5: ChuckNorrisQ (button) (small blind) folded before Flop



PokerStars Hand #254619147925:  Hold'em No Limit ($0.50/$1.00 USD) - 2025/01/30 10:04:53 WET [2025/01/30 5:04:53 ET]
Table 'Jabbah' 6-max Seat #2 is the button
Seat 3: elcutez ($100 in chips) is sitting out
Seat 4: willko999 ($0 in chips) is sitting out
Seat 2: janarr5 ($100.50 in chips) 
Seat 5: ChuckNorrisQ ($138.74 in chips) 
janarr5: posts small blind $0.50
ChuckNorrisQ: posts big blind $1
*** HOLE CARDS ***
janarr5: raises $1.50 to $2.50
ChuckNorrisQ: raises $9.50 to $12
janarr5: raises $88.50 to $100.50 and is all-in
ChuckNorrisQ: folds 
Uncalled bet ($88.50) returned to janarr5
janarr5 collected $24 from pot
janarr5: doesn't show hand 
*** SUMMARY ***
Total pot $24 | Rake $0 
Seat 3: elcutez
Seat 4: willko999
Seat 2: janarr5 (button) (small blind) collected ($24)
Seat 5: ChuckNorrisQ (big blind) folded before Flop



PokerStars Hand #254619150180:  Hold'em No Limit ($0.50/$1.00 USD) - 2025/01/30 10:05:14 WET [2025/01/30 5:05:14 ET]
Table 'Jabbah' 6-max Seat #5 is the button
Seat 3: elcutez ($100 in chips) is sitting out
Seat 4: willko999 ($0 in chips) is sitting out
Seat 2: janarr5 ($112.50 in chips) 
Seat 5: ChuckNorrisQ ($126.74 in chips) 
ChuckNorrisQ: posts small blind $0.50
janarr5: posts big blind $1
*** HOLE CARDS ***
ChuckNorrisQ: raises $1.50 to $2.50
janarr5: calls $1.50
*** FLOP *** [3h 7h 7c]
janarr5: checks 
ChuckNorrisQ: checks 
*** TURN *** [3h 7h 7c] [Jd]
janarr5: checks 
ChuckNorrisQ: checks 
*** RIVER *** [3h 7h 7c Jd] [5s]
janarr5: bets $1.57
ChuckNorrisQ: calls $1.57
*** SHOW DOWN ***
janarr5: shows [2c 2s] (two pair, Sevens and Deuces)
ChuckNorrisQ: shows [3s 6s] (two pair, Sevens and Threes)
ChuckNorrisQ collected $7.73 from pot
*** SUMMARY ***
Total pot $8.14 | Rake $0.41 
Board [3h 7h 7c Jd 5s]
Seat 3: elcutez
Seat 4: willko999
Seat 2: janarr5 (big blind) showed [2c 2s] and lost with two pair, Sevens and Deuces
Seat 5: ChuckNorrisQ (button) (small blind) showed [3s 6s] and won ($7.73) with two pair, Sevens and Threes



PokerStars Hand #254619152857:  Hold'em No Limit ($0.50/$1.00 USD) - 2025/01/30 10:05:40 WET [2025/01/30 5:05:40 ET]
Table 'Jabbah' 6-max Seat #2 is the button
Seat 3: elcutez ($100 in chips) is sitting out
Seat 4: willko999 ($0 in chips) is sitting out
Seat 2: janarr5 ($108.43 in chips) 
Seat 5: ChuckNorrisQ ($130.40 in chips) 
janarr5: posts small blind $0.50
ChuckNorrisQ: posts big blind $1
*** HOLE CARDS ***
janarr5: folds 
Uncalled bet ($0.50) returned to ChuckNorrisQ
ChuckNorrisQ collected $1 from pot
ChuckNorrisQ: doesn't show hand 
*** SUMMARY ***
Total pot $1 | Rake $0 
Seat 3: elcutez
Seat 4: willko999
Seat 2: janarr5 (button) (small blind) folded before Flop
Seat 5: ChuckNorrisQ (big blind) collected ($1)



PokerStars Hand #254619153458:  Hold'em No Limit ($0.50/$1.00 USD) - 2025/01/30 10:05:45 WET [2025/01/30 5:05:45 ET]
Table 'Jabbah' 6-max Seat #5 is the button
Seat 3: elcutez ($100 in chips) is sitting out
Seat 4: willko999 ($0 in chips) is sitting out
Seat 2: janarr5 ($107.93 in chips) 
Seat 5: ChuckNorrisQ ($130.90 in chips) 
ChuckNorrisQ: posts small blind $0.50
janarr5: posts big blind $1
*** HOLE CARDS ***
ChuckNorrisQ: raises $1.50 to $2.50
janarr5: folds 
Uncalled bet ($1.50) returned to ChuckNorrisQ
ChuckNorrisQ collected $2 from pot
ChuckNorrisQ: doesn't show hand 
*** SUMMARY ***
Total pot $2 | Rake $0 
Seat 3: elcutez
Seat 4: willko999
Seat 2: janarr5 (big blind) folded before Flop
Seat 5: ChuckNorrisQ (button) (small blind) collected ($2)



PokerStars Hand #254619154243:  Hold'em No Limit ($0.50/$1.00 USD) - 2025/01/30 10:05:53 WET [2025/01/30 5:05:53 ET]
Table 'Jabbah' 6-max Seat #2 is the button
Seat 3: elcutez ($100 in chips) is sitting out
Seat 4: willko999 ($0 in chips) is sitting out
Seat 2: janarr5 ($106.93 in chips) 
Seat 5: ChuckNorrisQ ($131.90 in chips) 
janarr5: posts small blind $0.50
ChuckNorrisQ: posts big blind $1
*** HOLE CARDS ***
janarr5: raises $1.50 to $2.50
ChuckNorrisQ: calls $1.50
*** FLOP *** [9h Ts 4d]
ChuckNorrisQ: checks 
janarr5: bets $1.57
ChuckNorrisQ: raises $5.43 to $7
janarr5: calls $5.43
*** TURN *** [9h Ts 4d] [2c]
ChuckNorrisQ: checks 
janarr5: checks 
*** RIVER *** [9h Ts 4d 2c] [8d]
ChuckNorrisQ: bets $27.08
janarr5: folds 
Uncalled bet ($27.08) returned to ChuckNorrisQ
ChuckNorrisQ collected $18.05 from pot
ChuckNorrisQ: doesn't show hand 
*** SUMMARY ***
Total pot $19 | Rake $0.95 
Board [9h Ts 4d 2c 8d]
Seat 3: elcutez
Seat 4: willko999
Seat 2: janarr5 (button) (small blind) folded on the River
Seat 5: ChuckNorrisQ (big blind) collected ($18.05)



PokerStars Hand #254619159568:  Hold'em No Limit ($0.50/$1.00 USD) - 2025/01/30 10:06:42 WET [2025/01/30 5:06:42 ET]
Table 'Jabbah' 6-max Seat #5 is the button
Seat 3: elcutez ($100 in chips) is sitting out
Seat 4: willko999 ($0 in chips) is sitting out
Seat 2: janarr5 ($100 in chips) 
Seat 5: ChuckNorrisQ ($140.45 in chips) 
ChuckNorrisQ: posts small blind $0.50
janarr5: posts big blind $1
*** HOLE CARDS ***
ChuckNorrisQ: raises $1.50 to $2.50
janarr5: folds 
Uncalled bet ($1.50) returned to ChuckNorrisQ
ChuckNorrisQ collected $2 from pot
ChuckNorrisQ: doesn't show hand 
janarr5 leaves the table
*** SUMMARY ***
Total pot $2 | Rake $0 
Seat 3: elcutez
Seat 4: willko999
Seat 2: janarr5 (big blind) folded before Flop
Seat 5: ChuckNorrisQ (button) (small blind) collected ($2)



PokerStars Hand #254619194266:  Hold'em No Limit ($0.50/$1.00 USD) - 2025/01/30 10:12:11 WET [2025/01/30 5:12:11 ET]
Table 'Jabbah' 6-max Seat #1 is the button
Seat 1: B1GBankroll ($100 in chips) 
Seat 3: elcutez ($100 in chips) 
B1GBankroll: posts small blind $0.50
elcutez: posts big blind $1
*** HOLE CARDS ***
B1GBankroll: folds 
Uncalled bet ($0.50) returned to elcutez
elcutez collected $1 from pot
*** SUMMARY ***
Total pot $1 | Rake $0 
Seat 1: B1GBankroll (button) (small blind) folded before Flop
Seat 3: elcutez (big blind) collected ($1)



PokerStars Hand #254619195933:  Hold'em No Limit ($0.50/$1.00 USD) - 2025/01/30 10:12:27 WET [2025/01/30 5:12:27 ET]
Table 'Jabbah' 6-max Seat #3 is the button
Seat 1: B1GBankroll ($100 in chips) 
Seat 3: elcutez ($100.50 in chips) 
elcutez: posts small blind $0.50
B1GBankroll: posts big blind $1
*** HOLE CARDS ***
elcutez: raises $1 to $2
B1GBankroll: calls $1
*** FLOP *** [9d 3d Ac]
B1GBankroll: checks 
elcutez: bets $3.80
B1GBankroll: folds 
Uncalled bet ($3.80) returned to elcutez
elcutez collected $3.80 from pot
*** SUMMARY ***
Total pot $4 | Rake $0.20 
Board [9d 3d Ac]
Seat 1: B1GBankroll (big blind) folded on the Flop
Seat 3: elcutez (button) (small blind) collected ($3.80)



PokerStars Hand #254619199208:  Hold'em No Limit ($0.50/$1.00 USD) - 2025/01/30 10:12:58 WET [2025/01/30 5:12:58 ET]
Table 'Jabbah' 6-max Seat #1 is the button
Seat 1: B1GBankroll ($100 in chips) 
Seat 3: elcutez ($102.30 in chips) 
B1GBankroll: posts small blind $0.50
elcutez: posts big blind $1
*** HOLE CARDS ***
B1GBankroll: raises $1.50 to $2.50
elcutez: raises $5.50 to $8
B1GBankroll: folds 
Uncalled bet ($5.50) returned to elcutez
elcutez collected $5 from pot
*** SUMMARY ***
Total pot $5 | Rake $0 
Seat 1: B1GBankroll (button) (small blind) folded before Flop
Seat 3: elcutez (big blind) collected ($5)



PokerStars Hand #254619243827:  Hold'em No Limit ($0.50/$1.00 USD) - 2025/01/30 10:19:55 WET [2025/01/30 5:19:55 ET]
Table 'Jabbah' 6-max Seat #3 is the button
Seat 3: elcutez ($89.90 in chips) 
Seat 4: Dazburt123 ($101 in chips) 
elcutez: posts small blind $0.50
Dazburt123: posts big blind $1
*** HOLE CARDS ***
elcutez: raises $1.70 to $2.70
Dazburt123: calls $1.70
*** FLOP *** [Qc 3c 6s]
Dazburt123: checks 
elcutez: checks 
*** TURN *** [Qc 3c 6s] [8s]
Dazburt123: bets $1.69
elcutez: folds 
Uncalled bet ($1.69) returned to Dazburt123
Dazburt123 collected $5.13 from pot
Dazburt123: doesn't show hand 
*** SUMMARY ***
Total pot $5.40 | Rake $0.27 
Board [Qc 3c 6s 8s]
Seat 3: elcutez (button) (small blind) folded on the Turn
Seat 4: Dazburt123 (big blind) collected ($5.13)



PokerStars Hand #254619246182:  Hold'em No Limit ($0.50/$1.00 USD) - 2025/01/30 10:20:16 WET [2025/01/30 5:20:16 ET]
Table 'Jabbah' 6-max Seat #4 is the button
Seat 3: elcutez ($87.20 in chips) 
Seat 4: Dazburt123 ($103.43 in chips) 
Dazburt123: posts small blind $0.50
elcutez: posts big blind $1
*** HOLE CARDS ***
Dazburt123: raises $1.50 to $2.50
elcutez: folds 
Uncalled bet ($1.50) returned to Dazburt123
Dazburt123 collected $2 from pot
Dazburt123: doesn't show hand 
*** SUMMARY ***
Total pot $2 | Rake $0 
Seat 3: elcutez (big blind) folded before Flop
Seat 4: Dazburt123 (button) (small blind) collected ($2)



PokerStars Hand #254619246888:  Hold'em No Limit ($0.50/$1.00 USD) - 2025/01/30 10:20:23 WET [2025/01/30 5:20:23 ET]
Table 'Jabbah' 6-max Seat #3 is the button
Seat 3: elcutez ($86.20 in chips) 
Seat 4: Dazburt123 ($104.43 in chips) 
elcutez: posts small blind $0.50
Dazburt123: posts big blind $1
*** HOLE CARDS ***
elcutez: folds 
Uncalled bet ($0.50) returned to Dazburt123
Dazburt123 collected $1 from pot
Dazburt123: doesn't show hand 
*** SUMMARY ***
Total pot $1 | Rake $0 
Seat 3: elcutez (button) (small blind) folded before Flop
Seat 4: Dazburt123 (big blind) collected ($1)



PokerStars Hand #254619366818:  Hold'em No Limit ($0.50/$1.00 USD) - 2025/01/30 10:38:37 WET [2025/01/30 5:38:37 ET]
Table 'Jabbah' 6-max Seat #4 is the button
Seat 4: Dazburt123 ($206.30 in chips) 
Seat 5: Pon4uk.ua ($102.25 in chips) 
Dazburt123: posts small blind $0.50
Pon4uk.ua: posts big blind $1
*** HOLE CARDS ***
Dazburt123: folds 
Uncalled bet ($0.50) returned to Pon4uk.ua
Pon4uk.ua collected $1 from pot
Pon4uk.ua: doesn't show hand 
*** SUMMARY ***
Total pot $1 | Rake $0 
Seat 4: Dazburt123 (button) (small blind) folded before Flop
Seat 5: Pon4uk.ua (big blind) collected ($1)



PokerStars Hand #254619367495:  Hold'em No Limit ($0.50/$1.00 USD) - 2025/01/30 10:38:44 WET [2025/01/30 5:38:44 ET]
Table 'Jabbah' 6-max Seat #5 is the button
Seat 4: Dazburt123 ($205.80 in chips) 
Seat 5: Pon4uk.ua ($102.75 in chips) 
Pon4uk.ua: posts small blind $0.50
Dazburt123: posts big blind $1
*** HOLE CARDS ***
Luan777Poker joins the table at seat #3 
Luan777Poker is disconnected 
Pon4uk.ua: raises $1.50 to $2.50
Dazburt123: folds 
Uncalled bet ($1.50) returned to Pon4uk.ua
Pon4uk.ua collected $2 from pot
Pon4uk.ua: doesn't show hand 
*** SUMMARY ***
Total pot $2 | Rake $0 
Seat 4: Dazburt123 (big blind) folded before Flop
Seat 5: Pon4uk.ua (button) (small blind) collected ($2)



PokerStars Hand #254619369804:  Hold'em No Limit ($0.50/$1.00 USD) - 2025/01/30 10:39:04 WET [2025/01/30 5:39:04 ET]
Table 'Jabbah' 6-max Seat #4 is the button
Seat 3: Luan777Poker ($39.64 in chips) 
Seat 4: Dazburt123 ($204.80 in chips) 
Seat 5: Pon4uk.ua ($103.75 in chips) 
Pon4uk.ua: posts small blind $0.50
Luan777Poker: posts big blind $1
*** HOLE CARDS ***
Dazburt123: raises $1.50 to $2.50
Pon4uk.ua: folds 
Luan777Poker: calls $1.50
*** FLOP *** [7d Jh Tc]
Luan777Poker: checks 
Dazburt123: bets $1.31
Luan777Poker: calls $1.31
*** TURN *** [7d Jh Tc] [5d]
Luan777Poker: checks 
Dazburt123: checks 
*** RIVER *** [7d Jh Tc 5d] [8h]
Luan777Poker: checks 
Dazburt123 has timed out
Dazburt123: checks 
*** SHOW DOWN ***
Luan777Poker: shows [5c 6d] (a pair of Fives)
Dazburt123: mucks hand 
Luan777Poker collected $7.71 from pot
*** SUMMARY ***
Total pot $8.12 | Rake $0.41 
Board [7d Jh Tc 5d 8h]
Seat 3: Luan777Poker (big blind) showed [5c 6d] and won ($7.71) with a pair of Fives
Seat 4: Dazburt123 (button) mucked
Seat 5: Pon4uk.ua (small blind) folded before Flop



PokerStars Hand #254619377657:  Hold'em No Limit ($0.50/$1.00 USD) - 2025/01/30 10:40:16 WET [2025/01/30 5:40:16 ET]
Table 'Jabbah' 6-max Seat #5 is the button
Seat 3: Luan777Poker ($43.54 in chips) 
Seat 4: Dazburt123 ($200.99 in chips) 
Seat 5: Pon4uk.ua ($103.25 in chips) 
Luan777Poker: posts small blind $0.50
Dazburt123: posts big blind $1
*** HOLE CARDS ***
Pon4uk.ua: folds 
Luan777Poker: raises $1 to $2
Dazburt123: calls $1
*** FLOP *** [6d Qs 2s]
Luan777Poker: checks 
KongiKasi joins the table at seat #6 
Dazburt123: bets $1.90
Luan777Poker: calls $1.90
*** TURN *** [6d Qs 2s] [6h]
Luan777Poker: checks 
Dazburt123: checks 
*** RIVER *** [6d Qs 2s 6h] [9c]
Luan777Poker: checks 
Dazburt123: checks 
*** SHOW DOWN ***
Luan777Poker: shows [7d Kd] (a pair of Sixes)
Dazburt123: mucks hand 
Luan777Poker collected $7.41 from pot
*** SUMMARY ***
Total pot $7.80 | Rake $0.39 
Board [6d Qs 2s 6h 9c]
Seat 3: Luan777Poker (small blind) showed [7d Kd] and won ($7.41) with a pair of Sixes
Seat 4: Dazburt123 (big blind) mucked
Seat 5: Pon4uk.ua (button) folded before Flop (didn't bet)



PokerStars Hand #254619381512:  Hold'em No Limit ($0.50/$1.00 USD) - 2025/01/30 10:40:51 WET [2025/01/30 5:40:51 ET]
Table 'Jabbah' 6-max Seat #3 is the button
Seat 6: KongiKasi ($100 in chips) is sitting out
Seat 3: Luan777Poker ($47.05 in chips) 
Seat 4: Dazburt123 ($197.09 in chips) 
Seat 5: Pon4uk.ua ($103.25 in chips) 
Dazburt123: posts small blind $0.50
Pon4uk.ua: posts big blind $1
KongiKasi: sits out 
*** HOLE CARDS ***
Luan777Poker: raises $1 to $2
Dazburt123: raises $6 to $8
Pon4uk.ua: folds 
Luan777Poker: calls $6
*** FLOP *** [2c Qd 6d]
Dazburt123: bets $5.33
Luan777Poker: raises $5.33 to $10.66
Dazburt123: calls $5.33
*** TURN *** [2c Qd 6d] [Ad]
Dazburt123: checks 
Luan777Poker: checks 
*** RIVER *** [2c Qd 6d Ad] [3d]
Dazburt123: checks 
Luan777Poker: checks 
*** SHOW DOWN ***
Dazburt123: shows [Kh Qs] (a pair of Queens)
Luan777Poker: shows [Qh Ts] (a pair of Queens - lower kicker)
Dazburt123 collected $37.32 from pot
*** SUMMARY ***
Total pot $38.32 | Rake $1 
Board [2c Qd 6d Ad 3d]
Seat 6: KongiKasi
Seat 3: Luan777Poker (button) showed [Qh Ts] and lost with a pair of Queens
Seat 4: Dazburt123 (small blind) showed [Kh Qs] and won ($37.32) with a pair of Queens
Seat 5: Pon4uk.ua (big blind) folded before Flop



PokerStars Hand #254619386972:  Hold'em No Limit ($0.50/$1.00 USD) - 2025/01/30 10:41:40 WET [2025/01/30 5:41:40 ET]
Table 'Jabbah' 6-max Seat #4 is the button
Seat 3: Luan777Poker ($28.39 in chips) 
Seat 4: Dazburt123 ($215.75 in chips) 
Seat 5: Pon4uk.ua ($102.25 in chips) 
Seat 6: KongiKasi ($100 in chips) 
Pon4uk.ua: posts small blind $0.50
KongiKasi: posts big blind $1
*** HOLE CARDS ***
Luan777Poker: raises $1 to $2
Dazburt123: folds 
Pon4uk.ua: folds 
KongiKasi: folds 
Uncalled bet ($1) returned to Luan777Poker
Luan777Poker collected $2.50 from pot
*** SUMMARY ***
Total pot $2.50 | Rake $0 
Seat 3: Luan777Poker collected ($2.50)
Seat 4: Dazburt123 (button) folded before Flop (didn't bet)
Seat 5: Pon4uk.ua (small blind) folded before Flop
Seat 6: KongiKasi (big blind) folded before Flop



PokerStars Hand #254619389042:  Hold'em No Limit ($0.50/$1.00 USD) - 2025/01/30 10:41:59 WET [2025/01/30 5:41:59 ET]
Table 'Jabbah' 6-max Seat #5 is the button
Seat 3: Luan777Poker ($29.89 in chips) 
Seat 4: Dazburt123 ($215.75 in chips) 
Seat 5: Pon4uk.ua ($101.75 in chips) 
Seat 6: KongiKasi ($100 in chips) 
KongiKasi: posts small blind $0.50
Luan777Poker: posts big blind $1
*** HOLE CARDS ***
Dazburt123: folds 
Pon4uk.ua: folds 
KongiKasi: folds 
Uncalled bet ($0.50) returned to Luan777Poker
Luan777Poker collected $1 from pot
*** SUMMARY ***
Total pot $1 | Rake $0 
Seat 3: Luan777Poker (big blind) collected ($1)
Seat 4: Dazburt123 folded before Flop (didn't bet)
Seat 5: Pon4uk.ua (button) folded before Flop (didn't bet)
Seat 6: KongiKasi (small blind) folded before Flop



PokerStars Hand #254619390312:  Hold'em No Limit ($0.50/$1.00 USD) - 2025/01/30 10:42:10 WET [2025/01/30 5:42:10 ET]
Table 'Jabbah' 6-max Seat #6 is the button
Seat 3: Luan777Poker ($30.39 in chips) 
Seat 4: Dazburt123 ($215.75 in chips) 
Seat 5: Pon4uk.ua ($101.75 in chips) 
Seat 6: KongiKasi ($100 in chips) 
Luan777Poker: posts small blind $0.50
Dazburt123: posts big blind $1
*** HOLE CARDS ***
Pon4uk.ua: folds 
KongiKasi: folds 
Luan777Poker: raises $2 to $3
Dazburt123: folds 
Uncalled bet ($2) returned to Luan777Poker
Luan777Poker collected $2 from pot
*** SUMMARY ***
Total pot $2 | Rake $0 
Seat 3: Luan777Poker (small blind) collected ($2)
Seat 4: Dazburt123 (big blind) folded before Flop
Seat 5: Pon4uk.ua folded before Flop (didn't bet)
Seat 6: KongiKasi (button) folded before Flop (didn't bet)



PokerStars Hand #254619391584:  Hold'em No Limit ($0.50/$1.00 USD) - 2025/01/30 10:42:22 WET [2025/01/30 5:42:22 ET]
Table 'Jabbah' 6-max Seat #3 is the button
Seat 3: Luan777Poker ($31.39 in chips) 
Seat 4: Dazburt123 ($214.75 in chips) 
Seat 5: Pon4uk.ua ($101.75 in chips) 
Seat 6: KongiKasi ($100 in chips) 
Dazburt123: posts small blind $0.50
Pon4uk.ua: posts big blind $1
*** HOLE CARDS ***
KongiKasi: raises $1 to $2
Luan777Poker: folds 
Dazburt123: folds 
Pon4uk.ua: folds 
Uncalled bet ($1) returned to KongiKasi
KongiKasi collected $2.50 from pot
KongiKasi: doesn't show hand 
*** SUMMARY ***
Total pot $2.50 | Rake $0 
Seat 3: Luan777Poker (button) folded before Flop (didn't bet)
Seat 4: Dazburt123 (small blind) folded before Flop
Seat 5: Pon4uk.ua (big blind) folded before Flop
Seat 6: KongiKasi collected ($2.50)



PokerStars Hand #254619392488:  Hold'em No Limit ($0.50/$1.00 USD) - 2025/01/30 10:42:31 WET [2025/01/30 5:42:31 ET]
Table 'Jabbah' 6-max Seat #4 is the button
Seat 3: Luan777Poker ($31.39 in chips) 
Seat 4: Dazburt123 ($214.25 in chips) 
Seat 5: Pon4uk.ua ($100.75 in chips) 
Seat 6: KongiKasi ($101.50 in chips) 
Pon4uk.ua: posts small blind $0.50
KongiKasi: posts big blind $1
*** HOLE CARDS ***
Luan777Poker: raises $1 to $2
Dazburt123: folds 
Pon4uk.ua: folds 
KongiKasi: folds 
Uncalled bet ($1) returned to Luan777Poker
Luan777Poker collected $2.50 from pot
*** SUMMARY ***
Total pot $2.50 | Rake $0 
Seat 3: Luan777Poker collected ($2.50)
Seat 4: Dazburt123 (button) folded before Flop (didn't bet)
Seat 5: Pon4uk.ua (small blind) folded before Flop
Seat 6: KongiKasi (big blind) folded before Flop



PokerStars Hand #254619393992:  Hold'em No Limit ($0.50/$1.00 USD) - 2025/01/30 10:42:45 WET [2025/01/30 5:42:45 ET]
Table 'Jabbah' 6-max Seat #5 is the button
Seat 3: Luan777Poker ($32.89 in chips) 
Seat 4: Dazburt123 ($214.25 in chips) 
Seat 5: Pon4uk.ua ($100.25 in chips) 
Seat 6: KongiKasi ($100.50 in chips) 
KongiKasi: posts small blind $0.50
Luan777Poker: posts big blind $1
*** HOLE CARDS ***
Dazburt123: raises $1 to $2
Pon4uk.ua: folds 
KongiKasi: folds 
Luan777Poker: calls $1
*** FLOP *** [7d Jd 8h]
Luan777Poker: checks 
Dazburt123: bets $1.41
Luan777Poker: calls $1.41
*** TURN *** [7d Jd 8h] [Ac]
Luan777Poker: checks 
Dazburt123: checks 
*** RIVER *** [7d Jd 8h Ac] [6h]
Luan777Poker: bets $6.95
Dazburt123: folds 
Uncalled bet ($6.95) returned to Luan777Poker
Luan777Poker collected $6.95 from pot
*** SUMMARY ***
Total pot $7.32 | Rake $0.37 
Board [7d Jd 8h Ac 6h]
Seat 3: Luan777Poker (big blind) collected ($6.95)
Seat 4: Dazburt123 folded on the River
Seat 5: Pon4uk.ua (button) folded before Flop (didn't bet)
Seat 6: KongiKasi (small blind) folded before Flop



PokerStars Hand #254619398055:  Hold'em No Limit ($0.50/$1.00 USD) - 2025/01/30 10:43:22 WET [2025/01/30 5:43:22 ET]
Table 'Jabbah' 6-max Seat #6 is the button
Seat 3: Luan777Poker ($36.43 in chips) 
Seat 4: Dazburt123 ($210.84 in chips) 
Seat 5: Pon4uk.ua ($100.25 in chips) 
Seat 6: KongiKasi ($100 in chips) 
Luan777Poker: posts small blind $0.50
Dazburt123: posts big blind $1
*** HOLE CARDS ***
Pon4uk.ua: folds 
KongiKasi: raises $1.50 to $2.50
Luan777Poker: folds 
Dazburt123: calls $1.50
*** FLOP *** [4c 9c 3s]
KeR888 joins the table at seat #1 
Dazburt123: checks 
KongiKasi: bets $1.41
Dazburt123: calls $1.41
*** TURN *** [4c 9c 3s] [8s]
Luan777Poker is disconnected 
Dazburt123: checks 
KongiKasi: bets $5.93
Dazburt123: calls $5.93
*** RIVER *** [4c 9c 3s 8s] [9s]
Dazburt123: checks 
KongiKasi: bets $9.59
Dazburt123: raises $191.41 to $201 and is all-in
KongiKasi: folds 
Uncalled bet ($191.41) returned to Dazburt123
Dazburt123 collected $38.36 from pot
Dazburt123: doesn't show hand 
*** SUMMARY ***
Total pot $39.36 | Rake $1 
Board [4c 9c 3s 8s 9s]
Seat 3: Luan777Poker (small blind) folded before Flop
Seat 4: Dazburt123 (big blind) collected ($38.36)
Seat 5: Pon4uk.ua folded before Flop (didn't bet)
Seat 6: KongiKasi (button) folded on the River



PokerStars Hand #254619409021:  Hold'em No Limit ($0.50/$1.00 USD) - 2025/01/30 10:45:01 WET [2025/01/30 5:45:01 ET]
Table 'Jabbah' 6-max Seat #3 is the button
Seat 1: KeR888 ($108.48 in chips) is sitting out
Seat 3: Luan777Poker ($35.93 in chips) 
Seat 4: Dazburt123 ($229.77 in chips) 
Seat 5: Pon4uk.ua ($100.25 in chips) 
Seat 6: KongiKasi ($100 in chips) 
Dazburt123: posts small blind $0.50
Pon4uk.ua: posts big blind $1
KeR888: sits out 
*** HOLE CARDS ***
KongiKasi: raises $1 to $2
Luan777Poker is disconnected 
Luan777Poker is connected 
Luan777Poker: calls $2
Dazburt123: folds 
Pon4uk.ua: calls $1
*** FLOP *** [9d 7d 6h]
Pon4uk.ua: checks 
KongiKasi: checks 
Luan777Poker: bets $3.09
Pon4uk.ua: folds 
KarP93 joins the table at seat #2 
KongiKasi: folds 
Uncalled bet ($3.09) returned to Luan777Poker
Luan777Poker collected $6.18 from pot
*** SUMMARY ***
Total pot $6.50 | Rake $0.32 
Board [9d 7d 6h]
Seat 1: KeR888
Seat 3: Luan777Poker (button) collected ($6.18)
Seat 4: Dazburt123 (small blind) folded before Flop
Seat 5: Pon4uk.ua (big blind) folded on the Flop
Seat 6: KongiKasi folded on the Flop



PokerStars Hand #254619415459:  Hold'em No Limit ($0.50/$1.00 USD) - 2025/01/30 10:46:00 WET [2025/01/30 5:46:00 ET]
Table 'Jabbah' 6-max Seat #4 is the button
Seat 1: KeR888 ($108.48 in chips) is sitting out
Seat 2: KarP93 ($100 in chips) is sitting out
Seat 3: Luan777Poker ($40.11 in chips) 
Seat 4: Dazburt123 ($229.27 in chips) 
Seat 5: Pon4uk.ua ($100 in chips) 
Seat 6: KongiKasi ($100 in chips) 
Pon4uk.ua: posts small blind $0.50
KongiKasi: posts big blind $1
KeR888: sits out 
KarP93: sits out 
*** HOLE CARDS ***
Luan777Poker: raises $1 to $2
Dazburt123: folds 
Pon4uk.ua: folds 
KongiKasi: folds 
Uncalled bet ($1) returned to Luan777Poker
Luan777Poker collected $2.50 from pot
*** SUMMARY ***
Total pot $2.50 | Rake $0 
Seat 1: KeR888
Seat 2: KarP93
Seat 3: Luan777Poker collected ($2.50)
Seat 4: Dazburt123 (button) folded before Flop (didn't bet)
Seat 5: Pon4uk.ua (small blind) folded before Flop
Seat 6: KongiKasi (big blind) folded before Flop



PokerStars Hand #254619416713:  Hold'em No Limit ($0.50/$1.00 USD) - 2025/01/30 10:46:12 WET [2025/01/30 5:46:12 ET]
Table 'Jabbah' 6-max Seat #5 is the button
Seat 2: KarP93 ($100 in chips) is sitting out
Seat 1: KeR888 ($108.48 in chips) 
Seat 3: Luan777Poker ($41.61 in chips) 
Seat 4: Dazburt123 ($229.27 in chips) 
Seat 5: Pon4uk.ua ($100 in chips) 
Seat 6: KongiKasi ($100 in chips) 
KongiKasi: posts small blind $0.50
KeR888: posts big blind $1
KarP93: sits out 
*** HOLE CARDS ***
Luan777Poker: folds 
Dazburt123: folds 
Pon4uk.ua: raises $1.50 to $2.50
KongiKasi: folds 
KeR888: calls $1.50
*** FLOP *** [7c Kh Ts]
KeR888: checks 
Pon4uk.ua: bets $1.72
KeR888: calls $1.72
*** TURN *** [7c Kh Ts] [Qh]
KeR888: checks 
Pon4uk.ua: checks 
*** RIVER *** [7c Kh Ts Qh] [Kd]
KeR888: checks 
Pon4uk.ua: checks 
*** SHOW DOWN ***
KeR888: shows [9s 7s] (two pair, Kings and Sevens)
Pon4uk.ua: mucks hand 
KeR888 collected $8.49 from pot
*** SUMMARY ***
Total pot $8.94 | Rake $0.45 
Board [7c Kh Ts Qh Kd]
Seat 2: KarP93
Seat 1: KeR888 (big blind) showed [9s 7s] and won ($8.49) with two pair, Kings and Sevens
Seat 3: Luan777Poker folded before Flop (didn't bet)
Seat 4: Dazburt123 folded before Flop (didn't bet)
Seat 5: Pon4uk.ua (button) mucked
Seat 6: KongiKasi (small blind) folded before Flop



PokerStars Hand #254619423803:  Hold'em No Limit ($0.50/$1.00 USD) - 2025/01/30 10:47:17 WET [2025/01/30 5:47:17 ET]
Table 'Jabbah' 6-max Seat #6 is the button
Seat 1: KeR888 ($112.75 in chips) 
Seat 2: KarP93 ($100 in chips) 
Seat 3: Luan777Poker ($41.61 in chips) 
Seat 4: Dazburt123 ($229.27 in chips) 
Seat 5: Pon4uk.ua ($100 in chips) 
Seat 6: KongiKasi ($100 in chips) 
KeR888: posts small blind $0.50
KarP93: posts big blind $1
*** HOLE CARDS ***
Luan777Poker: calls $1
Dazburt123: folds 
Pon4uk.ua: folds 
KongiKasi: folds 
KeR888: folds 
KarP93: checks 
*** FLOP *** [7d Ks Kc]
KarP93: checks 
Luan777Poker: bets $1
KarP93: calls $1
*** TURN *** [7d Ks Kc] [6h]
KarP93: checks 
Luan777Poker: checks 
*** RIVER *** [7d Ks Kc 6h] [9d]
KarP93: checks 
Luan777Poker: checks 
*** SHOW DOWN ***
KarP93: shows [7s 2d] (two pair, Kings and Sevens)
Luan777Poker: mucks hand 
KarP93 collected $4.28 from pot
*** SUMMARY ***
Total pot $4.50 | Rake $0.22 
Board [7d Ks Kc 6h 9d]
Seat 1: KeR888 (small blind) folded before Flop
Seat 2: KarP93 (big blind) showed [7s 2d] and won ($4.28) with two pair, Kings and Sevens
Seat 3: Luan777Poker mucked
Seat 4: Dazburt123 folded before Flop (didn't bet)
Seat 5: Pon4uk.ua folded before Flop (didn't bet)
Seat 6: KongiKasi (button) folded before Flop (didn't bet)



PokerStars Hand #254619430301:  Hold'em No Limit ($0.50/$1.00 USD) - 2025/01/30 10:48:16 WET [2025/01/30 5:48:16 ET]
Table 'Jabbah' 6-max Seat #1 is the button
Seat 1: KeR888 ($112.25 in chips) 
Seat 2: KarP93 ($102.28 in chips) 
Seat 3: Luan777Poker ($39.61 in chips) 
Seat 4: Dazburt123 ($229.27 in chips) 
Seat 5: Pon4uk.ua ($100 in chips) 
Seat 6: KongiKasi ($100 in chips) 
KarP93: posts small blind $0.50
Luan777Poker: posts big blind $1
*** HOLE CARDS ***
Dazburt123: folds 
Pon4uk.ua: folds 
KongiKasi: folds 
KeR888: folds 
KarP93: folds 
Uncalled bet ($0.50) returned to Luan777Poker
Luan777Poker collected $1 from pot
*** SUMMARY ***
Total pot $1 | Rake $0 
Seat 1: KeR888 (button) folded before Flop (didn't bet)
Seat 2: KarP93 (small blind) folded before Flop
Seat 3: Luan777Poker (big blind) collected ($1)
Seat 4: Dazburt123 folded before Flop (didn't bet)
Seat 5: Pon4uk.ua folded before Flop (didn't bet)
Seat 6: KongiKasi folded before Flop (didn't bet)



PokerStars Hand #254619431950:  Hold'em No Limit ($0.50/$1.00 USD) - 2025/01/30 10:48:31 WET [2025/01/30 5:48:31 ET]
Table 'Jabbah' 6-max Seat #2 is the button
Seat 1: KeR888 ($112.25 in chips) 
Seat 2: KarP93 ($101.78 in chips) 
Seat 3: Luan777Poker ($40.11 in chips) 
Seat 4: Dazburt123 ($229.27 in chips) 
Seat 5: Pon4uk.ua ($100 in chips) 
Seat 6: KongiKasi ($100 in chips) 
Luan777Poker: posts small blind $0.50
Dazburt123: posts big blind $1
*** HOLE CARDS ***
Pon4uk.ua: raises $1 to $2
KongiKasi: folds 
KeR888: folds 
KarP93: folds 
Luan777Poker: calls $1.50
Dazburt123: folds 
*** FLOP *** [4h Qs Qc]
Luan777Poker: checks 
Pon4uk.ua: bets $1.57
Luan777Poker: calls $1.57
*** TURN *** [4h Qs Qc] [Ts]
Luan777Poker: checks 
Pon4uk.ua: bets $5.80
Luan777Poker: calls $5.80
*** RIVER *** [4h Qs Qc Ts] [9h]
Luan777Poker: bets $12.38
Pon4uk.ua: folds 
Uncalled bet ($12.38) returned to Luan777Poker
Luan777Poker collected $18.75 from pot
*** SUMMARY ***
Total pot $19.74 | Rake $0.99 
Board [4h Qs Qc Ts 9h]
Seat 1: KeR888 folded before Flop (didn't bet)
Seat 2: KarP93 (button) folded before Flop (didn't bet)
Seat 3: Luan777Poker (small blind) collected ($18.75)
Seat 4: Dazburt123 (big blind) folded before Flop
Seat 5: Pon4uk.ua folded on the River
Seat 6: KongiKasi folded before Flop (didn't bet)



PokerStars Hand #254619436598:  Hold'em No Limit ($0.50/$1.00 USD) - 2025/01/30 10:49:13 WET [2025/01/30 5:49:13 ET]
Table 'Jabbah' 6-max Seat #3 is the button
Seat 1: KeR888 ($112.25 in chips) 
Seat 2: KarP93 ($101.78 in chips) 
Seat 3: Luan777Poker ($49.49 in chips) 
Seat 4: Dazburt123 ($228.27 in chips) 
Seat 5: Pon4uk.ua ($100 in chips) 
Seat 6: KongiKasi ($100 in chips) 
Dazburt123: posts small blind $0.50
Pon4uk.ua: posts big blind $1
*** HOLE CARDS ***
KongiKasi: raises $1 to $2
KeR888: folds 
KarP93: folds 
Luan777Poker: folds 
Dazburt123: folds 
Pon4uk.ua: calls $1
*** FLOP *** [8d Qc As]
Pon4uk.ua: checks 
KongiKasi: bets $1.16
Pon4uk.ua: calls $1.16
*** TURN *** [8d Qc As] [9c]
Pon4uk.ua: checks 
KongiKasi: bets $4.86
Pon4uk.ua: calls $4.86
*** RIVER *** [8d Qc As 9c] [2d]
Pon4uk.ua: checks 
KongiKasi: checks 
*** SHOW DOWN ***
Pon4uk.ua: shows [Ac Td] (a pair of Aces)
KongiKasi: shows [Ad Ts] (a pair of Aces)
Pon4uk.ua collected $7.86 from pot
KongiKasi collected $7.85 from pot
*** SUMMARY ***
Total pot $16.54 | Rake $0.83 
Board [8d Qc As 9c 2d]
Seat 1: KeR888 folded before Flop (didn't bet)
Seat 2: KarP93 folded before Flop (didn't bet)
Seat 3: Luan777Poker (button) folded before Flop (didn't bet)
Seat 4: Dazburt123 (small blind) folded before Flop
Seat 5: Pon4uk.ua (big blind) showed [Ac Td] and won ($7.86) with a pair of Aces
Seat 6: KongiKasi showed [Ad Ts] and won ($7.85) with a pair of Aces



PokerStars Hand #254619441397:  Hold'em No Limit ($0.50/$1.00 USD) - 2025/01/30 10:49:56 WET [2025/01/30 5:49:56 ET]
Table 'Jabbah' 6-max Seat #4 is the button
Seat 1: KeR888 ($112.25 in chips) 
Seat 2: KarP93 ($101.78 in chips) 
Seat 3: Luan777Poker ($49.49 in chips) 
Seat 4: Dazburt123 ($227.77 in chips) 
Seat 5: Pon4uk.ua ($100 in chips) 
Seat 6: KongiKasi ($100 in chips) 
Pon4uk.ua: posts small blind $0.50
KongiKasi: posts big blind $1
*** HOLE CARDS ***
KeR888: folds 
KarP93: folds 
Luan777Poker: raises $1 to $2
Dazburt123: folds 
Pon4uk.ua: folds 
KongiKasi: calls $1
*** FLOP *** [6c 5s 6s]
KongiKasi: checks 
Luan777Poker: checks 
*** TURN *** [6c 5s 6s] [4s]
KongiKasi: bets $1.16
Luan777Poker: folds 
Uncalled bet ($1.16) returned to KongiKasi
KongiKasi collected $4.28 from pot
KongiKasi: doesn't show hand 
*** SUMMARY ***
Total pot $4.50 | Rake $0.22 
Board [6c 5s 6s 4s]
Seat 1: KeR888 folded before Flop (didn't bet)
Seat 2: KarP93 folded before Flop (didn't bet)
Seat 3: Luan777Poker folded on the Turn
Seat 4: Dazburt123 (button) folded before Flop (didn't bet)
Seat 5: Pon4uk.ua (small blind) folded before Flop
Seat 6: KongiKasi (big blind) collected ($4.28)



PokerStars Hand #254619446852:  Hold'em No Limit ($0.50/$1.00 USD) - 2025/01/30 10:50:44 WET [2025/01/30 5:50:44 ET]
Table 'Jabbah' 6-max Seat #5 is the button
Seat 1: KeR888 ($112.25 in chips) 
Seat 2: KarP93 ($101.78 in chips) 
Seat 3: Luan777Poker ($47.49 in chips) 
Seat 4: Dazburt123 ($227.77 in chips) 
Seat 5: Pon4uk.ua ($100 in chips) 
Seat 6: KongiKasi ($102.28 in chips) 
KongiKasi: posts small blind $0.50
KeR888: posts big blind $1
*** HOLE CARDS ***
KarP93: folds 
Luan777Poker: calls $1
Dazburt123: folds 
Pon4uk.ua: folds 
KongiKasi: folds 
KeR888: checks 
*** FLOP *** [5c Kc Qd]
KeR888: checks 
Luan777Poker: checks 
*** TURN *** [5c Kc Qd] [7s]
KeR888: bets $1.19
Luan777Poker: calls $1.19
*** RIVER *** [5c Kc Qd 7s] [5h]
KeR888: checks 
Luan777Poker: bets $5.32
KeR888: folds 
Uncalled bet ($5.32) returned to Luan777Poker
Luan777Poker collected $4.64 from pot
*** SUMMARY ***
Total pot $4.88 | Rake $0.24 
Board [5c Kc Qd 7s 5h]
Seat 1: KeR888 (big blind) folded on the River
Seat 2: KarP93 folded before Flop (didn't bet)
Seat 3: Luan777Poker collected ($4.64)
Seat 4: Dazburt123 folded before Flop (didn't bet)
Seat 5: Pon4uk.ua (button) folded before Flop (didn't bet)
Seat 6: KongiKasi (small blind) folded before Flop



PokerStars Hand #254619452712:  Hold'em No Limit ($0.50/$1.00 USD) - 2025/01/30 10:51:36 WET [2025/01/30 5:51:36 ET]
Table 'Jabbah' 6-max Seat #6 is the button
Seat 1: KeR888 ($110.06 in chips) 
Seat 2: KarP93 ($101.78 in chips) 
Seat 3: Luan777Poker ($49.94 in chips) 
Seat 4: Dazburt123 ($227.77 in chips) 
Seat 5: Pon4uk.ua ($100 in chips) 
Seat 6: KongiKasi ($101.78 in chips) 
KeR888: posts small blind $0.50
KarP93: posts big blind $1
*** HOLE CARDS ***
Luan777Poker: calls $1
Dazburt123: folds 
Pon4uk.ua: raises $3 to $4
KongiKasi: folds 
KeR888: folds 
KarP93: folds 
Luan777Poker: calls $3
*** FLOP *** [7c 7d Qs]
Luan777Poker: checks 
Pon4uk.ua: bets $2.98
Luan777Poker: calls $2.98
*** TURN *** [7c 7d Qs] [8h]
Luan777Poker: checks 
Pon4uk.ua: bets $11.02
Luan777Poker: folds [8s 6s]
Uncalled bet ($11.02) returned to Pon4uk.ua
Pon4uk.ua collected $14.69 from pot
Pon4uk.ua: doesn't show hand 
*** SUMMARY ***
Total pot $15.46 | Rake $0.77 
Board [7c 7d Qs 8h]
Seat 1: KeR888 (small blind) folded before Flop
Seat 2: KarP93 (big blind) folded before Flop
Seat 3: Luan777Poker folded on the Turn
Seat 4: Dazburt123 folded before Flop (didn't bet)
Seat 5: Pon4uk.ua collected ($14.69)
Seat 6: KongiKasi (button) folded before Flop (didn't bet)



PokerStars Hand #254619459461:  Hold'em No Limit ($0.50/$1.00 USD) - 2025/01/30 10:52:37 WET [2025/01/30 5:52:37 ET]
Table 'Jabbah' 6-max Seat #1 is the button
Seat 1: KeR888 ($109.56 in chips) 
Seat 2: KarP93 ($100.78 in chips) 
Seat 3: Luan777Poker ($42.96 in chips) 
Seat 4: Dazburt123 ($227.77 in chips) 
Seat 5: Pon4uk.ua ($107.71 in chips) 
Seat 6: KongiKasi ($101.78 in chips) 
KarP93: posts small blind $0.50
Luan777Poker: posts big blind $1
*** HOLE CARDS ***
Dazburt123: folds 
Pon4uk.ua: folds 
KongiKasi: folds 
Dazburt123 leaves the table
KeR888: raises $1.50 to $2.50
KarP93: folds 
Luan777Poker: calls $1.50
*** FLOP *** [Ts 2s 9s]
Luan777Poker: checks 
KeR888: checks 
*** TURN *** [Ts 2s 9s] [5d]
Luan777Poker: bets $2
Red4erT joins the table at seat #4 
KeR888: folds 
Uncalled bet ($2) returned to Luan777Poker
Luan777Poker collected $5.22 from pot
*** SUMMARY ***
Total pot $5.50 | Rake $0.28 
Board [Ts 2s 9s 5d]
Seat 1: KeR888 (button) folded on the Turn
Seat 2: KarP93 (small blind) folded before Flop
Seat 3: Luan777Poker (big blind) collected ($5.22)
Seat 4: Dazburt123 folded before Flop (didn't bet)
Seat 5: Pon4uk.ua folded before Flop (didn't bet)
Seat 6: KongiKasi folded before Flop (didn't bet)



PokerStars Hand #254619462301:  Hold'em No Limit ($0.50/$1.00 USD) - 2025/01/30 10:53:02 WET [2025/01/30 5:53:02 ET]
Table 'Jabbah' 6-max Seat #2 is the button
Seat 1: KeR888 ($107.06 in chips) 
Seat 2: KarP93 ($100.28 in chips) 
Seat 3: Luan777Poker ($45.68 in chips) 
Seat 4: Red4erT ($66.24 in chips) 
Seat 5: Pon4uk.ua ($107.71 in chips) 
Seat 6: KongiKasi ($101.78 in chips) 
Luan777Poker: posts small blind $0.50
Red4erT: posts big blind $1
*** HOLE CARDS ***
Pon4uk.ua: folds 
KongiKasi: folds 
KeR888: folds 
KarP93: raises $1.50 to $2.50
Luan777Poker: calls $2
Red4erT: raises $7.50 to $10
KarP93: folds 
Luan777Poker: calls $7.50
*** FLOP *** [Jc 8c 8h]
Luan777Poker: checks 
Red4erT: checks 
*** TURN *** [Jc 8c 8h] [9d]
Luan777Poker: bets $10.69
Red4erT: calls $10.69
*** RIVER *** [Jc 8c 8h 9d] [3c]
Luan777Poker: checks 
Red4erT: checks 
*** SHOW DOWN ***
Luan777Poker: shows [Tc Qs] (a straight, Eight to Queen)
Red4erT: mucks hand 
Luan777Poker collected $41.69 from pot
*** SUMMARY ***
Total pot $43.88 | Rake $2.19 
Board [Jc 8c 8h 9d 3c]
Seat 1: KeR888 folded before Flop (didn't bet)
Seat 2: KarP93 (button) folded before Flop
Seat 3: Luan777Poker (small blind) showed [Tc Qs] and won ($41.69) with a straight, Eight to Queen
Seat 4: Red4erT (big blind) mucked
Seat 5: Pon4uk.ua folded before Flop (didn't bet)
Seat 6: KongiKasi folded before Flop (didn't bet)



PokerStars Hand #254619469996:  Hold'em No Limit ($0.50/$1.00 USD) - 2025/01/30 10:54:10 WET [2025/01/30 5:54:10 ET]
Table 'Jabbah' 6-max Seat #3 is the button
Seat 1: KeR888 ($107.06 in chips) 
Seat 2: KarP93 ($100 in chips) 
Seat 3: Luan777Poker ($66.68 in chips) 
Seat 4: Red4erT ($45.55 in chips) 
Seat 5: Pon4uk.ua ($107.71 in chips) 
Seat 6: KongiKasi ($101.78 in chips) 
Red4erT: posts small blind $0.50
Pon4uk.ua: posts big blind $1
*** HOLE CARDS ***
KongiKasi: folds 
KeR888: folds 
KarP93: folds 
Luan777Poker: raises $1 to $2
Red4erT: folds 
Pon4uk.ua: folds 
Uncalled bet ($1) returned to Luan777Poker
Luan777Poker collected $2.50 from pot
*** SUMMARY ***
Total pot $2.50 | Rake $0 
Seat 1: KeR888 folded before Flop (didn't bet)
Seat 2: KarP93 folded before Flop (didn't bet)
Seat 3: Luan777Poker (button) collected ($2.50)
Seat 4: Red4erT (small blind) folded before Flop
Seat 5: Pon4uk.ua (big blind) folded before Flop
Seat 6: KongiKasi folded before Flop (didn't bet)



PokerStars Hand #254619472382:  Hold'em No Limit ($0.50/$1.00 USD) - 2025/01/30 10:54:31 WET [2025/01/30 5:54:31 ET]
Table 'Jabbah' 6-max Seat #4 is the button
Seat 1: KeR888 ($107.06 in chips) 
Seat 2: KarP93 ($100 in chips) 
Seat 3: Luan777Poker ($68.18 in chips) 
Seat 4: Red4erT ($45.05 in chips) 
Seat 5: Pon4uk.ua ($106.71 in chips) 
Seat 6: KongiKasi ($101.78 in chips) 
Pon4uk.ua: posts small blind $0.50
KongiKasi: posts big blind $1
*** HOLE CARDS ***
KeR888: folds 
KarP93: raises $1.50 to $2.50
Luan777Poker: calls $2.50
Red4erT: folds 
Pon4uk.ua: folds 
KongiKasi: calls $1.50
*** FLOP *** [7d Jc 4c]
KongiKasi: checks 
KarP93: checks 
Luan777Poker: checks 
*** TURN *** [7d Jc 4c] [2d]
KongiKasi: checks 
KarP93: checks 
Luan777Poker: checks 
*** RIVER *** [7d Jc 4c 2d] [6c]
KongiKasi: checks 
KarP93: bets $5.70
Luan777Poker: folds 
KongiKasi: folds 
Uncalled bet ($5.70) returned to KarP93
KarP93 collected $7.60 from pot
KarP93: doesn't show hand 
*** SUMMARY ***
Total pot $8 | Rake $0.40 
Board [7d Jc 4c 2d 6c]
Seat 1: KeR888 folded before Flop (didn't bet)
Seat 2: KarP93 collected ($7.60)
Seat 3: Luan777Poker folded on the River
Seat 4: Red4erT (button) folded before Flop (didn't bet)
Seat 5: Pon4uk.ua (small blind) folded before Flop
Seat 6: KongiKasi (big blind) folded on the River



PokerStars Hand #254619480134:  Hold'em No Limit ($0.50/$1.00 USD) - 2025/01/30 10:55:48 WET [2025/01/30 5:55:48 ET]
Table 'Jabbah' 6-max Seat #5 is the button
Seat 1: KeR888 ($107.06 in chips) 
Seat 2: KarP93 ($105.10 in chips) 
Seat 3: Luan777Poker ($65.68 in chips) 
Seat 4: Red4erT ($45.05 in chips) 
Seat 5: Pon4uk.ua ($106.21 in chips) 
Seat 6: KongiKasi ($100 in chips) 
KongiKasi: posts small blind $0.50
KeR888: posts big blind $1
*** HOLE CARDS ***
KarP93: folds 
Luan777Poker: folds 
Red4erT: folds 
Pon4uk.ua: folds 
KongiKasi: raises $2 to $3
KeR888: calls $2
*** FLOP *** [As 9d Ts]
KongiKasi: checks 
KeR888: checks 
*** TURN *** [As 9d Ts] [Kd]
KongiKasi: checks 
KeR888: checks 
*** RIVER *** [As 9d Ts Kd] [Js]
KongiKasi: bets $2.85
KeR888: folds 
Uncalled bet ($2.85) returned to KongiKasi
KongiKasi collected $5.70 from pot
KongiKasi: doesn't show hand 
*** SUMMARY ***
Total pot $6 | Rake $0.30 
Board [As 9d Ts Kd Js]
Seat 1: KeR888 (big blind) folded on the River
Seat 2: KarP93 folded before Flop (didn't bet)
Seat 3: Luan777Poker folded before Flop (didn't bet)
Seat 4: Red4erT folded before Flop (didn't bet)
Seat 5: Pon4uk.ua (button) folded before Flop (didn't bet)
Seat 6: KongiKasi (small blind) collected ($5.70)



PokerStars Hand #254619484806:  Hold'em No Limit ($0.50/$1.00 USD) - 2025/01/30 10:56:37 WET [2025/01/30 5:56:37 ET]
Table 'Jabbah' 6-max Seat #6 is the button
Seat 2: KarP93 ($105.10 in chips) is sitting out
Seat 1: KeR888 ($104.06 in chips) 
Seat 3: Luan777Poker ($65.68 in chips) 
Seat 4: Red4erT ($45.05 in chips) 
Seat 5: Pon4uk.ua ($106.21 in chips) 
Seat 6: KongiKasi ($102.70 in chips) 
KeR888: posts small blind $0.50
KarP93: is sitting out 
Luan777Poker: posts big blind $1
*** HOLE CARDS ***
Red4erT: folds 
Pon4uk.ua: folds 
KongiKasi: raises $1.50 to $2.50
KeR888: folds 
Luan777Poker: calls $1.50
*** FLOP *** [Kh Td Qc]
Luan777Poker: checks 
KongiKasi: checks 
*** TURN *** [Kh Td Qc] [5s]
Luan777Poker: bets $1
KarP93 leaves the table
KongiKasi: folds 
Uncalled bet ($1) returned to Luan777Poker
Luan777Poker collected $5.22 from pot
*** SUMMARY ***
Total pot $5.50 | Rake $0.28 
Board [Kh Td Qc 5s]
Seat 2: KarP93
Seat 1: KeR888 (small blind) folded before Flop
Seat 3: Luan777Poker (big blind) collected ($5.22)
Seat 4: Red4erT folded before Flop (didn't bet)
Seat 5: Pon4uk.ua folded before Flop (didn't bet)
Seat 6: KongiKasi (button) folded on the Turn



PokerStars Hand #254619489049:  Hold'em No Limit ($0.50/$1.00 USD) - 2025/01/30 10:57:22 WET [2025/01/30 5:57:22 ET]
Table 'Jabbah' 6-max Seat #1 is the button
Seat 1: KeR888 ($103.56 in chips) 
Seat 3: Luan777Poker ($68.40 in chips) 
Seat 4: Red4erT ($45.05 in chips) 
Seat 5: Pon4uk.ua ($106.21 in chips) 
Seat 6: KongiKasi ($100.20 in chips) 
Luan777Poker: posts small blind $0.50
Red4erT: posts big blind $1
*** HOLE CARDS ***
Pon4uk.ua: folds 
KongiKasi: raises $1 to $2
KeR888: raises $4 to $6
Luan777Poker: folds 
Red4erT: folds 
Pippa83 joins the table at seat #2 
KongiKasi: raises $13 to $19
KeR888: calls $13
*** FLOP *** [8s Qc Kd]
KongiKasi: bets $18.76
KeR888: folds 
Uncalled bet ($18.76) returned to KongiKasi
KongiKasi collected $37.52 from pot
KongiKasi: doesn't show hand 
*** SUMMARY ***
Total pot $39.50 | Rake $1.98 
Board [8s Qc Kd]
Seat 1: KeR888 (button) folded on the Flop
Seat 3: Luan777Poker (small blind) folded before Flop
Seat 4: Red4erT (big blind) folded before Flop
Seat 5: Pon4uk.ua folded before Flop (didn't bet)
Seat 6: KongiKasi collected ($37.52)



PokerStars Hand #254619492825:  Hold'em No Limit ($0.50/$1.00 USD) - 2025/01/30 10:58:02 WET [2025/01/30 5:58:02 ET]
Table 'Jabbah' 6-max Seat #3 is the button
Seat 2: Pippa83 ($100 in chips) is sitting out
Seat 1: KeR888 ($100 in chips) 
Seat 3: Luan777Poker ($67.90 in chips) 
Seat 4: Red4erT ($44.05 in chips) 
Seat 5: Pon4uk.ua ($106.21 in chips) 
Seat 6: KongiKasi ($118.72 in chips) 
Red4erT: posts small blind $0.50
Pon4uk.ua: posts big blind $1
Pippa83: sits out 
*** HOLE CARDS ***
KongiKasi: folds 
KeR888: folds 
Luan777Poker: folds 
Red4erT: folds 
Uncalled bet ($0.50) returned to Pon4uk.ua
Pon4uk.ua collected $1 from pot
Pon4uk.ua: doesn't show hand 
*** SUMMARY ***
Total pot $1 | Rake $0 
Seat 2: Pippa83
Seat 1: KeR888 folded before Flop (didn't bet)
Seat 3: Luan777Poker (button) folded before Flop (didn't bet)
Seat 4: Red4erT (small blind) folded before Flop
Seat 5: Pon4uk.ua (big blind) collected ($1)
Seat 6: KongiKasi folded before Flop (didn't bet)



PokerStars Hand #254619493910:  Hold'em No Limit ($0.50/$1.00 USD) - 2025/01/30 10:58:13 WET [2025/01/30 5:58:13 ET]
Table 'Jabbah' 6-max Seat #4 is the button
Seat 2: Pippa83 ($100 in chips) is sitting out
Seat 1: KeR888 ($100 in chips) 
Seat 3: Luan777Poker ($67.90 in chips) 
Seat 4: Red4erT ($43.55 in chips) 
Seat 5: Pon4uk.ua ($106.71 in chips) 
Seat 6: KongiKasi ($118.72 in chips) 
Pon4uk.ua: posts small blind $0.50
KongiKasi: posts big blind $1
Pippa83: sits out 
*** HOLE CARDS ***
KeR888: folds 
Luan777Poker: raises $1 to $2
Red4erT: folds 
Pon4uk.ua: folds 
KongiKasi: folds 
Uncalled bet ($1) returned to Luan777Poker
Luan777Poker collected $2.50 from pot
*** SUMMARY ***
Total pot $2.50 | Rake $0 
Seat 2: Pippa83
Seat 1: KeR888 folded before Flop (didn't bet)
Seat 3: Luan777Poker collected ($2.50)
Seat 4: Red4erT (button) folded before Flop (didn't bet)
Seat 5: Pon4uk.ua (small blind) folded before Flop
Seat 6: KongiKasi (big blind) folded before Flop



PokerStars Hand #254619495636:  Hold'em No Limit ($0.50/$1.00 USD) - 2025/01/30 10:58:32 WET [2025/01/30 5:58:32 ET]
Table 'Jabbah' 6-max Seat #5 is the button
Seat 2: Pippa83 ($100 in chips) is sitting out
Seat 1: KeR888 ($100 in chips) 
Seat 3: Luan777Poker ($69.40 in chips) 
Seat 4: Red4erT ($43.55 in chips) 
Seat 5: Pon4uk.ua ($106.21 in chips) 
Seat 6: KongiKasi ($117.72 in chips) 
KongiKasi: posts small blind $0.50
KeR888: posts big blind $1
Pippa83: sits out 
*** HOLE CARDS ***
Luan777Poker: calls $1
Red4erT: folds 
Pon4uk.ua: folds 
KongiKasi: folds 
KeR888: checks 
*** FLOP *** [5h 5c Jh]
KeR888: checks 
Luan777Poker: checks 
*** TURN *** [5h 5c Jh] [Qs]
KeR888: checks 
Luan777Poker: checks 
*** RIVER *** [5h 5c Jh Qs] [7d]
KeR888: checks 
Luan777Poker: checks 
*** SHOW DOWN ***
KeR888: shows [Ac 4d] (a pair of Fives)
Luan777Poker: shows [3s Ah] (a pair of Fives)
KeR888 collected $1.19 from pot
Luan777Poker collected $1.19 from pot
*** SUMMARY ***
Total pot $2.50 | Rake $0.12 
Board [5h 5c Jh Qs 7d]
Seat 2: Pippa83
Seat 1: KeR888 (big blind) showed [Ac 4d] and won ($1.19) with a pair of Fives
Seat 3: Luan777Poker showed [3s Ah] and won ($1.19) with a pair of Fives
Seat 4: Red4erT folded before Flop (didn't bet)
Seat 5: Pon4uk.ua (button) folded before Flop (didn't bet)
Seat 6: KongiKasi (small blind) folded before Flop



PokerStars Hand #254619497929:  Hold'em No Limit ($0.50/$1.00 USD) - 2025/01/30 10:58:57 WET [2025/01/30 5:58:57 ET]
Table 'Jabbah' 6-max Seat #6 is the button
Seat 1: KeR888 ($100.19 in chips) 
Seat 2: Pippa83 ($100 in chips) 
Seat 3: Luan777Poker ($69.59 in chips) 
Seat 4: Red4erT ($43.55 in chips) 
Seat 5: Pon4uk.ua ($106.21 in chips) 
Seat 6: KongiKasi ($117.22 in chips) 
KeR888: posts small blind $0.50
Pippa83: posts big blind $1
*** HOLE CARDS ***
Luan777Poker: folds 
Red4erT: raises $1 to $2
Pon4uk.ua: folds 
KongiKasi: folds 
KeR888: folds 
Pippa83: folds 
Uncalled bet ($1) returned to Red4erT
Red4erT collected $2.50 from pot
Red4erT: doesn't show hand 
*** SUMMARY ***
Total pot $2.50 | Rake $0 
Seat 1: KeR888 (small blind) folded before Flop
Seat 2: Pippa83 (big blind) folded before Flop
Seat 3: Luan777Poker folded before Flop (didn't bet)
Seat 4: Red4erT collected ($2.50)
Seat 5: Pon4uk.ua folded before Flop (didn't bet)
Seat 6: KongiKasi (button) folded before Flop (didn't bet)



PokerStars Hand #254619500410:  Hold'em No Limit ($0.50/$1.00 USD) - 2025/01/30 10:59:24 WET [2025/01/30 5:59:24 ET]
Table 'Jabbah' 6-max Seat #1 is the button
Seat 1: KeR888 ($100 in chips) 
Seat 2: Pippa83 ($100 in chips) 
Seat 3: Luan777Poker ($69.59 in chips) 
Seat 4: Red4erT ($45.05 in chips) 
Seat 5: Pon4uk.ua ($106.21 in chips) 
Seat 6: KongiKasi ($117.22 in chips) 
Pippa83: posts small blind $0.50
Luan777Poker: posts big blind $1
*** HOLE CARDS ***
Red4erT: folds 
Pon4uk.ua: folds 
KongiKasi: raises $1 to $2
KeR888: folds 
Pippa83: folds 
Luan777Poker: calls $1
*** FLOP *** [5h 3h 7c]
Luan777Poker: checks 
KongiKasi: bets $1.16
Luan777Poker: calls $1.16
*** TURN *** [5h 3h 7c] [As]
Luan777Poker: checks 
KongiKasi: bets $3.24
Luan777Poker: calls $3.24
*** RIVER *** [5h 3h 7c As] [Ks]
Luan777Poker: bets $9.32
KongiKasi: calls $9.32
*** SHOW DOWN ***
Luan777Poker: shows [Td 2s] (high card Ace)
KongiKasi: shows [4h Kh] (a pair of Kings)
KongiKasi collected $30.34 from pot
*** SUMMARY ***
Total pot $31.94 | Rake $1.60 
Board [5h 3h 7c As Ks]
Seat 1: KeR888 (button) folded before Flop (didn't bet)
Seat 2: Pippa83 (small blind) folded before Flop
Seat 3: Luan777Poker (big blind) showed [Td 2s] and lost with high card Ace
Seat 4: Red4erT folded before Flop (didn't bet)
Seat 5: Pon4uk.ua folded before Flop (didn't bet)
Seat 6: KongiKasi showed [4h Kh] and won ($30.34) with a pair of Kings



PokerStars Hand #254619503920:  Hold'em No Limit ($0.50/$1.00 USD) - 2025/01/30 11:00:02 WET [2025/01/30 6:00:02 ET]
Table 'Jabbah' 6-max Seat #2 is the button
Seat 1: KeR888 ($100 in chips) 
Seat 2: Pippa83 ($100 in chips) 
Seat 3: Luan777Poker ($53.87 in chips) 
Seat 4: Red4erT ($45.05 in chips) 
Seat 5: Pon4uk.ua ($106.21 in chips) 
Seat 6: KongiKasi ($131.84 in chips) 
Luan777Poker: posts small blind $0.50
Red4erT: posts big blind $1
*** HOLE CARDS ***
Pon4uk.ua: folds 
KongiKasi: raises $1 to $2
KeR888: folds 
Pippa83: raises $5.50 to $7.50
Luan777Poker: folds 
Red4erT: folds 
KongiKasi: folds 
Uncalled bet ($5.50) returned to Pippa83
Pippa83 collected $5.50 from pot
Pippa83: doesn't show hand 
*** SUMMARY ***
Total pot $5.50 | Rake $0 
Seat 1: KeR888 folded before Flop (didn't bet)
Seat 2: Pippa83 (button) collected ($5.50)
Seat 3: Luan777Poker (small blind) folded before Flop
Seat 4: Red4erT (big blind) folded before Flop
Seat 5: Pon4uk.ua folded before Flop (didn't bet)
Seat 6: KongiKasi folded before Flop



PokerStars Hand #254619507450:  Hold'em No Limit ($0.50/$1.00 USD) - 2025/01/30 11:00:37 WET [2025/01/30 6:00:37 ET]
Table 'Jabbah' 6-max Seat #3 is the button
Seat 1: KeR888 ($100 in chips) 
Seat 2: Pippa83 ($103.50 in chips) 
Seat 3: Luan777Poker ($53.37 in chips) 
Seat 4: Red4erT ($44.05 in chips) 
Seat 5: Pon4uk.ua ($106.21 in chips) 
Seat 6: KongiKasi ($129.84 in chips) 
Red4erT: posts small blind $0.50
Pon4uk.ua: posts big blind $1
*** HOLE CARDS ***
KongiKasi: raises $1 to $2
KeR888: folds 
Pippa83: folds 
Luan777Poker: folds 
Red4erT: folds 
Pon4uk.ua: calls $1
*** FLOP *** [9d 4s 7d]
Pon4uk.ua: checks 
KongiKasi: checks 
*** TURN *** [9d 4s 7d] [8c]
Pon4uk.ua: bets $6.63
KongiKasi: folds 
Uncalled bet ($6.63) returned to Pon4uk.ua
Pon4uk.ua collected $4.28 from pot
Pon4uk.ua: doesn't show hand 
*** SUMMARY ***
Total pot $4.50 | Rake $0.22 
Board [9d 4s 7d 8c]
Seat 1: KeR888 folded before Flop (didn't bet)
Seat 2: Pippa83 folded before Flop (didn't bet)
Seat 3: Luan777Poker (button) folded before Flop (didn't bet)
Seat 4: Red4erT (small blind) folded before Flop
Seat 5: Pon4uk.ua (big blind) collected ($4.28)
Seat 6: KongiKasi folded on the Turn



PokerStars Hand #254619512075:  Hold'em No Limit ($0.50/$1.00 USD) - 2025/01/30 11:01:19 WET [2025/01/30 6:01:19 ET]
Table 'Jabbah' 6-max Seat #4 is the button
Seat 1: KeR888 ($100 in chips) 
Seat 2: Pippa83 ($103.50 in chips) 
Seat 3: Luan777Poker ($53.37 in chips) 
Seat 4: Red4erT ($43.55 in chips) 
Seat 5: Pon4uk.ua ($108.49 in chips) 
Seat 6: KongiKasi ($127.84 in chips) 
Pon4uk.ua: posts small blind $0.50
KongiKasi: posts big blind $1
*** HOLE CARDS ***
KeR888: folds 
Pippa83: folds 
Luan777Poker: folds 
Red4erT: raises $1 to $2
Pon4uk.ua: folds 
KongiKasi: folds 
Uncalled bet ($1) returned to Red4erT
Red4erT collected $2.50 from pot
Red4erT: doesn't show hand 
*** SUMMARY ***
Total pot $2.50 | Rake $0 
Seat 1: KeR888 folded before Flop (didn't bet)
Seat 2: Pippa83 folded before Flop (didn't bet)
Seat 3: Luan777Poker folded before Flop (didn't bet)
Seat 4: Red4erT (button) collected ($2.50)
Seat 5: Pon4uk.ua (small blind) folded before Flop
Seat 6: KongiKasi (big blind) folded before Flop



PokerStars Hand #254619513773:  Hold'em No Limit ($0.50/$1.00 USD) - 2025/01/30 11:01:35 WET [2025/01/30 6:01:35 ET]
Table 'Jabbah' 6-max Seat #5 is the button
Seat 1: KeR888 ($100 in chips) 
Seat 2: Pippa83 ($103.50 in chips) 
Seat 3: Luan777Poker ($53.37 in chips) 
Seat 4: Red4erT ($45.05 in chips) 
Seat 5: Pon4uk.ua ($107.99 in chips) 
Seat 6: KongiKasi ($126.84 in chips) 
KongiKasi: posts small blind $0.50
KeR888: posts big blind $1
*** HOLE CARDS ***
Pippa83: folds 
Luan777Poker: raises $1 to $2
Red4erT: folds 
Pon4uk.ua: folds 
KongiKasi: folds 
KeR888: folds 
Uncalled bet ($1) returned to Luan777Poker
Luan777Poker collected $2.50 from pot
*** SUMMARY ***
Total pot $2.50 | Rake $0 
Seat 1: KeR888 (big blind) folded before Flop
Seat 2: Pippa83 folded before Flop (didn't bet)
Seat 3: Luan777Poker collected ($2.50)
Seat 4: Red4erT folded before Flop (didn't bet)
Seat 5: Pon4uk.ua (button) folded before Flop (didn't bet)
Seat 6: KongiKasi (small blind) folded before Flop



PokerStars Hand #254619515222:  Hold'em No Limit ($0.50/$1.00 USD) - 2025/01/30 11:01:48 WET [2025/01/30 6:01:48 ET]
Table 'Jabbah' 6-max Seat #6 is the button
Seat 1: KeR888 ($100 in chips) 
Seat 2: Pippa83 ($103.50 in chips) 
Seat 3: Luan777Poker ($54.87 in chips) 
Seat 4: Red4erT ($45.05 in chips) 
Seat 5: Pon4uk.ua ($107.99 in chips) 
Seat 6: KongiKasi ($126.34 in chips) 
KeR888: posts small blind $0.50
Pippa83: posts big blind $1
*** HOLE CARDS ***
Luan777Poker: calls $1
Red4erT: folds 
Pon4uk.ua: folds 
KongiKasi: folds 
KeR888: folds 
Pippa83: raises $4.50 to $5.50
Luan777Poker: calls $4.50
*** FLOP *** [8s 9d 4d]
Pippa83: bets $2.73
Luan777Poker: calls $2.73
*** TURN *** [8s 9d 4d] [8c]
Pippa83: checks 
Luan777Poker: bets $11.06
Pippa83: folds 
Uncalled bet ($11.06) returned to Luan777Poker
Luan777Poker collected $16.11 from pot
*** SUMMARY ***
Total pot $16.96 | Rake $0.85 
Board [8s 9d 4d 8c]
Seat 1: KeR888 (small blind) folded before Flop
Seat 2: Pippa83 (big blind) folded on the Turn
Seat 3: Luan777Poker collected ($16.11)
Seat 4: Red4erT folded before Flop (didn't bet)
Seat 5: Pon4uk.ua folded before Flop (didn't bet)
Seat 6: KongiKasi (button) folded before Flop (didn't bet)



PokerStars Hand #254619524174:  Hold'em No Limit ($0.50/$1.00 USD) - 2025/01/30 11:03:07 WET [2025/01/30 6:03:07 ET]
Table 'Jabbah' 6-max Seat #1 is the button
Seat 1: KeR888 ($100 in chips) 
Seat 2: Pippa83 ($100 in chips) 
Seat 3: Luan777Poker ($62.75 in chips) 
Seat 4: Red4erT ($45.05 in chips) 
Seat 5: Pon4uk.ua ($107.99 in chips) 
Seat 6: KongiKasi ($126.34 in chips) 
Pippa83: posts small blind $0.50
Luan777Poker: posts big blind $1
*** HOLE CARDS ***
Red4erT: raises $1 to $2
Pon4uk.ua: folds 
KongiKasi: folds 
KeR888: raises $4.50 to $6.50
Pippa83: folds 
Luan777Poker: folds 
Red4erT: raises $38.55 to $45.05 and is all-in
KeR888: folds 
Uncalled bet ($38.55) returned to Red4erT
Red4erT collected $14.50 from pot
Red4erT: doesn't show hand 
*** SUMMARY ***
Total pot $14.50 | Rake $0 
Seat 1: KeR888 (button) folded before Flop
Seat 2: Pippa83 (small blind) folded before Flop
Seat 3: Luan777Poker (big blind) folded before Flop
Seat 4: Red4erT collected ($14.50)
Seat 5: Pon4uk.ua folded before Flop (didn't bet)
Seat 6: KongiKasi folded before Flop (didn't bet)



PokerStars Hand #254619528268:  Hold'em No Limit ($0.50/$1.00 USD) - 2025/01/30 11:03:42 WET [2025/01/30 6:03:42 ET]
Table 'Jabbah' 6-max Seat #2 is the button
Seat 1: KeR888 ($100 in chips) 
Seat 2: Pippa83 ($100 in chips) 
Seat 3: Luan777Poker ($61.75 in chips) 
Seat 4: Red4erT ($53.05 in chips) 
Seat 5: Pon4uk.ua ($107.99 in chips) 
Seat 6: KongiKasi ($126.34 in chips) 
Luan777Poker: posts small blind $0.50
Red4erT: posts big blind $1
*** HOLE CARDS ***
Pon4uk.ua: folds 
KongiKasi: folds 
KeR888: folds 
Pippa83: folds 
Luan777Poker: calls $0.50
Red4erT: checks 
*** FLOP *** [5d 9d Kc]
Luan777Poker: checks 
Red4erT: bets $1.43
Luan777Poker: calls $1.43
*** TURN *** [5d 9d Kc] [3c]
Luan777Poker: checks 
Red4erT: bets $3.47
Luan777Poker: folds 
Uncalled bet ($3.47) returned to Red4erT
Red4erT collected $4.62 from pot
Red4erT: doesn't show hand 
*** SUMMARY ***
Total pot $4.86 | Rake $0.24 
Board [5d 9d Kc 3c]
Seat 1: KeR888 folded before Flop (didn't bet)
Seat 2: Pippa83 (button) folded before Flop (didn't bet)
Seat 3: Luan777Poker (small blind) folded on the Turn
Seat 4: Red4erT (big blind) collected ($4.62)
Seat 5: Pon4uk.ua folded before Flop (didn't bet)
Seat 6: KongiKasi folded before Flop (didn't bet)



PokerStars Hand #254619533384:  Hold'em No Limit ($0.50/$1.00 USD) - 2025/01/30 11:04:27 WET [2025/01/30 6:04:27 ET]
Table 'Jabbah' 6-max Seat #3 is the button
Seat 1: KeR888 ($100 in chips) 
Seat 2: Pippa83 ($100 in chips) 
Seat 3: Luan777Poker ($59.32 in chips) 
Seat 4: Red4erT ($55.24 in chips) 
Seat 5: Pon4uk.ua ($107.99 in chips) 
Seat 6: KongiKasi ($126.34 in chips) 
Red4erT: posts small blind $0.50
Pon4uk.ua: posts big blind $1
*** HOLE CARDS ***
KongiKasi: folds 
KeR888: folds 
Pippa83: folds 
Luan777Poker: raises $1 to $2
Red4erT: calls $1.50
Pon4uk.ua: folds 
*** FLOP *** [Ah Kd 8d]
Red4erT: checks 
Luan777Poker: bets $3
Red4erT: folds 
Uncalled bet ($3) returned to Luan777Poker
Luan777Poker collected $4.75 from pot
*** SUMMARY ***
Total pot $5 | Rake $0.25 
Board [Ah Kd 8d]
Seat 1: KeR888 folded before Flop (didn't bet)
Seat 2: Pippa83 folded before Flop (didn't bet)
Seat 3: Luan777Poker (button) collected ($4.75)
Seat 4: Red4erT (small blind) folded on the Flop
Seat 5: Pon4uk.ua (big blind) folded before Flop
Seat 6: KongiKasi folded before Flop (didn't bet)



PokerStars Hand #254619538427:  Hold'em No Limit ($0.50/$1.00 USD) - 2025/01/30 11:05:11 WET [2025/01/30 6:05:11 ET]
Table 'Jabbah' 6-max Seat #4 is the button
Seat 1: KeR888 ($100 in chips) 
Seat 2: Pippa83 ($100 in chips) 
Seat 3: Luan777Poker ($62.07 in chips) 
Seat 4: Red4erT ($53.24 in chips) 
Seat 5: Pon4uk.ua ($106.99 in chips) 
Seat 6: KongiKasi ($126.34 in chips) 
Pon4uk.ua: posts small blind $0.50
KongiKasi: posts big blind $1
*** HOLE CARDS ***
KeR888: folds 
Pippa83: folds 
Luan777Poker: folds 
Luan777Poker leaves the table
KeR888 leaves the table
Red4erT: raises $1 to $2
Pon4uk.ua: folds 
KongiKasi: folds 
Uncalled bet ($1) returned to Red4erT
Red4erT collected $2.50 from pot
Red4erT: doesn't show hand 
*** SUMMARY ***
Total pot $2.50 | Rake $0 
Seat 1: KeR888 folded before Flop (didn't bet)
Seat 2: Pippa83 folded before Flop (didn't bet)
Seat 3: Luan777Poker folded before Flop (didn't bet)
Seat 4: Red4erT (button) collected ($2.50)
Seat 5: Pon4uk.ua (small blind) folded before Flop
Seat 6: KongiKasi (big blind) folded before Flop



PokerStars Hand #254619540476:  Hold'em No Limit ($0.50/$1.00 USD) - 2025/01/30 11:05:28 WET [2025/01/30 6:05:28 ET]
Table 'Jabbah' 6-max Seat #5 is the button
Seat 2: Pippa83 ($100 in chips) 
Seat 4: Red4erT ($54.74 in chips) 
Seat 5: Pon4uk.ua ($106.49 in chips) 
Seat 6: KongiKasi ($125.34 in chips) 
KongiKasi: posts small blind $0.50
Pippa83: posts big blind $1
*** HOLE CARDS ***
Red4erT: folds 
Pon4uk.ua: raises $1.50 to $2.50
KongiKasi: folds 
habib beye joins the table at seat #3 
Pippa83: folds 
Uncalled bet ($1.50) returned to Pon4uk.ua
Pon4uk.ua collected $2.50 from pot
Pon4uk.ua: doesn't show hand 
*** SUMMARY ***
Total pot $2.50 | Rake $0 
Seat 2: Pippa83 (big blind) folded before Flop
Seat 4: Red4erT folded before Flop (didn't bet)
Seat 5: Pon4uk.ua (button) collected ($2.50)
Seat 6: KongiKasi (small blind) folded before Flop



PokerStars Hand #254619542206:  Hold'em No Limit ($0.50/$1.00 USD) - 2025/01/30 11:05:44 WET [2025/01/30 6:05:44 ET]
Table 'Jabbah' 6-max Seat #6 is the button
Seat 2: Pippa83 ($100 in chips) 
Seat 3: habib beye ($100 in chips) 
Seat 4: Red4erT ($54.74 in chips) 
Seat 5: Pon4uk.ua ($107.99 in chips) 
Seat 6: KongiKasi ($124.84 in chips) 
Pippa83: posts small blind $0.50
habib beye: posts big blind $1
*** HOLE CARDS ***
Red4erT: folds 
Pon4uk.ua: folds 
KongiKasi: folds 
Pippa83: folds 
Uncalled bet ($0.50) returned to habib beye
habib beye collected $1 from pot
*** SUMMARY ***
Total pot $1 | Rake $0 
Seat 2: Pippa83 (small blind) folded before Flop
Seat 3: habib beye (big blind) collected ($1)
Seat 4: Red4erT folded before Flop (didn't bet)
Seat 5: Pon4uk.ua folded before Flop (didn't bet)
Seat 6: KongiKasi (button) folded before Flop (didn't bet)



PokerStars Hand #254619543330:  Hold'em No Limit ($0.50/$1.00 USD) - 2025/01/30 11:05:54 WET [2025/01/30 6:05:54 ET]
Table 'Jabbah' 6-max Seat #2 is the button
Seat 4: Red4erT ($54.74 in chips) is sitting out
Seat 2: Pippa83 ($100 in chips) 
Seat 3: habib beye ($100.50 in chips) 
Seat 5: Pon4uk.ua ($107.99 in chips) 
Seat 6: KongiKasi ($124.84 in chips) 
habib beye: posts small blind $0.50
Red4erT: is sitting out 
Pon4uk.ua: posts big blind $1
*** HOLE CARDS ***
KongiKasi: folds 
Red4erT leaves the table
Pippa83: raises $1.50 to $2.50
habib beye: raises $9.50 to $12
Pon4uk.ua: folds 
Pippa83: folds 
Uncalled bet ($9.50) returned to habib beye
habib beye collected $6 from pot
*** SUMMARY ***
Total pot $6 | Rake $0 
Seat 4: Red4erT
Seat 2: Pippa83 (button) folded before Flop
Seat 3: habib beye (small blind) collected ($6)
Seat 5: Pon4uk.ua (big blind) folded before Flop
Seat 6: KongiKasi folded before Flop (didn't bet)



PokerStars Hand #254619545831:  Hold'em No Limit ($0.50/$1.00 USD) - 2025/01/30 11:06:16 WET [2025/01/30 6:06:16 ET]
Table 'Jabbah' 6-max Seat #5 is the button
Seat 2: Pippa83 ($100 in chips) is sitting out
Seat 6: KongiKasi ($124.84 in chips) is sitting out
Seat 3: habib beye ($104 in chips) 
Seat 5: Pon4uk.ua ($106.99 in chips) 
Pon4uk.ua: posts small blind $0.50
KongiKasi: is sitting out 
Pippa83: is sitting out 
habib beye: posts big blind $1
*** HOLE CARDS ***
Pippa83 leaves the table
Pon4uk.ua: raises $1.50 to $2.50
habib beye: raises $7.50 to $10
Pon4uk.ua: folds 
Uncalled bet ($7.50) returned to habib beye
habib beye collected $5 from pot
*** SUMMARY ***
Total pot $5 | Rake $0 
Seat 2: Pippa83
Seat 6: KongiKasi
Seat 3: habib beye (big blind) collected ($5)
Seat 5: Pon4uk.ua (button) (small blind) folded before Flop



PokerStars Hand #254619547796:  Hold'em No Limit ($0.50/$1.00 USD) - 2025/01/30 11:06:33 WET [2025/01/30 6:06:33 ET]
Table 'Jabbah' 6-max Seat #3 is the button
Seat 6: KongiKasi ($124.84 in chips) is sitting out
Seat 3: habib beye ($106.50 in chips) 
Seat 5: Pon4uk.ua ($104.49 in chips) 
habib beye: posts small blind $0.50
Pon4uk.ua: posts big blind $1
*** HOLE CARDS ***
habib beye: raises $1.50 to $2.50
Pon4uk.ua: folds 
Uncalled bet ($1.50) returned to habib beye
habib beye collected $2 from pot
Pon4uk.ua leaves the table
*** SUMMARY ***
Total pot $2 | Rake $0 
Seat 6: KongiKasi
Seat 3: habib beye (button) (small blind) collected ($2)
Seat 5: Pon4uk.ua (big blind) folded before Flop



