PokerStars Hand #254628692721:  Hold'em No Limit ($0.50/$1.00 USD) - 2025/01/30 21:57:38 WET [2025/01/30 16:57:38 ET]
Table 'Wallia' 6-max Seat #5 is the button
Seat 4: Kunmadalin ($20.34 in chips) 
Seat 5: Espada Fish ($100 in chips) 
Espada Fish: posts small blind $0.50
Kunmadalin: posts big blind $1
*** HOLE CARDS ***
Axoulabete joins the table at seat #6 
Axoulabete is disconnected 
Espada Fish: folds 
Uncalled bet ($0.50) returned to Kunmadalin
Kunmadalin collected $1 from pot
*** SUMMARY ***
Total pot $1 | Rake $0 
Seat 4: Kunmadalin (big blind) collected ($1)
Seat 5: Espada Fish (button) (small blind) folded before Flop



PokerStars Hand #254628694249:  Hold'em No Limit ($0.50/$1.00 USD) - 2025/01/30 21:57:45 WET [2025/01/30 16:57:45 ET]
Table 'Wallia' 6-max Seat #4 is the button
Seat 4: Kunmadalin ($20.84 in chips) 
Seat 5: Espada Fish ($100 in chips) 
Seat 6: Axoulabete ($100 in chips) 
Espada Fish: posts small blind $0.50
Axoulabete: posts big blind $1
*** HOLE CARDS ***
YeeesMan joins the table at seat #1 
Kunmadalin: folds 
Espada Fish: folds 
Uncalled bet ($0.50) returned to Axoulabete
Axoulabete collected $1 from pot
*** SUMMARY ***
Total pot $1 | Rake $0 
Seat 4: Kunmadalin (button) folded before Flop (didn't bet)
Seat 5: Espada Fish (small blind) folded before Flop
Seat 6: Axoulabete (big blind) collected ($1)



PokerStars Hand #254628696382:  Hold'em No Limit ($0.50/$1.00 USD) - 2025/01/30 21:57:55 WET [2025/01/30 16:57:55 ET]
Table 'Wallia' 6-max Seat #5 is the button
Seat 1: YeeesMan ($100 in chips) 
Seat 4: Kunmadalin ($20.84 in chips) 
Seat 5: Espada Fish ($100 in chips) 
Seat 6: Axoulabete ($100.50 in chips) 
Axoulabete: posts small blind $0.50
YeeesMan: posts big blind $1
*** HOLE CARDS ***
Kunmadalin: raises $1 to $2
Espada Fish: folds 
Axoulabete: calls $1.50
YeeesMan: raises $10 to $12
Kunmadalin: folds 
Axoulabete: folds 
Uncalled bet ($10) returned to YeeesMan
YeeesMan collected $6 from pot
YeeesMan: doesn't show hand 
*** SUMMARY ***
Total pot $6 | Rake $0 
Seat 1: YeeesMan (big blind) collected ($6)
Seat 4: Kunmadalin folded before Flop
Seat 5: Espada Fish (button) folded before Flop (didn't bet)
Seat 6: Axoulabete (small blind) folded before Flop



PokerStars Hand #254628702235:  Hold'em No Limit ($0.50/$1.00 USD) - 2025/01/30 21:58:22 WET [2025/01/30 16:58:22 ET]
Table 'Wallia' 6-max Seat #6 is the button
Seat 1: YeeesMan ($104 in chips) 
Seat 4: Kunmadalin ($18.84 in chips) 
Seat 5: Espada Fish ($100 in chips) 
Seat 6: Axoulabete ($98.50 in chips) 
YeeesMan: posts small blind $0.50
Kunmadalin: posts big blind $1
*** HOLE CARDS ***
Espada Fish: raises $1.20 to $2.20
Axoulabete: folds 
YeeesMan: folds 
Kunmadalin: raises $16.64 to $18.84 and is all-in
Espada Fish: folds 
Uncalled bet ($16.64) returned to Kunmadalin
Kunmadalin collected $4.90 from pot
*** SUMMARY ***
Total pot $4.90 | Rake $0 
Seat 1: YeeesMan (small blind) folded before Flop
Seat 4: Kunmadalin (big blind) collected ($4.90)
Seat 5: Espada Fish folded before Flop
Seat 6: Axoulabete (button) folded before Flop (didn't bet)



PokerStars Hand #254628708088:  Hold'em No Limit ($0.50/$1.00 USD) - 2025/01/30 21:58:49 WET [2025/01/30 16:58:49 ET]
Table 'Wallia' 6-max Seat #1 is the button
Seat 1: YeeesMan ($103.50 in chips) 
Seat 4: Kunmadalin ($21.54 in chips) 
Seat 5: Espada Fish ($100 in chips) 
Seat 6: Axoulabete ($98.50 in chips) 
Kunmadalin: posts small blind $0.50
Espada Fish: posts big blind $1
*** HOLE CARDS ***
Axoulabete: folds 
YeeesMan: folds 
Kunmadalin: folds 
Uncalled bet ($0.50) returned to Espada Fish
Espada Fish collected $1 from pot
Espada Fish: doesn't show hand 
*** SUMMARY ***
Total pot $1 | Rake $0 
Seat 1: YeeesMan (button) folded before Flop (didn't bet)
Seat 4: Kunmadalin (small blind) folded before Flop
Seat 5: Espada Fish (big blind) collected ($1)
Seat 6: Axoulabete folded before Flop (didn't bet)



PokerStars Hand #254628709397:  Hold'em No Limit ($0.50/$1.00 USD) - 2025/01/30 21:58:55 WET [2025/01/30 16:58:55 ET]
Table 'Wallia' 6-max Seat #4 is the button
Seat 1: YeeesMan ($103.50 in chips) 
Seat 4: Kunmadalin ($21.04 in chips) 
Seat 5: Espada Fish ($100.50 in chips) 
Seat 6: Axoulabete ($98.50 in chips) 
Espada Fish: posts small blind $0.50
Axoulabete: posts big blind $1
*** HOLE CARDS ***
shootingGRID joins the table at seat #3 
YeeesMan: folds 
Kunmadalin: folds 
createyouracc joins the table at seat #2 
createyouracc is disconnected 
Espada Fish: raises $2 to $3
Axoulabete: folds 
Uncalled bet ($2) returned to Espada Fish
Espada Fish collected $2 from pot
Espada Fish: doesn't show hand 
*** SUMMARY ***
Total pot $2 | Rake $0 
Seat 1: YeeesMan folded before Flop (didn't bet)
Seat 4: Kunmadalin (button) folded before Flop (didn't bet)
Seat 5: Espada Fish (small blind) collected ($2)
Seat 6: Axoulabete (big blind) folded before Flop



PokerStars Hand #254628714325:  Hold'em No Limit ($0.50/$1.00 USD) - 2025/01/30 21:59:18 WET [2025/01/30 16:59:18 ET]
Table 'Wallia' 6-max Seat #5 is the button
Seat 3: shootingGRID ($100 in chips) is sitting out
Seat 1: YeeesMan ($103.50 in chips) 
Seat 2: createyouracc ($10 in chips) 
Seat 4: Kunmadalin ($21.04 in chips) 
Seat 5: Espada Fish ($101.50 in chips) 
Seat 6: Axoulabete ($97.50 in chips) 
Axoulabete: posts small blind $0.50
YeeesMan: posts big blind $1
createyouracc: posts big blind $1
shootingGRID: sits out 
*** HOLE CARDS ***
createyouracc: raises $2 to $3
Kunmadalin: folds 
Espada Fish: folds 
Axoulabete: folds 
YeeesMan: calls $2
*** FLOP *** [8h 7c 4h]
YeeesMan: checks 
createyouracc: bets $7 and is all-in
YeeesMan: calls $7
*** TURN *** [8h 7c 4h] [3c]
*** RIVER *** [8h 7c 4h 3c] [Jd]
*** SHOW DOWN ***
YeeesMan: shows [8s 9s] (a pair of Eights)
createyouracc: shows [8d 9c] (a pair of Eights)
YeeesMan collected $9.74 from pot
createyouracc collected $9.74 from pot
*** SUMMARY ***
Total pot $20.50 | Rake $1.02 
Board [8h 7c 4h 3c Jd]
Seat 3: shootingGRID
Seat 1: YeeesMan (big blind) showed [8s 9s] and won ($9.74) with a pair of Eights
Seat 2: createyouracc showed [8d 9c] and won ($9.74) with a pair of Eights
Seat 4: Kunmadalin folded before Flop (didn't bet)
Seat 5: Espada Fish (button) folded before Flop (didn't bet)
Seat 6: Axoulabete (small blind) folded before Flop



PokerStars Hand #254628720218:  Hold'em No Limit ($0.50/$1.00 USD) - 2025/01/30 21:59:46 WET [2025/01/30 16:59:46 ET]
Table 'Wallia' 6-max Seat #6 is the button
Seat 3: shootingGRID ($100 in chips) is sitting out
Seat 1: YeeesMan ($103.24 in chips) 
Seat 2: createyouracc ($9.74 in chips) 
Seat 4: Kunmadalin ($21.04 in chips) 
Seat 5: Espada Fish ($101.50 in chips) 
Seat 6: Axoulabete ($97 in chips) 
YeeesMan: posts small blind $0.50
createyouracc: posts big blind $1
shootingGRID: sits out 
*** HOLE CARDS ***
Kunmadalin: folds 
Espada Fish: folds 
Axoulabete: folds 
YeeesMan: folds 
Uncalled bet ($0.50) returned to createyouracc
createyouracc collected $1 from pot
Axoulabete leaves the table
*** SUMMARY ***
Total pot $1 | Rake $0 
Seat 3: shootingGRID
Seat 1: YeeesMan (small blind) folded before Flop
Seat 2: createyouracc (big blind) collected ($1)
Seat 4: Kunmadalin folded before Flop (didn't bet)
Seat 5: Espada Fish folded before Flop (didn't bet)
Seat 6: Axoulabete (button) folded before Flop (didn't bet)



PokerStars Hand #254628724010:  Hold'em No Limit ($0.50/$1.00 USD) - 2025/01/30 22:00:03 WET [2025/01/30 17:00:03 ET]
Table 'Wallia' 6-max Seat #1 is the button
Seat 1: YeeesMan ($102.74 in chips) 
Seat 2: createyouracc ($10.24 in chips) 
Seat 3: shootingGRID ($100 in chips) 
Seat 4: Kunmadalin ($21.04 in chips) 
Seat 5: Espada Fish ($101.50 in chips) 
createyouracc: posts small blind $0.50
shootingGRID: posts big blind $1
*** HOLE CARDS ***
Kunmadalin: folds 
Espada Fish: folds 
YeeesMan: folds 
createyouracc: folds 
Uncalled bet ($0.50) returned to shootingGRID
shootingGRID collected $1 from pot
*** SUMMARY ***
Total pot $1 | Rake $0 
Seat 1: YeeesMan (button) folded before Flop (didn't bet)
Seat 2: createyouracc (small blind) folded before Flop
Seat 3: shootingGRID (big blind) collected ($1)
Seat 4: Kunmadalin folded before Flop (didn't bet)
Seat 5: Espada Fish folded before Flop (didn't bet)



PokerStars Hand #254628726026:  Hold'em No Limit ($0.50/$1.00 USD) - 2025/01/30 22:00:13 WET [2025/01/30 17:00:13 ET]
Table 'Wallia' 6-max Seat #2 is the button
Seat 1: YeeesMan ($102.74 in chips) 
Seat 2: createyouracc ($9.74 in chips) 
Seat 3: shootingGRID ($100.50 in chips) 
Seat 4: Kunmadalin ($21.04 in chips) 
Seat 5: Espada Fish ($101.50 in chips) 
shootingGRID: posts small blind $0.50
Kunmadalin: posts big blind $1
*** HOLE CARDS ***
Espada Fish: folds 
YeeesMan: folds 
createyouracc: raises $2 to $3
shootingGRID: folds 
Kunmadalin: folds 
Uncalled bet ($2) returned to createyouracc
createyouracc collected $2.50 from pot
*** SUMMARY ***
Total pot $2.50 | Rake $0 
Seat 1: YeeesMan folded before Flop (didn't bet)
Seat 2: createyouracc (button) collected ($2.50)
Seat 3: shootingGRID (small blind) folded before Flop
Seat 4: Kunmadalin (big blind) folded before Flop
Seat 5: Espada Fish folded before Flop (didn't bet)



PokerStars Hand #254628729994:  Hold'em No Limit ($0.50/$1.00 USD) - 2025/01/30 22:00:31 WET [2025/01/30 17:00:31 ET]
Table 'Wallia' 6-max Seat #3 is the button
Seat 1: YeeesMan ($102.74 in chips) 
Seat 2: createyouracc ($11.24 in chips) 
Seat 3: shootingGRID ($100 in chips) 
Seat 4: Kunmadalin ($20.04 in chips) 
Seat 5: Espada Fish ($101.50 in chips) 
Kunmadalin: posts small blind $0.50
Espada Fish: posts big blind $1
*** HOLE CARDS ***
YeeesMan: raises $1.50 to $2.50
createyouracc: folds 
XneferX joins the table at seat #6 
shootingGRID: raises $5 to $7.50
Kunmadalin: folds 
Espada Fish: folds 
YeeesMan: calls $5
*** FLOP *** [9h 2d 2c]
YeeesMan: checks 
shootingGRID: bets $5.17
YeeesMan: folds 
Uncalled bet ($5.17) returned to shootingGRID
Kunmadalin is disconnected 
shootingGRID collected $15.68 from pot
*** SUMMARY ***
Total pot $16.50 | Rake $0.82 
Board [9h 2d 2c]
Seat 1: YeeesMan folded on the Flop
Seat 2: createyouracc folded before Flop (didn't bet)
Seat 3: shootingGRID (button) collected ($15.68)
Seat 4: Kunmadalin (small blind) folded before Flop
Seat 5: Espada Fish (big blind) folded before Flop



PokerStars Hand #254628743549:  Hold'em No Limit ($0.50/$1.00 USD) - 2025/01/30 22:01:26 WET [2025/01/30 17:01:26 ET]
Table 'Wallia' 6-max Seat #4 is the button
Seat 1: YeeesMan ($100 in chips) 
Seat 2: createyouracc ($11.24 in chips) 
Seat 3: shootingGRID ($108.18 in chips) 
Seat 4: Kunmadalin ($19.54 in chips) 
Seat 5: Espada Fish ($100.50 in chips) 
Seat 6: XneferX ($100 in chips) 
Espada Fish: posts small blind $0.50
XneferX: posts big blind $1
*** HOLE CARDS ***
YeeesMan: raises $1.50 to $2.50
createyouracc: folds 
shootingGRID: folds 
Kunmadalin: folds 
Espada Fish: folds 
XneferX: folds 
Uncalled bet ($1.50) returned to YeeesMan
YeeesMan collected $2.50 from pot
YeeesMan: doesn't show hand 
*** SUMMARY ***
Total pot $2.50 | Rake $0 
Seat 1: YeeesMan collected ($2.50)
Seat 2: createyouracc folded before Flop (didn't bet)
Seat 3: shootingGRID folded before Flop (didn't bet)
Seat 4: Kunmadalin (button) folded before Flop (didn't bet)
Seat 5: Espada Fish (small blind) folded before Flop
Seat 6: XneferX (big blind) folded before Flop



PokerStars Hand #254628749665:  Hold'em No Limit ($0.50/$1.00 USD) - 2025/01/30 22:01:49 WET [2025/01/30 17:01:49 ET]
Table 'Wallia' 6-max Seat #5 is the button
Seat 1: YeeesMan ($101.50 in chips) is sitting out
Seat 2: createyouracc ($11.24 in chips) 
Seat 3: shootingGRID ($108.18 in chips) 
Seat 4: Kunmadalin ($19.54 in chips) 
Seat 5: Espada Fish ($100 in chips) 
Seat 6: XneferX ($100 in chips) 
XneferX: posts small blind $0.50
YeeesMan: is sitting out 
createyouracc: posts big blind $1
*** HOLE CARDS ***
shootingGRID: folds 
YeeesMan leaves the table
Kunmadalin: raises $1 to $2
Espada Fish: folds 
XneferX: calls $1.50
createyouracc: raises $4 to $6
Kunmadalin: folds 
XneferX: raises $7.50 to $13.50
createyouracc: calls $5.24 and is all-in
Uncalled bet ($2.26) returned to XneferX
*** FLOP *** [3s 4d Kc]
*** TURN *** [3s 4d Kc] [Qc]
*** RIVER *** [3s 4d Kc Qc] [As]
*** SHOW DOWN ***
XneferX: shows [5s 5d] (a pair of Fives)
createyouracc: shows [Kh Kd] (three of a kind, Kings)
createyouracc collected $23.26 from pot
XneferX cashed out the hand for $4.45 | Cash Out Fee $0.09
*** SUMMARY ***
Total pot $24.48 | Rake $1.22 
Board [3s 4d Kc Qc As]
Seat 1: YeeesMan
Seat 2: createyouracc (big blind) showed [Kh Kd] and won ($23.26) with three of a kind, Kings
Seat 3: shootingGRID folded before Flop (didn't bet)
Seat 4: Kunmadalin folded before Flop
Seat 5: Espada Fish (button) folded before Flop (didn't bet)
Seat 6: XneferX (small blind) showed [5s 5d] and lost with a pair of Fives (cashed out).



PokerStars Hand #254628761942:  Hold'em No Limit ($0.50/$1.00 USD) - 2025/01/30 22:02:31 WET [2025/01/30 17:02:31 ET]
Table 'Wallia' 6-max Seat #6 is the button
Seat 2: createyouracc ($23.26 in chips) 
Seat 3: shootingGRID ($108.18 in chips) 
Seat 4: Kunmadalin ($17.54 in chips) 
Seat 5: Espada Fish ($100 in chips) 
Seat 6: XneferX ($100 in chips) 
createyouracc: posts small blind $0.50
shootingGRID: posts big blind $1
*** HOLE CARDS ***
Kunmadalin: raises $1 to $2
Espada Fish: folds 
XneferX: folds 
createyouracc: folds 
Nazareno1999 joins the table at seat #1 
shootingGRID: calls $1
*** FLOP *** [7s As 3d]
shootingGRID: checks 
Kunmadalin: checks 
*** TURN *** [7s As 3d] [Td]
shootingGRID: bets $2.14
Kunmadalin: calls $2.14
*** RIVER *** [7s As 3d Td] [Qc]
shootingGRID: checks 
Kunmadalin: checks 
*** SHOW DOWN ***
shootingGRID: shows [Js 4s] (high card Ace)
Kunmadalin: shows [6c 6h] (a pair of Sixes)
Kunmadalin collected $8.34 from pot
*** SUMMARY ***
Total pot $8.78 | Rake $0.44 
Board [7s As 3d Td Qc]
Seat 2: createyouracc (small blind) folded before Flop
Seat 3: shootingGRID (big blind) showed [Js 4s] and lost with high card Ace
Seat 4: Kunmadalin showed [6c 6h] and won ($8.34) with a pair of Sixes
Seat 5: Espada Fish folded before Flop (didn't bet)
Seat 6: XneferX (button) folded before Flop (didn't bet)



PokerStars Hand #254628772131:  Hold'em No Limit ($0.50/$1.00 USD) - 2025/01/30 22:03:07 WET [2025/01/30 17:03:07 ET]
Table 'Wallia' 6-max Seat #2 is the button
Seat 1: Nazareno1999 ($100 in chips) is sitting out
Seat 2: createyouracc ($22.76 in chips) 
Seat 3: shootingGRID ($104.04 in chips) 
Seat 4: Kunmadalin ($21.74 in chips) 
Seat 5: Espada Fish ($100 in chips) 
Seat 6: XneferX ($100 in chips) 
shootingGRID: posts small blind $0.50
Kunmadalin: posts big blind $1
Nazareno1999: sits out 
*** HOLE CARDS ***
Espada Fish: folds 
XneferX: folds 
createyouracc: folds 
shootingGRID: folds 
Uncalled bet ($0.50) returned to Kunmadalin
Kunmadalin collected $1 from pot
*** SUMMARY ***
Total pot $1 | Rake $0 
Seat 1: Nazareno1999
Seat 2: createyouracc (button) folded before Flop (didn't bet)
Seat 3: shootingGRID (small blind) folded before Flop
Seat 4: Kunmadalin (big blind) collected ($1)
Seat 5: Espada Fish folded before Flop (didn't bet)
Seat 6: XneferX folded before Flop (didn't bet)



PokerStars Hand #254628776399:  Hold'em No Limit ($0.50/$1.00 USD) - 2025/01/30 22:03:22 WET [2025/01/30 17:03:22 ET]
Table 'Wallia' 6-max Seat #3 is the button
Seat 1: Nazareno1999 ($100 in chips) is sitting out
Seat 5: Espada Fish ($100 in chips) is sitting out
Seat 2: createyouracc ($22.76 in chips) 
Seat 3: shootingGRID ($103.54 in chips) 
Seat 4: Kunmadalin ($22.24 in chips) 
Seat 6: XneferX ($100 in chips) 
Kunmadalin: posts small blind $0.50
Espada Fish: is sitting out 
XneferX: posts big blind $1
Nazareno1999: sits out 
*** HOLE CARDS ***
createyouracc: calls $1
shootingGRID: folds 
Kunmadalin: calls $0.50
XneferX: raises $4 to $5
createyouracc: folds 
Kunmadalin: folds 
Uncalled bet ($4) returned to XneferX
XneferX collected $3 from pot
XneferX: doesn't show hand 
*** SUMMARY ***
Total pot $3 | Rake $0 
Seat 1: Nazareno1999
Seat 5: Espada Fish
Seat 2: createyouracc folded before Flop
Seat 3: shootingGRID (button) folded before Flop (didn't bet)
Seat 4: Kunmadalin (small blind) folded before Flop
Seat 6: XneferX (big blind) collected ($3)



PokerStars Hand #254628786109:  Hold'em No Limit ($0.50/$1.00 USD) - 2025/01/30 22:03:55 WET [2025/01/30 17:03:55 ET]
Table 'Wallia' 6-max Seat #4 is the button
Seat 5: Espada Fish ($100 in chips) is sitting out
Seat 1: Nazareno1999 ($100 in chips) 
Seat 2: createyouracc ($21.76 in chips) 
Seat 3: shootingGRID ($103.54 in chips) 
Seat 4: Kunmadalin ($21.24 in chips) 
Seat 6: XneferX ($102 in chips) 
XneferX: posts small blind $0.50
Nazareno1999: posts big blind $1
*** HOLE CARDS ***
createyouracc: folds 
shootingGRID: folds 
Kunmadalin: folds 
XneferX: folds 
Uncalled bet ($0.50) returned to Nazareno1999
Nazareno1999 collected $1 from pot
Nazareno1999: doesn't show hand 
*** SUMMARY ***
Total pot $1 | Rake $0 
Seat 5: Espada Fish
Seat 1: Nazareno1999 (big blind) collected ($1)
Seat 2: createyouracc folded before Flop (didn't bet)
Seat 3: shootingGRID folded before Flop (didn't bet)
Seat 4: Kunmadalin (button) folded before Flop (didn't bet)
Seat 6: XneferX (small blind) folded before Flop



PokerStars Hand #254628789854:  Hold'em No Limit ($0.50/$1.00 USD) - 2025/01/30 22:04:08 WET [2025/01/30 17:04:08 ET]
Table 'Wallia' 6-max Seat #6 is the button
Seat 5: Espada Fish ($100 in chips) is sitting out
Seat 1: Nazareno1999 ($100.50 in chips) 
Seat 2: createyouracc ($21.76 in chips) 
Seat 3: shootingGRID ($103.54 in chips) 
Seat 4: Kunmadalin ($21.24 in chips) 
Seat 6: XneferX ($101.50 in chips) 
Nazareno1999: posts small blind $0.50
createyouracc: posts big blind $1
Espada Fish: sits out 
*** HOLE CARDS ***
shootingGRID: folds 
Kunmadalin: raises $2.24 to $3.24
XneferX: folds 
Nazareno1999: folds 
createyouracc: calls $2.24
*** FLOP *** [6c Ad 9d]
createyouracc: checks 
Kunmadalin: bets $3.32
createyouracc: raises $15.20 to $18.52 and is all-in
Kunmadalin: calls $14.68 and is all-in
Uncalled bet ($0.52) returned to createyouracc
*** TURN *** [6c Ad 9d] [Jh]
*** RIVER *** [6c Ad 9d Jh] [Js]
*** SHOW DOWN ***
createyouracc: shows [Qh Ah] (two pair, Aces and Jacks)
Kunmadalin: shows [Kh As] (two pair, Aces and Jacks - King kicker)
Kunmadalin collected $40.83 from pot
*** SUMMARY ***
Total pot $42.98 | Rake $2.15 
Board [6c Ad 9d Jh Js]
Seat 5: Espada Fish
Seat 1: Nazareno1999 (small blind) folded before Flop
Seat 2: createyouracc (big blind) showed [Qh Ah] and lost with two pair, Aces and Jacks
Seat 3: shootingGRID folded before Flop (didn't bet)
Seat 4: Kunmadalin showed [Kh As] and won ($40.83) with two pair, Aces and Jacks
Seat 6: XneferX (button) folded before Flop (didn't bet)



PokerStars Hand #254628798689:  Hold'em No Limit ($0.50/$1.00 USD) - 2025/01/30 22:04:38 WET [2025/01/30 17:04:38 ET]
Table 'Wallia' 6-max Seat #1 is the button
Seat 2: createyouracc ($0.52 in chips) is sitting out
Seat 5: Espada Fish ($100 in chips) is sitting out
Seat 1: Nazareno1999 ($100 in chips) 
Seat 3: shootingGRID ($103.54 in chips) 
Seat 4: Kunmadalin ($40.83 in chips) 
Seat 6: XneferX ($101.50 in chips) 
shootingGRID: posts small blind $0.50
Kunmadalin: posts big blind $1
Espada Fish: sits out 
*** HOLE CARDS ***
XneferX: folds 
Nazareno1999: folds 
shootingGRID: folds 
Uncalled bet ($0.50) returned to Kunmadalin
Kunmadalin collected $1 from pot
*** SUMMARY ***
Total pot $1 | Rake $0 
Seat 2: createyouracc
Seat 5: Espada Fish
Seat 1: Nazareno1999 (button) folded before Flop (didn't bet)
Seat 3: shootingGRID (small blind) folded before Flop
Seat 4: Kunmadalin (big blind) collected ($1)
Seat 6: XneferX folded before Flop (didn't bet)



PokerStars Hand #254628804100:  Hold'em No Limit ($0.50/$1.00 USD) - 2025/01/30 22:04:56 WET [2025/01/30 17:04:56 ET]
Table 'Wallia' 6-max Seat #3 is the button
Seat 1: Nazareno1999 ($100 in chips) 
Seat 2: createyouracc ($10 in chips) 
Seat 3: shootingGRID ($103.04 in chips) 
Seat 4: Kunmadalin ($41.33 in chips) 
Seat 5: Espada Fish ($100 in chips) 
Seat 6: XneferX ($101.50 in chips) 
Kunmadalin: posts small blind $0.50
Espada Fish: posts big blind $1
createyouracc: posts small blind $0.50
*** HOLE CARDS ***
XneferX: folds 
Nazareno1999: folds 
createyouracc: folds 
shootingGRID: folds 
Kunmadalin: folds 
Uncalled bet ($0.50) returned to Espada Fish
Espada Fish collected $1.50 from pot
Espada Fish: doesn't show hand 
*** SUMMARY ***
Total pot $1.50 | Rake $0 
Seat 1: Nazareno1999 folded before Flop (didn't bet)
Seat 2: createyouracc folded before Flop (didn't bet)
Seat 3: shootingGRID (button) folded before Flop (didn't bet)
Seat 4: Kunmadalin (small blind) folded before Flop
Seat 5: Espada Fish (big blind) collected ($1.50)
Seat 6: XneferX folded before Flop (didn't bet)



PokerStars Hand #254628810060:  Hold'em No Limit ($0.50/$1.00 USD) - 2025/01/30 22:05:17 WET [2025/01/30 17:05:17 ET]
Table 'Wallia' 6-max Seat #4 is the button
Seat 1: Nazareno1999 ($100 in chips) 
Seat 2: createyouracc ($9.50 in chips) 
Seat 3: shootingGRID ($103.04 in chips) 
Seat 4: Kunmadalin ($40.83 in chips) 
Seat 5: Espada Fish ($101 in chips) 
Seat 6: XneferX ($101.50 in chips) 
Espada Fish: posts small blind $0.50
XneferX: posts big blind $1
*** HOLE CARDS ***
Nazareno1999: folds 
createyouracc: raises $8.50 to $9.50 and is all-in
shootingGRID: folds 
Kunmadalin: folds 
Espada Fish: folds 
XneferX: folds 
Uncalled bet ($8.50) returned to createyouracc
createyouracc collected $2.50 from pot
*** SUMMARY ***
Total pot $2.50 | Rake $0 
Seat 1: Nazareno1999 folded before Flop (didn't bet)
Seat 2: createyouracc collected ($2.50)
Seat 3: shootingGRID folded before Flop (didn't bet)
Seat 4: Kunmadalin (button) folded before Flop (didn't bet)
Seat 5: Espada Fish (small blind) folded before Flop
Seat 6: XneferX (big blind) folded before Flop



PokerStars Hand #254628813634:  Hold'em No Limit ($0.50/$1.00 USD) - 2025/01/30 22:05:29 WET [2025/01/30 17:05:29 ET]
Table 'Wallia' 6-max Seat #5 is the button
Seat 1: Nazareno1999 ($100 in chips) 
Seat 2: createyouracc ($11 in chips) 
Seat 3: shootingGRID ($103.04 in chips) 
Seat 4: Kunmadalin ($40.83 in chips) 
Seat 5: Espada Fish ($100.50 in chips) 
Seat 6: XneferX ($100.50 in chips) 
XneferX: posts small blind $0.50
Nazareno1999: posts big blind $1
*** HOLE CARDS ***
createyouracc: raises $10 to $11 and is all-in
shootingGRID: folds 
Kunmadalin: folds 
Espada Fish: folds 
XneferX: folds 
Nazareno1999: folds 
Uncalled bet ($10) returned to createyouracc
createyouracc collected $2.50 from pot
*** SUMMARY ***
Total pot $2.50 | Rake $0 
Seat 1: Nazareno1999 (big blind) folded before Flop
Seat 2: createyouracc collected ($2.50)
Seat 3: shootingGRID folded before Flop (didn't bet)
Seat 4: Kunmadalin folded before Flop (didn't bet)
Seat 5: Espada Fish (button) folded before Flop (didn't bet)
Seat 6: XneferX (small blind) folded before Flop



PokerStars Hand #254628819670:  Hold'em No Limit ($0.50/$1.00 USD) - 2025/01/30 22:05:49 WET [2025/01/30 17:05:49 ET]
Table 'Wallia' 6-max Seat #6 is the button
Seat 1: Nazareno1999 ($100 in chips) 
Seat 2: createyouracc ($12.50 in chips) 
Seat 3: shootingGRID ($103.04 in chips) 
Seat 4: Kunmadalin ($40.83 in chips) 
Seat 5: Espada Fish ($100.50 in chips) 
Seat 6: XneferX ($100 in chips) 
Nazareno1999: posts small blind $0.50
createyouracc: posts big blind $1
*** HOLE CARDS ***
shootingGRID: folds 
Kunmadalin: folds 
Espada Fish: folds 
XneferX: folds 
Nazareno1999: raises $1 to $2
createyouracc: raises $10.50 to $12.50 and is all-in
Nazareno1999: calls $10.50
*** FLOP *** [Qd 5h 6h]
*** TURN *** [Qd 5h 6h] [4s]
*** RIVER *** [Qd 5h 6h 4s] [Jd]
*** SHOW DOWN ***
Nazareno1999: shows [Kc Kh] (a pair of Kings)
createyouracc: shows [Ts Td] (a pair of Tens)
Nazareno1999 collected $23.75 from pot
*** SUMMARY ***
Total pot $25 | Rake $1.25 
Board [Qd 5h 6h 4s Jd]
Seat 1: Nazareno1999 (small blind) showed [Kc Kh] and won ($23.75) with a pair of Kings
Seat 2: createyouracc (big blind) showed [Ts Td] and lost with a pair of Tens
Seat 3: shootingGRID folded before Flop (didn't bet)
Seat 4: Kunmadalin folded before Flop (didn't bet)
Seat 5: Espada Fish folded before Flop (didn't bet)
Seat 6: XneferX (button) folded before Flop (didn't bet)



PokerStars Hand #254628828095:  Hold'em No Limit ($0.50/$1.00 USD) - 2025/01/30 22:06:18 WET [2025/01/30 17:06:18 ET]
Table 'Wallia' 6-max Seat #1 is the button
Seat 2: createyouracc ($0 in chips) is sitting out
Seat 1: Nazareno1999 ($111.25 in chips) 
Seat 3: shootingGRID ($103.04 in chips) 
Seat 4: Kunmadalin ($40.83 in chips) 
Seat 5: Espada Fish ($100.50 in chips) 
Seat 6: XneferX ($100 in chips) 
shootingGRID: posts small blind $0.50
Kunmadalin: posts big blind $1
*** HOLE CARDS ***
Espada Fish: raises $1.20 to $2.20
XneferX: folds 
Nazareno1999: folds 
shootingGRID: raises $8.80 to $11
Kunmadalin: folds 
Espada Fish: raises $13 to $24
shootingGRID: calls $13
*** FLOP *** [7d 6h Kd]
shootingGRID: checks 
Espada Fish: bets $15.36
shootingGRID: raises $63.68 to $79.04 and is all-in
Espada Fish: calls $61.14 and is all-in
Uncalled bet ($2.54) returned to shootingGRID
*** TURN *** [7d 6h Kd] [Qh]
*** RIVER *** [7d 6h Kd Qh] [2c]
*** SHOW DOWN ***
shootingGRID: shows [Qd Ad] (a pair of Queens)
Espada Fish: shows [Ac Kh] (a pair of Kings)
Espada Fish cashed out the hand for $122.83 | Cash Out Fee $2.51
*** SUMMARY ***
Total pot $202 | Rake $2.50 
Board [7d 6h Kd Qh 2c]
Seat 2: createyouracc
Seat 1: Nazareno1999 (button) folded before Flop (didn't bet)
Seat 3: shootingGRID (small blind) showed [Qd Ad] and lost with a pair of Queens
Seat 4: Kunmadalin (big blind) folded before Flop
Seat 5: Espada Fish showed [Ac Kh] and won ($199.50) with a pair of Kings (pot not awarded as player cashed out)
Seat 6: XneferX folded before Flop (didn't bet)



PokerStars Hand #254628854604:  Hold'em No Limit ($0.50/$1.00 USD) - 2025/01/30 22:07:47 WET [2025/01/30 17:07:47 ET]
Table 'Wallia' 6-max Seat #3 is the button
Seat 5: Espada Fish ($122.83 in chips) is sitting out
Seat 1: Nazareno1999 ($111.25 in chips) 
Seat 2: createyouracc ($10.62 in chips) 
Seat 3: shootingGRID ($100 in chips) 
Seat 4: Kunmadalin ($39.83 in chips) 
Seat 6: XneferX ($100 in chips) 
Kunmadalin: posts small blind $0.50
Espada Fish: is sitting out 
XneferX: posts big blind $1
createyouracc: posts small blind $0.50
*** HOLE CARDS ***
Nazareno1999: folds 
Espada Fish leaves the table
Kristo 914 joins the table at seat #5 
createyouracc: folds 
shootingGRID: raises $2 to $3
Kunmadalin: folds 
XneferX: folds 
Uncalled bet ($2) returned to shootingGRID
shootingGRID collected $3 from pot
*** SUMMARY ***
Total pot $3 | Rake $0 
Seat 5: Espada Fish
Seat 1: Nazareno1999 folded before Flop (didn't bet)
Seat 2: createyouracc folded before Flop (didn't bet)
Seat 3: shootingGRID (button) collected ($3)
Seat 4: Kunmadalin (small blind) folded before Flop
Seat 6: XneferX (big blind) folded before Flop



PokerStars Hand #254628865939:  Hold'em No Limit ($0.50/$1.00 USD) - 2025/01/30 22:08:26 WET [2025/01/30 17:08:26 ET]
Table 'Wallia' 6-max Seat #4 is the button
Seat 5: Kristo 914 ($100 in chips) is sitting out
Seat 6: XneferX ($100 in chips) is sitting out
Seat 1: Nazareno1999 ($111.25 in chips) 
Seat 2: createyouracc ($10.12 in chips) 
Seat 3: shootingGRID ($102 in chips) 
Seat 4: Kunmadalin ($39.33 in chips) 
Nazareno1999: posts small blind $0.50
createyouracc: posts big blind $1
*** HOLE CARDS ***
shootingGRID: folds 
Kunmadalin: folds 
Nazareno1999: raises $1.50 to $2.50
createyouracc: calls $1.50
*** FLOP *** [2d Jh 2h]
Nazareno1999: bets $1.19
createyouracc: calls $1.19
*** TURN *** [2d Jh 2h] [6s]
Nazareno1999: checks 
createyouracc: checks 
*** RIVER *** [2d Jh 2h 6s] [Js]
Nazareno1999: bets $107.56 and is all-in
createyouracc: folds 
Uncalled bet ($107.56) returned to Nazareno1999
Nazareno1999 collected $7.01 from pot
Nazareno1999: doesn't show hand 
*** SUMMARY ***
Total pot $7.38 | Rake $0.37 
Board [2d Jh 2h 6s Js]
Seat 5: Kristo 914
Seat 6: XneferX
Seat 1: Nazareno1999 (small blind) collected ($7.01)
Seat 2: createyouracc (big blind) folded on the River
Seat 3: shootingGRID folded before Flop (didn't bet)
Seat 4: Kunmadalin (button) folded before Flop (didn't bet)



PokerStars Hand #254628877923:  Hold'em No Limit ($0.50/$1.00 USD) - 2025/01/30 22:09:07 WET [2025/01/30 17:09:07 ET]
Table 'Wallia' 6-max Seat #1 is the button
Seat 2: createyouracc ($6.43 in chips) is sitting out
Seat 5: Kristo 914 ($100 in chips) is sitting out
Seat 6: XneferX ($100 in chips) is sitting out
Seat 1: Nazareno1999 ($114.57 in chips) 
Seat 3: shootingGRID ($102 in chips) 
Seat 4: Kunmadalin ($39.33 in chips) 
shootingGRID: posts small blind $0.50
Kunmadalin: posts big blind $1
Kristo 914: sits out 
*** HOLE CARDS ***
Nazareno1999: folds 
createyouracc leaves the table
shootingGRID: raises $2 to $3
Kunmadalin: calls $2
*** FLOP *** [Kc 6s Qd]
Xenicide joins the table at seat #2 
shootingGRID: bets $1.88
Kunmadalin: calls $1.88
*** TURN *** [Kc 6s Qd] [Qc]
shootingGRID: checks 
Kunmadalin: bets $3.45
shootingGRID: folds 
Uncalled bet ($3.45) returned to Kunmadalin
Kunmadalin collected $9.27 from pot
*** SUMMARY ***
Total pot $9.76 | Rake $0.49 
Board [Kc 6s Qd Qc]
Seat 2: createyouracc
Seat 5: Kristo 914
Seat 6: XneferX
Seat 1: Nazareno1999 (button) folded before Flop (didn't bet)
Seat 3: shootingGRID (small blind) folded on the Turn
Seat 4: Kunmadalin (big blind) collected ($9.27)



PokerStars Hand #254628891430:  Hold'em No Limit ($0.50/$1.00 USD) - 2025/01/30 22:09:53 WET [2025/01/30 17:09:53 ET]
Table 'Wallia' 6-max Seat #3 is the button
Seat 2: Xenicide ($100 in chips) is sitting out
Seat 6: XneferX ($100 in chips) is sitting out
Seat 1: Nazareno1999 ($114.57 in chips) 
Seat 3: shootingGRID ($100 in chips) 
Seat 4: Kunmadalin ($43.72 in chips) 
Seat 5: Kristo 914 ($100 in chips) 
Kunmadalin: posts small blind $0.50
Kristo 914: posts big blind $1
Xenicide: sits out 
*** HOLE CARDS ***
Nazareno1999: folds 
shootingGRID: folds 
Kunmadalin: raises $3 to $4
Kristo 914: calls $3
*** FLOP *** [6c 8h 7d]
Kunmadalin: bets $7.60
Kristo 914: calls $7.60
*** TURN *** [6c 8h 7d] [Qc]
Kunmadalin: checks 
Kristo 914: checks 
*** RIVER *** [6c 8h 7d Qc] [9d]
Kunmadalin: checks 
Kristo 914: checks 
*** SHOW DOWN ***
Kunmadalin: shows [Kh Ks] (a pair of Kings)
Kristo 914: mucks hand 
Kunmadalin collected $22.20 from pot
*** SUMMARY ***
Total pot $23.20 | Rake $1 
Board [6c 8h 7d Qc 9d]
Seat 2: Xenicide
Seat 6: XneferX
Seat 1: Nazareno1999 folded before Flop (didn't bet)
Seat 3: shootingGRID (button) folded before Flop (didn't bet)
Seat 4: Kunmadalin (small blind) showed [Kh Ks] and won ($22.20) with a pair of Kings
Seat 5: Kristo 914 (big blind) mucked



PokerStars Hand #254628902139:  Hold'em No Limit ($0.50/$1.00 USD) - 2025/01/30 22:10:30 WET [2025/01/30 17:10:30 ET]
Table 'Wallia' 6-max Seat #4 is the button
Seat 2: Xenicide ($100 in chips) is sitting out
Seat 6: XneferX ($100 in chips) is sitting out
Seat 1: Nazareno1999 ($114.57 in chips) 
Seat 3: shootingGRID ($100 in chips) 
Seat 4: Kunmadalin ($54.32 in chips) 
Seat 5: Kristo 914 ($100 in chips) 
Kristo 914: posts small blind $0.50
Nazareno1999: posts big blind $1
Xenicide: sits out 
*** HOLE CARDS ***
shootingGRID: raises $1.25 to $2.25
Kunmadalin: folds 
Kristo 914: folds 
Nazareno1999: folds 
Uncalled bet ($1.25) returned to shootingGRID
shootingGRID collected $2.50 from pot
*** SUMMARY ***
Total pot $2.50 | Rake $0 
Seat 2: Xenicide
Seat 6: XneferX
Seat 1: Nazareno1999 (big blind) folded before Flop
Seat 3: shootingGRID collected ($2.50)
Seat 4: Kunmadalin (button) folded before Flop (didn't bet)
Seat 5: Kristo 914 (small blind) folded before Flop



PokerStars Hand #254628909578:  Hold'em No Limit ($0.50/$1.00 USD) - 2025/01/30 22:10:55 WET [2025/01/30 17:10:55 ET]
Table 'Wallia' 6-max Seat #5 is the button
Seat 6: XneferX ($100 in chips) is sitting out
Seat 1: Nazareno1999 ($113.57 in chips) 
Seat 2: Xenicide ($100 in chips) 
Seat 3: shootingGRID ($101.50 in chips) 
Seat 4: Kunmadalin ($54.32 in chips) 
Seat 5: Kristo 914 ($100 in chips) 
Nazareno1999: posts small blind $0.50
Xenicide: posts big blind $1
*** HOLE CARDS ***
shootingGRID: folds 
Kunmadalin: raises $1.32 to $2.32
Kristo 914: folds 
Nazareno1999: folds 
Xenicide: folds 
Uncalled bet ($1.32) returned to Kunmadalin
Kunmadalin collected $2.50 from pot
*** SUMMARY ***
Total pot $2.50 | Rake $0 
Seat 6: XneferX
Seat 1: Nazareno1999 (small blind) folded before Flop
Seat 2: Xenicide (big blind) folded before Flop
Seat 3: shootingGRID folded before Flop (didn't bet)
Seat 4: Kunmadalin collected ($2.50)
Seat 5: Kristo 914 (button) folded before Flop (didn't bet)



PokerStars Hand #254628915859:  Hold'em No Limit ($0.50/$1.00 USD) - 2025/01/30 22:11:17 WET [2025/01/30 17:11:17 ET]
Table 'Wallia' 6-max Seat #1 is the button
Seat 6: XneferX ($100 in chips) is sitting out
Seat 1: Nazareno1999 ($113.07 in chips) 
Seat 2: Xenicide ($100 in chips) 
Seat 3: shootingGRID ($101.50 in chips) 
Seat 4: Kunmadalin ($55.82 in chips) 
Seat 5: Kristo 914 ($100 in chips) 
Xenicide: posts small blind $0.50
shootingGRID: posts big blind $1
*** HOLE CARDS ***
Kunmadalin: folds 
Kristo 914: raises $1.40 to $2.40
Nazareno1999: folds 
XneferX leaves the table
Kunmadalin leaves the table
Xenicide: folds 
shootingGRID: folds 
Uncalled bet ($1.40) returned to Kristo 914
Kristo 914 collected $2.50 from pot
Kristo 914: doesn't show hand 
*** SUMMARY ***
Total pot $2.50 | Rake $0 
Seat 6: XneferX
Seat 1: Nazareno1999 (button) folded before Flop (didn't bet)
Seat 2: Xenicide (small blind) folded before Flop
Seat 3: shootingGRID (big blind) folded before Flop
Seat 4: Kunmadalin folded before Flop (didn't bet)
Seat 5: Kristo 914 collected ($2.50)



PokerStars Hand #254628926008:  Hold'em No Limit ($0.50/$1.00 USD) - 2025/01/30 22:11:52 WET [2025/01/30 17:11:52 ET]
Table 'Wallia' 6-max Seat #2 is the button
Seat 1: Nazareno1999 ($113.07 in chips) 
Seat 2: Xenicide ($100 in chips) 
Seat 3: shootingGRID ($100.50 in chips) 
Seat 5: Kristo 914 ($101.50 in chips) 
shootingGRID: posts small blind $0.50
Kristo 914: posts big blind $1
*** HOLE CARDS ***
Nazareno1999: raises $1.20 to $2.20
Xenicide: folds 
shootingGRID: folds 
Kristo 914: folds 
Uncalled bet ($1.20) returned to Nazareno1999
Nazareno1999 collected $2.50 from pot
Nazareno1999: doesn't show hand 
*** SUMMARY ***
Total pot $2.50 | Rake $0 
Seat 1: Nazareno1999 collected ($2.50)
Seat 2: Xenicide (button) folded before Flop (didn't bet)
Seat 3: shootingGRID (small blind) folded before Flop
Seat 5: Kristo 914 (big blind) folded before Flop



PokerStars Hand #254628929757:  Hold'em No Limit ($0.50/$1.00 USD) - 2025/01/30 22:12:05 WET [2025/01/30 17:12:05 ET]
Table 'Wallia' 6-max Seat #3 is the button
Seat 1: Nazareno1999 ($114.57 in chips) is sitting out
Seat 2: Xenicide ($100 in chips) 
Seat 3: shootingGRID ($100 in chips) 
Seat 5: Kristo 914 ($100.50 in chips) 
Kristo 914: posts small blind $0.50
Nazareno1999: is sitting out 
Xenicide: posts big blind $1
*** HOLE CARDS ***
shootingGRID: raises $1.50 to $2.50
Kristo 914: folds 
Nazareno1999 leaves the table
Xenicide: raises $7.50 to $10
shootingGRID: folds 
Uncalled bet ($7.50) returned to Xenicide
shootingGRID leaves the table
Xenicide collected $5.50 from pot
*** SUMMARY ***
Total pot $5.50 | Rake $0 
Seat 1: Nazareno1999
Seat 2: Xenicide (big blind) collected ($5.50)
Seat 3: shootingGRID (button) folded before Flop
Seat 5: Kristo 914 (small blind) folded before Flop



PokerStars Hand #254628939656:  Hold'em No Limit ($0.50/$1.00 USD) - 2025/01/30 22:12:39 WET [2025/01/30 17:12:39 ET]
Table 'Wallia' 6-max Seat #2 is the button
Seat 2: Xenicide ($103 in chips) 
Seat 5: Kristo 914 ($100 in chips) 
Xenicide: posts small blind $0.50
Kristo 914: posts big blind $1
*** HOLE CARDS ***
Xenicide: raises $1.25 to $2.25
Kristo 914: folds 
Uncalled bet ($1.25) returned to Xenicide
Xenicide collected $2 from pot
*** SUMMARY ***
Total pot $2 | Rake $0 
Seat 2: Xenicide (button) (small blind) collected ($2)
Seat 5: Kristo 914 (big blind) folded before Flop



PokerStars Hand #254629018971:  Hold'em No Limit ($0.50/$1.00 USD) - 2025/01/30 22:17:14 WET [2025/01/30 17:17:14 ET]
Table 'Wallia' 6-max Seat #6 is the button
Seat 2: Xenicide ($104 in chips) 
Seat 6: elcutez ($100 in chips) 
elcutez: posts small blind $0.50
Xenicide: posts big blind $1
*** HOLE CARDS ***
elcutez: raises $1 to $2
Xenicide: folds 
Uncalled bet ($1) returned to elcutez
elcutez collected $2 from pot
*** SUMMARY ***
Total pot $2 | Rake $0 
Seat 2: Xenicide (big blind) folded before Flop
Seat 6: elcutez (button) (small blind) collected ($2)



PokerStars Hand #254629024415:  Hold'em No Limit ($0.50/$1.00 USD) - 2025/01/30 22:17:33 WET [2025/01/30 17:17:33 ET]
Table 'Wallia' 6-max Seat #2 is the button
Seat 2: Xenicide ($103 in chips) 
Seat 6: elcutez ($101 in chips) 
Xenicide: posts small blind $0.50
elcutez: posts big blind $1
*** HOLE CARDS ***
Xenicide: raises $1.25 to $2.25
elcutez: folds 
Uncalled bet ($1.25) returned to Xenicide
Xenicide collected $2 from pot
*** SUMMARY ***
Total pot $2 | Rake $0 
Seat 2: Xenicide (button) (small blind) collected ($2)
Seat 6: elcutez (big blind) folded before Flop



PokerStars Hand #254629028600:  Hold'em No Limit ($0.50/$1.00 USD) - 2025/01/30 22:17:47 WET [2025/01/30 17:17:47 ET]
Table 'Wallia' 6-max Seat #6 is the button
Seat 2: Xenicide ($104 in chips) 
Seat 6: elcutez ($100 in chips) 
elcutez: posts small blind $0.50
Xenicide: posts big blind $1
*** HOLE CARDS ***
elcutez: raises $1 to $2
Xenicide: raises $8 to $10
elcutez: folds 
Uncalled bet ($8) returned to Xenicide
Xenicide collected $4 from pot
*** SUMMARY ***
Total pot $4 | Rake $0 
Seat 2: Xenicide (big blind) collected ($4)
Seat 6: elcutez (button) (small blind) folded before Flop



PokerStars Hand #254629035635:  Hold'em No Limit ($0.50/$1.00 USD) - 2025/01/30 22:18:12 WET [2025/01/30 17:18:12 ET]
Table 'Wallia' 6-max Seat #2 is the button
Seat 2: Xenicide ($106 in chips) 
Seat 6: elcutez ($98 in chips) 
Xenicide: posts small blind $0.50
elcutez: posts big blind $1
*** HOLE CARDS ***
Xenicide: folds 
Uncalled bet ($0.50) returned to elcutez
elcutez collected $1 from pot
*** SUMMARY ***
Total pot $1 | Rake $0 
Seat 2: Xenicide (button) (small blind) folded before Flop
Seat 6: elcutez (big blind) collected ($1)



PokerStars Hand #254629041300:  Hold'em No Limit ($0.50/$1.00 USD) - 2025/01/30 22:18:31 WET [2025/01/30 17:18:31 ET]
Table 'Wallia' 6-max Seat #6 is the button
Seat 2: Xenicide ($105.50 in chips) 
Seat 6: elcutez ($98.50 in chips) 
elcutez: posts small blind $0.50
Xenicide: posts big blind $1
*** HOLE CARDS ***
elcutez: raises $2 to $3
Xenicide: calls $2
*** FLOP *** [7d 5c 6c]
Xenicide: checks 
elcutez: checks 
*** TURN *** [7d 5c 6c] [5d]
Xenicide: checks 
elcutez: checks 
*** RIVER *** [7d 5c 6c 5d] [Kc]
Xenicide: checks 
elcutez: checks 
*** SHOW DOWN ***
Xenicide: shows [4d 4c] (two pair, Fives and Fours)
elcutez: mucks hand 
Xenicide collected $5.70 from pot
*** SUMMARY ***
Total pot $6 | Rake $0.30 
Board [7d 5c 6c 5d Kc]
Seat 2: Xenicide (big blind) showed [4d 4c] and won ($5.70) with two pair, Fives and Fours
Seat 6: elcutez (button) (small blind) mucked



PokerStars Hand #254629057162:  Hold'em No Limit ($0.50/$1.00 USD) - 2025/01/30 22:19:26 WET [2025/01/30 17:19:26 ET]
Table 'Wallia' 6-max Seat #2 is the button
Seat 2: Xenicide ($108.20 in chips) 
Seat 6: elcutez ($95.50 in chips) 
Xenicide: posts small blind $0.50
elcutez: posts big blind $1
*** HOLE CARDS ***
Xenicide: raises $1.25 to $2.25
elcutez: folds 
Uncalled bet ($1.25) returned to Xenicide
Xenicide collected $2 from pot
*** SUMMARY ***
Total pot $2 | Rake $0 
Seat 2: Xenicide (button) (small blind) collected ($2)
Seat 6: elcutez (big blind) folded before Flop



PokerStars Hand #254629060662:  Hold'em No Limit ($0.50/$1.00 USD) - 2025/01/30 22:19:38 WET [2025/01/30 17:19:38 ET]
Table 'Wallia' 6-max Seat #6 is the button
Seat 2: Xenicide ($109.20 in chips) 
Seat 6: elcutez ($94.50 in chips) 
elcutez: posts small blind $0.50
Xenicide: posts big blind $1
*** HOLE CARDS ***
elcutez: folds 
Uncalled bet ($0.50) returned to Xenicide
Xenicide collected $1 from pot
*** SUMMARY ***
Total pot $1 | Rake $0 
Seat 2: Xenicide (big blind) collected ($1)
Seat 6: elcutez (button) (small blind) folded before Flop



PokerStars Hand #254629062816:  Hold'em No Limit ($0.50/$1.00 USD) - 2025/01/30 22:19:45 WET [2025/01/30 17:19:45 ET]
Table 'Wallia' 6-max Seat #2 is the button
Seat 2: Xenicide ($109.70 in chips) 
Seat 6: elcutez ($94 in chips) 
Xenicide: posts small blind $0.50
elcutez: posts big blind $1
*** HOLE CARDS ***
Xenicide: raises $1.25 to $2.25
elcutez: folds 
Uncalled bet ($1.25) returned to Xenicide
Xenicide collected $2 from pot
*** SUMMARY ***
Total pot $2 | Rake $0 
Seat 2: Xenicide (button) (small blind) collected ($2)
Seat 6: elcutez (big blind) folded before Flop



PokerStars Hand #254629066803:  Hold'em No Limit ($0.50/$1.00 USD) - 2025/01/30 22:19:59 WET [2025/01/30 17:19:59 ET]
Table 'Wallia' 6-max Seat #6 is the button
Seat 2: Xenicide ($110.70 in chips) 
Seat 6: elcutez ($93 in chips) 
elcutez: posts small blind $0.50
Xenicide: posts big blind $1
*** HOLE CARDS ***
elcutez: folds 
Uncalled bet ($0.50) returned to Xenicide
Xenicide collected $1 from pot
*** SUMMARY ***
Total pot $1 | Rake $0 
Seat 2: Xenicide (big blind) collected ($1)
Seat 6: elcutez (button) (small blind) folded before Flop



PokerStars Hand #254629068766:  Hold'em No Limit ($0.50/$1.00 USD) - 2025/01/30 22:20:06 WET [2025/01/30 17:20:06 ET]
Table 'Wallia' 6-max Seat #2 is the button
Seat 2: Xenicide ($111.20 in chips) 
Seat 6: elcutez ($92.50 in chips) 
Xenicide: posts small blind $0.50
elcutez: posts big blind $1
*** HOLE CARDS ***
Xenicide: raises $1.25 to $2.25
elcutez: folds 
Uncalled bet ($1.25) returned to Xenicide
Xenicide collected $2 from pot
*** SUMMARY ***
Total pot $2 | Rake $0 
Seat 2: Xenicide (button) (small blind) collected ($2)
Seat 6: elcutez (big blind) folded before Flop



PokerStars Hand #254629072335:  Hold'em No Limit ($0.50/$1.00 USD) - 2025/01/30 22:20:18 WET [2025/01/30 17:20:18 ET]
Table 'Wallia' 6-max Seat #6 is the button
Seat 2: Xenicide ($112.20 in chips) 
Seat 6: elcutez ($91.50 in chips) 
elcutez: posts small blind $0.50
Xenicide: posts big blind $1
*** HOLE CARDS ***
elcutez: raises $2 to $3
Xenicide: raises $7.50 to $10.50
elcutez: calls $7.50
*** FLOP *** [7s Qh 8h]
Xenicide: bets $6.20
elcutez: calls $6.20
*** TURN *** [7s Qh 8h] [4c]
Xenicide: bets $24.30
elcutez: folds 
Uncalled bet ($24.30) returned to Xenicide
Xenicide collected $32.40 from pot
Xenicide: doesn't show hand 
*** SUMMARY ***
Total pot $33.40 | Rake $1 
Board [7s Qh 8h 4c]
Seat 2: Xenicide (big blind) collected ($32.40)
Seat 6: elcutez (button) (small blind) folded on the Turn



PokerStars Hand #254630129437:  Hold'em No Limit ($0.50/$1.00 USD) - 2025/01/30 23:27:27 WET [2025/01/30 18:27:27 ET]
Table 'Wallia' 6-max Seat #2 is the button
Seat 1: [FB]Voodoo ($100 in chips) is sitting out
Seat 2: Edi131313 ($100 in chips) 
Seat 4: nikalas22 ($100 in chips) 
Edi131313: posts small blind $0.50
nikalas22: posts big blind $1
*** HOLE CARDS ***
Edi131313: folds 
Uncalled bet ($0.50) returned to nikalas22
nikalas22 collected $1 from pot
nikalas22: doesn't show hand 
*** SUMMARY ***
Total pot $1 | Rake $0 
Seat 1: [FB]Voodoo
Seat 2: Edi131313 (button) (small blind) folded before Flop
Seat 4: nikalas22 (big blind) collected ($1)



PokerStars Hand #254630131289:  Hold'em No Limit ($0.50/$1.00 USD) - 2025/01/30 23:27:34 WET [2025/01/30 18:27:34 ET]
Table 'Wallia' 6-max Seat #2 is the button
Seat 1: [FB]Voodoo ($100 in chips) 
Seat 2: Edi131313 ($99.50 in chips) 
Seat 4: nikalas22 ($100.50 in chips) 
nikalas22: posts small blind $0.50
[FB]Voodoo: posts big blind $1
*** HOLE CARDS ***
Edi131313: raises $1 to $2
tintin641 joins the table at seat #3 
nikalas22: raises $9 to $11
[FB]Voodoo: raises $12 to $23
Edi131313: calls $21
nikalas22: folds 
*** FLOP *** [Jd 2h 6s]
[FB]Voodoo: bets $14
Edi131313: raises $14 to $28
[FB]Voodoo: calls $14
*** TURN *** [Jd 2h 6s] [8c]
[FB]Voodoo: checks 
Edi131313: bets $48.50 and is all-in
[FB]Voodoo: folds 
Uncalled bet ($48.50) returned to Edi131313
Edi131313 collected $112 from pot
Edi131313: doesn't show hand 
*** SUMMARY ***
Total pot $113 | Rake $1 
Board [Jd 2h 6s 8c]
Seat 1: [FB]Voodoo (big blind) folded on the Turn
Seat 2: Edi131313 (button) collected ($112)
Seat 4: nikalas22 (small blind) folded before Flop



PokerStars Hand #254630145114:  Hold'em No Limit ($0.50/$1.00 USD) - 2025/01/30 23:28:30 WET [2025/01/30 18:28:30 ET]
Table 'Wallia' 6-max Seat #4 is the button
Seat 3: tintin641 ($100 in chips) is sitting out
Seat 1: [FB]Voodoo ($100 in chips) 
Seat 2: Edi131313 ($160.50 in chips) 
Seat 4: nikalas22 ($100 in chips) 
[FB]Voodoo: posts small blind $0.50
Edi131313: posts big blind $1
tintin641: sits out 
*** HOLE CARDS ***
nikalas22: raises $1.50 to $2.50
Nazareno1999 joins the table at seat #6 
[FB]Voodoo: folds 
Edi131313: folds 
Uncalled bet ($1.50) returned to nikalas22
nikalas22 collected $2.50 from pot
nikalas22: doesn't show hand 
*** SUMMARY ***
Total pot $2.50 | Rake $0 
Seat 3: tintin641
Seat 1: [FB]Voodoo (small blind) folded before Flop
Seat 2: Edi131313 (big blind) folded before Flop
Seat 4: nikalas22 (button) collected ($2.50)



PokerStars Hand #254630149612:  Hold'em No Limit ($0.50/$1.00 USD) - 2025/01/30 23:28:48 WET [2025/01/30 18:28:48 ET]
Table 'Wallia' 6-max Seat #1 is the button
Seat 6: Nazareno1999 ($100 in chips) is sitting out
Seat 1: [FB]Voodoo ($100 in chips) 
Seat 2: Edi131313 ($159.50 in chips) 
Seat 3: tintin641 ($100 in chips) 
Seat 4: nikalas22 ($101.50 in chips) 
Edi131313: posts small blind $0.50
tintin641: posts big blind $1
Nazareno1999: sits out 
*** HOLE CARDS ***
nikalas22: folds 
[FB]Voodoo: raises $1.20 to $2.20
Edi131313: calls $1.70
tintin641: folds 
*** FLOP *** [9c 2d 8c]
Edi131313: checks 
[FB]Voodoo: checks 
*** TURN *** [9c 2d 8c] [7h]
Edi131313: checks 
[FB]Voodoo: checks 
*** RIVER *** [9c 2d 8c 7h] [5d]
Edi131313: checks 
[FB]Voodoo: checks 
*** SHOW DOWN ***
Edi131313: shows [7c Kd] (a pair of Sevens)
[FB]Voodoo: mucks hand 
Edi131313 collected $5.13 from pot
Nazareno1999 leaves the table
*** SUMMARY ***
Total pot $5.40 | Rake $0.27 
Board [9c 2d 8c 7h 5d]
Seat 6: Nazareno1999
Seat 1: [FB]Voodoo (button) mucked
Seat 2: Edi131313 (small blind) showed [7c Kd] and won ($5.13) with a pair of Sevens
Seat 3: tintin641 (big blind) folded before Flop
Seat 4: nikalas22 folded before Flop (didn't bet)



PokerStars Hand #254630161563:  Hold'em No Limit ($0.50/$1.00 USD) - 2025/01/30 23:29:36 WET [2025/01/30 18:29:36 ET]
Table 'Wallia' 6-max Seat #2 is the button
Seat 1: [FB]Voodoo ($100 in chips) 
Seat 2: Edi131313 ($162.43 in chips) 
Seat 3: tintin641 ($100 in chips) 
Seat 4: nikalas22 ($101.50 in chips) 
tintin641: posts small blind $0.50
nikalas22: posts big blind $1
*** HOLE CARDS ***
[FB]Voodoo: folds 
Edi131313: raises $1 to $2
tintin641: raises $8 to $10
nikalas22: folds 
Edi131313: folds 
Uncalled bet ($8) returned to tintin641
tintin641 collected $5 from pot
tintin641: doesn't show hand 
*** SUMMARY ***
Total pot $5 | Rake $0 
Seat 1: [FB]Voodoo folded before Flop (didn't bet)
Seat 2: Edi131313 (button) folded before Flop
Seat 3: tintin641 (small blind) collected ($5)
Seat 4: nikalas22 (big blind) folded before Flop



PokerStars Hand #254630165492:  Hold'em No Limit ($0.50/$1.00 USD) - 2025/01/30 23:29:52 WET [2025/01/30 18:29:52 ET]
Table 'Wallia' 6-max Seat #3 is the button
Seat 1: [FB]Voodoo ($100 in chips) 
Seat 2: Edi131313 ($160.43 in chips) 
Seat 3: tintin641 ($103 in chips) 
Seat 4: nikalas22 ($100.50 in chips) 
nikalas22: posts small blind $0.50
[FB]Voodoo: posts big blind $1
*** HOLE CARDS ***
Edi131313: folds 
tintin641: raises $1.50 to $2.50
nikalas22: folds 
[FB]Voodoo: calls $1.50
*** FLOP *** [9s 6c Kd]
Edi131313 leaves the table
[FB]Voodoo: checks 
tintin641: bets $1.72
[FB]Voodoo: calls $1.72
*** TURN *** [9s 6c Kd] [8h]
[FB]Voodoo: checks 
tintin641: bets $6.37
[FB]Voodoo: folds 
Uncalled bet ($6.37) returned to tintin641
tintin641 collected $8.49 from pot
tintin641: doesn't show hand 
*** SUMMARY ***
Total pot $8.94 | Rake $0.45 
Board [9s 6c Kd 8h]
Seat 1: [FB]Voodoo (big blind) folded on the Turn
Seat 2: Edi131313 folded before Flop (didn't bet)
Seat 3: tintin641 (button) collected ($8.49)
Seat 4: nikalas22 (small blind) folded before Flop



PokerStars Hand #254630178377:  Hold'em No Limit ($0.50/$1.00 USD) - 2025/01/30 23:30:44 WET [2025/01/30 18:30:44 ET]
Table 'Wallia' 6-max Seat #4 is the button
Seat 1: [FB]Voodoo ($100 in chips) 
Seat 3: tintin641 ($107.27 in chips) 
Seat 4: nikalas22 ($100 in chips) 
[FB]Voodoo: posts small blind $0.50
tintin641: posts big blind $1
*** HOLE CARDS ***
nikalas22: folds 
[FB]Voodoo: folds 
Uncalled bet ($0.50) returned to tintin641
tintin641 collected $1 from pot
tintin641: doesn't show hand 
nikalas22 leaves the table
*** SUMMARY ***
Total pot $1 | Rake $0 
Seat 1: [FB]Voodoo (small blind) folded before Flop
Seat 3: tintin641 (big blind) collected ($1)
Seat 4: nikalas22 (button) folded before Flop (didn't bet)



