PokerStars Hand #254625541854:  Hold'em No Limit ($0.50/$1.00 USD) - 2025/01/30 18:52:25 WET [2025/01/30 13:52:25 ET]
Table 'Pawona' 6-max Seat #4 is the button
Seat 1: thefrog2004 ($53.51 in chips) 
Seat 2: elcutez ($115.45 in chips) 
Seat 3: S3MPR3IGUAL ($108.34 in chips) 
Seat 4: easy_sarcasm ($100 in chips) 
Seat 5: I am Anux! ($104.50 in chips) 
Seat 6: Y_19 ($100 in chips) 
I am Anux!: posts small blind $0.50
Y_19: posts big blind $1
*** HOLE CARDS ***
thefrog2004: calls $1
elcutez: folds 
S3MPR3IGUAL: folds 
easy_sarcasm: raises $3.50 to $4.50
I am Anux!: folds 
Y_19: raises $9.50 to $14
thefrog2004: calls $13
easy_sarcasm: folds 
*** FLOP *** [3s Js 3d]
Y_19: bets $86 and is all-in
thefrog2004: calls $39.51 and is all-in
Uncalled bet ($46.49) returned to Y_19
*** TURN *** [3s Js 3d] [2c]
*** RIVER *** [3s Js 3d 2c] [2d]
*** SHOW DOWN ***
Y_19: shows [Qc Ah] (two pair, Threes and Deuces)
thefrog2004: shows [Ts Td] (two pair, Tens and Threes)
thefrog2004 collected $109.52 from pot
*** SUMMARY ***
Total pot $112.02 | Rake $2.50 
Board [3s Js 3d 2c 2d]
Seat 1: thefrog2004 showed [Ts Td] and won ($109.52) with two pair, Tens and Threes
Seat 2: elcutez folded before Flop (didn't bet)
Seat 3: S3MPR3IGUAL folded before Flop (didn't bet)
Seat 4: easy_sarcasm (button) folded before Flop
Seat 5: I am Anux! (small blind) folded before Flop
Seat 6: Y_19 (big blind) showed [Qc Ah] and lost with two pair, Threes and Deuces



PokerStars Hand #254625559737:  Hold'em No Limit ($0.50/$1.00 USD) - 2025/01/30 18:53:31 WET [2025/01/30 13:53:31 ET]
Table 'Pawona' 6-max Seat #5 is the button
Seat 1: thefrog2004 ($109.52 in chips) 
Seat 2: elcutez ($115.45 in chips) 
Seat 3: S3MPR3IGUAL ($108.34 in chips) 
Seat 4: easy_sarcasm ($100 in chips) 
Seat 5: I am Anux! ($104 in chips) 
Seat 6: Y_19 ($100 in chips) 
Y_19: posts small blind $0.50
thefrog2004: posts big blind $1
*** HOLE CARDS ***
elcutez: folds 
S3MPR3IGUAL: folds 
easy_sarcasm: raises $2 to $3
I am Anux!: folds 
Y_19: folds 
thefrog2004: calls $2
*** FLOP *** [Js 8s 5d]
thefrog2004: checks 
easy_sarcasm: bets $3.15
thefrog2004: folds 
Uncalled bet ($3.15) returned to easy_sarcasm
easy_sarcasm collected $6.18 from pot
*** SUMMARY ***
Total pot $6.50 | Rake $0.32 
Board [Js 8s 5d]
Seat 1: thefrog2004 (big blind) folded on the Flop
Seat 2: elcutez folded before Flop (didn't bet)
Seat 3: S3MPR3IGUAL folded before Flop (didn't bet)
Seat 4: easy_sarcasm collected ($6.18)
Seat 5: I am Anux! (button) folded before Flop (didn't bet)
Seat 6: Y_19 (small blind) folded before Flop



PokerStars Hand #254625568534:  Hold'em No Limit ($0.50/$1.00 USD) - 2025/01/30 18:54:04 WET [2025/01/30 13:54:04 ET]
Table 'Pawona' 6-max Seat #6 is the button
Seat 1: thefrog2004 ($106.52 in chips) 
Seat 2: elcutez ($115.45 in chips) 
Seat 3: S3MPR3IGUAL ($108.34 in chips) 
Seat 4: easy_sarcasm ($103.18 in chips) 
Seat 5: I am Anux! ($104 in chips) 
Seat 6: Y_19 ($100 in chips) 
thefrog2004: posts small blind $0.50
elcutez: posts big blind $1
*** HOLE CARDS ***
S3MPR3IGUAL: folds 
easy_sarcasm: folds 
I am Anux!: folds 
Y_19: folds 
thefrog2004: folds 
Uncalled bet ($0.50) returned to elcutez
elcutez collected $1 from pot
*** SUMMARY ***
Total pot $1 | Rake $0 
Seat 1: thefrog2004 (small blind) folded before Flop
Seat 2: elcutez (big blind) collected ($1)
Seat 3: S3MPR3IGUAL folded before Flop (didn't bet)
Seat 4: easy_sarcasm folded before Flop (didn't bet)
Seat 5: I am Anux! folded before Flop (didn't bet)
Seat 6: Y_19 (button) folded before Flop (didn't bet)



PokerStars Hand #254625571250:  Hold'em No Limit ($0.50/$1.00 USD) - 2025/01/30 18:54:13 WET [2025/01/30 13:54:13 ET]
Table 'Pawona' 6-max Seat #1 is the button
Seat 1: thefrog2004 ($106.02 in chips) 
Seat 2: elcutez ($115.95 in chips) 
Seat 3: S3MPR3IGUAL ($108.34 in chips) 
Seat 4: easy_sarcasm ($103.18 in chips) 
Seat 5: I am Anux! ($104 in chips) 
Seat 6: Y_19 ($100 in chips) 
elcutez: posts small blind $0.50
S3MPR3IGUAL: posts big blind $1
*** HOLE CARDS ***
easy_sarcasm: folds 
I am Anux!: folds 
Y_19: folds 
thefrog2004: folds 
elcutez: folds 
Uncalled bet ($0.50) returned to S3MPR3IGUAL
S3MPR3IGUAL collected $1 from pot
S3MPR3IGUAL: doesn't show hand 
*** SUMMARY ***
Total pot $1 | Rake $0 
Seat 1: thefrog2004 (button) folded before Flop (didn't bet)
Seat 2: elcutez (small blind) folded before Flop
Seat 3: S3MPR3IGUAL (big blind) collected ($1)
Seat 4: easy_sarcasm folded before Flop (didn't bet)
Seat 5: I am Anux! folded before Flop (didn't bet)
Seat 6: Y_19 folded before Flop (didn't bet)



PokerStars Hand #254625575108:  Hold'em No Limit ($0.50/$1.00 USD) - 2025/01/30 18:54:28 WET [2025/01/30 13:54:28 ET]
Table 'Pawona' 6-max Seat #3 is the button
Seat 2: elcutez ($115.45 in chips) is sitting out
Seat 1: thefrog2004 ($106.02 in chips) 
Seat 3: S3MPR3IGUAL ($108.84 in chips) 
Seat 4: easy_sarcasm ($103.18 in chips) 
Seat 5: I am Anux! ($104 in chips) 
Seat 6: Y_19 ($100 in chips) 
easy_sarcasm: posts small blind $0.50
I am Anux!: posts big blind $1
*** HOLE CARDS ***
Y_19: folds 
thefrog2004: folds 
S3MPR3IGUAL: folds 
easy_sarcasm: folds 
Uncalled bet ($0.50) returned to I am Anux!
I am Anux! collected $1 from pot
I am Anux!: doesn't show hand 
*** SUMMARY ***
Total pot $1 | Rake $0 
Seat 2: elcutez
Seat 1: thefrog2004 folded before Flop (didn't bet)
Seat 3: S3MPR3IGUAL (button) folded before Flop (didn't bet)
Seat 4: easy_sarcasm (small blind) folded before Flop
Seat 5: I am Anux! (big blind) collected ($1)
Seat 6: Y_19 folded before Flop (didn't bet)



PokerStars Hand #254625577750:  Hold'em No Limit ($0.50/$1.00 USD) - 2025/01/30 18:54:37 WET [2025/01/30 13:54:37 ET]
Table 'Pawona' 6-max Seat #4 is the button
Seat 2: elcutez ($115.45 in chips) is sitting out
Seat 1: thefrog2004 ($106.02 in chips) 
Seat 3: S3MPR3IGUAL ($108.84 in chips) 
Seat 4: easy_sarcasm ($102.68 in chips) 
Seat 5: I am Anux! ($104.50 in chips) 
Seat 6: Y_19 ($100 in chips) 
I am Anux!: posts small blind $0.50
Y_19: posts big blind $1
*** HOLE CARDS ***
thefrog2004: folds 
S3MPR3IGUAL: folds 
easy_sarcasm: raises $1.20 to $2.20
I am Anux!: folds 
Y_19: raises $9.80 to $12
elcutez is disconnected 
easy_sarcasm: folds 
Uncalled bet ($9.80) returned to Y_19
Y_19 collected $4.90 from pot
Y_19: doesn't show hand 
*** SUMMARY ***
Total pot $4.90 | Rake $0 
Seat 2: elcutez
Seat 1: thefrog2004 folded before Flop (didn't bet)
Seat 3: S3MPR3IGUAL folded before Flop (didn't bet)
Seat 4: easy_sarcasm (button) folded before Flop
Seat 5: I am Anux! (small blind) folded before Flop
Seat 6: Y_19 (big blind) collected ($4.90)



PokerStars Hand #254625583569:  Hold'em No Limit ($0.50/$1.00 USD) - 2025/01/30 18:54:59 WET [2025/01/30 13:54:59 ET]
Table 'Pawona' 6-max Seat #5 is the button
Seat 2: elcutez ($115.45 in chips) is sitting out
Seat 1: thefrog2004 ($106.02 in chips) 
Seat 3: S3MPR3IGUAL ($108.84 in chips) 
Seat 4: easy_sarcasm ($100.48 in chips) 
Seat 5: I am Anux! ($104 in chips) 
Seat 6: Y_19 ($102.70 in chips) 
Y_19: posts small blind $0.50
thefrog2004: posts big blind $1
*** HOLE CARDS ***
S3MPR3IGUAL: folds 
easy_sarcasm: folds 
I am Anux!: folds 
Y_19: raises $1.44 to $2.44
thefrog2004: calls $1.44
*** FLOP *** [6h Kh 2d]
Y_19: bets $1.53
thefrog2004: calls $1.53
*** TURN *** [6h Kh 2d] [Ts]
Y_19: checks 
thefrog2004: checks 
*** RIVER *** [6h Kh 2d Ts] [4d]
Y_19: checks 
thefrog2004: bets $4
Y_19: folds 
Uncalled bet ($4) returned to thefrog2004
thefrog2004 collected $7.54 from pot
*** SUMMARY ***
Total pot $7.94 | Rake $0.40 
Board [6h Kh 2d Ts 4d]
Seat 2: elcutez
Seat 1: thefrog2004 (big blind) collected ($7.54)
Seat 3: S3MPR3IGUAL folded before Flop (didn't bet)
Seat 4: easy_sarcasm folded before Flop (didn't bet)
Seat 5: I am Anux! (button) folded before Flop (didn't bet)
Seat 6: Y_19 (small blind) folded on the River



PokerStars Hand #254625594508:  Hold'em No Limit ($0.50/$1.00 USD) - 2025/01/30 18:55:48 WET [2025/01/30 13:55:48 ET]
Table 'Pawona' 6-max Seat #6 is the button
Seat 2: elcutez ($115.45 in chips) is sitting out
Seat 1: thefrog2004 ($109.59 in chips) 
Seat 3: S3MPR3IGUAL ($108.84 in chips) 
Seat 4: easy_sarcasm ($100.48 in chips) 
Seat 5: I am Anux! ($104 in chips) 
Seat 6: Y_19 ($100 in chips) 
thefrog2004: posts small blind $0.50
S3MPR3IGUAL: posts big blind $1
*** HOLE CARDS ***
easy_sarcasm: folds 
I am Anux!: folds 
Y_19: raises $1.23 to $2.23
thefrog2004: calls $1.73
S3MPR3IGUAL: raises $11.77 to $14
Y_19: raises $18 to $32
thefrog2004: folds 
S3MPR3IGUAL: folds 
Uncalled bet ($18) returned to Y_19
Y_19 collected $30.23 from pot
Y_19: doesn't show hand 
*** SUMMARY ***
Total pot $30.23 | Rake $0 
Seat 2: elcutez
Seat 1: thefrog2004 (small blind) folded before Flop
Seat 3: S3MPR3IGUAL (big blind) folded before Flop
Seat 4: easy_sarcasm folded before Flop (didn't bet)
Seat 5: I am Anux! folded before Flop (didn't bet)
Seat 6: Y_19 (button) collected ($30.23)



PokerStars Hand #254625601480:  Hold'em No Limit ($0.50/$1.00 USD) - 2025/01/30 18:56:22 WET [2025/01/30 13:56:22 ET]
Table 'Pawona' 6-max Seat #1 is the button
Seat 2: elcutez ($115.45 in chips) is sitting out
Seat 1: thefrog2004 ($107.36 in chips) 
Seat 3: S3MPR3IGUAL ($100 in chips) 
Seat 4: easy_sarcasm ($100.48 in chips) 
Seat 5: I am Anux! ($104 in chips) 
Seat 6: Y_19 ($116.23 in chips) 
S3MPR3IGUAL: posts small blind $0.50
easy_sarcasm: posts big blind $1
*** HOLE CARDS ***
I am Anux!: folds 
Y_19: folds 
thefrog2004: calls $1
S3MPR3IGUAL: raises $4 to $5
easy_sarcasm: folds 
thefrog2004: calls $4
*** FLOP *** [7d 5h 5s]
S3MPR3IGUAL: bets $2.94
thefrog2004: calls $2.94
*** TURN *** [7d 5h 5s] [Kd]
S3MPR3IGUAL: bets $6
thefrog2004: calls $6
*** RIVER *** [7d 5h 5s Kd] [3h]
S3MPR3IGUAL: bets $32
thefrog2004: folds 
Uncalled bet ($32) returned to S3MPR3IGUAL
S3MPR3IGUAL collected $27.44 from pot
S3MPR3IGUAL: doesn't show hand 
*** SUMMARY ***
Total pot $28.88 | Rake $1.44 
Board [7d 5h 5s Kd 3h]
Seat 2: elcutez
Seat 1: thefrog2004 (button) folded on the River
Seat 3: S3MPR3IGUAL (small blind) collected ($27.44)
Seat 4: easy_sarcasm (big blind) folded before Flop
Seat 5: I am Anux! folded before Flop (didn't bet)
Seat 6: Y_19 folded before Flop (didn't bet)



PokerStars Hand #254625615062:  Hold'em No Limit ($0.50/$1.00 USD) - 2025/01/30 18:57:30 WET [2025/01/30 13:57:30 ET]
Table 'Pawona' 6-max Seat #3 is the button
Seat 2: elcutez ($115.45 in chips) is sitting out
Seat 1: thefrog2004 ($93.42 in chips) 
Seat 3: S3MPR3IGUAL ($113.50 in chips) 
Seat 4: easy_sarcasm ($100 in chips) 
Seat 5: I am Anux! ($104 in chips) 
Seat 6: Y_19 ($116.23 in chips) 
easy_sarcasm: posts small blind $0.50
I am Anux!: posts big blind $1
*** HOLE CARDS ***
Y_19: folds 
thefrog2004: folds 
S3MPR3IGUAL: raises $1.20 to $2.20
easy_sarcasm: folds 
I am Anux!: folds 
Uncalled bet ($1.20) returned to S3MPR3IGUAL
S3MPR3IGUAL collected $2.50 from pot
S3MPR3IGUAL: doesn't show hand 
*** SUMMARY ***
Total pot $2.50 | Rake $0 
Seat 2: elcutez
Seat 1: thefrog2004 folded before Flop (didn't bet)
Seat 3: S3MPR3IGUAL (button) collected ($2.50)
Seat 4: easy_sarcasm (small blind) folded before Flop
Seat 5: I am Anux! (big blind) folded before Flop
Seat 6: Y_19 folded before Flop (didn't bet)



PokerStars Hand #254625617423:  Hold'em No Limit ($0.50/$1.00 USD) - 2025/01/30 18:57:42 WET [2025/01/30 13:57:42 ET]
Table 'Pawona' 6-max Seat #4 is the button
Seat 2: elcutez ($115.45 in chips) is sitting out
Seat 1: thefrog2004 ($93.42 in chips) 
Seat 3: S3MPR3IGUAL ($115 in chips) 
Seat 4: easy_sarcasm ($100 in chips) 
Seat 5: I am Anux! ($103 in chips) 
Seat 6: Y_19 ($116.23 in chips) 
I am Anux!: posts small blind $0.50
Y_19: posts big blind $1
*** HOLE CARDS ***
thefrog2004: calls $1
S3MPR3IGUAL: folds 
easy_sarcasm: raises $3.50 to $4.50
I am Anux!: folds 
Y_19: folds 
thefrog2004: calls $3.50
*** FLOP *** [Ks 9c 8d]
thefrog2004: checks 
easy_sarcasm: bets $4.50
thefrog2004: calls $4.50
*** TURN *** [Ks 9c 8d] [3h]
thefrog2004: checks 
easy_sarcasm: bets $12.50
thefrog2004: folds 
Uncalled bet ($12.50) returned to easy_sarcasm
easy_sarcasm collected $18.52 from pot
*** SUMMARY ***
Total pot $19.50 | Rake $0.98 
Board [Ks 9c 8d 3h]
Seat 2: elcutez
Seat 1: thefrog2004 folded on the Turn
Seat 3: S3MPR3IGUAL folded before Flop (didn't bet)
Seat 4: easy_sarcasm (button) collected ($18.52)
Seat 5: I am Anux! (small blind) folded before Flop
Seat 6: Y_19 (big blind) folded before Flop



PokerStars Hand #254625629775:  Hold'em No Limit ($0.50/$1.00 USD) - 2025/01/30 18:58:44 WET [2025/01/30 13:58:44 ET]
Table 'Pawona' 6-max Seat #5 is the button
Seat 2: elcutez ($115.45 in chips) is sitting out
Seat 1: thefrog2004 ($84.42 in chips) 
Seat 3: S3MPR3IGUAL ($115 in chips) 
Seat 4: easy_sarcasm ($109.52 in chips) 
Seat 5: I am Anux! ($102.50 in chips) 
Seat 6: Y_19 ($115.23 in chips) 
Y_19: posts small blind $0.50
thefrog2004: posts big blind $1
*** HOLE CARDS ***
S3MPR3IGUAL: raises $1.20 to $2.20
easy_sarcasm: folds 
I am Anux!: folds 
Y_19: folds 
thefrog2004: folds 
Uncalled bet ($1.20) returned to S3MPR3IGUAL
S3MPR3IGUAL collected $2.50 from pot
S3MPR3IGUAL: doesn't show hand 
*** SUMMARY ***
Total pot $2.50 | Rake $0 
Seat 2: elcutez
Seat 1: thefrog2004 (big blind) folded before Flop
Seat 3: S3MPR3IGUAL collected ($2.50)
Seat 4: easy_sarcasm folded before Flop (didn't bet)
Seat 5: I am Anux! (button) folded before Flop (didn't bet)
Seat 6: Y_19 (small blind) folded before Flop



PokerStars Hand #254625631801:  Hold'em No Limit ($0.50/$1.00 USD) - 2025/01/30 18:58:54 WET [2025/01/30 13:58:54 ET]
Table 'Pawona' 6-max Seat #6 is the button
Seat 2: elcutez ($115.45 in chips) is sitting out
Seat 1: thefrog2004 ($83.42 in chips) 
Seat 3: S3MPR3IGUAL ($116.50 in chips) 
Seat 4: easy_sarcasm ($109.52 in chips) 
Seat 5: I am Anux! ($102.50 in chips) 
Seat 6: Y_19 ($114.73 in chips) 
thefrog2004: posts small blind $0.50
S3MPR3IGUAL: posts big blind $1
*** HOLE CARDS ***
easy_sarcasm: folds 
I am Anux!: folds 
Y_19: raises $1.23 to $2.23
thefrog2004: calls $1.73
S3MPR3IGUAL: folds 
*** FLOP *** [3d Tc 8s]
thefrog2004: checks 
Y_19: checks 
*** TURN *** [3d Tc 8s] [Jh]
thefrog2004: bets $1
elcutez leaves the table
Y_19: calls $1
*** RIVER *** [3d Tc 8s Jh] [Td]
thefrog2004: bets $1
Y_19: folds 
Uncalled bet ($1) returned to thefrog2004
AlexPinsk1 joins the table at seat #2 
thefrog2004 collected $7.09 from pot
*** SUMMARY ***
Total pot $7.46 | Rake $0.37 
Board [3d Tc 8s Jh Td]
Seat 2: elcutez
Seat 1: thefrog2004 (small blind) collected ($7.09)
Seat 3: S3MPR3IGUAL (big blind) folded before Flop
Seat 4: easy_sarcasm folded before Flop (didn't bet)
Seat 5: I am Anux! folded before Flop (didn't bet)
Seat 6: Y_19 (button) folded on the River



PokerStars Hand #254625638185:  Hold'em No Limit ($0.50/$1.00 USD) - 2025/01/30 18:59:26 WET [2025/01/30 13:59:26 ET]
Table 'Pawona' 6-max Seat #1 is the button
Seat 2: AlexPinsk1 ($100 in chips) is sitting out
Seat 1: thefrog2004 ($87.28 in chips) 
Seat 3: S3MPR3IGUAL ($115.50 in chips) 
Seat 4: easy_sarcasm ($109.52 in chips) 
Seat 5: I am Anux! ($102.50 in chips) 
Seat 6: Y_19 ($111.50 in chips) 
S3MPR3IGUAL: posts small blind $0.50
easy_sarcasm: posts big blind $1
*** HOLE CARDS ***
I am Anux!: folds 
Y_19: folds 
thefrog2004: folds 
S3MPR3IGUAL: raises $2 to $3
easy_sarcasm: raises $6 to $9
S3MPR3IGUAL: calls $6
*** FLOP *** [5d 4h 2s]
S3MPR3IGUAL: checks 
easy_sarcasm: checks 
*** TURN *** [5d 4h 2s] [9h]
S3MPR3IGUAL: checks 
easy_sarcasm: checks 
*** RIVER *** [5d 4h 2s 9h] [4c]
S3MPR3IGUAL: bets $6
easy_sarcasm: folds 
Uncalled bet ($6) returned to S3MPR3IGUAL
S3MPR3IGUAL collected $17.10 from pot
S3MPR3IGUAL: doesn't show hand 
*** SUMMARY ***
Total pot $18 | Rake $0.90 
Board [5d 4h 2s 9h 4c]
Seat 2: AlexPinsk1
Seat 1: thefrog2004 (button) folded before Flop (didn't bet)
Seat 3: S3MPR3IGUAL (small blind) collected ($17.10)
Seat 4: easy_sarcasm (big blind) folded on the River
Seat 5: I am Anux! folded before Flop (didn't bet)
Seat 6: Y_19 folded before Flop (didn't bet)



PokerStars Hand #254625650550:  Hold'em No Limit ($0.50/$1.00 USD) - 2025/01/30 19:00:27 WET [2025/01/30 14:00:27 ET]
Table 'Pawona' 6-max Seat #3 is the button
Seat 2: AlexPinsk1 ($100 in chips) is sitting out
Seat 1: thefrog2004 ($87.28 in chips) 
Seat 3: S3MPR3IGUAL ($123.60 in chips) 
Seat 4: easy_sarcasm ($100.52 in chips) 
Seat 5: I am Anux! ($102.50 in chips) 
Seat 6: Y_19 ($111.50 in chips) 
easy_sarcasm: posts small blind $0.50
I am Anux!: posts big blind $1
AlexPinsk1: sits out 
*** HOLE CARDS ***
Y_19: folds 
thefrog2004: folds 
S3MPR3IGUAL: raises $1.20 to $2.20
easy_sarcasm: folds 
I am Anux!: folds 
Uncalled bet ($1.20) returned to S3MPR3IGUAL
S3MPR3IGUAL collected $2.50 from pot
S3MPR3IGUAL: doesn't show hand 
*** SUMMARY ***
Total pot $2.50 | Rake $0 
Seat 2: AlexPinsk1
Seat 1: thefrog2004 folded before Flop (didn't bet)
Seat 3: S3MPR3IGUAL (button) collected ($2.50)
Seat 4: easy_sarcasm (small blind) folded before Flop
Seat 5: I am Anux! (big blind) folded before Flop
Seat 6: Y_19 folded before Flop (didn't bet)



PokerStars Hand #254625653611:  Hold'em No Limit ($0.50/$1.00 USD) - 2025/01/30 19:00:41 WET [2025/01/30 14:00:41 ET]
Table 'Pawona' 6-max Seat #4 is the button
Seat 2: AlexPinsk1 ($100 in chips) is sitting out
Seat 1: thefrog2004 ($87.28 in chips) 
Seat 3: S3MPR3IGUAL ($125.10 in chips) 
Seat 4: easy_sarcasm ($100.02 in chips) 
Seat 5: I am Anux! ($101.50 in chips) 
Seat 6: Y_19 ($111.50 in chips) 
I am Anux!: posts small blind $0.50
Y_19: posts big blind $1
AlexPinsk1: sits out 
*** HOLE CARDS ***
thefrog2004: folds 
S3MPR3IGUAL: folds 
easy_sarcasm: raises $1.20 to $2.20
I am Anux!: raises $8.70 to $10.90
Y_19: folds 
easy_sarcasm: folds 
Uncalled bet ($8.70) returned to I am Anux!
I am Anux! collected $5.40 from pot
I am Anux!: doesn't show hand 
*** SUMMARY ***
Total pot $5.40 | Rake $0 
Seat 2: AlexPinsk1
Seat 1: thefrog2004 folded before Flop (didn't bet)
Seat 3: S3MPR3IGUAL folded before Flop (didn't bet)
Seat 4: easy_sarcasm (button) folded before Flop
Seat 5: I am Anux! (small blind) collected ($5.40)
Seat 6: Y_19 (big blind) folded before Flop



PokerStars Hand #254625660879:  Hold'em No Limit ($0.50/$1.00 USD) - 2025/01/30 19:01:14 WET [2025/01/30 14:01:14 ET]
Table 'Pawona' 6-max Seat #5 is the button
Seat 2: AlexPinsk1 ($100 in chips) is sitting out
Seat 1: thefrog2004 ($87.28 in chips) 
Seat 3: S3MPR3IGUAL ($125.10 in chips) 
Seat 4: easy_sarcasm ($100 in chips) 
Seat 5: I am Anux! ($104.70 in chips) 
Seat 6: Y_19 ($110.50 in chips) 
Y_19: posts small blind $0.50
thefrog2004: posts big blind $1
AlexPinsk1: sits out 
*** HOLE CARDS ***
S3MPR3IGUAL: folds 
easy_sarcasm: raises $2 to $3
I am Anux!: folds 
Y_19: folds 
thefrog2004: calls $2
*** FLOP *** [Jd Td 6d]
thefrog2004: bets $2
easy_sarcasm: raises $7.53 to $9.53
thefrog2004: calls $7.53
*** TURN *** [Jd Td 6d] [8c]
thefrog2004: checks 
easy_sarcasm: bets $13.50
thefrog2004: calls $13.50
*** RIVER *** [Jd Td 6d 8c] [Th]
thefrog2004: bets $22
easy_sarcasm: calls $22
*** SHOW DOWN ***
thefrog2004: shows [8h 9h] (two pair, Tens and Eights)
easy_sarcasm: shows [Js Qh] (two pair, Jacks and Tens)
easy_sarcasm collected $94.06 from pot
*** SUMMARY ***
Total pot $96.56 | Rake $2.50 
Board [Jd Td 6d 8c Th]
Seat 2: AlexPinsk1
Seat 1: thefrog2004 (big blind) showed [8h 9h] and lost with two pair, Tens and Eights
Seat 3: S3MPR3IGUAL folded before Flop (didn't bet)
Seat 4: easy_sarcasm showed [Js Qh] and won ($94.06) with two pair, Jacks and Tens
Seat 5: I am Anux! (button) folded before Flop (didn't bet)
Seat 6: Y_19 (small blind) folded before Flop



PokerStars Hand #254625680579:  Hold'em No Limit ($0.50/$1.00 USD) - 2025/01/30 19:02:32 WET [2025/01/30 14:02:32 ET]
Table 'Pawona' 6-max Seat #6 is the button
Seat 1: thefrog2004 ($39.25 in chips) 
Seat 2: AlexPinsk1 ($100 in chips) 
Seat 3: S3MPR3IGUAL ($125.10 in chips) 
Seat 4: easy_sarcasm ($146.03 in chips) 
Seat 5: I am Anux! ($104.70 in chips) 
Seat 6: Y_19 ($110 in chips) 
thefrog2004: posts small blind $0.50
AlexPinsk1: posts big blind $1
*** HOLE CARDS ***
S3MPR3IGUAL: folds 
easy_sarcasm: folds 
I am Anux!: raises $1.30 to $2.30
Y_19: folds 
thefrog2004: calls $1.80
AlexPinsk1: folds 
*** FLOP *** [9c 6h 3c]
thefrog2004: checks 
I am Anux!: bets $2.66
thefrog2004: calls $2.66
*** TURN *** [9c 6h 3c] [6c]
thefrog2004: checks 
I am Anux!: bets $7.78
thefrog2004: calls $7.78
*** RIVER *** [9c 6h 3c 6c] [As]
thefrog2004: checks 
I am Anux!: bets $91.96 and is all-in
thefrog2004: calls $26.51 and is all-in
Uncalled bet ($65.45) returned to I am Anux!
*** SHOW DOWN ***
I am Anux!: shows [3d 3h] (a full house, Threes full of Sixes)
thefrog2004: shows [Ac 8s] (two pair, Aces and Sixes)
I am Anux! collected $77 from pot
*** SUMMARY ***
Total pot $79.50 | Rake $2.50 
Board [9c 6h 3c 6c As]
Seat 1: thefrog2004 (small blind) showed [Ac 8s] and lost with two pair, Aces and Sixes
Seat 2: AlexPinsk1 (big blind) folded before Flop
Seat 3: S3MPR3IGUAL folded before Flop (didn't bet)
Seat 4: easy_sarcasm folded before Flop (didn't bet)
Seat 5: I am Anux! showed [3d 3h] and won ($77) with a full house, Threes full of Sixes
Seat 6: Y_19 (button) folded before Flop (didn't bet)



PokerStars Hand #254625706550:  Hold'em No Limit ($0.50/$1.00 USD) - 2025/01/30 19:04:08 WET [2025/01/30 14:04:08 ET]
Table 'Pawona' 6-max Seat #2 is the button
Seat 1: thefrog2004 ($0 in chips) is sitting out
Seat 2: AlexPinsk1 ($100 in chips) 
Seat 3: S3MPR3IGUAL ($125.10 in chips) 
Seat 4: easy_sarcasm ($146.03 in chips) 
Seat 5: I am Anux! ($142.45 in chips) 
Seat 6: Y_19 ($110 in chips) 
S3MPR3IGUAL: posts small blind $0.50
easy_sarcasm: posts big blind $1
*** HOLE CARDS ***
I am Anux!: folds 
Y_19: folds 
AlexPinsk1: folds 
S3MPR3IGUAL: folds 
Uncalled bet ($0.50) returned to easy_sarcasm
easy_sarcasm collected $1 from pot
*** SUMMARY ***
Total pot $1 | Rake $0 
Seat 1: thefrog2004
Seat 2: AlexPinsk1 (button) folded before Flop (didn't bet)
Seat 3: S3MPR3IGUAL (small blind) folded before Flop
Seat 4: easy_sarcasm (big blind) collected ($1)
Seat 5: I am Anux! folded before Flop (didn't bet)
Seat 6: Y_19 folded before Flop (didn't bet)



PokerStars Hand #254625708975:  Hold'em No Limit ($0.50/$1.00 USD) - 2025/01/30 19:04:17 WET [2025/01/30 14:04:17 ET]
Table 'Pawona' 6-max Seat #3 is the button
Seat 2: AlexPinsk1 ($100 in chips) 
Seat 3: S3MPR3IGUAL ($124.60 in chips) 
Seat 4: easy_sarcasm ($146.53 in chips) 
Seat 5: I am Anux! ($142.45 in chips) 
Seat 6: Y_19 ($110 in chips) 
thefrog2004 leaves the table
easy_sarcasm: posts small blind $0.50
I am Anux!: posts big blind $1
*** HOLE CARDS ***
Y_19: folds 
AlexPinsk1: folds 
S3MPR3IGUAL: raises $1.20 to $2.20
easy_sarcasm: calls $1.70
I am Anux!: calls $1.20
*** FLOP *** [7d 4d As]
easy_sarcasm: checks 
RohayhuP joins the table at seat #1 
I am Anux!: checks 
S3MPR3IGUAL: bets $1.76
easy_sarcasm: folds 
I am Anux!: calls $1.76
*** TURN *** [7d 4d As] [6s]
I am Anux!: checks 
S3MPR3IGUAL: checks 
*** RIVER *** [7d 4d As 6s] [Qc]
I am Anux!: checks 
S3MPR3IGUAL: bets $7.21
I am Anux!: folds 
Uncalled bet ($7.21) returned to S3MPR3IGUAL
S3MPR3IGUAL collected $9.61 from pot
S3MPR3IGUAL: doesn't show hand 
*** SUMMARY ***
Total pot $10.12 | Rake $0.51 
Board [7d 4d As 6s Qc]
Seat 2: AlexPinsk1 folded before Flop (didn't bet)
Seat 3: S3MPR3IGUAL (button) collected ($9.61)
Seat 4: easy_sarcasm (small blind) folded on the Flop
Seat 5: I am Anux! (big blind) folded on the River
Seat 6: Y_19 folded before Flop (didn't bet)



PokerStars Hand #254625728872:  Hold'em No Limit ($0.50/$1.00 USD) - 2025/01/30 19:05:29 WET [2025/01/30 14:05:29 ET]
Table 'Pawona' 6-max Seat #4 is the button
Seat 6: Y_19 ($110 in chips) is sitting out
Seat 1: RohayhuP ($100 in chips) 
Seat 2: AlexPinsk1 ($100 in chips) 
Seat 3: S3MPR3IGUAL ($130.25 in chips) 
Seat 4: easy_sarcasm ($144.33 in chips) 
Seat 5: I am Anux! ($138.49 in chips) 
I am Anux!: posts small blind $0.50
Y_19: is sitting out 
RohayhuP: posts big blind $1
*** HOLE CARDS ***
AlexPinsk1: folds 
Y_19 leaves the table
S3MPR3IGUAL: folds 
easy_sarcasm: raises $1.20 to $2.20
paramourx joins the table at seat #6 
I am Anux!: folds 
RohayhuP: calls $1.20
*** FLOP *** [8h 8c 6h]
RohayhuP: checks 
easy_sarcasm: bets $2.50
RohayhuP: raises $4.83 to $7.33
easy_sarcasm: calls $4.83
*** TURN *** [8h 8c 6h] [9c]
RohayhuP: bets $11.29
easy_sarcasm: calls $11.29
*** RIVER *** [8h 8c 6h 9c] [3d]
RohayhuP: checks 
easy_sarcasm: bets $40.03
RohayhuP: calls $40.03
*** SHOW DOWN ***
easy_sarcasm: shows [Ks Kh] (two pair, Kings and Eights)
RohayhuP: mucks hand 
easy_sarcasm collected $119.70 from pot
*** SUMMARY ***
Total pot $122.20 | Rake $2.50 
Board [8h 8c 6h 9c 3d]
Seat 6: Y_19
Seat 1: RohayhuP (big blind) mucked
Seat 2: AlexPinsk1 folded before Flop (didn't bet)
Seat 3: S3MPR3IGUAL folded before Flop (didn't bet)
Seat 4: easy_sarcasm (button) showed [Ks Kh] and won ($119.70) with two pair, Kings and Eights
Seat 5: I am Anux! (small blind) folded before Flop



PokerStars Hand #254625755605:  Hold'em No Limit ($0.50/$1.00 USD) - 2025/01/30 19:07:06 WET [2025/01/30 14:07:06 ET]
Table 'Pawona' 6-max Seat #5 is the button
Seat 2: AlexPinsk1 ($100 in chips) is sitting out
Seat 6: paramourx ($100 in chips) is sitting out
Seat 1: RohayhuP ($39.15 in chips) 
Seat 3: S3MPR3IGUAL ($130.25 in chips) 
Seat 4: easy_sarcasm ($203.18 in chips) 
Seat 5: I am Anux! ($137.99 in chips) 
RohayhuP: posts small blind $0.50
AlexPinsk1: is sitting out 
S3MPR3IGUAL: posts big blind $1
*** HOLE CARDS ***
easy_sarcasm: folds 
I am Anux!: raises $1.50 to $2.50
RohayhuP: folds 
S3MPR3IGUAL: calls $1.50
*** FLOP *** [9s 6s 2s]
S3MPR3IGUAL: checks 
I am Anux!: checks 
*** TURN *** [9s 6s 2s] [Kh]
S3MPR3IGUAL: checks 
I am Anux!: bets $3.92
S3MPR3IGUAL: folds 
Uncalled bet ($3.92) returned to I am Anux!
I am Anux! collected $5.22 from pot
I am Anux!: doesn't show hand 
*** SUMMARY ***
Total pot $5.50 | Rake $0.28 
Board [9s 6s 2s Kh]
Seat 2: AlexPinsk1
Seat 6: paramourx
Seat 1: RohayhuP (small blind) folded before Flop
Seat 3: S3MPR3IGUAL (big blind) folded on the Turn
Seat 4: easy_sarcasm folded before Flop (didn't bet)
Seat 5: I am Anux! (button) collected ($5.22)



PokerStars Hand #254625771499:  Hold'em No Limit ($0.50/$1.00 USD) - 2025/01/30 19:08:04 WET [2025/01/30 14:08:04 ET]
Table 'Pawona' 6-max Seat #1 is the button
Seat 2: AlexPinsk1 ($100 in chips) is sitting out
Seat 6: paramourx ($100 in chips) is sitting out
Seat 1: RohayhuP ($100 in chips) 
Seat 3: S3MPR3IGUAL ($127.75 in chips) 
Seat 4: easy_sarcasm ($203.18 in chips) 
Seat 5: I am Anux! ($140.71 in chips) 
S3MPR3IGUAL: posts small blind $0.50
easy_sarcasm: posts big blind $1
paramourx: sits out 
*** HOLE CARDS ***
I am Anux!: folds 
RohayhuP: raises $2 to $3
S3MPR3IGUAL: raises $8 to $11
easy_sarcasm: folds 
RohayhuP: folds 
Uncalled bet ($8) returned to S3MPR3IGUAL
S3MPR3IGUAL collected $7 from pot
S3MPR3IGUAL: doesn't show hand 
*** SUMMARY ***
Total pot $7 | Rake $0 
Seat 2: AlexPinsk1
Seat 6: paramourx
Seat 1: RohayhuP (button) folded before Flop
Seat 3: S3MPR3IGUAL (small blind) collected ($7)
Seat 4: easy_sarcasm (big blind) folded before Flop
Seat 5: I am Anux! folded before Flop (didn't bet)



PokerStars Hand #254625777146:  Hold'em No Limit ($0.50/$1.00 USD) - 2025/01/30 19:08:25 WET [2025/01/30 14:08:25 ET]
Table 'Pawona' 6-max Seat #3 is the button
Seat 2: AlexPinsk1 ($100 in chips) is sitting out
Seat 6: paramourx ($100 in chips) is sitting out
Seat 1: RohayhuP ($97 in chips) 
Seat 3: S3MPR3IGUAL ($131.75 in chips) 
Seat 4: easy_sarcasm ($202.18 in chips) 
Seat 5: I am Anux! ($140.71 in chips) 
easy_sarcasm: posts small blind $0.50
I am Anux!: posts big blind $1
paramourx: sits out 
*** HOLE CARDS ***
RohayhuP: folds 
S3MPR3IGUAL: raises $1.20 to $2.20
AlexPinsk1 leaves the table
easy_sarcasm: folds 
I am Anux!: calls $1.20
*** FLOP *** [9c 6d 4d]
I am Anux!: checks 
adrianos1211 joins the table at seat #2 
S3MPR3IGUAL: checks 
*** TURN *** [9c 6d 4d] [8c]
I am Anux!: checks 
S3MPR3IGUAL: bets $3.08
I am Anux!: calls $3.08
*** RIVER *** [9c 6d 4d 8c] [Qh]
I am Anux!: checks 
S3MPR3IGUAL: checks 
*** SHOW DOWN ***
I am Anux!: shows [6h Th] (a pair of Sixes)
S3MPR3IGUAL: mucks hand 
I am Anux! collected $10.51 from pot
*** SUMMARY ***
Total pot $11.06 | Rake $0.55 
Board [9c 6d 4d 8c Qh]
Seat 2: AlexPinsk1
Seat 6: paramourx
Seat 1: RohayhuP folded before Flop (didn't bet)
Seat 3: S3MPR3IGUAL (button) mucked
Seat 4: easy_sarcasm (small blind) folded before Flop
Seat 5: I am Anux! (big blind) showed [6h Th] and won ($10.51) with a pair of Sixes



PokerStars Hand #254625794747:  Hold'em No Limit ($0.50/$1.00 USD) - 2025/01/30 19:09:29 WET [2025/01/30 14:09:29 ET]
Table 'Pawona' 6-max Seat #4 is the button
Seat 2: adrianos1211 ($100 in chips) is sitting out
Seat 1: RohayhuP ($97 in chips) 
Seat 3: S3MPR3IGUAL ($126.47 in chips) 
Seat 4: easy_sarcasm ($201.68 in chips) 
Seat 5: I am Anux! ($145.94 in chips) 
Seat 6: paramourx ($100 in chips) 
I am Anux!: posts small blind $0.50
paramourx: posts big blind $1
adrianos1211: sits out 
*** HOLE CARDS ***
RohayhuP: folds 
S3MPR3IGUAL: folds 
easy_sarcasm: folds 
I am Anux!: raises $2 to $3
paramourx: folds 
Uncalled bet ($2) returned to I am Anux!
I am Anux! collected $2 from pot
I am Anux!: doesn't show hand 
*** SUMMARY ***
Total pot $2 | Rake $0 
Seat 2: adrianos1211
Seat 1: RohayhuP folded before Flop (didn't bet)
Seat 3: S3MPR3IGUAL folded before Flop (didn't bet)
Seat 4: easy_sarcasm (button) folded before Flop (didn't bet)
Seat 5: I am Anux! (small blind) collected ($2)
Seat 6: paramourx (big blind) folded before Flop



PokerStars Hand #254625798861:  Hold'em No Limit ($0.50/$1.00 USD) - 2025/01/30 19:09:44 WET [2025/01/30 14:09:44 ET]
Table 'Pawona' 6-max Seat #5 is the button
Seat 2: adrianos1211 ($100 in chips) is sitting out
Seat 1: RohayhuP ($97 in chips) 
Seat 3: S3MPR3IGUAL ($126.47 in chips) 
Seat 4: easy_sarcasm ($201.68 in chips) 
Seat 5: I am Anux! ($146.94 in chips) 
Seat 6: paramourx ($100 in chips) 
paramourx: posts small blind $0.50
RohayhuP: posts big blind $1
adrianos1211: sits out 
*** HOLE CARDS ***
S3MPR3IGUAL: folds 
easy_sarcasm: folds 
I am Anux!: raises $1.40 to $2.40
paramourx: folds 
RohayhuP: folds 
Uncalled bet ($1.40) returned to I am Anux!
I am Anux! collected $2.50 from pot
I am Anux!: doesn't show hand 
*** SUMMARY ***
Total pot $2.50 | Rake $0 
Seat 2: adrianos1211
Seat 1: RohayhuP (big blind) folded before Flop
Seat 3: S3MPR3IGUAL folded before Flop (didn't bet)
Seat 4: easy_sarcasm folded before Flop (didn't bet)
Seat 5: I am Anux! (button) collected ($2.50)
Seat 6: paramourx (small blind) folded before Flop



PokerStars Hand #254625804791:  Hold'em No Limit ($0.50/$1.00 USD) - 2025/01/30 19:10:06 WET [2025/01/30 14:10:06 ET]
Table 'Pawona' 6-max Seat #6 is the button
Seat 1: RohayhuP ($96 in chips) 
Seat 2: adrianos1211 ($100 in chips) 
Seat 3: S3MPR3IGUAL ($126.47 in chips) 
Seat 4: easy_sarcasm ($201.68 in chips) 
Seat 5: I am Anux! ($148.44 in chips) 
Seat 6: paramourx ($100 in chips) 
RohayhuP: posts small blind $0.50
adrianos1211: posts big blind $1
*** HOLE CARDS ***
S3MPR3IGUAL: folds 
easy_sarcasm: raises $2 to $3
I am Anux!: folds 
paramourx: folds 
RohayhuP: folds 
adrianos1211: calls $2
*** FLOP *** [8d 9h Qs]
adrianos1211: checks 
easy_sarcasm: bets $3.50
adrianos1211: folds 
Uncalled bet ($3.50) returned to easy_sarcasm
easy_sarcasm collected $6.18 from pot
*** SUMMARY ***
Total pot $6.50 | Rake $0.32 
Board [8d 9h Qs]
Seat 1: RohayhuP (small blind) folded before Flop
Seat 2: adrianos1211 (big blind) folded on the Flop
Seat 3: S3MPR3IGUAL folded before Flop (didn't bet)
Seat 4: easy_sarcasm collected ($6.18)
Seat 5: I am Anux! folded before Flop (didn't bet)
Seat 6: paramourx (button) folded before Flop (didn't bet)



PokerStars Hand #254625810269:  Hold'em No Limit ($0.50/$1.00 USD) - 2025/01/30 19:10:25 WET [2025/01/30 14:10:25 ET]
Table 'Pawona' 6-max Seat #1 is the button
Seat 1: RohayhuP ($95.50 in chips) 
Seat 2: adrianos1211 ($100 in chips) 
Seat 3: S3MPR3IGUAL ($126.47 in chips) 
Seat 4: easy_sarcasm ($204.86 in chips) 
Seat 5: I am Anux! ($148.44 in chips) 
Seat 6: paramourx ($100 in chips) 
adrianos1211: posts small blind $0.50
S3MPR3IGUAL: posts big blind $1
*** HOLE CARDS ***
easy_sarcasm: raises $2 to $3
I am Anux!: folds 
paramourx: folds 
RohayhuP: folds 
adrianos1211: folds 
S3MPR3IGUAL: folds 
Uncalled bet ($2) returned to easy_sarcasm
easy_sarcasm collected $2.50 from pot
*** SUMMARY ***
Total pot $2.50 | Rake $0 
Seat 1: RohayhuP (button) folded before Flop (didn't bet)
Seat 2: adrianos1211 (small blind) folded before Flop
Seat 3: S3MPR3IGUAL (big blind) folded before Flop
Seat 4: easy_sarcasm collected ($2.50)
Seat 5: I am Anux! folded before Flop (didn't bet)
Seat 6: paramourx folded before Flop (didn't bet)



PokerStars Hand #254625814642:  Hold'em No Limit ($0.50/$1.00 USD) - 2025/01/30 19:10:41 WET [2025/01/30 14:10:41 ET]
Table 'Pawona' 6-max Seat #2 is the button
Seat 1: RohayhuP ($95.50 in chips) 
Seat 2: adrianos1211 ($100 in chips) 
Seat 3: S3MPR3IGUAL ($125.47 in chips) 
Seat 4: easy_sarcasm ($206.36 in chips) 
Seat 5: I am Anux! ($148.44 in chips) 
Seat 6: paramourx ($100 in chips) 
S3MPR3IGUAL: posts small blind $0.50
easy_sarcasm: posts big blind $1
*** HOLE CARDS ***
I am Anux!: folds 
paramourx: folds 
RohayhuP: folds 
adrianos1211: folds 
S3MPR3IGUAL: folds 
Uncalled bet ($0.50) returned to easy_sarcasm
easy_sarcasm collected $1 from pot
*** SUMMARY ***
Total pot $1 | Rake $0 
Seat 1: RohayhuP folded before Flop (didn't bet)
Seat 2: adrianos1211 (button) folded before Flop (didn't bet)
Seat 3: S3MPR3IGUAL (small blind) folded before Flop
Seat 4: easy_sarcasm (big blind) collected ($1)
Seat 5: I am Anux! folded before Flop (didn't bet)
Seat 6: paramourx folded before Flop (didn't bet)



PokerStars Hand #254625817017:  Hold'em No Limit ($0.50/$1.00 USD) - 2025/01/30 19:10:50 WET [2025/01/30 14:10:50 ET]
Table 'Pawona' 6-max Seat #3 is the button
Seat 1: RohayhuP ($95.50 in chips) 
Seat 2: adrianos1211 ($100 in chips) 
Seat 3: S3MPR3IGUAL ($124.97 in chips) 
Seat 4: easy_sarcasm ($206.86 in chips) 
Seat 5: I am Anux! ($148.44 in chips) 
Seat 6: paramourx ($100 in chips) 
easy_sarcasm: posts small blind $0.50
I am Anux!: posts big blind $1
*** HOLE CARDS ***
paramourx: folds 
RohayhuP: folds 
adrianos1211: folds 
S3MPR3IGUAL: folds 
easy_sarcasm: folds 
Uncalled bet ($0.50) returned to I am Anux!
I am Anux! collected $1 from pot
I am Anux!: doesn't show hand 
*** SUMMARY ***
Total pot $1 | Rake $0 
Seat 1: RohayhuP folded before Flop (didn't bet)
Seat 2: adrianos1211 folded before Flop (didn't bet)
Seat 3: S3MPR3IGUAL (button) folded before Flop (didn't bet)
Seat 4: easy_sarcasm (small blind) folded before Flop
Seat 5: I am Anux! (big blind) collected ($1)
Seat 6: paramourx folded before Flop (didn't bet)



PokerStars Hand #254625819238:  Hold'em No Limit ($0.50/$1.00 USD) - 2025/01/30 19:10:58 WET [2025/01/30 14:10:58 ET]
Table 'Pawona' 6-max Seat #4 is the button
Seat 1: RohayhuP ($95.50 in chips) 
Seat 2: adrianos1211 ($100 in chips) 
Seat 3: S3MPR3IGUAL ($124.97 in chips) 
Seat 4: easy_sarcasm ($206.36 in chips) 
Seat 5: I am Anux! ($148.94 in chips) 
Seat 6: paramourx ($100 in chips) 
I am Anux!: posts small blind $0.50
paramourx: posts big blind $1
*** HOLE CARDS ***
RohayhuP: raises $2 to $3
adrianos1211: folds 
S3MPR3IGUAL: folds 
easy_sarcasm: folds 
I am Anux!: folds 
paramourx: folds 
Uncalled bet ($2) returned to RohayhuP
RohayhuP collected $2.50 from pot
RohayhuP: doesn't show hand 
*** SUMMARY ***
Total pot $2.50 | Rake $0 
Seat 1: RohayhuP collected ($2.50)
Seat 2: adrianos1211 folded before Flop (didn't bet)
Seat 3: S3MPR3IGUAL folded before Flop (didn't bet)
Seat 4: easy_sarcasm (button) folded before Flop (didn't bet)
Seat 5: I am Anux! (small blind) folded before Flop
Seat 6: paramourx (big blind) folded before Flop



PokerStars Hand #254625824313:  Hold'em No Limit ($0.50/$1.00 USD) - 2025/01/30 19:11:16 WET [2025/01/30 14:11:16 ET]
Table 'Pawona' 6-max Seat #5 is the button
Seat 1: RohayhuP ($97 in chips) 
Seat 2: adrianos1211 ($100 in chips) 
Seat 3: S3MPR3IGUAL ($124.97 in chips) 
Seat 4: easy_sarcasm ($206.36 in chips) 
Seat 5: I am Anux! ($148.44 in chips) 
Seat 6: paramourx ($100 in chips) 
paramourx: posts small blind $0.50
RohayhuP: posts big blind $1
*** HOLE CARDS ***
adrianos1211: folds 
S3MPR3IGUAL: folds 
easy_sarcasm: folds 
I am Anux!: folds 
paramourx: folds 
Uncalled bet ($0.50) returned to RohayhuP
RohayhuP collected $1 from pot
RohayhuP: doesn't show hand 
*** SUMMARY ***
Total pot $1 | Rake $0 
Seat 1: RohayhuP (big blind) collected ($1)
Seat 2: adrianos1211 folded before Flop (didn't bet)
Seat 3: S3MPR3IGUAL folded before Flop (didn't bet)
Seat 4: easy_sarcasm folded before Flop (didn't bet)
Seat 5: I am Anux! (button) folded before Flop (didn't bet)
Seat 6: paramourx (small blind) folded before Flop



PokerStars Hand #254625827209:  Hold'em No Limit ($0.50/$1.00 USD) - 2025/01/30 19:11:27 WET [2025/01/30 14:11:27 ET]
Table 'Pawona' 6-max Seat #6 is the button
Seat 1: RohayhuP ($97.50 in chips) 
Seat 2: adrianos1211 ($100 in chips) 
Seat 3: S3MPR3IGUAL ($124.97 in chips) 
Seat 4: easy_sarcasm ($206.36 in chips) 
Seat 5: I am Anux! ($148.44 in chips) 
Seat 6: paramourx ($100 in chips) 
RohayhuP: posts small blind $0.50
adrianos1211: posts big blind $1
*** HOLE CARDS ***
S3MPR3IGUAL: folds 
easy_sarcasm: folds 
I am Anux!: folds 
paramourx: raises $2 to $3
RohayhuP: folds 
adrianos1211: calls $2
*** FLOP *** [Ts 6s 6c]
adrianos1211: checks 
paramourx: bets $4.82
easy_sarcasm leaves the table
adrianos1211: folds 
Uncalled bet ($4.82) returned to paramourx
paramourx collected $6.18 from pot
paramourx: doesn't show hand 
*** SUMMARY ***
Total pot $6.50 | Rake $0.32 
Board [Ts 6s 6c]
Seat 1: RohayhuP (small blind) folded before Flop
Seat 2: adrianos1211 (big blind) folded on the Flop
Seat 3: S3MPR3IGUAL folded before Flop (didn't bet)
Seat 4: easy_sarcasm folded before Flop (didn't bet)
Seat 5: I am Anux! folded before Flop (didn't bet)
Seat 6: paramourx (button) collected ($6.18)



PokerStars Hand #254625836451:  Hold'em No Limit ($0.50/$1.00 USD) - 2025/01/30 19:12:00 WET [2025/01/30 14:12:00 ET]
Table 'Pawona' 6-max Seat #1 is the button
Seat 1: RohayhuP ($97 in chips) 
Seat 2: adrianos1211 ($100 in chips) 
Seat 3: S3MPR3IGUAL ($124.97 in chips) 
Seat 5: I am Anux! ($148.44 in chips) 
Seat 6: paramourx ($103.18 in chips) 
adrianos1211: posts small blind $0.50
S3MPR3IGUAL: posts big blind $1
*** HOLE CARDS ***
I am Anux!: folds 
paramourx: raises $2 to $3
RohayhuP: calls $3
adrianos1211: folds 
S3MPR3IGUAL: folds 
*** FLOP *** [4d 2h Td]
paramourx: checks 
value_ftw joins the table at seat #4 
RohayhuP: bets $3.56
paramourx: folds 
Uncalled bet ($3.56) returned to RohayhuP
RohayhuP collected $7.02 from pot
RohayhuP: doesn't show hand 
*** SUMMARY ***
Total pot $7.50 | Rake $0.48 
Board [4d 2h Td]
Seat 1: RohayhuP (button) collected ($7.02)
Seat 2: adrianos1211 (small blind) folded before Flop
Seat 3: S3MPR3IGUAL (big blind) folded before Flop
Seat 5: I am Anux! folded before Flop (didn't bet)
Seat 6: paramourx folded on the Flop



PokerStars Hand #254625846654:  Hold'em No Limit ($0.50/$1.00 USD) - 2025/01/30 19:12:37 WET [2025/01/30 14:12:37 ET]
Table 'Pawona' 6-max Seat #2 is the button
Seat 1: RohayhuP ($101.02 in chips) 
Seat 2: adrianos1211 ($100 in chips) 
Seat 3: S3MPR3IGUAL ($123.97 in chips) 
Seat 4: value_ftw ($100 in chips) 
Seat 5: I am Anux! ($148.44 in chips) 
Seat 6: paramourx ($100.18 in chips) 
S3MPR3IGUAL: posts small blind $0.50
value_ftw: posts big blind $1
*** HOLE CARDS ***
I am Anux!: raises $1 to $2
paramourx: folds 
RohayhuP: folds 
adrianos1211: folds 
S3MPR3IGUAL: folds 
value_ftw: folds 
Uncalled bet ($1) returned to I am Anux!
I am Anux! collected $2.50 from pot
I am Anux!: doesn't show hand 
*** SUMMARY ***
Total pot $2.50 | Rake $0 
Seat 1: RohayhuP folded before Flop (didn't bet)
Seat 2: adrianos1211 (button) folded before Flop (didn't bet)
Seat 3: S3MPR3IGUAL (small blind) folded before Flop
Seat 4: value_ftw (big blind) folded before Flop
Seat 5: I am Anux! collected ($2.50)
Seat 6: paramourx folded before Flop (didn't bet)



PokerStars Hand #254625852142:  Hold'em No Limit ($0.50/$1.00 USD) - 2025/01/30 19:12:57 WET [2025/01/30 14:12:57 ET]
Table 'Pawona' 6-max Seat #3 is the button
Seat 5: I am Anux! ($149.94 in chips) is sitting out
Seat 1: RohayhuP ($101.02 in chips) 
Seat 2: adrianos1211 ($100 in chips) 
Seat 3: S3MPR3IGUAL ($123.47 in chips) 
Seat 4: value_ftw ($100 in chips) 
Seat 6: paramourx ($100.18 in chips) 
value_ftw: posts small blind $0.50
I am Anux!: is sitting out 
paramourx: posts big blind $1
*** HOLE CARDS ***
RohayhuP: folds 
adrianos1211: folds 
S3MPR3IGUAL: folds 
value_ftw: raises $2 to $3
paramourx: raises $6 to $9
value_ftw: raises $14 to $23
paramourx: calls $14
*** FLOP *** [7s 9h Kc]
value_ftw: bets $10.92
paramourx: calls $10.92
*** TURN *** [7s 9h Kc] [6d]
value_ftw: bets $24.13
paramourx: calls $24.13
*** RIVER *** [7s 9h Kc 6d] [Td]
value_ftw: bets $41.95 and is all-in
paramourx: calls $41.95
*** SHOW DOWN ***
value_ftw: shows [As Tc] (a pair of Tens)
paramourx: shows [9d 9s] (three of a kind, Nines)
paramourx collected $197.50 from pot
*** SUMMARY ***
Total pot $200 | Rake $2.50 
Board [7s 9h Kc 6d Td]
Seat 5: I am Anux!
Seat 1: RohayhuP folded before Flop (didn't bet)
Seat 2: adrianos1211 folded before Flop (didn't bet)
Seat 3: S3MPR3IGUAL (button) folded before Flop (didn't bet)
Seat 4: value_ftw (small blind) showed [As Tc] and lost with a pair of Tens
Seat 6: paramourx (big blind) showed [9d 9s] and won ($197.50) with three of a kind, Nines



PokerStars Hand #254625873222:  Hold'em No Limit ($0.50/$1.00 USD) - 2025/01/30 19:14:12 WET [2025/01/30 14:14:12 ET]
Table 'Pawona' 6-max Seat #6 is the button
Seat 5: I am Anux! ($149.94 in chips) is sitting out
Seat 1: RohayhuP ($101.02 in chips) 
Seat 2: adrianos1211 ($100 in chips) 
Seat 3: S3MPR3IGUAL ($123.47 in chips) 
Seat 6: paramourx ($197.68 in chips) 
RohayhuP: posts small blind $0.50
adrianos1211: posts big blind $1
*** HOLE CARDS ***
S3MPR3IGUAL: raises $1.20 to $2.20
paramourx: folds 
RohayhuP: raises $7.40 to $9.60
adrianos1211: folds 
S3MPR3IGUAL: folds 
Uncalled bet ($7.40) returned to RohayhuP
RohayhuP collected $5.40 from pot
RohayhuP: doesn't show hand 
*** SUMMARY ***
Total pot $5.40 | Rake $0 
Seat 5: I am Anux!
Seat 1: RohayhuP (small blind) collected ($5.40)
Seat 2: adrianos1211 (big blind) folded before Flop
Seat 3: S3MPR3IGUAL folded before Flop
Seat 6: paramourx (button) folded before Flop (didn't bet)



PokerStars Hand #254625881650:  Hold'em No Limit ($0.50/$1.00 USD) - 2025/01/30 19:14:43 WET [2025/01/30 14:14:43 ET]
Table 'Pawona' 6-max Seat #1 is the button
Seat 5: I am Anux! ($149.94 in chips) is sitting out
Seat 1: RohayhuP ($104.22 in chips) 
Seat 2: adrianos1211 ($100 in chips) 
Seat 3: S3MPR3IGUAL ($121.27 in chips) 
Seat 6: paramourx ($197.68 in chips) 
adrianos1211: posts small blind $0.50
S3MPR3IGUAL: posts big blind $1
*** HOLE CARDS ***
paramourx: raises $2 to $3
RohayhuP: folds 
adrianos1211: folds 
S3MPR3IGUAL: calls $2
*** FLOP *** [Td 5h 8s]
S3MPR3IGUAL: checks 
paramourx: checks 
*** TURN *** [Td 5h 8s] [3h]
S3MPR3IGUAL: bets $9.27
paramourx: folds 
Uncalled bet ($9.27) returned to S3MPR3IGUAL
S3MPR3IGUAL collected $6.18 from pot
S3MPR3IGUAL: doesn't show hand 
*** SUMMARY ***
Total pot $6.50 | Rake $0.32 
Board [Td 5h 8s 3h]
Seat 5: I am Anux!
Seat 1: RohayhuP (button) folded before Flop (didn't bet)
Seat 2: adrianos1211 (small blind) folded before Flop
Seat 3: S3MPR3IGUAL (big blind) collected ($6.18)
Seat 6: paramourx folded on the Turn



PokerStars Hand #254625892528:  Hold'em No Limit ($0.50/$1.00 USD) - 2025/01/30 19:15:21 WET [2025/01/30 14:15:21 ET]
Table 'Pawona' 6-max Seat #2 is the button
Seat 5: I am Anux! ($149.94 in chips) is sitting out
Seat 6: paramourx ($194.68 in chips) is sitting out
Seat 1: RohayhuP ($104.22 in chips) 
Seat 2: adrianos1211 ($100 in chips) 
Seat 3: S3MPR3IGUAL ($124.45 in chips) 
S3MPR3IGUAL: posts small blind $0.50
paramourx: is sitting out 
RohayhuP: posts big blind $1
*** HOLE CARDS ***
adrianos1211: folds 
S3MPR3IGUAL: folds 
Uncalled bet ($0.50) returned to RohayhuP
adrianos1211 leaves the table
RohayhuP collected $1 from pot
RohayhuP: doesn't show hand 
*** SUMMARY ***
Total pot $1 | Rake $0 
Seat 5: I am Anux!
Seat 6: paramourx
Seat 1: RohayhuP (big blind) collected ($1)
Seat 2: adrianos1211 (button) folded before Flop (didn't bet)
Seat 3: S3MPR3IGUAL (small blind) folded before Flop



PokerStars Hand #254625894418:  Hold'em No Limit ($0.50/$1.00 USD) - 2025/01/30 19:15:28 WET [2025/01/30 14:15:28 ET]
Table 'Pawona' 6-max Seat #1 is the button
Seat 5: I am Anux! ($149.94 in chips) is sitting out
Seat 6: paramourx ($194.68 in chips) is sitting out
Seat 1: RohayhuP ($104.72 in chips) 
Seat 3: S3MPR3IGUAL ($123.95 in chips) 
RohayhuP: posts small blind $0.50
S3MPR3IGUAL: posts big blind $1
*** HOLE CARDS ***
toplusen joins the table at seat #2 
toplusen is disconnected 
paramourx leaves the table
RohayhuP: raises $2 to $3
S3MPR3IGUAL: raises $9 to $12
Joe_Li7 joins the table at seat #4 
RohayhuP: folds 
Uncalled bet ($9) returned to S3MPR3IGUAL
S3MPR3IGUAL collected $6 from pot
S3MPR3IGUAL: doesn't show hand 
*** SUMMARY ***
Total pot $6 | Rake $0 
Seat 5: I am Anux!
Seat 6: paramourx
Seat 1: RohayhuP (button) (small blind) folded before Flop
Seat 3: S3MPR3IGUAL (big blind) collected ($6)



PokerStars Hand #254625898956:  Hold'em No Limit ($0.50/$1.00 USD) - 2025/01/30 19:15:44 WET [2025/01/30 14:15:44 ET]
Table 'Pawona' 6-max Seat #3 is the button
Seat 4: Joe_Li7 ($100 in chips) is sitting out
Seat 5: I am Anux! ($149.94 in chips) is sitting out
Seat 1: RohayhuP ($101.72 in chips) 
Seat 2: toplusen ($58.27 in chips) 
Seat 3: S3MPR3IGUAL ($126.95 in chips) 
RohayhuP: posts small blind $0.50
toplusen: posts big blind $1
*** HOLE CARDS ***
S3MPR3IGUAL: folds 
RohayhuP: folds 
Uncalled bet ($0.50) returned to toplusen
toplusen collected $1 from pot
JUANS2 joins the table at seat #6 
*** SUMMARY ***
Total pot $1 | Rake $0 
Seat 4: Joe_Li7
Seat 5: I am Anux!
Seat 1: RohayhuP (small blind) folded before Flop
Seat 2: toplusen (big blind) collected ($1)
Seat 3: S3MPR3IGUAL (button) folded before Flop (didn't bet)



PokerStars Hand #254625900999:  Hold'em No Limit ($0.50/$1.00 USD) - 2025/01/30 19:15:51 WET [2025/01/30 14:15:51 ET]
Table 'Pawona' 6-max Seat #1 is the button
Seat 4: Joe_Li7 ($100 in chips) is sitting out
Seat 5: I am Anux! ($149.94 in chips) is sitting out
Seat 6: JUANS2 ($100 in chips) is sitting out
Seat 1: RohayhuP ($101.22 in chips) 
Seat 2: toplusen ($58.77 in chips) 
Seat 3: S3MPR3IGUAL ($126.95 in chips) 
toplusen: posts small blind $0.50
S3MPR3IGUAL: posts big blind $1
Joe_Li7: sits out 
I am Anux!: sits out 
JUANS2: sits out 
*** HOLE CARDS ***
RohayhuP: folds 
toplusen: raises $1 to $2
S3MPR3IGUAL: folds 
Uncalled bet ($1) returned to toplusen
toplusen collected $2 from pot
*** SUMMARY ***
Total pot $2 | Rake $0 
Seat 4: Joe_Li7
Seat 5: I am Anux!
Seat 6: JUANS2
Seat 1: RohayhuP (button) folded before Flop (didn't bet)
Seat 2: toplusen (small blind) collected ($2)
Seat 3: S3MPR3IGUAL (big blind) folded before Flop



PokerStars Hand #254625903505:  Hold'em No Limit ($0.50/$1.00 USD) - 2025/01/30 19:16:00 WET [2025/01/30 14:16:00 ET]
Table 'Pawona' 6-max Seat #2 is the button
Seat 5: I am Anux! ($149.94 in chips) is sitting out
Seat 6: JUANS2 ($100 in chips) is sitting out
Seat 1: RohayhuP ($101.22 in chips) 
Seat 2: toplusen ($59.77 in chips) 
Seat 3: S3MPR3IGUAL ($125.95 in chips) 
Seat 4: Joe_Li7 ($100 in chips) 
S3MPR3IGUAL: posts small blind $0.50
Joe_Li7: posts big blind $1
I am Anux!: sits out 
JUANS2: sits out 
*** HOLE CARDS ***
RohayhuP: folds 
toplusen: folds 
S3MPR3IGUAL: raises $2 to $3
Joe_Li7: folds 
Uncalled bet ($2) returned to S3MPR3IGUAL
S3MPR3IGUAL collected $2 from pot
S3MPR3IGUAL: doesn't show hand 
*** SUMMARY ***
Total pot $2 | Rake $0 
Seat 5: I am Anux!
Seat 6: JUANS2
Seat 1: RohayhuP folded before Flop (didn't bet)
Seat 2: toplusen (button) folded before Flop (didn't bet)
Seat 3: S3MPR3IGUAL (small blind) collected ($2)
Seat 4: Joe_Li7 (big blind) folded before Flop



PokerStars Hand #254625907589:  Hold'em No Limit ($0.50/$1.00 USD) - 2025/01/30 19:16:15 WET [2025/01/30 14:16:15 ET]
Table 'Pawona' 6-max Seat #3 is the button
Seat 6: JUANS2 ($100 in chips) is sitting out
Seat 1: RohayhuP ($101.22 in chips) 
Seat 2: toplusen ($59.77 in chips) 
Seat 3: S3MPR3IGUAL ($126.95 in chips) 
Seat 4: Joe_Li7 ($100 in chips) 
Seat 5: I am Anux! ($149.94 in chips) 
Joe_Li7: posts small blind $0.50
I am Anux!: posts big blind $1
JUANS2: sits out 
*** HOLE CARDS ***
RohayhuP: folds 
toplusen: raises $1 to $2
S3MPR3IGUAL: folds 
Joe_Li7: folds 
I am Anux!: calls $1
*** FLOP *** [3h Ad 4d]
I am Anux!: checks 
toplusen: bets $2.14
I am Anux!: calls $2.14
*** TURN *** [3h Ad 4d] [9d]
I am Anux!: checks 
toplusen: checks 
*** RIVER *** [3h Ad 4d 9d] [As]
I am Anux!: bets $1.92
toplusen: calls $1.92
*** SHOW DOWN ***
I am Anux!: shows [Ac 3d] (a full house, Aces full of Threes)
toplusen: mucks hand 
I am Anux! collected $11.99 from pot
*** SUMMARY ***
Total pot $12.62 | Rake $0.63 
Board [3h Ad 4d 9d As]
Seat 6: JUANS2
Seat 1: RohayhuP folded before Flop (didn't bet)
Seat 2: toplusen mucked
Seat 3: S3MPR3IGUAL (button) folded before Flop (didn't bet)
Seat 4: Joe_Li7 (small blind) folded before Flop
Seat 5: I am Anux! (big blind) showed [Ac 3d] and won ($11.99) with a full house, Aces full of Threes



PokerStars Hand #254625921319:  Hold'em No Limit ($0.50/$1.00 USD) - 2025/01/30 19:17:04 WET [2025/01/30 14:17:04 ET]
Table 'Pawona' 6-max Seat #4 is the button
Seat 1: RohayhuP ($101.22 in chips) 
Seat 2: toplusen ($53.71 in chips) 
Seat 3: S3MPR3IGUAL ($126.95 in chips) 
Seat 4: Joe_Li7 ($100 in chips) 
Seat 5: I am Anux! ($155.87 in chips) 
Seat 6: JUANS2 ($100 in chips) 
I am Anux!: posts small blind $0.50
JUANS2: posts big blind $1
*** HOLE CARDS ***
RohayhuP: folds 
toplusen: folds 
S3MPR3IGUAL: folds 
Joe_Li7: folds 
I am Anux!: folds 
Uncalled bet ($0.50) returned to JUANS2
JUANS2 collected $1 from pot
JUANS2: doesn't show hand 
*** SUMMARY ***
Total pot $1 | Rake $0 
Seat 1: RohayhuP folded before Flop (didn't bet)
Seat 2: toplusen folded before Flop (didn't bet)
Seat 3: S3MPR3IGUAL folded before Flop (didn't bet)
Seat 4: Joe_Li7 (button) folded before Flop (didn't bet)
Seat 5: I am Anux! (small blind) folded before Flop
Seat 6: JUANS2 (big blind) collected ($1)



PokerStars Hand #254625926674:  Hold'em No Limit ($0.50/$1.00 USD) - 2025/01/30 19:17:24 WET [2025/01/30 14:17:24 ET]
Table 'Pawona' 6-max Seat #5 is the button
Seat 1: RohayhuP ($101.22 in chips) 
Seat 2: toplusen ($53.71 in chips) 
Seat 3: S3MPR3IGUAL ($126.95 in chips) 
Seat 4: Joe_Li7 ($100 in chips) 
Seat 5: I am Anux! ($155.37 in chips) 
Seat 6: JUANS2 ($100.50 in chips) 
JUANS2: posts small blind $0.50
RohayhuP: posts big blind $1
*** HOLE CARDS ***
toplusen: folds 
S3MPR3IGUAL: folds 
Joe_Li7: raises $1.20 to $2.20
I am Anux!: folds 
JUANS2: raises $8.30 to $10.50
RohayhuP: folds 
Joe_Li7: raises $12.50 to $23
JUANS2: calls $12.50
*** FLOP *** [6c Tc Qc]
JUANS2: checks 
Joe_Li7: bets $4.47
JUANS2: calls $4.47
*** TURN *** [6c Tc Qc] [7s]
JUANS2: checks 
Joe_Li7: bets $26.70
JUANS2: folds 
Uncalled bet ($26.70) returned to Joe_Li7
Joe_Li7 collected $53.44 from pot
*** SUMMARY ***
Total pot $55.94 | Rake $2.50 
Board [6c Tc Qc 7s]
Seat 1: RohayhuP (big blind) folded before Flop
Seat 2: toplusen folded before Flop (didn't bet)
Seat 3: S3MPR3IGUAL folded before Flop (didn't bet)
Seat 4: Joe_Li7 collected ($53.44)
Seat 5: I am Anux! (button) folded before Flop (didn't bet)
Seat 6: JUANS2 (small blind) folded on the Turn



PokerStars Hand #254625961848:  Hold'em No Limit ($0.50/$1.00 USD) - 2025/01/30 19:19:30 WET [2025/01/30 14:19:30 ET]
Table 'Pawona' 6-max Seat #6 is the button
Seat 1: RohayhuP ($100.22 in chips) 
Seat 2: toplusen ($53.71 in chips) 
Seat 3: S3MPR3IGUAL ($126.95 in chips) 
Seat 4: Joe_Li7 ($125.97 in chips) 
Seat 5: I am Anux! ($155.37 in chips) 
Seat 6: JUANS2 ($100 in chips) 
RohayhuP: posts small blind $0.50
toplusen: posts big blind $1
*** HOLE CARDS ***
S3MPR3IGUAL: folds 
Joe_Li7: folds 
I am Anux!: folds 
JUANS2: raises $1.50 to $2.50
RohayhuP: raises $6.50 to $9
toplusen: folds 
JUANS2: calls $6.50
*** FLOP *** [2s Ad 9c]
RohayhuP: bets $9.03
JUANS2: folds 
Uncalled bet ($9.03) returned to RohayhuP
RohayhuP collected $17.81 from pot
RohayhuP: doesn't show hand 
*** SUMMARY ***
Total pot $19 | Rake $1.19 
Board [2s Ad 9c]
Seat 1: RohayhuP (small blind) collected ($17.81)
Seat 2: toplusen (big blind) folded before Flop
Seat 3: S3MPR3IGUAL folded before Flop (didn't bet)
Seat 4: Joe_Li7 folded before Flop (didn't bet)
Seat 5: I am Anux! folded before Flop (didn't bet)
Seat 6: JUANS2 (button) folded on the Flop



PokerStars Hand #254625975948:  Hold'em No Limit ($0.50/$1.00 USD) - 2025/01/30 19:20:21 WET [2025/01/30 14:20:21 ET]
Table 'Pawona' 6-max Seat #1 is the button
Seat 1: RohayhuP ($109.03 in chips) 
Seat 2: toplusen ($52.71 in chips) 
Seat 3: S3MPR3IGUAL ($126.95 in chips) 
Seat 4: Joe_Li7 ($125.97 in chips) 
Seat 5: I am Anux! ($155.37 in chips) 
Seat 6: JUANS2 ($100 in chips) 
toplusen: posts small blind $0.50
S3MPR3IGUAL: posts big blind $1
*** HOLE CARDS ***
Joe_Li7: folds 
I am Anux!: raises $1 to $2
JUANS2: folds 
RohayhuP: folds 
toplusen: calls $1.50
S3MPR3IGUAL: folds 
*** FLOP *** [7s 6d Ts]
toplusen: checks 
I am Anux!: checks 
*** TURN *** [7s 6d Ts] [Kd]
toplusen: checks 
I am Anux!: checks 
*** RIVER *** [7s 6d Ts Kd] [6s]
toplusen: checks 
I am Anux!: checks 
*** SHOW DOWN ***
toplusen: shows [8c 8h] (two pair, Eights and Sixes)
I am Anux!: mucks hand 
toplusen collected $4.75 from pot
*** SUMMARY ***
Total pot $5 | Rake $0.25 
Board [7s 6d Ts Kd 6s]
Seat 1: RohayhuP (button) folded before Flop (didn't bet)
Seat 2: toplusen (small blind) showed [8c 8h] and won ($4.75) with two pair, Eights and Sixes
Seat 3: S3MPR3IGUAL (big blind) folded before Flop
Seat 4: Joe_Li7 folded before Flop (didn't bet)
Seat 5: I am Anux! mucked
Seat 6: JUANS2 folded before Flop (didn't bet)



PokerStars Hand #254625990638:  Hold'em No Limit ($0.50/$1.00 USD) - 2025/01/30 19:21:13 WET [2025/01/30 14:21:13 ET]
Table 'Pawona' 6-max Seat #2 is the button
Seat 1: RohayhuP ($109.03 in chips) 
Seat 2: toplusen ($55.46 in chips) 
Seat 3: S3MPR3IGUAL ($125.95 in chips) 
Seat 4: Joe_Li7 ($125.97 in chips) 
Seat 5: I am Anux! ($153.37 in chips) 
Seat 6: JUANS2 ($100 in chips) 
S3MPR3IGUAL: posts small blind $0.50
Joe_Li7: posts big blind $1
*** HOLE CARDS ***
I am Anux!: raises $1 to $2
JUANS2: raises $5 to $7
RohayhuP: folds 
toplusen: folds 
S3MPR3IGUAL: folds 
Joe_Li7: folds 
I am Anux!: raises $13 to $20
JUANS2: folds 
Uncalled bet ($13) returned to I am Anux!
I am Anux! collected $15.50 from pot
I am Anux!: doesn't show hand 
*** SUMMARY ***
Total pot $15.50 | Rake $0 
Seat 1: RohayhuP folded before Flop (didn't bet)
Seat 2: toplusen (button) folded before Flop (didn't bet)
Seat 3: S3MPR3IGUAL (small blind) folded before Flop
Seat 4: Joe_Li7 (big blind) folded before Flop
Seat 5: I am Anux! collected ($15.50)
Seat 6: JUANS2 folded before Flop



PokerStars Hand #254626001711:  Hold'em No Limit ($0.50/$1.00 USD) - 2025/01/30 19:21:52 WET [2025/01/30 14:21:52 ET]
Table 'Pawona' 6-max Seat #3 is the button
Seat 1: RohayhuP ($109.03 in chips) 
Seat 2: toplusen ($55.46 in chips) 
Seat 3: S3MPR3IGUAL ($125.45 in chips) 
Seat 4: Joe_Li7 ($124.97 in chips) 
Seat 5: I am Anux! ($161.87 in chips) 
Seat 6: JUANS2 ($100 in chips) 
Joe_Li7: posts small blind $0.50
I am Anux!: posts big blind $1
*** HOLE CARDS ***
JUANS2: folds 
RohayhuP: folds 
toplusen: raises $2 to $3
S3MPR3IGUAL: folds 
Joe_Li7: folds 
I am Anux!: calls $2
*** FLOP *** [7c 4s Ac]
I am Anux!: checks 
toplusen: bets $3.09
I am Anux!: folds 
Uncalled bet ($3.09) returned to toplusen
toplusen collected $6.18 from pot
*** SUMMARY ***
Total pot $6.50 | Rake $0.32 
Board [7c 4s Ac]
Seat 1: RohayhuP folded before Flop (didn't bet)
Seat 2: toplusen collected ($6.18)
Seat 3: S3MPR3IGUAL (button) folded before Flop (didn't bet)
Seat 4: Joe_Li7 (small blind) folded before Flop
Seat 5: I am Anux! (big blind) folded on the Flop
Seat 6: JUANS2 folded before Flop (didn't bet)



PokerStars Hand #254626057739:  Hold'em No Limit ($0.50/$1.00 USD) - 2025/01/30 19:25:11 WET [2025/01/30 14:25:11 ET]
Table 'Pawona' 6-max Seat #6 is the button
Seat 1: RohayhuP ($99 in chips) 
Seat 2: toplusen ($46.44 in chips) 
Seat 3: S3MPR3IGUAL ($125.45 in chips) 
Seat 4: Joe_Li7 ($124.47 in chips) 
Seat 5: I am Anux! ($170.77 in chips) 
Seat 6: JUANS2 ($197.50 in chips) 
RohayhuP: posts small blind $0.50
toplusen: posts big blind $1
*** HOLE CARDS ***
S3MPR3IGUAL: folds 
Joe_Li7: folds 
I am Anux!: raises $2 to $3
JUANS2: folds 
RohayhuP: folds 
toplusen: calls $2
*** FLOP *** [Kd 2h 6h]
toplusen: checks 
I am Anux!: bets $1.42
toplusen: calls $1.42
*** TURN *** [Kd 2h 6h] [3h]
toplusen: checks 
I am Anux!: checks 
*** RIVER *** [Kd 2h 6h 3h] [Tc]
toplusen: checks 
I am Anux!: checks 
*** SHOW DOWN ***
toplusen: shows [8h Ac] (high card Ace)
I am Anux!: shows [Td Ad] (a pair of Tens)
I am Anux! collected $8.87 from pot
*** SUMMARY ***
Total pot $9.34 | Rake $0.47 
Board [Kd 2h 6h 3h Tc]
Seat 1: RohayhuP (small blind) folded before Flop
Seat 2: toplusen (big blind) showed [8h Ac] and lost with high card Ace
Seat 3: S3MPR3IGUAL folded before Flop (didn't bet)
Seat 4: Joe_Li7 folded before Flop (didn't bet)
Seat 5: I am Anux! showed [Td Ad] and won ($8.87) with a pair of Tens
Seat 6: JUANS2 (button) folded before Flop (didn't bet)



PokerStars Hand #254626075361:  Hold'em No Limit ($0.50/$1.00 USD) - 2025/01/30 19:26:13 WET [2025/01/30 14:26:13 ET]
Table 'Pawona' 6-max Seat #1 is the button
Seat 1: RohayhuP ($98.50 in chips) 
Seat 2: toplusen ($42.02 in chips) 
Seat 3: S3MPR3IGUAL ($125.45 in chips) 
Seat 4: Joe_Li7 ($124.47 in chips) 
Seat 5: I am Anux! ($175.22 in chips) 
Seat 6: JUANS2 ($197.50 in chips) 
toplusen: posts small blind $0.50
S3MPR3IGUAL: posts big blind $1
*** HOLE CARDS ***
Joe_Li7: raises $1.20 to $2.20
I am Anux!: folds 
JUANS2: folds 
RohayhuP: raises $5.90 to $8.10
toplusen: folds 
S3MPR3IGUAL: folds 
Joe_Li7: folds 
Uncalled bet ($5.90) returned to RohayhuP
RohayhuP collected $5.90 from pot
RohayhuP: doesn't show hand 
*** SUMMARY ***
Total pot $5.90 | Rake $0 
Seat 1: RohayhuP (button) collected ($5.90)
Seat 2: toplusen (small blind) folded before Flop
Seat 3: S3MPR3IGUAL (big blind) folded before Flop
Seat 4: Joe_Li7 folded before Flop
Seat 5: I am Anux! folded before Flop (didn't bet)
Seat 6: JUANS2 folded before Flop (didn't bet)



PokerStars Hand #254626083977:  Hold'em No Limit ($0.50/$1.00 USD) - 2025/01/30 19:26:44 WET [2025/01/30 14:26:44 ET]
Table 'Pawona' 6-max Seat #2 is the button
Seat 1: RohayhuP ($102.20 in chips) 
Seat 2: toplusen ($41.52 in chips) 
Seat 3: S3MPR3IGUAL ($124.45 in chips) 
Seat 4: Joe_Li7 ($122.27 in chips) 
Seat 5: I am Anux! ($175.22 in chips) 
Seat 6: JUANS2 ($197.50 in chips) 
S3MPR3IGUAL: posts small blind $0.50
Joe_Li7: posts big blind $1
*** HOLE CARDS ***
I am Anux!: folds 
JUANS2: folds 
RohayhuP: raises $2 to $3
toplusen: folds 
S3MPR3IGUAL: folds 
Joe_Li7: calls $2
*** FLOP *** [2h 4h 5c]
Joe_Li7: checks 
RohayhuP: bets $3.09
Joe_Li7: calls $3.09
*** TURN *** [2h 4h 5c] [9s]
Joe_Li7: checks 
RohayhuP: checks 
*** RIVER *** [2h 4h 5c 9s] [Th]
Joe_Li7: checks 
S3MPR3IGUAL leaves the table
RohayhuP: bets $7.03
kuca86 joins the table at seat #3 
Joe_Li7: folds 
Uncalled bet ($7.03) returned to RohayhuP
RohayhuP collected $11.89 from pot
RohayhuP: doesn't show hand 
*** SUMMARY ***
Total pot $12.68 | Rake $0.79 
Board [2h 4h 5c 9s Th]
Seat 1: RohayhuP collected ($11.89)
Seat 2: toplusen (button) folded before Flop (didn't bet)
Seat 3: S3MPR3IGUAL (small blind) folded before Flop
Seat 4: Joe_Li7 (big blind) folded on the River
Seat 5: I am Anux! folded before Flop (didn't bet)
Seat 6: JUANS2 folded before Flop (didn't bet)



PokerStars Hand #254626119448:  Hold'em No Limit ($0.50/$1.00 USD) - 2025/01/30 19:28:50 WET [2025/01/30 14:28:50 ET]
Table 'Pawona' 6-max Seat #4 is the button
Seat 3: kuca86 ($100 in chips) is sitting out
Seat 1: RohayhuP ($108 in chips) 
Seat 2: toplusen ($41.52 in chips) 
Seat 4: Joe_Li7 ($116.18 in chips) 
Seat 5: I am Anux! ($175.22 in chips) 
Seat 6: JUANS2 ($197.50 in chips) 
I am Anux!: posts small blind $0.50
JUANS2: posts big blind $1
kuca86: sits out 
*** HOLE CARDS ***
RohayhuP: folds 
toplusen: raises $2 to $3
Joe_Li7: folds 
I am Anux!: folds 
JUANS2: folds 
Uncalled bet ($2) returned to toplusen
toplusen collected $2.50 from pot
*** SUMMARY ***
Total pot $2.50 | Rake $0 
Seat 3: kuca86
Seat 1: RohayhuP folded before Flop (didn't bet)
Seat 2: toplusen collected ($2.50)
Seat 4: Joe_Li7 (button) folded before Flop (didn't bet)
Seat 5: I am Anux! (small blind) folded before Flop
Seat 6: JUANS2 (big blind) folded before Flop



PokerStars Hand #254626126983:  Hold'em No Limit ($0.50/$1.00 USD) - 2025/01/30 19:29:17 WET [2025/01/30 14:29:17 ET]
Table 'Pawona' 6-max Seat #5 is the button
Seat 1: RohayhuP ($108 in chips) is sitting out
Seat 3: kuca86 ($100 in chips) is sitting out
Seat 2: toplusen ($43.02 in chips) 
Seat 4: Joe_Li7 ($116.18 in chips) 
Seat 5: I am Anux! ($174.72 in chips) 
Seat 6: JUANS2 ($196.50 in chips) 
JUANS2: posts small blind $0.50
RohayhuP: is sitting out 
toplusen: posts big blind $1
kuca86: sits out 
*** HOLE CARDS ***
Joe_Li7: folds 
I am Anux!: folds 
JUANS2: folds 
Uncalled bet ($0.50) returned to toplusen
toplusen collected $1 from pot
*** SUMMARY ***
Total pot $1 | Rake $0 
Seat 1: RohayhuP
Seat 3: kuca86
Seat 2: toplusen (big blind) collected ($1)
Seat 4: Joe_Li7 folded before Flop (didn't bet)
Seat 5: I am Anux! (button) folded before Flop (didn't bet)
Seat 6: JUANS2 (small blind) folded before Flop



PokerStars Hand #254626128970:  Hold'em No Limit ($0.50/$1.00 USD) - 2025/01/30 19:29:24 WET [2025/01/30 14:29:24 ET]
Table 'Pawona' 6-max Seat #6 is the button
Seat 1: RohayhuP ($108 in chips) is sitting out
Seat 2: toplusen ($43.52 in chips) 
Seat 3: kuca86 ($100 in chips) 
Seat 4: Joe_Li7 ($116.18 in chips) 
Seat 5: I am Anux! ($174.72 in chips) 
Seat 6: JUANS2 ($196 in chips) 
toplusen: posts small blind $0.50
kuca86: posts big blind $1
*** HOLE CARDS ***
Joe_Li7: folds 
I am Anux!: folds 
JUANS2: folds 
toplusen: raises $1 to $2
kuca86: calls $1
*** FLOP *** [5h 4h 7d]
toplusen: bets $1.90
kuca86: folds 
Uncalled bet ($1.90) returned to toplusen
toplusen collected $3.80 from pot
*** SUMMARY ***
Total pot $4 | Rake $0.20 
Board [5h 4h 7d]
Seat 1: RohayhuP
Seat 2: toplusen (small blind) collected ($3.80)
Seat 3: kuca86 (big blind) folded on the Flop
Seat 4: Joe_Li7 folded before Flop (didn't bet)
Seat 5: I am Anux! folded before Flop (didn't bet)
Seat 6: JUANS2 (button) folded before Flop (didn't bet)



PokerStars Hand #254626138428:  Hold'em No Limit ($0.50/$1.00 USD) - 2025/01/30 19:29:57 WET [2025/01/30 14:29:57 ET]
Table 'Pawona' 6-max Seat #2 is the button
Seat 1: RohayhuP ($108 in chips) is sitting out
Seat 2: toplusen ($45.32 in chips) 
Seat 3: kuca86 ($100 in chips) 
Seat 4: Joe_Li7 ($116.18 in chips) 
Seat 5: I am Anux! ($174.72 in chips) 
Seat 6: JUANS2 ($196 in chips) 
kuca86: posts small blind $0.50
Joe_Li7: posts big blind $1
*** HOLE CARDS ***
I am Anux!: folds 
JUANS2: folds 
toplusen: folds 
kuca86: folds 
Uncalled bet ($0.50) returned to Joe_Li7
Joe_Li7 collected $1 from pot
toplusen is disconnected 
*** SUMMARY ***
Total pot $1 | Rake $0 
Seat 1: RohayhuP
Seat 2: toplusen (button) folded before Flop (didn't bet)
Seat 3: kuca86 (small blind) folded before Flop
Seat 4: Joe_Li7 (big blind) collected ($1)
Seat 5: I am Anux! folded before Flop (didn't bet)
Seat 6: JUANS2 folded before Flop (didn't bet)



PokerStars Hand #254626142746:  Hold'em No Limit ($0.50/$1.00 USD) - 2025/01/30 19:30:12 WET [2025/01/30 14:30:12 ET]
Table 'Pawona' 6-max Seat #3 is the button
Seat 1: RohayhuP ($108 in chips) is sitting out
Seat 2: toplusen ($45.32 in chips) 
Seat 3: kuca86 ($100 in chips) 
Seat 4: Joe_Li7 ($116.68 in chips) 
Seat 5: I am Anux! ($174.72 in chips) 
Seat 6: JUANS2 ($196 in chips) 
Joe_Li7: posts small blind $0.50
I am Anux!: posts big blind $1
*** HOLE CARDS ***
RohayhuP leaves the table
JUANS2: raises $1.20 to $2.20
toplusen has timed out while disconnected
toplusen: folds 
kuca86: folds 
Joe_Li7: folds 
I am Anux!: calls $1.20
*** FLOP *** [7h 8c 9d]
I am Anux!: checks 
JUANS2: checks 
*** TURN *** [7h 8c 9d] [6h]
I am Anux!: checks 
JUANS2: checks 
*** RIVER *** [7h 8c 9d 6h] [Qh]
I am Anux!: bets $6.99
JUANS2: calls $6.99
*** SHOW DOWN ***
I am Anux!: shows [9h Jh] (a flush, Queen high)
JUANS2: mucks hand 
I am Anux! collected $17.94 from pot
*** SUMMARY ***
Total pot $18.88 | Rake $0.94 
Board [7h 8c 9d 6h Qh]
Seat 1: RohayhuP
Seat 2: toplusen folded before Flop (didn't bet)
Seat 3: kuca86 (button) folded before Flop (didn't bet)
Seat 4: Joe_Li7 (small blind) folded before Flop
Seat 5: I am Anux! (big blind) showed [9h Jh] and won ($17.94) with a flush, Queen high
Seat 6: JUANS2 mucked



PokerStars Hand #254626164700:  Hold'em No Limit ($0.50/$1.00 USD) - 2025/01/30 19:31:30 WET [2025/01/30 14:31:30 ET]
Table 'Pawona' 6-max Seat #4 is the button
Seat 2: toplusen ($45.32 in chips) is sitting out
Seat 3: kuca86 ($100 in chips) 
Seat 4: Joe_Li7 ($116.18 in chips) 
Seat 5: I am Anux! ($183.47 in chips) 
Seat 6: JUANS2 ($186.81 in chips) 
I am Anux!: posts small blind $0.50
JUANS2: posts big blind $1
*** HOLE CARDS ***
kuca86: folds 
Joe_Li7: raises $1.50 to $2.50
I am Anux!: folds 
JUANS2: folds 
Uncalled bet ($1.50) returned to Joe_Li7
Joe_Li7 collected $2.50 from pot
*** SUMMARY ***
Total pot $2.50 | Rake $0 
Seat 2: toplusen
Seat 3: kuca86 folded before Flop (didn't bet)
Seat 4: Joe_Li7 (button) collected ($2.50)
Seat 5: I am Anux! (small blind) folded before Flop
Seat 6: JUANS2 (big blind) folded before Flop



PokerStars Hand #254626168634:  Hold'em No Limit ($0.50/$1.00 USD) - 2025/01/30 19:31:43 WET [2025/01/30 14:31:43 ET]
Table 'Pawona' 6-max Seat #5 is the button
Seat 2: toplusen ($45.32 in chips) is sitting out
Seat 3: kuca86 ($100 in chips) 
Seat 4: Joe_Li7 ($117.68 in chips) 
Seat 5: I am Anux! ($182.97 in chips) 
Seat 6: JUANS2 ($185.81 in chips) 
JUANS2: posts small blind $0.50
kuca86: posts big blind $1
*** HOLE CARDS ***
Joe_Li7: raises $1.20 to $2.20
I am Anux!: folds 
JUANS2: folds 
kuca86: calls $1.20
*** FLOP *** [Ts 9s 9c]
kuca86: checks 
Joe_Li7: checks 
*** TURN *** [Ts 9s 9c] [3h]
kuca86: checks 
Joe_Li7: checks 
*** RIVER *** [Ts 9s 9c 3h] [Jh]
kuca86: bets $1.17
Joe_Li7: calls $1.17
*** SHOW DOWN ***
kuca86: shows [7c 7h] (two pair, Nines and Sevens)
Joe_Li7: mucks hand 
kuca86 collected $6.88 from pot
*** SUMMARY ***
Total pot $7.24 | Rake $0.36 
Board [Ts 9s 9c 3h Jh]
Seat 2: toplusen
Seat 3: kuca86 (big blind) showed [7c 7h] and won ($6.88) with two pair, Nines and Sevens
Seat 4: Joe_Li7 mucked
Seat 5: I am Anux! (button) folded before Flop (didn't bet)
Seat 6: JUANS2 (small blind) folded before Flop



PokerStars Hand #254626192229:  Hold'em No Limit ($0.50/$1.00 USD) - 2025/01/30 19:33:07 WET [2025/01/30 14:33:07 ET]
Table 'Pawona' 6-max Seat #6 is the button
Seat 2: toplusen ($45.32 in chips) is sitting out
Seat 3: kuca86 ($103.51 in chips) 
Seat 4: Joe_Li7 ($114.31 in chips) 
Seat 5: I am Anux! ($182.97 in chips) 
Seat 6: JUANS2 ($185.31 in chips) 
kuca86: posts small blind $0.50
Joe_Li7: posts big blind $1
*** HOLE CARDS ***
I am Anux!: folds 
JUANS2: folds 
kuca86: raises $2 to $3
Joe_Li7: raises $6 to $9
kuca86: calls $6
*** FLOP *** [Kc 4c 9h]
MaestriD joins the table at seat #1 
MaestriD is disconnected 
kuca86: checks 
Joe_Li7: checks 
*** TURN *** [Kc 4c 9h] [Js]
kuca86: checks 
Joe_Li7: bets $12.83
kuca86: folds 
Uncalled bet ($12.83) returned to Joe_Li7
Joe_Li7 collected $17.10 from pot
*** SUMMARY ***
Total pot $18 | Rake $0.90 
Board [Kc 4c 9h Js]
Seat 2: toplusen
Seat 3: kuca86 (small blind) folded on the Turn
Seat 4: Joe_Li7 (big blind) collected ($17.10)
Seat 5: I am Anux! folded before Flop (didn't bet)
Seat 6: JUANS2 (button) folded before Flop (didn't bet)



PokerStars Hand #254626215465:  Hold'em No Limit ($0.50/$1.00 USD) - 2025/01/30 19:34:29 WET [2025/01/30 14:34:29 ET]
Table 'Pawona' 6-max Seat #3 is the button
Seat 2: toplusen ($45.32 in chips) is sitting out
Seat 1: MaestriD ($40 in chips) 
Seat 3: kuca86 ($100 in chips) 
Seat 4: Joe_Li7 ($122.41 in chips) 
Seat 5: I am Anux! ($182.97 in chips) 
Seat 6: JUANS2 ($185.31 in chips) 
Joe_Li7: posts small blind $0.50
I am Anux!: posts big blind $1
MaestriD: posts big blind $1
*** HOLE CARDS ***
JUANS2: folds 
MaestriD: checks 
kuca86: raises $2.50 to $3.50
Joe_Li7: folds 
I am Anux!: folds 
MaestriD: folds 
Uncalled bet ($2.50) returned to kuca86
kuca86 collected $3.50 from pot
kuca86: doesn't show hand 
*** SUMMARY ***
Total pot $3.50 | Rake $0 
Seat 2: toplusen
Seat 1: MaestriD folded before Flop (didn't bet)
Seat 3: kuca86 (button) collected ($3.50)
Seat 4: Joe_Li7 (small blind) folded before Flop
Seat 5: I am Anux! (big blind) folded before Flop
Seat 6: JUANS2 folded before Flop (didn't bet)



PokerStars Hand #254626221335:  Hold'em No Limit ($0.50/$1.00 USD) - 2025/01/30 19:34:50 WET [2025/01/30 14:34:50 ET]
Table 'Pawona' 6-max Seat #4 is the button
Seat 2: toplusen ($45.32 in chips) is sitting out
Seat 6: JUANS2 ($185.31 in chips) is sitting out
Seat 1: MaestriD ($39 in chips) 
Seat 3: kuca86 ($102.50 in chips) 
Seat 4: Joe_Li7 ($121.91 in chips) 
Seat 5: I am Anux! ($181.97 in chips) 
I am Anux!: posts small blind $0.50
JUANS2: is sitting out 
JUANS2 leaves the table
MaestriD: posts big blind $1
*** HOLE CARDS ***
kuca86: raises $1.50 to $2.50
Joe_Li7: folds 
I am Anux!: folds 
MaestriD: folds 
Uncalled bet ($1.50) returned to kuca86
kuca86 collected $2.50 from pot
kuca86: doesn't show hand 
*** SUMMARY ***
Total pot $2.50 | Rake $0 
Seat 2: toplusen
Seat 6: JUANS2
Seat 1: MaestriD (big blind) folded before Flop
Seat 3: kuca86 collected ($2.50)
Seat 4: Joe_Li7 (button) folded before Flop (didn't bet)
Seat 5: I am Anux! (small blind) folded before Flop



PokerStars Hand #254626224245:  Hold'em No Limit ($0.50/$1.00 USD) - 2025/01/30 19:35:00 WET [2025/01/30 14:35:00 ET]
Table 'Pawona' 6-max Seat #5 is the button
Seat 2: toplusen ($45.32 in chips) is sitting out
Seat 1: MaestriD ($38 in chips) 
Seat 3: kuca86 ($104 in chips) 
Seat 4: Joe_Li7 ($121.91 in chips) 
Seat 5: I am Anux! ($181.47 in chips) 
MaestriD: posts small blind $0.50
kuca86: posts big blind $1
*** HOLE CARDS ***
Joe_Li7: folds 
I am Anux!: raises $1.40 to $2.40
MaestriD: calls $1.90
mariofcd joins the table at seat #6 
kuca86: folds 
*** FLOP *** [2h 5h Ah]
MaestriD: bets $6
I am Anux!: calls $6
*** TURN *** [2h 5h Ah] [Td]
MaestriD: checks 
I am Anux!: bets $9.46
MaestriD: raises $20.14 to $29.60 and is all-in
I am Anux!: calls $20.14
*** RIVER *** [2h 5h Ah Td] [Kd]
*** SHOW DOWN ***
MaestriD: shows [As Jc] (a pair of Aces)
I am Anux!: shows [6h Qh] (a flush, Ace high)
I am Anux! collected $76 from pot
*** SUMMARY ***
Total pot $77 | Rake $1 
Board [2h 5h Ah Td Kd]
Seat 2: toplusen
Seat 1: MaestriD (small blind) showed [As Jc] and lost with a pair of Aces
Seat 3: kuca86 (big blind) folded before Flop
Seat 4: Joe_Li7 folded before Flop (didn't bet)
Seat 5: I am Anux! (button) showed [6h Qh] and won ($76) with a flush, Ace high



PokerStars Hand #254626243495:  Hold'em No Limit ($0.50/$1.00 USD) - 2025/01/30 19:36:07 WET [2025/01/30 14:36:07 ET]
Table 'Pawona' 6-max Seat #3 is the button
Seat 1: MaestriD ($0 in chips) is sitting out
Seat 2: toplusen ($45.32 in chips) is sitting out
Seat 6: mariofcd ($100 in chips) is sitting out
Seat 3: kuca86 ($103 in chips) 
Seat 4: Joe_Li7 ($121.91 in chips) 
Seat 5: I am Anux! ($219.47 in chips) 
Joe_Li7: posts small blind $0.50
I am Anux!: posts big blind $1
mariofcd: sits out 
*** HOLE CARDS ***
kuca86: raises $1.50 to $2.50
Joe_Li7: folds 
I am Anux!: folds 
Uncalled bet ($1.50) returned to kuca86
kuca86 collected $2.50 from pot
kuca86: doesn't show hand 
MaestriD leaves the table
*** SUMMARY ***
Total pot $2.50 | Rake $0 
Seat 1: MaestriD
Seat 2: toplusen
Seat 6: mariofcd
Seat 3: kuca86 (button) collected ($2.50)
Seat 4: Joe_Li7 (small blind) folded before Flop
Seat 5: I am Anux! (big blind) folded before Flop



PokerStars Hand #254626247120:  Hold'em No Limit ($0.50/$1.00 USD) - 2025/01/30 19:36:20 WET [2025/01/30 14:36:20 ET]
Table 'Pawona' 6-max Seat #4 is the button
Seat 2: toplusen ($45.32 in chips) is sitting out
Seat 3: kuca86 ($104.50 in chips) 
Seat 4: Joe_Li7 ($121.41 in chips) 
Seat 5: I am Anux! ($218.47 in chips) 
Seat 6: mariofcd ($100 in chips) 
I am Anux!: posts small blind $0.50
mariofcd: posts big blind $1
*** HOLE CARDS ***
J0SHB0SH joins the table at seat #1 
J0SHB0SH leaves the table
kuca86: folds 
Joe_Li7: raises $1.50 to $2.50
I am Anux!: folds 
RohayhuP joins the table at seat #1 
mariofcd: calls $1.50
*** FLOP *** [6h As 4s]
mariofcd: checks 
Joe_Li7: checks 
*** TURN *** [6h As 4s] [3d]
mariofcd: bets $1.57
Joe_Li7: raises $4.18 to $5.75
mariofcd: folds 
Uncalled bet ($4.18) returned to Joe_Li7
Joe_Li7 collected $8.21 from pot
*** SUMMARY ***
Total pot $8.64 | Rake $0.43 
Board [6h As 4s 3d]
Seat 2: toplusen
Seat 3: kuca86 folded before Flop (didn't bet)
Seat 4: Joe_Li7 (button) collected ($8.21)
Seat 5: I am Anux! (small blind) folded before Flop
Seat 6: mariofcd (big blind) folded on the Turn



PokerStars Hand #254626265708:  Hold'em No Limit ($0.50/$1.00 USD) - 2025/01/30 19:37:25 WET [2025/01/30 14:37:25 ET]
Table 'Pawona' 6-max Seat #5 is the button
Seat 2: toplusen ($45.32 in chips) is sitting out
Seat 1: RohayhuP ($108 in chips) 
Seat 3: kuca86 ($104.50 in chips) 
Seat 4: Joe_Li7 ($125.55 in chips) 
Seat 5: I am Anux! ($217.97 in chips) 
Seat 6: mariofcd ($100 in chips) 
mariofcd: posts small blind $0.50
RohayhuP: posts big blind $1
*** HOLE CARDS ***
kuca86: folds 
Joe_Li7: folds 
I am Anux!: folds 
mariofcd: folds 
Uncalled bet ($0.50) returned to RohayhuP
RohayhuP collected $1 from pot
RohayhuP: doesn't show hand 
*** SUMMARY ***
Total pot $1 | Rake $0 
Seat 2: toplusen
Seat 1: RohayhuP (big blind) collected ($1)
Seat 3: kuca86 folded before Flop (didn't bet)
Seat 4: Joe_Li7 folded before Flop (didn't bet)
Seat 5: I am Anux! (button) folded before Flop (didn't bet)
Seat 6: mariofcd (small blind) folded before Flop



PokerStars Hand #254626269235:  Hold'em No Limit ($0.50/$1.00 USD) - 2025/01/30 19:37:38 WET [2025/01/30 14:37:38 ET]
Table 'Pawona' 6-max Seat #6 is the button
Seat 2: toplusen ($45.32 in chips) is sitting out
Seat 1: RohayhuP ($108.50 in chips) 
Seat 3: kuca86 ($104.50 in chips) 
Seat 4: Joe_Li7 ($125.55 in chips) 
Seat 5: I am Anux! ($217.97 in chips) 
Seat 6: mariofcd ($100 in chips) 
RohayhuP: posts small blind $0.50
kuca86: posts big blind $1
*** HOLE CARDS ***
Joe_Li7: folds 
I am Anux!: folds 
mariofcd: folds 
RohayhuP: folds 
Uncalled bet ($0.50) returned to kuca86
kuca86 collected $1 from pot
kuca86: doesn't show hand 
*** SUMMARY ***
Total pot $1 | Rake $0 
Seat 2: toplusen
Seat 1: RohayhuP (small blind) folded before Flop
Seat 3: kuca86 (big blind) collected ($1)
Seat 4: Joe_Li7 folded before Flop (didn't bet)
Seat 5: I am Anux! folded before Flop (didn't bet)
Seat 6: mariofcd (button) folded before Flop (didn't bet)



PokerStars Hand #254626322595:  Hold'em No Limit ($0.50/$1.00 USD) - 2025/01/30 19:40:45 WET [2025/01/30 14:40:45 ET]
Table 'Pawona' 6-max Seat #4 is the button
Seat 1: RohayhuP ($109.50 in chips) 
Seat 3: kuca86 ($116.67 in chips) 
Seat 4: Joe_Li7 ($113.92 in chips) 
Seat 5: I am Anux! ($215.47 in chips) 
I am Anux!: posts small blind $0.50
RohayhuP: posts big blind $1
*** HOLE CARDS ***
kuca86: folds 
Joe_Li7: folds 
I am Anux!: folds 
Uncalled bet ($0.50) returned to RohayhuP
RohayhuP collected $1 from pot
RohayhuP: doesn't show hand 
*** SUMMARY ***
Total pot $1 | Rake $0 
Seat 1: RohayhuP (big blind) collected ($1)
Seat 3: kuca86 folded before Flop (didn't bet)
Seat 4: Joe_Li7 (button) folded before Flop (didn't bet)
Seat 5: I am Anux! (small blind) folded before Flop



PokerStars Hand #254626329657:  Hold'em No Limit ($0.50/$1.00 USD) - 2025/01/30 19:41:09 WET [2025/01/30 14:41:09 ET]
Table 'Pawona' 6-max Seat #5 is the button
Seat 1: RohayhuP ($110 in chips) 
Seat 3: kuca86 ($116.67 in chips) 
Seat 4: Joe_Li7 ($113.92 in chips) 
Seat 5: I am Anux! ($214.97 in chips) 
RohayhuP: posts small blind $0.50
kuca86: posts big blind $1
*** HOLE CARDS ***
Joe_Li7: folds 
I am Anux!: folds 
Joe_Li7 leaves the table
RohayhuP: raises $2 to $3
kuca86: calls $2
*** FLOP *** [Qs Qc 9c]
RohayhuP: bets $2.85
kuca86: calls $2.85
*** TURN *** [Qs Qc 9c] [7h]
RohayhuP: checks 
kuca86: checks 
*** RIVER *** [Qs Qc 9c 7h] [4s]
RohayhuP: checks 
mariofcd joins the table at seat #6 
davefromfl joins the table at seat #4 
kuca86: checks 
*** SHOW DOWN ***
RohayhuP: shows [Ac 6h] (a pair of Queens)
kuca86: shows [As 8c] (a pair of Queens - Ace+Nine+Eight kicker)
kuca86 collected $11.12 from pot
*** SUMMARY ***
Total pot $11.70 | Rake $0.58 
Board [Qs Qc 9c 7h 4s]
Seat 1: RohayhuP (small blind) showed [Ac 6h] and lost with a pair of Queens
Seat 3: kuca86 (big blind) showed [As 8c] and won ($11.12) with a pair of Queens
Seat 4: Joe_Li7 folded before Flop (didn't bet)
Seat 5: I am Anux! (button) folded before Flop (didn't bet)



PokerStars Hand #254626350669:  Hold'em No Limit ($0.50/$1.00 USD) - 2025/01/30 19:42:23 WET [2025/01/30 14:42:23 ET]
Table 'Pawona' 6-max Seat #1 is the button
Seat 6: mariofcd ($100 in chips) is sitting out
Seat 1: RohayhuP ($104.15 in chips) 
Seat 3: kuca86 ($121.94 in chips) 
Seat 4: davefromfl ($100 in chips) 
Seat 5: I am Anux! ($214.97 in chips) 
kuca86: posts small blind $0.50
davefromfl: posts big blind $1
mariofcd: sits out 
*** HOLE CARDS ***
I am Anux!: raises $1.30 to $2.30
RohayhuP: folds 
kuca86: folds 
davefromfl: calls $1.30
*** FLOP *** [6c 2s 8d]
davefromfl: checks 
S3MPR3IGUAL joins the table at seat #2 
I am Anux!: bets $3.63
davefromfl: folds 
Uncalled bet ($3.63) returned to I am Anux!
I am Anux! collected $4.84 from pot
I am Anux!: doesn't show hand 
*** SUMMARY ***
Total pot $5.10 | Rake $0.26 
Board [6c 2s 8d]
Seat 6: mariofcd
Seat 1: RohayhuP (button) folded before Flop (didn't bet)
Seat 3: kuca86 (small blind) folded before Flop
Seat 4: davefromfl (big blind) folded on the Flop
Seat 5: I am Anux! collected ($4.84)



PokerStars Hand #254626362691:  Hold'em No Limit ($0.50/$1.00 USD) - 2025/01/30 19:43:05 WET [2025/01/30 14:43:05 ET]
Table 'Pawona' 6-max Seat #3 is the button
Seat 2: S3MPR3IGUAL ($123.95 in chips) is sitting out
Seat 5: I am Anux! ($217.51 in chips) is sitting out
Seat 1: RohayhuP ($104.15 in chips) 
Seat 3: kuca86 ($121.44 in chips) 
Seat 4: davefromfl ($97.70 in chips) 
Seat 6: mariofcd ($100 in chips) 
davefromfl: posts small blind $0.50
I am Anux!: is sitting out 
mariofcd: posts big blind $1
S3MPR3IGUAL: sits out 
*** HOLE CARDS ***
RohayhuP: folds 
kuca86: raises $1.50 to $2.50
davefromfl: raises $1.50 to $4
mariofcd: folds 
kuca86: calls $1.50
*** FLOP *** [Ad 8d 3h]
davefromfl: checks 
kuca86: bets $3.16
davefromfl: calls $3.16
*** TURN *** [Ad 8d 3h] [2s]
davefromfl: checks 
kuca86: checks 
*** RIVER *** [Ad 8d 3h 2s] [5c]
davefromfl: bets $5
kuca86: folds 
Uncalled bet ($5) returned to davefromfl
davefromfl collected $14.55 from pot
*** SUMMARY ***
Total pot $15.32 | Rake $0.77 
Board [Ad 8d 3h 2s 5c]
Seat 2: S3MPR3IGUAL
Seat 5: I am Anux!
Seat 1: RohayhuP folded before Flop (didn't bet)
Seat 3: kuca86 (button) folded on the River
Seat 4: davefromfl (small blind) collected ($14.55)
Seat 6: mariofcd (big blind) folded before Flop



PokerStars Hand #254626381176:  Hold'em No Limit ($0.50/$1.00 USD) - 2025/01/30 19:44:10 WET [2025/01/30 14:44:10 ET]
Table 'Pawona' 6-max Seat #4 is the button
Seat 2: S3MPR3IGUAL ($123.95 in chips) is sitting out
Seat 5: I am Anux! ($217.51 in chips) is sitting out
Seat 1: RohayhuP ($104.15 in chips) 
Seat 3: kuca86 ($114.28 in chips) 
Seat 4: davefromfl ($105.09 in chips) 
Seat 6: mariofcd ($100 in chips) 
mariofcd: posts small blind $0.50
RohayhuP: posts big blind $1
S3MPR3IGUAL: sits out 
*** HOLE CARDS ***
kuca86: folds 
davefromfl: folds 
mariofcd: folds 
Uncalled bet ($0.50) returned to RohayhuP
RohayhuP collected $1 from pot
RohayhuP: doesn't show hand 
*** SUMMARY ***
Total pot $1 | Rake $0 
Seat 2: S3MPR3IGUAL
Seat 5: I am Anux!
Seat 1: RohayhuP (big blind) collected ($1)
Seat 3: kuca86 folded before Flop (didn't bet)
Seat 4: davefromfl (button) folded before Flop (didn't bet)
Seat 6: mariofcd (small blind) folded before Flop



PokerStars Hand #254626384939:  Hold'em No Limit ($0.50/$1.00 USD) - 2025/01/30 19:44:24 WET [2025/01/30 14:44:24 ET]
Table 'Pawona' 6-max Seat #1 is the button
Seat 2: S3MPR3IGUAL ($123.95 in chips) is sitting out
Seat 5: I am Anux! ($217.51 in chips) is sitting out
Seat 6: mariofcd ($100 in chips) is sitting out
Seat 1: RohayhuP ($104.65 in chips) 
Seat 3: kuca86 ($114.28 in chips) 
Seat 4: davefromfl ($105.09 in chips) 
kuca86: posts small blind $0.50
davefromfl: posts big blind $1
I am Anux!: sits out 
*** HOLE CARDS ***
RohayhuP: folds 
kuca86: raises $2 to $3
davefromfl: folds 
Uncalled bet ($2) returned to kuca86
kuca86 collected $2 from pot
kuca86: doesn't show hand 
*** SUMMARY ***
Total pot $2 | Rake $0 
Seat 2: S3MPR3IGUAL
Seat 5: I am Anux!
Seat 6: mariofcd
Seat 1: RohayhuP (button) folded before Flop (didn't bet)
Seat 3: kuca86 (small blind) collected ($2)
Seat 4: davefromfl (big blind) folded before Flop



PokerStars Hand #254626390133:  Hold'em No Limit ($0.50/$1.00 USD) - 2025/01/30 19:44:43 WET [2025/01/30 14:44:43 ET]
Table 'Pawona' 6-max Seat #3 is the button
Seat 2: S3MPR3IGUAL ($123.95 in chips) is sitting out
Seat 6: mariofcd ($100 in chips) is sitting out
Seat 1: RohayhuP ($104.65 in chips) 
Seat 3: kuca86 ($115.28 in chips) 
Seat 4: davefromfl ($104.09 in chips) 
Seat 5: I am Anux! ($217.51 in chips) 
davefromfl: posts small blind $0.50
I am Anux!: posts big blind $1
S3MPR3IGUAL: sits out 
*** HOLE CARDS ***
RohayhuP: folds 
kuca86: folds 
davefromfl: calls $0.50
I am Anux!: raises $2.50 to $3.50
davefromfl: calls $2.50
*** FLOP *** [Qc Kd 7s]
davefromfl: checks 
I am Anux!: checks 
*** TURN *** [Qc Kd 7s] [9c]
davefromfl: bets $3.33
I am Anux!: folds 
Uncalled bet ($3.33) returned to davefromfl
davefromfl collected $6.65 from pot
*** SUMMARY ***
Total pot $7 | Rake $0.35 
Board [Qc Kd 7s 9c]
Seat 2: S3MPR3IGUAL
Seat 6: mariofcd
Seat 1: RohayhuP folded before Flop (didn't bet)
Seat 3: kuca86 (button) folded before Flop (didn't bet)
Seat 4: davefromfl (small blind) collected ($6.65)
Seat 5: I am Anux! (big blind) folded on the Turn



PokerStars Hand #254626401897:  Hold'em No Limit ($0.50/$1.00 USD) - 2025/01/30 19:45:24 WET [2025/01/30 14:45:24 ET]
Table 'Pawona' 6-max Seat #4 is the button
Seat 2: S3MPR3IGUAL ($123.95 in chips) is sitting out
Seat 6: mariofcd ($100 in chips) is sitting out
Seat 1: RohayhuP ($104.65 in chips) 
Seat 3: kuca86 ($115.28 in chips) 
Seat 4: davefromfl ($107.24 in chips) 
Seat 5: I am Anux! ($214.01 in chips) 
I am Anux!: posts small blind $0.50
RohayhuP: posts big blind $1
S3MPR3IGUAL: sits out 
*** HOLE CARDS ***
kuca86: raises $1.50 to $2.50
davefromfl: folds 
I am Anux!: folds 
RohayhuP: raises $6.50 to $9
kuca86: calls $6.50
*** FLOP *** [8d 6d 6c]
RohayhuP: bets $8.79
kuca86: folds 
Uncalled bet ($8.79) returned to RohayhuP
RohayhuP collected $17.35 from pot
RohayhuP: doesn't show hand 
*** SUMMARY ***
Total pot $18.50 | Rake $1.15 
Board [8d 6d 6c]
Seat 2: S3MPR3IGUAL
Seat 6: mariofcd
Seat 1: RohayhuP (big blind) collected ($17.35)
Seat 3: kuca86 folded on the Flop
Seat 4: davefromfl (button) folded before Flop (didn't bet)
Seat 5: I am Anux! (small blind) folded before Flop



PokerStars Hand #254626410636:  Hold'em No Limit ($0.50/$1.00 USD) - 2025/01/30 19:45:55 WET [2025/01/30 14:45:55 ET]
Table 'Pawona' 6-max Seat #5 is the button
Seat 6: mariofcd ($100 in chips) is sitting out
Seat 1: RohayhuP ($113 in chips) 
Seat 2: S3MPR3IGUAL ($123.95 in chips) 
Seat 3: kuca86 ($106.28 in chips) 
Seat 4: davefromfl ($107.24 in chips) 
Seat 5: I am Anux! ($213.51 in chips) 
RohayhuP: posts small blind $0.50
S3MPR3IGUAL: posts big blind $1
*** HOLE CARDS ***
kuca86: folds 
davefromfl: calls $1
I am Anux!: folds 
RohayhuP: calls $0.50
S3MPR3IGUAL: raises $3 to $4
davefromfl: calls $3
RohayhuP: calls $3
*** FLOP *** [2s 4c 5d]
RohayhuP: checks 
S3MPR3IGUAL: checks 
davefromfl: checks 
*** TURN *** [2s 4c 5d] [4d]
RohayhuP: checks 
S3MPR3IGUAL: checks 
davefromfl: checks 
*** RIVER *** [2s 4c 5d 4d] [Jc]
RohayhuP: checks 
S3MPR3IGUAL: checks 
davefromfl: bets $5.70
mariofcd leaves the table
RohayhuP: folds 
S3MPR3IGUAL: folds 
Uncalled bet ($5.70) returned to davefromfl
davefromfl collected $11.40 from pot
*** SUMMARY ***
Total pot $12 | Rake $0.60 
Board [2s 4c 5d 4d Jc]
Seat 6: mariofcd
Seat 1: RohayhuP (small blind) folded on the River
Seat 2: S3MPR3IGUAL (big blind) folded on the River
Seat 3: kuca86 folded before Flop (didn't bet)
Seat 4: davefromfl collected ($11.40)
Seat 5: I am Anux! (button) folded before Flop (didn't bet)



PokerStars Hand #254626424260:  Hold'em No Limit ($0.50/$1.00 USD) - 2025/01/30 19:46:43 WET [2025/01/30 14:46:43 ET]
Table 'Pawona' 6-max Seat #1 is the button
Seat 1: RohayhuP ($109 in chips) 
Seat 2: S3MPR3IGUAL ($119.95 in chips) 
Seat 3: kuca86 ($106.28 in chips) 
Seat 4: davefromfl ($114.64 in chips) 
Seat 5: I am Anux! ($213.51 in chips) 
S3MPR3IGUAL: posts small blind $0.50
kuca86: posts big blind $1
*** HOLE CARDS ***
davefromfl: folds 
I am Anux!: raises $1.30 to $2.30
RohayhuP: folds 
S3MPR3IGUAL: folds 
BoyLoc0 joins the table at seat #6 
kuca86: folds 
Uncalled bet ($1.30) returned to I am Anux!
I am Anux! collected $2.50 from pot
I am Anux!: doesn't show hand 
*** SUMMARY ***
Total pot $2.50 | Rake $0 
Seat 1: RohayhuP (button) folded before Flop (didn't bet)
Seat 2: S3MPR3IGUAL (small blind) folded before Flop
Seat 3: kuca86 (big blind) folded before Flop
Seat 4: davefromfl folded before Flop (didn't bet)
Seat 5: I am Anux! collected ($2.50)



PokerStars Hand #254626428613:  Hold'em No Limit ($0.50/$1.00 USD) - 2025/01/30 19:46:59 WET [2025/01/30 14:46:59 ET]
Table 'Pawona' 6-max Seat #2 is the button
Seat 6: BoyLoc0 ($100 in chips) is sitting out
Seat 1: RohayhuP ($109 in chips) 
Seat 2: S3MPR3IGUAL ($119.45 in chips) 
Seat 3: kuca86 ($105.28 in chips) 
Seat 4: davefromfl ($114.64 in chips) 
Seat 5: I am Anux! ($215.01 in chips) 
kuca86: posts small blind $0.50
davefromfl: posts big blind $1
BoyLoc0: sits out 
*** HOLE CARDS ***
I am Anux!: folds 
RohayhuP: raises $2 to $3
S3MPR3IGUAL: folds 
kuca86: folds 
davefromfl: folds 
Uncalled bet ($2) returned to RohayhuP
RohayhuP collected $2.50 from pot
RohayhuP: doesn't show hand 
*** SUMMARY ***
Total pot $2.50 | Rake $0 
Seat 6: BoyLoc0
Seat 1: RohayhuP collected ($2.50)
Seat 2: S3MPR3IGUAL (button) folded before Flop (didn't bet)
Seat 3: kuca86 (small blind) folded before Flop
Seat 4: davefromfl (big blind) folded before Flop
Seat 5: I am Anux! folded before Flop (didn't bet)



PokerStars Hand #254626431956:  Hold'em No Limit ($0.50/$1.00 USD) - 2025/01/30 19:47:11 WET [2025/01/30 14:47:11 ET]
Table 'Pawona' 6-max Seat #3 is the button
Seat 6: BoyLoc0 ($100 in chips) is sitting out
Seat 1: RohayhuP ($110.50 in chips) 
Seat 2: S3MPR3IGUAL ($119.45 in chips) 
Seat 3: kuca86 ($104.78 in chips) 
Seat 4: davefromfl ($113.64 in chips) 
Seat 5: I am Anux! ($215.01 in chips) 
davefromfl: posts small blind $0.50
I am Anux!: posts big blind $1
BoyLoc0: sits out 
*** HOLE CARDS ***
RohayhuP: raises $2 to $3
S3MPR3IGUAL: folds 
kuca86: folds 
davefromfl: calls $2.50
I am Anux!: folds 
*** FLOP *** [Jd 2d 2h]
davefromfl: checks 
RohayhuP: bets $3.33
davefromfl: folds 
Uncalled bet ($3.33) returned to RohayhuP
RohayhuP collected $6.56 from pot
RohayhuP: doesn't show hand 
*** SUMMARY ***
Total pot $7 | Rake $0.44 
Board [Jd 2d 2h]
Seat 6: BoyLoc0
Seat 1: RohayhuP collected ($6.56)
Seat 2: S3MPR3IGUAL folded before Flop (didn't bet)
Seat 3: kuca86 (button) folded before Flop (didn't bet)
Seat 4: davefromfl (small blind) folded on the Flop
Seat 5: I am Anux! (big blind) folded before Flop



PokerStars Hand #254626440937:  Hold'em No Limit ($0.50/$1.00 USD) - 2025/01/30 19:47:43 WET [2025/01/30 14:47:43 ET]
Table 'Pawona' 6-max Seat #4 is the button
Seat 1: RohayhuP ($114.06 in chips) 
Seat 2: S3MPR3IGUAL ($119.45 in chips) 
Seat 3: kuca86 ($104.78 in chips) 
Seat 4: davefromfl ($110.64 in chips) 
Seat 5: I am Anux! ($214.01 in chips) 
Seat 6: BoyLoc0 ($100 in chips) 
I am Anux!: posts small blind $0.50
BoyLoc0: posts big blind $1
*** HOLE CARDS ***
RohayhuP: folds 
S3MPR3IGUAL: folds 
kuca86: folds 
davefromfl: calls $1
I am Anux!: folds 
BoyLoc0: checks 
*** FLOP *** [Jd 7c Kc]
BoyLoc0: checks 
davefromfl: checks 
*** TURN *** [Jd 7c Kc] [9d]
BoyLoc0: checks 
davefromfl: checks 
*** RIVER *** [Jd 7c Kc 9d] [Ah]
BoyLoc0: checks 
davefromfl: bets $1.19
BoyLoc0: folds 
Uncalled bet ($1.19) returned to davefromfl
davefromfl collected $2.38 from pot
*** SUMMARY ***
Total pot $2.50 | Rake $0.12 
Board [Jd 7c Kc 9d Ah]
Seat 1: RohayhuP folded before Flop (didn't bet)
Seat 2: S3MPR3IGUAL folded before Flop (didn't bet)
Seat 3: kuca86 folded before Flop (didn't bet)
Seat 4: davefromfl (button) collected ($2.38)
Seat 5: I am Anux! (small blind) folded before Flop
Seat 6: BoyLoc0 (big blind) folded on the River



PokerStars Hand #254626453061:  Hold'em No Limit ($0.50/$1.00 USD) - 2025/01/30 19:48:24 WET [2025/01/30 14:48:24 ET]
Table 'Pawona' 6-max Seat #5 is the button
Seat 1: RohayhuP ($114.06 in chips) 
Seat 2: S3MPR3IGUAL ($119.45 in chips) 
Seat 3: kuca86 ($104.78 in chips) 
Seat 4: davefromfl ($112.02 in chips) 
Seat 5: I am Anux! ($213.51 in chips) 
Seat 6: BoyLoc0 ($100 in chips) 
BoyLoc0: posts small blind $0.50
RohayhuP: posts big blind $1
*** HOLE CARDS ***
S3MPR3IGUAL: folds 
kuca86: folds 
davefromfl: calls $1
I am Anux!: folds 
BoyLoc0: folds 
RohayhuP: checks 
*** FLOP *** [5c 3d 8c]
RohayhuP: checks 
davefromfl: checks 
*** TURN *** [5c 3d 8c] [9h]
RohayhuP: bets $1.19
davefromfl: folds 
Uncalled bet ($1.19) returned to RohayhuP
RohayhuP collected $2.35 from pot
RohayhuP: doesn't show hand 
*** SUMMARY ***
Total pot $2.50 | Rake $0.15 
Board [5c 3d 8c 9h]
Seat 1: RohayhuP (big blind) collected ($2.35)
Seat 2: S3MPR3IGUAL folded before Flop (didn't bet)
Seat 3: kuca86 folded before Flop (didn't bet)
Seat 4: davefromfl folded on the Turn
Seat 5: I am Anux! (button) folded before Flop (didn't bet)
Seat 6: BoyLoc0 (small blind) folded before Flop



PokerStars Hand #254626461918:  Hold'em No Limit ($0.50/$1.00 USD) - 2025/01/30 19:48:55 WET [2025/01/30 14:48:55 ET]
Table 'Pawona' 6-max Seat #6 is the button
Seat 1: RohayhuP ($115.41 in chips) 
Seat 2: S3MPR3IGUAL ($119.45 in chips) 
Seat 3: kuca86 ($104.78 in chips) 
Seat 4: davefromfl ($111.02 in chips) 
Seat 5: I am Anux! ($213.51 in chips) 
Seat 6: BoyLoc0 ($100 in chips) 
RohayhuP: posts small blind $0.50
S3MPR3IGUAL: posts big blind $1
*** HOLE CARDS ***
kuca86: folds 
davefromfl: folds 
I am Anux!: raises $1.30 to $2.30
BoyLoc0: folds 
RohayhuP: folds 
S3MPR3IGUAL: folds 
Uncalled bet ($1.30) returned to I am Anux!
I am Anux! collected $2.50 from pot
I am Anux!: doesn't show hand 
*** SUMMARY ***
Total pot $2.50 | Rake $0 
Seat 1: RohayhuP (small blind) folded before Flop
Seat 2: S3MPR3IGUAL (big blind) folded before Flop
Seat 3: kuca86 folded before Flop (didn't bet)
Seat 4: davefromfl folded before Flop (didn't bet)
Seat 5: I am Anux! collected ($2.50)
Seat 6: BoyLoc0 (button) folded before Flop (didn't bet)



PokerStars Hand #254626467182:  Hold'em No Limit ($0.50/$1.00 USD) - 2025/01/30 19:49:13 WET [2025/01/30 14:49:13 ET]
Table 'Pawona' 6-max Seat #1 is the button
Seat 1: RohayhuP ($114.91 in chips) 
Seat 2: S3MPR3IGUAL ($118.45 in chips) 
Seat 3: kuca86 ($104.78 in chips) 
Seat 4: davefromfl ($111.02 in chips) 
Seat 5: I am Anux! ($215.01 in chips) 
Seat 6: BoyLoc0 ($100 in chips) 
S3MPR3IGUAL: posts small blind $0.50
kuca86: posts big blind $1
*** HOLE CARDS ***
davefromfl: calls $1
I am Anux!: folds 
BoyLoc0: raises $3 to $4
RohayhuP: folds 
S3MPR3IGUAL: folds 
kuca86: folds 
davefromfl: folds 
Uncalled bet ($3) returned to BoyLoc0
BoyLoc0 collected $3.50 from pot
BoyLoc0: doesn't show hand 
*** SUMMARY ***
Total pot $3.50 | Rake $0 
Seat 1: RohayhuP (button) folded before Flop (didn't bet)
Seat 2: S3MPR3IGUAL (small blind) folded before Flop
Seat 3: kuca86 (big blind) folded before Flop
Seat 4: davefromfl folded before Flop
Seat 5: I am Anux! folded before Flop (didn't bet)
Seat 6: BoyLoc0 collected ($3.50)



PokerStars Hand #254626472979:  Hold'em No Limit ($0.50/$1.00 USD) - 2025/01/30 19:49:34 WET [2025/01/30 14:49:34 ET]
Table 'Pawona' 6-max Seat #2 is the button
Seat 1: RohayhuP ($114.91 in chips) 
Seat 2: S3MPR3IGUAL ($117.95 in chips) 
Seat 3: kuca86 ($103.78 in chips) 
Seat 4: davefromfl ($110.02 in chips) 
Seat 5: I am Anux! ($215.01 in chips) 
Seat 6: BoyLoc0 ($102.50 in chips) 
kuca86: posts small blind $0.50
davefromfl: posts big blind $1
*** HOLE CARDS ***
I am Anux!: folds 
BoyLoc0: folds 
RohayhuP: folds 
S3MPR3IGUAL: folds 
kuca86: folds 
Uncalled bet ($0.50) returned to davefromfl
davefromfl collected $1 from pot
*** SUMMARY ***
Total pot $1 | Rake $0 
Seat 1: RohayhuP folded before Flop (didn't bet)
Seat 2: S3MPR3IGUAL (button) folded before Flop (didn't bet)
Seat 3: kuca86 (small blind) folded before Flop
Seat 4: davefromfl (big blind) collected ($1)
Seat 5: I am Anux! folded before Flop (didn't bet)
Seat 6: BoyLoc0 folded before Flop (didn't bet)



PokerStars Hand #254626477077:  Hold'em No Limit ($0.50/$1.00 USD) - 2025/01/30 19:49:48 WET [2025/01/30 14:49:48 ET]
Table 'Pawona' 6-max Seat #3 is the button
Seat 1: RohayhuP ($114.91 in chips) 
Seat 2: S3MPR3IGUAL ($117.95 in chips) 
Seat 3: kuca86 ($103.28 in chips) 
Seat 4: davefromfl ($110.52 in chips) 
Seat 5: I am Anux! ($215.01 in chips) 
Seat 6: BoyLoc0 ($102.50 in chips) 
davefromfl: posts small blind $0.50
I am Anux!: posts big blind $1
*** HOLE CARDS ***
BoyLoc0: raises $1.50 to $2.50
RohayhuP: folds 
S3MPR3IGUAL: folds 
kuca86: calls $2.50
davefromfl: calls $2
I am Anux!: calls $1.50
*** FLOP *** [As Qs 5d]
davefromfl: checks 
I am Anux!: checks 
BoyLoc0: checks 
kuca86: bets $3.51
davefromfl: folds 
I am Anux!: calls $3.51
BoyLoc0: raises $13.02 to $16.53
kuca86: folds 
I am Anux!: raises $195.98 to $212.51 and is all-in
BoyLoc0: folds 
Uncalled bet ($195.98) returned to I am Anux!
I am Anux! collected $44.24 from pot
I am Anux!: doesn't show hand 
*** SUMMARY ***
Total pot $46.57 | Rake $2.33 
Board [As Qs 5d]
Seat 1: RohayhuP folded before Flop (didn't bet)
Seat 2: S3MPR3IGUAL folded before Flop (didn't bet)
Seat 3: kuca86 (button) folded on the Flop
Seat 4: davefromfl (small blind) folded on the Flop
Seat 5: I am Anux! (big blind) collected ($44.24)
Seat 6: BoyLoc0 folded on the Flop



PokerStars Hand #254626503794:  Hold'em No Limit ($0.50/$1.00 USD) - 2025/01/30 19:51:21 WET [2025/01/30 14:51:21 ET]
Table 'Pawona' 6-max Seat #4 is the button
Seat 1: RohayhuP ($114.91 in chips) 
Seat 2: S3MPR3IGUAL ($117.95 in chips) 
Seat 3: kuca86 ($100 in chips) 
Seat 4: davefromfl ($108.02 in chips) 
Seat 5: I am Anux! ($240.22 in chips) 
Seat 6: BoyLoc0 ($100 in chips) 
I am Anux!: posts small blind $0.50
BoyLoc0: posts big blind $1
*** HOLE CARDS ***
RohayhuP: folds 
S3MPR3IGUAL: folds 
kuca86: raises $1.50 to $2.50
davefromfl: folds 
I am Anux!: folds 
BoyLoc0: folds 
Uncalled bet ($1.50) returned to kuca86
kuca86 collected $2.50 from pot
kuca86: doesn't show hand 
*** SUMMARY ***
Total pot $2.50 | Rake $0 
Seat 1: RohayhuP folded before Flop (didn't bet)
Seat 2: S3MPR3IGUAL folded before Flop (didn't bet)
Seat 3: kuca86 collected ($2.50)
Seat 4: davefromfl (button) folded before Flop (didn't bet)
Seat 5: I am Anux! (small blind) folded before Flop
Seat 6: BoyLoc0 (big blind) folded before Flop



PokerStars Hand #254626509986:  Hold'em No Limit ($0.50/$1.00 USD) - 2025/01/30 19:51:42 WET [2025/01/30 14:51:42 ET]
Table 'Pawona' 6-max Seat #5 is the button
Seat 1: RohayhuP ($114.91 in chips) 
Seat 2: S3MPR3IGUAL ($117.95 in chips) 
Seat 3: kuca86 ($101.50 in chips) 
Seat 4: davefromfl ($108.02 in chips) 
Seat 5: I am Anux! ($239.72 in chips) 
Seat 6: BoyLoc0 ($100 in chips) 
BoyLoc0: posts small blind $0.50
RohayhuP: posts big blind $1
*** HOLE CARDS ***
S3MPR3IGUAL: folds 
kuca86: raises $1.50 to $2.50
davefromfl: folds 
I am Anux!: raises $4.50 to $7
BoyLoc0: folds 
RohayhuP: folds 
kuca86: calls $4.50
*** FLOP *** [3h Ah Qc]
kuca86: checks 
I am Anux!: bets $3.39
kuca86: raises $7.95 to $11.34
I am Anux!: folds 
Uncalled bet ($7.95) returned to kuca86
kuca86 collected $21.17 from pot
kuca86: doesn't show hand 
*** SUMMARY ***
Total pot $22.28 | Rake $1.11 
Board [3h Ah Qc]
Seat 1: RohayhuP (big blind) folded before Flop
Seat 2: S3MPR3IGUAL folded before Flop (didn't bet)
Seat 3: kuca86 collected ($21.17)
Seat 4: davefromfl folded before Flop (didn't bet)
Seat 5: I am Anux! (button) folded on the Flop
Seat 6: BoyLoc0 (small blind) folded before Flop



PokerStars Hand #254626531829:  Hold'em No Limit ($0.50/$1.00 USD) - 2025/01/30 19:52:59 WET [2025/01/30 14:52:59 ET]
Table 'Pawona' 6-max Seat #6 is the button
Seat 1: RohayhuP ($113.91 in chips) 
Seat 2: S3MPR3IGUAL ($117.95 in chips) 
Seat 3: kuca86 ($112.28 in chips) 
Seat 4: davefromfl ($108.02 in chips) 
Seat 5: I am Anux! ($229.33 in chips) 
Seat 6: BoyLoc0 ($100 in chips) 
RohayhuP: posts small blind $0.50
S3MPR3IGUAL: posts big blind $1
*** HOLE CARDS ***
kuca86: folds 
davefromfl: folds 
I am Anux!: folds 
BoyLoc0: raises $1.50 to $2.50
RohayhuP: folds 
S3MPR3IGUAL: folds 
Uncalled bet ($1.50) returned to BoyLoc0
BoyLoc0 collected $2.50 from pot
BoyLoc0: doesn't show hand 
*** SUMMARY ***
Total pot $2.50 | Rake $0 
Seat 1: RohayhuP (small blind) folded before Flop
Seat 2: S3MPR3IGUAL (big blind) folded before Flop
Seat 3: kuca86 folded before Flop (didn't bet)
Seat 4: davefromfl folded before Flop (didn't bet)
Seat 5: I am Anux! folded before Flop (didn't bet)
Seat 6: BoyLoc0 (button) collected ($2.50)



PokerStars Hand #254626537343:  Hold'em No Limit ($0.50/$1.00 USD) - 2025/01/30 19:53:18 WET [2025/01/30 14:53:18 ET]
Table 'Pawona' 6-max Seat #1 is the button
Seat 1: RohayhuP ($113.41 in chips) 
Seat 2: S3MPR3IGUAL ($116.95 in chips) 
Seat 3: kuca86 ($112.28 in chips) 
Seat 4: davefromfl ($108.02 in chips) 
Seat 5: I am Anux! ($229.33 in chips) 
Seat 6: BoyLoc0 ($101.50 in chips) 
S3MPR3IGUAL: posts small blind $0.50
kuca86: posts big blind $1
*** HOLE CARDS ***
davefromfl: calls $1
I am Anux!: folds 
BoyLoc0: folds 
RohayhuP: folds 
S3MPR3IGUAL: folds 
kuca86: checks 
*** FLOP *** [7c Th 3h]
kuca86: checks 
davefromfl: checks 
*** TURN *** [7c Th 3h] [3s]
kuca86: bets $3.57
davefromfl: folds 
Uncalled bet ($3.57) returned to kuca86
kuca86 collected $2.38 from pot
kuca86: doesn't show hand 
*** SUMMARY ***
Total pot $2.50 | Rake $0.12 
Board [7c Th 3h 3s]
Seat 1: RohayhuP (button) folded before Flop (didn't bet)
Seat 2: S3MPR3IGUAL (small blind) folded before Flop
Seat 3: kuca86 (big blind) collected ($2.38)
Seat 4: davefromfl folded on the Turn
Seat 5: I am Anux! folded before Flop (didn't bet)
Seat 6: BoyLoc0 folded before Flop (didn't bet)



PokerStars Hand #254626547239:  Hold'em No Limit ($0.50/$1.00 USD) - 2025/01/30 19:53:53 WET [2025/01/30 14:53:53 ET]
Table 'Pawona' 6-max Seat #2 is the button
Seat 1: RohayhuP ($113.41 in chips) 
Seat 2: S3MPR3IGUAL ($116.45 in chips) 
Seat 3: kuca86 ($113.66 in chips) 
Seat 4: davefromfl ($107.02 in chips) 
Seat 5: I am Anux! ($229.33 in chips) 
Seat 6: BoyLoc0 ($101.50 in chips) 
kuca86: posts small blind $0.50
davefromfl: posts big blind $1
*** HOLE CARDS ***
I am Anux!: folds 
BoyLoc0: folds 
RohayhuP: raises $2 to $3
S3MPR3IGUAL: folds 
kuca86: folds 
davefromfl: folds 
Uncalled bet ($2) returned to RohayhuP
RohayhuP collected $2.50 from pot
RohayhuP: doesn't show hand 
*** SUMMARY ***
Total pot $2.50 | Rake $0 
Seat 1: RohayhuP collected ($2.50)
Seat 2: S3MPR3IGUAL (button) folded before Flop (didn't bet)
Seat 3: kuca86 (small blind) folded before Flop
Seat 4: davefromfl (big blind) folded before Flop
Seat 5: I am Anux! folded before Flop (didn't bet)
Seat 6: BoyLoc0 folded before Flop (didn't bet)



PokerStars Hand #254626551923:  Hold'em No Limit ($0.50/$1.00 USD) - 2025/01/30 19:54:09 WET [2025/01/30 14:54:09 ET]
Table 'Pawona' 6-max Seat #3 is the button
Seat 4: davefromfl ($106.02 in chips) is sitting out
Seat 1: RohayhuP ($114.91 in chips) 
Seat 2: S3MPR3IGUAL ($116.45 in chips) 
Seat 3: kuca86 ($113.16 in chips) 
Seat 5: I am Anux! ($229.33 in chips) 
Seat 6: BoyLoc0 ($101.50 in chips) 
I am Anux!: posts small blind $0.50
BoyLoc0: posts big blind $1
*** HOLE CARDS ***
davefromfl leaves the table
RohayhuP: folds 
S3MPR3IGUAL: folds 
kuca86: raises $1.50 to $2.50
I am Anux!: folds 
BoyLoc0: folds 
Uncalled bet ($1.50) returned to kuca86
kuca86 collected $2.50 from pot
kuca86: doesn't show hand 
*** SUMMARY ***
Total pot $2.50 | Rake $0 
Seat 4: davefromfl
Seat 1: RohayhuP folded before Flop (didn't bet)
Seat 2: S3MPR3IGUAL folded before Flop (didn't bet)
Seat 3: kuca86 (button) collected ($2.50)
Seat 5: I am Anux! (small blind) folded before Flop
Seat 6: BoyLoc0 (big blind) folded before Flop



PokerStars Hand #254626558430:  Hold'em No Limit ($0.50/$1.00 USD) - 2025/01/30 19:54:32 WET [2025/01/30 14:54:32 ET]
Table 'Pawona' 6-max Seat #5 is the button
Seat 1: RohayhuP ($114.91 in chips) 
Seat 2: S3MPR3IGUAL ($116.45 in chips) 
Seat 3: kuca86 ($114.66 in chips) 
Seat 5: I am Anux! ($228.83 in chips) 
Seat 6: BoyLoc0 ($100.50 in chips) 
BoyLoc0: posts small blind $0.50
RohayhuP: posts big blind $1
*** HOLE CARDS ***
S3MPR3IGUAL: folds 
kuca86: folds 
I am Anux!: folds 
S3MPR3IGUAL leaves the table
BoyLoc0: raises $2 to $3
RohayhuP: calls $2
*** FLOP *** [9s 4h Qs]
BoyLoc0: bets $1.88
RohayhuP: calls $1.88
*** TURN *** [9s 4h Qs] [6s]
BoyLoc0: bets $6.95
RohayhuP: folds 
Uncalled bet ($6.95) returned to BoyLoc0
BoyLoc0 collected $9.27 from pot
BoyLoc0: doesn't show hand 
*** SUMMARY ***
Total pot $9.76 | Rake $0.49 
Board [9s 4h Qs 6s]
Seat 1: RohayhuP (big blind) folded on the Turn
Seat 2: S3MPR3IGUAL folded before Flop (didn't bet)
Seat 3: kuca86 folded before Flop (didn't bet)
Seat 5: I am Anux! (button) folded before Flop (didn't bet)
Seat 6: BoyLoc0 (small blind) collected ($9.27)



PokerStars Hand #254626571975:  Hold'em No Limit ($0.50/$1.00 USD) - 2025/01/30 19:55:22 WET [2025/01/30 14:55:22 ET]
Table 'Pawona' 6-max Seat #6 is the button
Seat 1: RohayhuP ($110.03 in chips) 
Seat 3: kuca86 ($114.66 in chips) 
Seat 5: I am Anux! ($228.83 in chips) 
Seat 6: BoyLoc0 ($104.89 in chips) 
RohayhuP: posts small blind $0.50
kuca86: posts big blind $1
*** HOLE CARDS ***
I am Anux!: raises $1.30 to $2.30
BoyLoc0: folds 
RohayhuP: folds 
kuca86: folds 
Uncalled bet ($1.30) returned to I am Anux!
I am Anux! collected $2.50 from pot
I am Anux!: doesn't show hand 
*** SUMMARY ***
Total pot $2.50 | Rake $0 
Seat 1: RohayhuP (small blind) folded before Flop
Seat 3: kuca86 (big blind) folded before Flop
Seat 5: I am Anux! collected ($2.50)
Seat 6: BoyLoc0 (button) folded before Flop (didn't bet)



PokerStars Hand #254626574844:  Hold'em No Limit ($0.50/$1.00 USD) - 2025/01/30 19:55:37 WET [2025/01/30 14:55:37 ET]
Table 'Pawona' 6-max Seat #1 is the button
Seat 5: I am Anux! ($230.33 in chips) is sitting out
Seat 1: RohayhuP ($109.53 in chips) 
Seat 3: kuca86 ($113.66 in chips) 
Seat 6: BoyLoc0 ($104.89 in chips) 
kuca86: posts small blind $0.50
I am Anux!: is sitting out 
BoyLoc0: posts big blind $1
*** HOLE CARDS ***
I am Anux! leaves the table
RohayhuP: raises $1.50 to $2.50
kuca86: folds 
BoyLoc0: folds 
Uncalled bet ($1.50) returned to RohayhuP
RohayhuP collected $2.50 from pot
RohayhuP: doesn't show hand 
*** SUMMARY ***
Total pot $2.50 | Rake $0 
Seat 5: I am Anux!
Seat 1: RohayhuP (button) collected ($2.50)
Seat 3: kuca86 (small blind) folded before Flop
Seat 6: BoyLoc0 (big blind) folded before Flop



PokerStars Hand #254626578614:  Hold'em No Limit ($0.50/$1.00 USD) - 2025/01/30 19:55:56 WET [2025/01/30 14:55:56 ET]
Table 'Pawona' 6-max Seat #3 is the button
Seat 1: RohayhuP ($111.03 in chips) 
Seat 3: kuca86 ($113.16 in chips) 
Seat 6: BoyLoc0 ($103.89 in chips) 
BoyLoc0: posts small blind $0.50
RohayhuP: posts big blind $1
*** HOLE CARDS ***
kuca86: folds 
BoyLoc0: folds 
Uncalled bet ($0.50) returned to RohayhuP
RohayhuP collected $1 from pot
RohayhuP: doesn't show hand 
*** SUMMARY ***
Total pot $1 | Rake $0 
Seat 1: RohayhuP (big blind) collected ($1)
Seat 3: kuca86 (button) folded before Flop (didn't bet)
Seat 6: BoyLoc0 (small blind) folded before Flop



PokerStars Hand #254626580415:  Hold'em No Limit ($0.50/$1.00 USD) - 2025/01/30 19:56:05 WET [2025/01/30 14:56:05 ET]
Table 'Pawona' 6-max Seat #6 is the button
Seat 1: RohayhuP ($111.53 in chips) 
Seat 3: kuca86 ($113.16 in chips) 
Seat 6: BoyLoc0 ($103.39 in chips) 
RohayhuP: posts small blind $0.50
kuca86: posts big blind $1
*** HOLE CARDS ***
BoyLoc0: folds 
RohayhuP: folds 
Uncalled bet ($0.50) returned to kuca86
kuca86 collected $1 from pot
kuca86: doesn't show hand 
*** SUMMARY ***
Total pot $1 | Rake $0 
Seat 1: RohayhuP (small blind) folded before Flop
Seat 3: kuca86 (big blind) collected ($1)
Seat 6: BoyLoc0 (button) folded before Flop (didn't bet)



PokerStars Hand #254626582113:  Hold'em No Limit ($0.50/$1.00 USD) - 2025/01/30 19:56:13 WET [2025/01/30 14:56:13 ET]
Table 'Pawona' 6-max Seat #1 is the button
Seat 1: RohayhuP ($111.03 in chips) 
Seat 3: kuca86 ($113.66 in chips) 
Seat 6: BoyLoc0 ($103.39 in chips) 
kuca86: posts small blind $0.50
BoyLoc0: posts big blind $1
*** HOLE CARDS ***
RohayhuP: folds 
kuca86: raises $2 to $3
BoyLoc0: raises $7 to $10
kuca86: folds 
Uncalled bet ($7) returned to BoyLoc0
BoyLoc0 collected $6 from pot
BoyLoc0: doesn't show hand 
*** SUMMARY ***
Total pot $6 | Rake $0 
Seat 1: RohayhuP (button) folded before Flop (didn't bet)
Seat 3: kuca86 (small blind) folded before Flop
Seat 6: BoyLoc0 (big blind) collected ($6)



PokerStars Hand #254626586017:  Hold'em No Limit ($0.50/$1.00 USD) - 2025/01/30 19:56:32 WET [2025/01/30 14:56:32 ET]
Table 'Pawona' 6-max Seat #3 is the button
Seat 1: RohayhuP ($111.03 in chips) 
Seat 3: kuca86 ($110.66 in chips) 
Seat 6: BoyLoc0 ($106.39 in chips) 
BoyLoc0: posts small blind $0.50
RohayhuP: posts big blind $1
*** HOLE CARDS ***
kuca86: raises $1.50 to $2.50
BoyLoc0: folds 
RohayhuP: calls $1.50
*** FLOP *** [9c 3c 3s]
RohayhuP: checks 
kuca86: bets $1.30
RohayhuP: raises $3.91 to $5.21
kuca86: calls $3.91
*** TURN *** [9c 3c 3s] [6d]
RohayhuP: bets $8.56
kuca86: calls $8.56
*** RIVER *** [9c 3c 3s 6d] [8s]
RohayhuP: checks 
kuca86: checks 
*** SHOW DOWN ***
RohayhuP: shows [8c Kc] (two pair, Eights and Threes)
kuca86: shows [9h Qc] (two pair, Nines and Threes)
kuca86 collected $32.04 from pot
*** SUMMARY ***
Total pot $33.04 | Rake $1 
Board [9c 3c 3s 6d 8s]
Seat 1: RohayhuP (big blind) showed [8c Kc] and lost with two pair, Eights and Threes
Seat 3: kuca86 (button) showed [9h Qc] and won ($32.04) with two pair, Nines and Threes
Seat 6: BoyLoc0 (small blind) folded before Flop



PokerStars Hand #254626602688:  Hold'em No Limit ($0.50/$1.00 USD) - 2025/01/30 19:57:55 WET [2025/01/30 14:57:55 ET]
Table 'Pawona' 6-max Seat #6 is the button
Seat 1: RohayhuP ($94.76 in chips) 
Seat 3: kuca86 ($126.43 in chips) 
Seat 6: BoyLoc0 ($105.89 in chips) 
RohayhuP: posts small blind $0.50
kuca86: posts big blind $1
*** HOLE CARDS ***
BoyLoc0: raises $1.50 to $2.50
RohayhuP: folds 
kuca86: folds 
Uncalled bet ($1.50) returned to BoyLoc0
BoyLoc0 collected $2.50 from pot
BoyLoc0: doesn't show hand 
*** SUMMARY ***
Total pot $2.50 | Rake $0 
Seat 1: RohayhuP (small blind) folded before Flop
Seat 3: kuca86 (big blind) folded before Flop
Seat 6: BoyLoc0 (button) collected ($2.50)



PokerStars Hand #254626606547:  Hold'em No Limit ($0.50/$1.00 USD) - 2025/01/30 19:58:14 WET [2025/01/30 14:58:14 ET]
Table 'Pawona' 6-max Seat #1 is the button
Seat 1: RohayhuP ($94.26 in chips) 
Seat 3: kuca86 ($125.43 in chips) 
Seat 6: BoyLoc0 ($107.39 in chips) 
kuca86: posts small blind $0.50
BoyLoc0: posts big blind $1
*** HOLE CARDS ***
RohayhuP: raises $1.50 to $2.50
kuca86: folds 
BoyLoc0: folds 
Uncalled bet ($1.50) returned to RohayhuP
RohayhuP collected $2.50 from pot
RohayhuP: doesn't show hand 
*** SUMMARY ***
Total pot $2.50 | Rake $0 
Seat 1: RohayhuP (button) collected ($2.50)
Seat 3: kuca86 (small blind) folded before Flop
Seat 6: BoyLoc0 (big blind) folded before Flop



PokerStars Hand #254626610345:  Hold'em No Limit ($0.50/$1.00 USD) - 2025/01/30 19:58:33 WET [2025/01/30 14:58:33 ET]
Table 'Pawona' 6-max Seat #3 is the button
Seat 1: RohayhuP ($95.76 in chips) 
Seat 3: kuca86 ($124.93 in chips) 
Seat 6: BoyLoc0 ($106.39 in chips) 
BoyLoc0: posts small blind $0.50
RohayhuP: posts big blind $1
*** HOLE CARDS ***
kuca86: raises $1.50 to $2.50
BoyLoc0: raises $7.50 to $10
RohayhuP: folds 
kuca86: folds 
Uncalled bet ($7.50) returned to BoyLoc0
BoyLoc0 collected $6 from pot
BoyLoc0: doesn't show hand 
*** SUMMARY ***
Total pot $6 | Rake $0 
Seat 1: RohayhuP (big blind) folded before Flop
Seat 3: kuca86 (button) folded before Flop
Seat 6: BoyLoc0 (small blind) collected ($6)



PokerStars Hand #254626616131:  Hold'em No Limit ($0.50/$1.00 USD) - 2025/01/30 19:59:02 WET [2025/01/30 14:59:02 ET]
Table 'Pawona' 6-max Seat #6 is the button
Seat 1: RohayhuP ($94.76 in chips) 
Seat 3: kuca86 ($122.43 in chips) 
Seat 6: BoyLoc0 ($109.89 in chips) 
RohayhuP: posts small blind $0.50
kuca86: posts big blind $1
*** HOLE CARDS ***
BoyLoc0: raises $1.50 to $2.50
RohayhuP: folds 
kuca86: folds 
Uncalled bet ($1.50) returned to BoyLoc0
BoyLoc0 collected $2.50 from pot
DJNezz joins the table at seat #4 
BoyLoc0: doesn't show hand 
*** SUMMARY ***
Total pot $2.50 | Rake $0 
Seat 1: RohayhuP (small blind) folded before Flop
Seat 3: kuca86 (big blind) folded before Flop
Seat 6: BoyLoc0 (button) collected ($2.50)



PokerStars Hand #254626618945:  Hold'em No Limit ($0.50/$1.00 USD) - 2025/01/30 19:59:16 WET [2025/01/30 14:59:16 ET]
Table 'Pawona' 6-max Seat #1 is the button
Seat 1: RohayhuP ($94.26 in chips) 
Seat 3: kuca86 ($121.43 in chips) 
Seat 4: DJNezz ($100 in chips) 
Seat 6: BoyLoc0 ($111.39 in chips) 
kuca86: posts small blind $0.50
DJNezz: posts big blind $1
*** HOLE CARDS ***
BoyLoc0: folds 
RohayhuP: raises $1.50 to $2.50
kuca86: folds 
DJNezz: folds 
Uncalled bet ($1.50) returned to RohayhuP
RohayhuP collected $2.50 from pot
RohayhuP: doesn't show hand 
*** SUMMARY ***
Total pot $2.50 | Rake $0 
Seat 1: RohayhuP (button) collected ($2.50)
Seat 3: kuca86 (small blind) folded before Flop
Seat 4: DJNezz (big blind) folded before Flop
Seat 6: BoyLoc0 folded before Flop (didn't bet)



PokerStars Hand #254626623840:  Hold'em No Limit ($0.50/$1.00 USD) - 2025/01/30 19:59:40 WET [2025/01/30 14:59:40 ET]
Table 'Pawona' 6-max Seat #3 is the button
Seat 1: RohayhuP ($95.76 in chips) 
Seat 3: kuca86 ($120.93 in chips) 
Seat 4: DJNezz ($100 in chips) 
Seat 6: BoyLoc0 ($111.39 in chips) 
DJNezz: posts small blind $0.50
BoyLoc0: posts big blind $1
*** HOLE CARDS ***
RohayhuP: raises $2 to $3
kuca86: calls $3
DJNezz: folds 
vemAAKK joins the table at seat #5 
vemAAKK is disconnected 
BoyLoc0: raises $11 to $14
S3MPR3IGUAL joins the table at seat #2 
RohayhuP: calls $11
kuca86: calls $11
*** FLOP *** [2d Ah 6d]
BoyLoc0: bets $13.70
RohayhuP: folds 
kuca86: folds 
Uncalled bet ($13.70) returned to BoyLoc0
BoyLoc0 collected $41.50 from pot
BoyLoc0: doesn't show hand 
*** SUMMARY ***
Total pot $42.50 | Rake $1 
Board [2d Ah 6d]
Seat 1: RohayhuP folded on the Flop
Seat 3: kuca86 (button) folded on the Flop
Seat 4: DJNezz (small blind) folded before Flop
Seat 6: BoyLoc0 (big blind) collected ($41.50)



PokerStars Hand #254626635369:  Hold'em No Limit ($0.50/$1.00 USD) - 2025/01/30 20:00:36 WET [2025/01/30 15:00:36 ET]
Table 'Pawona' 6-max Seat #4 is the button
Seat 2: S3MPR3IGUAL ($116.45 in chips) is sitting out
Seat 5: vemAAKK ($97.22 in chips) is sitting out
Seat 1: RohayhuP ($81.76 in chips) 
Seat 3: kuca86 ($106.93 in chips) 
Seat 4: DJNezz ($100 in chips) 
Seat 6: BoyLoc0 ($138.89 in chips) 
BoyLoc0: posts small blind $0.50
RohayhuP: posts big blind $1
S3MPR3IGUAL: sits out 
*** HOLE CARDS ***
kuca86: raises $1.50 to $2.50
DJNezz: folds 
BoyLoc0: folds 
RohayhuP: folds 
Uncalled bet ($1.50) returned to kuca86
kuca86 collected $2.50 from pot
kuca86: doesn't show hand 
*** SUMMARY ***
Total pot $2.50 | Rake $0 
Seat 2: S3MPR3IGUAL
Seat 5: vemAAKK
Seat 1: RohayhuP (big blind) folded before Flop
Seat 3: kuca86 collected ($2.50)
Seat 4: DJNezz (button) folded before Flop (didn't bet)
Seat 6: BoyLoc0 (small blind) folded before Flop



PokerStars Hand #254626637261:  Hold'em No Limit ($0.50/$1.00 USD) - 2025/01/30 20:00:45 WET [2025/01/30 15:00:45 ET]
Table 'Pawona' 6-max Seat #6 is the button
Seat 1: RohayhuP ($80.76 in chips) 
Seat 2: S3MPR3IGUAL ($116.45 in chips) 
Seat 3: kuca86 ($108.43 in chips) 
Seat 4: DJNezz ($100 in chips) 
Seat 5: vemAAKK ($97.22 in chips) 
Seat 6: BoyLoc0 ($138.39 in chips) 
RohayhuP: posts small blind $0.50
S3MPR3IGUAL: posts big blind $1
vemAAKK: posts big blind $1
*** HOLE CARDS ***
kuca86: folds 
DJNezz: folds 
vemAAKK: raises $2 to $3
BoyLoc0: folds 
RohayhuP: folds 
S3MPR3IGUAL: folds 
Uncalled bet ($2) returned to vemAAKK
vemAAKK collected $2.50 from pot
*** SUMMARY ***
Total pot $2.50 | Rake $0 
Seat 1: RohayhuP (small blind) folded before Flop
Seat 2: S3MPR3IGUAL (big blind) folded before Flop
Seat 3: kuca86 folded before Flop (didn't bet)
Seat 4: DJNezz folded before Flop (didn't bet)
Seat 5: vemAAKK collected ($2.50)
Seat 6: BoyLoc0 (button) folded before Flop (didn't bet)



PokerStars Hand #254626643076:  Hold'em No Limit ($0.50/$1.00 USD) - 2025/01/30 20:01:10 WET [2025/01/30 15:01:10 ET]
Table 'Pawona' 6-max Seat #1 is the button
Seat 1: RohayhuP ($80.26 in chips) 
Seat 2: S3MPR3IGUAL ($115.45 in chips) 
Seat 3: kuca86 ($108.43 in chips) 
Seat 4: DJNezz ($100 in chips) 
Seat 5: vemAAKK ($98.72 in chips) 
Seat 6: BoyLoc0 ($138.39 in chips) 
S3MPR3IGUAL: posts small blind $0.50
kuca86: posts big blind $1
*** HOLE CARDS ***
DJNezz: raises $1.20 to $2.20
vemAAKK: folds 
BoyLoc0: raises $5.30 to $7.50
RohayhuP: folds 
S3MPR3IGUAL: folds 
kuca86: folds 
DJNezz: calls $5.30
*** FLOP *** [Jh Jc 4s]
DJNezz: checks 
BoyLoc0: bets $5.17
vemAAKK is disconnected 
DJNezz: raises $10.59 to $15.76
BoyLoc0: calls $10.59
*** TURN *** [Jh Jc 4s] [7h]
DJNezz: bets $15.05
BoyLoc0: folds 
Uncalled bet ($15.05) returned to DJNezz
DJNezz collected $45.62 from pot
*** SUMMARY ***
Total pot $48.02 | Rake $2.40 
Board [Jh Jc 4s 7h]
Seat 1: RohayhuP (button) folded before Flop (didn't bet)
Seat 2: S3MPR3IGUAL (small blind) folded before Flop
Seat 3: kuca86 (big blind) folded before Flop
Seat 4: DJNezz collected ($45.62)
Seat 5: vemAAKK folded before Flop (didn't bet)
Seat 6: BoyLoc0 folded on the Turn



PokerStars Hand #254626677281:  Hold'em No Limit ($0.50/$1.00 USD) - 2025/01/30 20:03:20 WET [2025/01/30 15:03:20 ET]
Table 'Pawona' 6-max Seat #2 is the button
Seat 1: RohayhuP ($80.26 in chips) 
Seat 2: S3MPR3IGUAL ($114.95 in chips) 
Seat 3: kuca86 ($107.43 in chips) 
Seat 4: DJNezz ($122.36 in chips) 
Seat 5: vemAAKK ($98.72 in chips) 
Seat 6: BoyLoc0 ($115.13 in chips) 
kuca86: posts small blind $0.50
DJNezz: posts big blind $1
*** HOLE CARDS ***
vemAAKK has timed out while disconnected
vemAAKK: folds 
BoyLoc0: folds 
RohayhuP: folds 
S3MPR3IGUAL: raises $1.20 to $2.20
kuca86: folds 
DJNezz: folds 
Uncalled bet ($1.20) returned to S3MPR3IGUAL
S3MPR3IGUAL collected $2.50 from pot
S3MPR3IGUAL: doesn't show hand 
*** SUMMARY ***
Total pot $2.50 | Rake $0 
Seat 1: RohayhuP folded before Flop (didn't bet)
Seat 2: S3MPR3IGUAL (button) collected ($2.50)
Seat 3: kuca86 (small blind) folded before Flop
Seat 4: DJNezz (big blind) folded before Flop
Seat 5: vemAAKK folded before Flop (didn't bet)
Seat 6: BoyLoc0 folded before Flop (didn't bet)



PokerStars Hand #254626684726:  Hold'em No Limit ($0.50/$1.00 USD) - 2025/01/30 20:03:47 WET [2025/01/30 15:03:47 ET]
Table 'Pawona' 6-max Seat #3 is the button
Seat 1: RohayhuP ($80.26 in chips) 
Seat 2: S3MPR3IGUAL ($116.45 in chips) 
Seat 3: kuca86 ($106.93 in chips) 
Seat 4: DJNezz ($121.36 in chips) 
Seat 5: vemAAKK ($98.72 in chips) 
Seat 6: BoyLoc0 ($115.13 in chips) 
DJNezz: posts small blind $0.50
vemAAKK: posts big blind $1
*** HOLE CARDS ***
BoyLoc0: folds 
RohayhuP: folds 
S3MPR3IGUAL: raises $1.20 to $2.20
kuca86: raises $4.84 to $7.04
DJNezz: folds 
vemAAKK is disconnected 
vemAAKK has timed out while being disconnected
vemAAKK: folds 
S3MPR3IGUAL: calls $4.84
*** FLOP *** [Kc 3s 2d]
S3MPR3IGUAL: checks 
kuca86: bets $5.48
S3MPR3IGUAL: calls $5.48
*** TURN *** [Kc 3s 2d] [8d]
S3MPR3IGUAL: checks 
kuca86: bets $17.65
S3MPR3IGUAL: calls $17.65
*** RIVER *** [Kc 3s 2d 8d] [Qd]
S3MPR3IGUAL: checks 
kuca86: checks 
*** SHOW DOWN ***
S3MPR3IGUAL: shows [Qh Kh] (two pair, Kings and Queens)
kuca86: mucks hand 
S3MPR3IGUAL collected $59.34 from pot
*** SUMMARY ***
Total pot $61.84 | Rake $2.50 
Board [Kc 3s 2d 8d Qd]
Seat 1: RohayhuP folded before Flop (didn't bet)
Seat 2: S3MPR3IGUAL showed [Qh Kh] and won ($59.34) with two pair, Kings and Queens
Seat 3: kuca86 (button) mucked
Seat 4: DJNezz (small blind) folded before Flop
Seat 5: vemAAKK (big blind) folded before Flop
Seat 6: BoyLoc0 folded before Flop (didn't bet)



PokerStars Hand #254626720306:  Hold'em No Limit ($0.50/$1.00 USD) - 2025/01/30 20:05:50 WET [2025/01/30 15:05:50 ET]
Table 'Pawona' 6-max Seat #4 is the button
Seat 1: RohayhuP ($80.26 in chips) 
Seat 2: S3MPR3IGUAL ($145.62 in chips) 
Seat 3: kuca86 ($100 in chips) 
Seat 4: DJNezz ($120.86 in chips) 
Seat 5: vemAAKK ($97.72 in chips) 
Seat 6: BoyLoc0 ($115.13 in chips) 
vemAAKK: posts small blind $0.50
BoyLoc0: posts big blind $1
*** HOLE CARDS ***
RohayhuP: folds 
S3MPR3IGUAL: folds 
kuca86: folds 
DJNezz: raises $1.20 to $2.20
vemAAKK: folds 
BoyLoc0: folds 
Uncalled bet ($1.20) returned to DJNezz
DJNezz collected $2.50 from pot
*** SUMMARY ***
Total pot $2.50 | Rake $0 
Seat 1: RohayhuP folded before Flop (didn't bet)
Seat 2: S3MPR3IGUAL folded before Flop (didn't bet)
Seat 3: kuca86 folded before Flop (didn't bet)
Seat 4: DJNezz (button) collected ($2.50)
Seat 5: vemAAKK (small blind) folded before Flop
Seat 6: BoyLoc0 (big blind) folded before Flop



PokerStars Hand #254626727046:  Hold'em No Limit ($0.50/$1.00 USD) - 2025/01/30 20:06:12 WET [2025/01/30 15:06:12 ET]
Table 'Pawona' 6-max Seat #5 is the button
Seat 1: RohayhuP ($80.26 in chips) 
Seat 2: S3MPR3IGUAL ($145.62 in chips) 
Seat 3: kuca86 ($100 in chips) 
Seat 4: DJNezz ($122.36 in chips) 
Seat 5: vemAAKK ($97.22 in chips) 
Seat 6: BoyLoc0 ($114.13 in chips) 
BoyLoc0: posts small blind $0.50
RohayhuP: posts big blind $1
*** HOLE CARDS ***
S3MPR3IGUAL: folds 
kuca86: folds 
DJNezz: folds 
vemAAKK: folds 
BoyLoc0: raises $2 to $3
RohayhuP: raises $6 to $9
BoyLoc0: calls $6
*** FLOP *** [8c 5s Qc]
BoyLoc0: checks 
RohayhuP: bets $8.55
BoyLoc0: calls $8.55
*** TURN *** [8c 5s Qc] [7d]
BoyLoc0: checks 
RohayhuP: checks 
*** RIVER *** [8c 5s Qc 7d] [Js]
BoyLoc0: checks 
RohayhuP: checks 
*** SHOW DOWN ***
BoyLoc0: shows [8s 9s] (a pair of Eights)
RohayhuP: mucks hand 
BoyLoc0 collected $33.34 from pot
*** SUMMARY ***
Total pot $35.10 | Rake $1.76 
Board [8c 5s Qc 7d Js]
Seat 1: RohayhuP (big blind) mucked
Seat 2: S3MPR3IGUAL folded before Flop (didn't bet)
Seat 3: kuca86 folded before Flop (didn't bet)
Seat 4: DJNezz folded before Flop (didn't bet)
Seat 5: vemAAKK (button) folded before Flop (didn't bet)
Seat 6: BoyLoc0 (small blind) showed [8s 9s] and won ($33.34) with a pair of Eights



PokerStars Hand #254626750192:  Hold'em No Limit ($0.50/$1.00 USD) - 2025/01/30 20:07:30 WET [2025/01/30 15:07:30 ET]
Table 'Pawona' 6-max Seat #6 is the button
Seat 2: S3MPR3IGUAL ($145.62 in chips) is sitting out
Seat 1: RohayhuP ($62.71 in chips) 
Seat 3: kuca86 ($100 in chips) 
Seat 4: DJNezz ($122.36 in chips) 
Seat 5: vemAAKK ($97.22 in chips) 
Seat 6: BoyLoc0 ($129.92 in chips) 
RohayhuP: posts small blind $0.50
S3MPR3IGUAL: is sitting out 
kuca86: posts big blind $1
*** HOLE CARDS ***
S3MPR3IGUAL leaves the table
DJNezz: folds 
vemAAKK: folds 
BoyLoc0: folds 
RohayhuP: folds 
Uncalled bet ($0.50) returned to kuca86
kuca86 collected $1 from pot
kuca86: doesn't show hand 
*** SUMMARY ***
Total pot $1 | Rake $0 
Seat 2: S3MPR3IGUAL
Seat 1: RohayhuP (small blind) folded before Flop
Seat 3: kuca86 (big blind) collected ($1)
Seat 4: DJNezz folded before Flop (didn't bet)
Seat 5: vemAAKK folded before Flop (didn't bet)
Seat 6: BoyLoc0 (button) folded before Flop (didn't bet)



PokerStars Hand #254626815875:  Hold'em No Limit ($0.50/$1.00 USD) - 2025/01/30 20:11:13 WET [2025/01/30 15:11:13 ET]
Table 'Pawona' 6-max Seat #5 is the button
Seat 2: AlexPinsk1 ($100 in chips) is sitting out
Seat 1: RohayhuP ($100 in chips) 
Seat 3: kuca86 ($101.50 in chips) 
Seat 4: DJNezz ($145.83 in chips) 
Seat 5: vemAAKK ($76.11 in chips) 
Seat 6: BoyLoc0 ($124.58 in chips) 
BoyLoc0: posts small blind $0.50
RohayhuP: posts big blind $1
AlexPinsk1: sits out 
*** HOLE CARDS ***
kuca86: folds 
DJNezz: folds 
vemAAKK: raises $2 to $3
BoyLoc0: raises $9 to $12
RohayhuP: folds 
vemAAKK: calls $9
*** FLOP *** [8d Ks 7c]
BoyLoc0: bets $7.84
vemAAKK: calls $7.84
*** TURN *** [8d Ks 7c] [6d]
BoyLoc0: bets $57.98
vemAAKK: folds 
Uncalled bet ($57.98) returned to BoyLoc0
BoyLoc0 collected $38.65 from pot
BoyLoc0: doesn't show hand 
*** SUMMARY ***
Total pot $40.68 | Rake $2.03 
Board [8d Ks 7c 6d]
Seat 2: AlexPinsk1
Seat 1: RohayhuP (big blind) folded before Flop
Seat 3: kuca86 folded before Flop (didn't bet)
Seat 4: DJNezz folded before Flop (didn't bet)
Seat 5: vemAAKK (button) folded on the Turn
Seat 6: BoyLoc0 (small blind) collected ($38.65)



PokerStars Hand #254626826520:  Hold'em No Limit ($0.50/$1.00 USD) - 2025/01/30 20:11:49 WET [2025/01/30 15:11:49 ET]
Table 'Pawona' 6-max Seat #6 is the button
Seat 1: RohayhuP ($99 in chips) 
Seat 2: AlexPinsk1 ($100 in chips) 
Seat 3: kuca86 ($101.50 in chips) 
Seat 4: DJNezz ($145.83 in chips) 
Seat 5: vemAAKK ($56.27 in chips) 
Seat 6: BoyLoc0 ($143.39 in chips) 
RohayhuP: posts small blind $0.50
AlexPinsk1: posts big blind $1
*** HOLE CARDS ***
kuca86: folds 
DJNezz: folds 
vemAAKK: folds 
BoyLoc0: raises $1.50 to $2.50
RohayhuP: folds 
AlexPinsk1: folds 
Uncalled bet ($1.50) returned to BoyLoc0
BoyLoc0 collected $2.50 from pot
BoyLoc0: doesn't show hand 
*** SUMMARY ***
Total pot $2.50 | Rake $0 
Seat 1: RohayhuP (small blind) folded before Flop
Seat 2: AlexPinsk1 (big blind) folded before Flop
Seat 3: kuca86 folded before Flop (didn't bet)
Seat 4: DJNezz folded before Flop (didn't bet)
Seat 5: vemAAKK folded before Flop (didn't bet)
Seat 6: BoyLoc0 (button) collected ($2.50)



PokerStars Hand #254626834935:  Hold'em No Limit ($0.50/$1.00 USD) - 2025/01/30 20:12:18 WET [2025/01/30 15:12:18 ET]
Table 'Pawona' 6-max Seat #1 is the button
Seat 1: RohayhuP ($98.50 in chips) 
Seat 2: AlexPinsk1 ($100 in chips) 
Seat 3: kuca86 ($101.50 in chips) 
Seat 4: DJNezz ($145.83 in chips) 
Seat 5: vemAAKK ($56.27 in chips) 
Seat 6: BoyLoc0 ($144.89 in chips) 
AlexPinsk1: posts small blind $0.50
kuca86: posts big blind $1
*** HOLE CARDS ***
DJNezz: folds 
vemAAKK: folds 
BoyLoc0: raises $1.50 to $2.50
RohayhuP: folds 
AlexPinsk1: folds 
kuca86: raises $7.50 to $10
BoyLoc0: folds 
Uncalled bet ($7.50) returned to kuca86
kuca86 collected $5.50 from pot
kuca86: doesn't show hand 
*** SUMMARY ***
Total pot $5.50 | Rake $0 
Seat 1: RohayhuP (button) folded before Flop (didn't bet)
Seat 2: AlexPinsk1 (small blind) folded before Flop
Seat 3: kuca86 (big blind) collected ($5.50)
Seat 4: DJNezz folded before Flop (didn't bet)
Seat 5: vemAAKK folded before Flop (didn't bet)
Seat 6: BoyLoc0 folded before Flop



PokerStars Hand #254626843041:  Hold'em No Limit ($0.50/$1.00 USD) - 2025/01/30 20:12:45 WET [2025/01/30 15:12:45 ET]
Table 'Pawona' 6-max Seat #2 is the button
Seat 1: RohayhuP ($98.50 in chips) 
Seat 2: AlexPinsk1 ($100 in chips) 
Seat 3: kuca86 ($104.50 in chips) 
Seat 4: DJNezz ($145.83 in chips) 
Seat 5: vemAAKK ($56.27 in chips) 
Seat 6: BoyLoc0 ($142.39 in chips) 
kuca86: posts small blind $0.50
DJNezz: posts big blind $1
*** HOLE CARDS ***
vemAAKK: folds 
BoyLoc0: raises $1.50 to $2.50
RohayhuP: raises $5.50 to $8
AlexPinsk1: folds 
kuca86: folds 
DJNezz: folds 
BoyLoc0: folds 
Uncalled bet ($5.50) returned to RohayhuP
RohayhuP collected $6.50 from pot
RohayhuP: doesn't show hand 
*** SUMMARY ***
Total pot $6.50 | Rake $0 
Seat 1: RohayhuP collected ($6.50)
Seat 2: AlexPinsk1 (button) folded before Flop (didn't bet)
Seat 3: kuca86 (small blind) folded before Flop
Seat 4: DJNezz (big blind) folded before Flop
Seat 5: vemAAKK folded before Flop (didn't bet)
Seat 6: BoyLoc0 folded before Flop



PokerStars Hand #254626851413:  Hold'em No Limit ($0.50/$1.00 USD) - 2025/01/30 20:13:13 WET [2025/01/30 15:13:13 ET]
Table 'Pawona' 6-max Seat #3 is the button
Seat 1: RohayhuP ($102.50 in chips) 
Seat 2: AlexPinsk1 ($100 in chips) 
Seat 3: kuca86 ($104 in chips) 
Seat 4: DJNezz ($144.83 in chips) 
Seat 5: vemAAKK ($56.27 in chips) 
Seat 6: BoyLoc0 ($139.89 in chips) 
DJNezz: posts small blind $0.50
vemAAKK: posts big blind $1
*** HOLE CARDS ***
BoyLoc0: folds 
RohayhuP: folds 
AlexPinsk1: folds 
kuca86: folds 
DJNezz: folds 
Uncalled bet ($0.50) returned to vemAAKK
vemAAKK collected $1 from pot
*** SUMMARY ***
Total pot $1 | Rake $0 
Seat 1: RohayhuP folded before Flop (didn't bet)
Seat 2: AlexPinsk1 folded before Flop (didn't bet)
Seat 3: kuca86 (button) folded before Flop (didn't bet)
Seat 4: DJNezz (small blind) folded before Flop
Seat 5: vemAAKK (big blind) collected ($1)
Seat 6: BoyLoc0 folded before Flop (didn't bet)



PokerStars Hand #254626855048:  Hold'em No Limit ($0.50/$1.00 USD) - 2025/01/30 20:13:25 WET [2025/01/30 15:13:25 ET]
Table 'Pawona' 6-max Seat #4 is the button
Seat 1: RohayhuP ($102.50 in chips) 
Seat 2: AlexPinsk1 ($100 in chips) 
Seat 3: kuca86 ($104 in chips) 
Seat 4: DJNezz ($144.33 in chips) 
Seat 5: vemAAKK ($56.77 in chips) 
Seat 6: BoyLoc0 ($139.89 in chips) 
vemAAKK: posts small blind $0.50
BoyLoc0: posts big blind $1
*** HOLE CARDS ***
RohayhuP: raises $2 to $3
AlexPinsk1: raises $6 to $9
kuca86: folds 
DJNezz: folds 
vemAAKK: raises $22 to $31
BoyLoc0: folds 
RohayhuP: folds 
AlexPinsk1: raises $32 to $63
vemAAKK: calls $25.77 and is all-in
Uncalled bet ($6.23) returned to AlexPinsk1
*** FLOP *** [6d Tc Qd]
*** TURN *** [6d Tc Qd] [Qh]
*** RIVER *** [6d Tc Qd Qh] [4d]
*** SHOW DOWN ***
vemAAKK: shows [7c 8c] (a pair of Queens)
AlexPinsk1: shows [Ad Ks] (a pair of Queens - Ace kicker)
AlexPinsk1 collected $115.04 from pot
*** SUMMARY ***
Total pot $117.54 | Rake $2.50 
Board [6d Tc Qd Qh 4d]
Seat 1: RohayhuP folded before Flop
Seat 2: AlexPinsk1 showed [Ad Ks] and won ($115.04) with a pair of Queens
Seat 3: kuca86 folded before Flop (didn't bet)
Seat 4: DJNezz (button) folded before Flop (didn't bet)
Seat 5: vemAAKK (small blind) showed [7c 8c] and lost with a pair of Queens
Seat 6: BoyLoc0 (big blind) folded before Flop



PokerStars Hand #254626872041:  Hold'em No Limit ($0.50/$1.00 USD) - 2025/01/30 20:14:22 WET [2025/01/30 15:14:22 ET]
Table 'Pawona' 6-max Seat #6 is the button
Seat 5: vemAAKK ($0 in chips) is sitting out
Seat 1: RohayhuP ($99.50 in chips) 
Seat 2: AlexPinsk1 ($158.27 in chips) 
Seat 3: kuca86 ($104 in chips) 
Seat 4: DJNezz ($144.33 in chips) 
Seat 6: BoyLoc0 ($138.89 in chips) 
RohayhuP: posts small blind $0.50
AlexPinsk1: posts big blind $1
*** HOLE CARDS ***
kuca86: folds 
DJNezz: folds 
BoyLoc0: folds 
vemAAKK is disconnected 
RohayhuP: raises $2 to $3
AlexPinsk1: folds 
Uncalled bet ($2) returned to RohayhuP
RohayhuP collected $2 from pot
RohayhuP: doesn't show hand 
*** SUMMARY ***
Total pot $2 | Rake $0 
Seat 5: vemAAKK
Seat 1: RohayhuP (small blind) collected ($2)
Seat 2: AlexPinsk1 (big blind) folded before Flop
Seat 3: kuca86 folded before Flop (didn't bet)
Seat 4: DJNezz folded before Flop (didn't bet)
Seat 6: BoyLoc0 (button) folded before Flop (didn't bet)



PokerStars Hand #254626877538:  Hold'em No Limit ($0.50/$1.00 USD) - 2025/01/30 20:14:41 WET [2025/01/30 15:14:41 ET]
Table 'Pawona' 6-max Seat #1 is the button
Seat 5: vemAAKK ($0 in chips) is sitting out
Seat 1: RohayhuP ($100.50 in chips) 
Seat 2: AlexPinsk1 ($157.27 in chips) 
Seat 3: kuca86 ($104 in chips) 
Seat 4: DJNezz ($144.33 in chips) 
Seat 6: BoyLoc0 ($138.89 in chips) 
AlexPinsk1: posts small blind $0.50
kuca86: posts big blind $1
*** HOLE CARDS ***
DJNezz: folds 
BoyLoc0: folds 
RohayhuP: raises $1.50 to $2.50
AlexPinsk1: folds 
kuca86: calls $1.50
*** FLOP *** [5d 4c 8c]
kuca86: checks 
AlexPinsk1 leaves the table
RohayhuP: bets $2.74
kuca86: calls $2.74
*** TURN *** [5d 4c 8c] [2d]
kuca86: checks 
RohayhuP: bets $7.75
Sachee46 joins the table at seat #2 
kuca86: calls $7.75
*** RIVER *** [5d 4c 8c 2d] [Ac]
kuca86: checks 
RohayhuP: bets $13.58
kuca86: folds 
Uncalled bet ($13.58) returned to RohayhuP
RohayhuP collected $24.83 from pot
RohayhuP: doesn't show hand 
*** SUMMARY ***
Total pot $26.48 | Rake $1.65 
Board [5d 4c 8c 2d Ac]
Seat 5: vemAAKK
Seat 1: RohayhuP (button) collected ($24.83)
Seat 2: AlexPinsk1 (small blind) folded before Flop
Seat 3: kuca86 (big blind) folded on the River
Seat 4: DJNezz folded before Flop (didn't bet)
Seat 6: BoyLoc0 folded before Flop (didn't bet)



PokerStars Hand #254626906452:  Hold'em No Limit ($0.50/$1.00 USD) - 2025/01/30 20:16:18 WET [2025/01/30 15:16:18 ET]
Table 'Pawona' 6-max Seat #3 is the button
Seat 2: Sachee46 ($80 in chips) is sitting out
Seat 5: vemAAKK ($0 in chips) is sitting out
Seat 1: RohayhuP ($112.34 in chips) 
Seat 3: kuca86 ($100 in chips) 
Seat 4: DJNezz ($144.33 in chips) 
Seat 6: BoyLoc0 ($138.89 in chips) 
DJNezz: posts small blind $0.50
BoyLoc0: posts big blind $1
Sachee46: sits out 
*** HOLE CARDS ***
RohayhuP: raises $2 to $3
kuca86: folds 
DJNezz: folds 
BoyLoc0: folds 
Uncalled bet ($2) returned to RohayhuP
RohayhuP collected $2.50 from pot
RohayhuP: doesn't show hand 
*** SUMMARY ***
Total pot $2.50 | Rake $0 
Seat 2: Sachee46
Seat 5: vemAAKK
Seat 1: RohayhuP collected ($2.50)
Seat 3: kuca86 (button) folded before Flop (didn't bet)
Seat 4: DJNezz (small blind) folded before Flop
Seat 6: BoyLoc0 (big blind) folded before Flop



PokerStars Hand #254626911883:  Hold'em No Limit ($0.50/$1.00 USD) - 2025/01/30 20:16:36 WET [2025/01/30 15:16:36 ET]
Table 'Pawona' 6-max Seat #4 is the button
Seat 2: Sachee46 ($80 in chips) is sitting out
Seat 5: vemAAKK ($0 in chips) is sitting out
Seat 1: RohayhuP ($113.84 in chips) 
Seat 3: kuca86 ($100 in chips) 
Seat 4: DJNezz ($143.83 in chips) 
Seat 6: BoyLoc0 ($137.89 in chips) 
BoyLoc0: posts small blind $0.50
RohayhuP: posts big blind $1
Sachee46: sits out 
*** HOLE CARDS ***
kuca86: folds 
DJNezz: folds 
BoyLoc0: raises $2 to $3
Sachee46 leaves the table
kvcsszblcs joins the table at seat #2 
RohayhuP: folds 
Uncalled bet ($2) returned to BoyLoc0
BoyLoc0 collected $2 from pot
BoyLoc0: doesn't show hand 
*** SUMMARY ***
Total pot $2 | Rake $0 
Seat 2: Sachee46
Seat 5: vemAAKK
Seat 1: RohayhuP (big blind) folded before Flop
Seat 3: kuca86 folded before Flop (didn't bet)
Seat 4: DJNezz (button) folded before Flop (didn't bet)
Seat 6: BoyLoc0 (small blind) collected ($2)



PokerStars Hand #254626919212:  Hold'em No Limit ($0.50/$1.00 USD) - 2025/01/30 20:17:00 WET [2025/01/30 15:17:00 ET]
Table 'Pawona' 6-max Seat #6 is the button
Seat 5: vemAAKK ($0 in chips) is sitting out
Seat 1: RohayhuP ($112.84 in chips) 
Seat 2: kvcsszblcs ($100 in chips) 
Seat 3: kuca86 ($100 in chips) 
Seat 4: DJNezz ($143.83 in chips) 
Seat 6: BoyLoc0 ($138.89 in chips) 
RohayhuP: posts small blind $0.50
kvcsszblcs: posts big blind $1
*** HOLE CARDS ***
kuca86: folds 
DJNezz: folds 
BoyLoc0: raises $1.50 to $2.50
RohayhuP: folds 
kvcsszblcs: calls $1.50
*** FLOP *** [Qh Js 9d]
kvcsszblcs: checks 
BoyLoc0: bets $1.72
kvcsszblcs: folds 
Uncalled bet ($1.72) returned to BoyLoc0
BoyLoc0 collected $5.22 from pot
BoyLoc0: doesn't show hand 
*** SUMMARY ***
Total pot $5.50 | Rake $0.28 
Board [Qh Js 9d]
Seat 5: vemAAKK
Seat 1: RohayhuP (small blind) folded before Flop
Seat 2: kvcsszblcs (big blind) folded on the Flop
Seat 3: kuca86 folded before Flop (didn't bet)
Seat 4: DJNezz folded before Flop (didn't bet)
Seat 6: BoyLoc0 (button) collected ($5.22)



PokerStars Hand #254626926532:  Hold'em No Limit ($0.50/$1.00 USD) - 2025/01/30 20:17:24 WET [2025/01/30 15:17:24 ET]
Table 'Pawona' 6-max Seat #1 is the button
Seat 5: vemAAKK ($0 in chips) is sitting out
Seat 1: RohayhuP ($112.34 in chips) 
Seat 2: kvcsszblcs ($100 in chips) 
Seat 3: kuca86 ($100 in chips) 
Seat 4: DJNezz ($143.83 in chips) 
Seat 6: BoyLoc0 ($141.61 in chips) 
kvcsszblcs: posts small blind $0.50
kuca86: posts big blind $1
*** HOLE CARDS ***
DJNezz: folds 
BoyLoc0: raises $1.50 to $2.50
RohayhuP: folds 
kvcsszblcs: folds 
kuca86: calls $1.50
*** FLOP *** [4d As 7s]
kuca86: checks 
BoyLoc0: bets $3.92
kuca86: folds 
Uncalled bet ($3.92) returned to BoyLoc0
BoyLoc0 collected $5.22 from pot
BoyLoc0: doesn't show hand 
*** SUMMARY ***
Total pot $5.50 | Rake $0.28 
Board [4d As 7s]
Seat 5: vemAAKK
Seat 1: RohayhuP (button) folded before Flop (didn't bet)
Seat 2: kvcsszblcs (small blind) folded before Flop
Seat 3: kuca86 (big blind) folded on the Flop
Seat 4: DJNezz folded before Flop (didn't bet)
Seat 6: BoyLoc0 collected ($5.22)



PokerStars Hand #254626935965:  Hold'em No Limit ($0.50/$1.00 USD) - 2025/01/30 20:17:56 WET [2025/01/30 15:17:56 ET]
Table 'Pawona' 6-max Seat #2 is the button
Seat 5: vemAAKK ($0 in chips) is sitting out
Seat 1: RohayhuP ($112.34 in chips) 
Seat 2: kvcsszblcs ($100 in chips) 
Seat 3: kuca86 ($100 in chips) 
Seat 4: DJNezz ($143.83 in chips) 
Seat 6: BoyLoc0 ($144.33 in chips) 
kuca86: posts small blind $0.50
DJNezz: posts big blind $1
*** HOLE CARDS ***
BoyLoc0: folds 
RohayhuP has timed out
RohayhuP: folds 
kvcsszblcs: folds 
kuca86: raises $2 to $3
DJNezz: calls $2
*** FLOP *** [Tc Jd 9h]
kuca86: bets $1.43
DJNezz: raises $6.42 to $7.85
kuca86: folds 
Uncalled bet ($6.42) returned to DJNezz
DJNezz collected $8.42 from pot
*** SUMMARY ***
Total pot $8.86 | Rake $0.44 
Board [Tc Jd 9h]
Seat 5: vemAAKK
Seat 1: RohayhuP folded before Flop (didn't bet)
Seat 2: kvcsszblcs (button) folded before Flop (didn't bet)
Seat 3: kuca86 (small blind) folded on the Flop
Seat 4: DJNezz (big blind) collected ($8.42)
Seat 6: BoyLoc0 folded before Flop (didn't bet)



PokerStars Hand #254626951647:  Hold'em No Limit ($0.50/$1.00 USD) - 2025/01/30 20:18:48 WET [2025/01/30 15:18:48 ET]
Table 'Pawona' 6-max Seat #3 is the button
Seat 5: vemAAKK ($0 in chips) is sitting out
Seat 1: RohayhuP ($112.34 in chips) 
Seat 2: kvcsszblcs ($100 in chips) 
Seat 3: kuca86 ($100 in chips) 
Seat 4: DJNezz ($147.82 in chips) 
Seat 6: BoyLoc0 ($144.33 in chips) 
DJNezz: posts small blind $0.50
BoyLoc0: posts big blind $1
*** HOLE CARDS ***
vemAAKK leaves the table
RohayhuP: folds 
kvcsszblcs: folds 
kuca86: folds 
DJNezz: raises $2 to $3
BoyLoc0: folds 
Uncalled bet ($2) returned to DJNezz
DJNezz collected $2 from pot
*** SUMMARY ***
Total pot $2 | Rake $0 
Seat 5: vemAAKK
Seat 1: RohayhuP folded before Flop (didn't bet)
Seat 2: kvcsszblcs folded before Flop (didn't bet)
Seat 3: kuca86 (button) folded before Flop (didn't bet)
Seat 4: DJNezz (small blind) collected ($2)
Seat 6: BoyLoc0 (big blind) folded before Flop



PokerStars Hand #254626956908:  Hold'em No Limit ($0.50/$1.00 USD) - 2025/01/30 20:19:06 WET [2025/01/30 15:19:06 ET]
Table 'Pawona' 6-max Seat #4 is the button
Seat 1: RohayhuP ($112.34 in chips) 
Seat 2: kvcsszblcs ($100 in chips) 
Seat 3: kuca86 ($100 in chips) 
Seat 4: DJNezz ($148.82 in chips) 
Seat 6: BoyLoc0 ($143.33 in chips) 
BoyLoc0: posts small blind $0.50
RohayhuP: posts big blind $1
*** HOLE CARDS ***
kvcsszblcs: folds 
kuca86: raises $1.50 to $2.50
DJNezz: folds 
BoyLoc0: folds 
RohayhuP: raises $6.50 to $9
kuca86: calls $6.50
*** FLOP *** [8d 6d Th]
RohayhuP: bets $8.89
kuca86: calls $8.89
*** TURN *** [8d 6d Th] [9c]
RohayhuP: checks 
kuca86: bets $12.75
RohayhuP: folds 
Uncalled bet ($12.75) returned to kuca86
kuca86 collected $34.47 from pot
kuca86: doesn't show hand 
*** SUMMARY ***
Total pot $36.28 | Rake $1.81 
Board [8d 6d Th 9c]
Seat 1: RohayhuP (big blind) folded on the Turn
Seat 2: kvcsszblcs folded before Flop (didn't bet)
Seat 3: kuca86 collected ($34.47)
Seat 4: DJNezz (button) folded before Flop (didn't bet)
Seat 6: BoyLoc0 (small blind) folded before Flop



PokerStars Hand #254626983376:  Hold'em No Limit ($0.50/$1.00 USD) - 2025/01/30 20:20:34 WET [2025/01/30 15:20:34 ET]
Table 'Pawona' 6-max Seat #6 is the button
Seat 1: RohayhuP ($94.45 in chips) 
Seat 2: kvcsszblcs ($100 in chips) 
Seat 3: kuca86 ($116.58 in chips) 
Seat 4: DJNezz ($148.82 in chips) 
Seat 6: BoyLoc0 ($142.83 in chips) 
RohayhuP: posts small blind $0.50
kvcsszblcs: posts big blind $1
*** HOLE CARDS ***
kuca86: folds 
DJNezz: folds 
BoyLoc0: raises $1.50 to $2.50
RohayhuP: folds 
kvcsszblcs: raises $9.50 to $12
BoyLoc0: folds 
Uncalled bet ($9.50) returned to kvcsszblcs
kvcsszblcs collected $5.50 from pot
kvcsszblcs: doesn't show hand 
*** SUMMARY ***
Total pot $5.50 | Rake $0 
Seat 1: RohayhuP (small blind) folded before Flop
Seat 2: kvcsszblcs (big blind) collected ($5.50)
Seat 3: kuca86 folded before Flop (didn't bet)
Seat 4: DJNezz folded before Flop (didn't bet)
Seat 6: BoyLoc0 (button) folded before Flop



PokerStars Hand #254626990206:  Hold'em No Limit ($0.50/$1.00 USD) - 2025/01/30 20:20:57 WET [2025/01/30 15:20:57 ET]
Table 'Pawona' 6-max Seat #1 is the button
Seat 1: RohayhuP ($93.95 in chips) 
Seat 2: kvcsszblcs ($103 in chips) 
Seat 3: kuca86 ($116.58 in chips) 
Seat 4: DJNezz ($148.82 in chips) 
Seat 6: BoyLoc0 ($140.33 in chips) 
kvcsszblcs: posts small blind $0.50
kuca86: posts big blind $1
*** HOLE CARDS ***
DJNezz: folds 
BoyLoc0: raises $1.50 to $2.50
RohayhuP: folds 
kvcsszblcs: folds 
kuca86: folds 
Uncalled bet ($1.50) returned to BoyLoc0
BoyLoc0 collected $2.50 from pot
BoyLoc0: doesn't show hand 
*** SUMMARY ***
Total pot $2.50 | Rake $0 
Seat 1: RohayhuP (button) folded before Flop (didn't bet)
Seat 2: kvcsszblcs (small blind) folded before Flop
Seat 3: kuca86 (big blind) folded before Flop
Seat 4: DJNezz folded before Flop (didn't bet)
Seat 6: BoyLoc0 collected ($2.50)



PokerStars Hand #254626995153:  Hold'em No Limit ($0.50/$1.00 USD) - 2025/01/30 20:21:13 WET [2025/01/30 15:21:13 ET]
Table 'Pawona' 6-max Seat #2 is the button
Seat 1: RohayhuP ($93.95 in chips) 
Seat 2: kvcsszblcs ($102.50 in chips) 
Seat 3: kuca86 ($115.58 in chips) 
Seat 4: DJNezz ($148.82 in chips) 
Seat 6: BoyLoc0 ($141.83 in chips) 
kuca86: posts small blind $0.50
DJNezz: posts big blind $1
*** HOLE CARDS ***
BoyLoc0: folds 
RohayhuP: folds 
kvcsszblcs: folds 
kuca86: folds 
Uncalled bet ($0.50) returned to DJNezz
DJNezz collected $1 from pot
*** SUMMARY ***
Total pot $1 | Rake $0 
Seat 1: RohayhuP folded before Flop (didn't bet)
Seat 2: kvcsszblcs (button) folded before Flop (didn't bet)
Seat 3: kuca86 (small blind) folded before Flop
Seat 4: DJNezz (big blind) collected ($1)
Seat 6: BoyLoc0 folded before Flop (didn't bet)



PokerStars Hand #254627000311:  Hold'em No Limit ($0.50/$1.00 USD) - 2025/01/30 20:21:30 WET [2025/01/30 15:21:30 ET]
Table 'Pawona' 6-max Seat #3 is the button
Seat 1: RohayhuP ($93.95 in chips) 
Seat 2: kvcsszblcs ($102.50 in chips) 
Seat 3: kuca86 ($115.08 in chips) 
Seat 4: DJNezz ($149.32 in chips) 
Seat 6: BoyLoc0 ($141.83 in chips) 
DJNezz: posts small blind $0.50
BoyLoc0: posts big blind $1
*** HOLE CARDS ***
RohayhuP: folds 
kvcsszblcs: folds 
kuca86: raises $1.50 to $2.50
DJNezz: raises $9.50 to $12
BoyLoc0: folds 
kuca86: folds 
Uncalled bet ($9.50) returned to DJNezz
DJNezz collected $6 from pot
*** SUMMARY ***
Total pot $6 | Rake $0 
Seat 1: RohayhuP folded before Flop (didn't bet)
Seat 2: kvcsszblcs folded before Flop (didn't bet)
Seat 3: kuca86 (button) folded before Flop
Seat 4: DJNezz (small blind) collected ($6)
Seat 6: BoyLoc0 (big blind) folded before Flop



PokerStars Hand #254627007811:  Hold'em No Limit ($0.50/$1.00 USD) - 2025/01/30 20:21:55 WET [2025/01/30 15:21:55 ET]
Table 'Pawona' 6-max Seat #4 is the button
Seat 1: RohayhuP ($93.95 in chips) is sitting out
Seat 2: kvcsszblcs ($102.50 in chips) 
Seat 3: kuca86 ($112.58 in chips) 
Seat 4: DJNezz ($152.82 in chips) 
Seat 6: BoyLoc0 ($140.83 in chips) 
BoyLoc0: posts small blind $0.50
RohayhuP: is sitting out 
kvcsszblcs: posts big blind $1
*** HOLE CARDS ***
RohayhuP leaves the table
kuca86: folds 
DJNezz: raises $1.20 to $2.20
BoyLoc0: folds 
kvcsszblcs: folds 
Uncalled bet ($1.20) returned to DJNezz
DJNezz collected $2.50 from pot
*** SUMMARY ***
Total pot $2.50 | Rake $0 
Seat 1: RohayhuP
Seat 2: kvcsszblcs (big blind) folded before Flop
Seat 3: kuca86 folded before Flop (didn't bet)
Seat 4: DJNezz (button) collected ($2.50)
Seat 6: BoyLoc0 (small blind) folded before Flop



PokerStars Hand #254627013516:  Hold'em No Limit ($0.50/$1.00 USD) - 2025/01/30 20:22:14 WET [2025/01/30 15:22:14 ET]
Table 'Pawona' 6-max Seat #6 is the button
Seat 2: kvcsszblcs ($101.50 in chips) 
Seat 3: kuca86 ($112.58 in chips) 
Seat 4: DJNezz ($154.32 in chips) 
Seat 6: BoyLoc0 ($140.33 in chips) 
kvcsszblcs: posts small blind $0.50
kuca86: posts big blind $1
*** HOLE CARDS ***
DJNezz: folds 
BoyLoc0: raises $1.50 to $2.50
kvcsszblcs: folds 
kuca86: folds 
Uncalled bet ($1.50) returned to BoyLoc0
BoyLoc0 collected $2.50 from pot
BoyLoc0: doesn't show hand 
*** SUMMARY ***
Total pot $2.50 | Rake $0 
Seat 2: kvcsszblcs (small blind) folded before Flop
Seat 3: kuca86 (big blind) folded before Flop
Seat 4: DJNezz folded before Flop (didn't bet)
Seat 6: BoyLoc0 (button) collected ($2.50)



PokerStars Hand #254627018323:  Hold'em No Limit ($0.50/$1.00 USD) - 2025/01/30 20:22:29 WET [2025/01/30 15:22:29 ET]
Table 'Pawona' 6-max Seat #2 is the button
Seat 2: kvcsszblcs ($101 in chips) 
Seat 3: kuca86 ($111.58 in chips) 
Seat 4: DJNezz ($154.32 in chips) 
Seat 6: BoyLoc0 ($141.83 in chips) 
kuca86: posts small blind $0.50
DJNezz: posts big blind $1
*** HOLE CARDS ***
BoyLoc0: raises $1.50 to $2.50
kvcsszblcs: folds 
kuca86: folds 
DJNezz: folds 
Uncalled bet ($1.50) returned to BoyLoc0
BoyLoc0 collected $2.50 from pot
BoyLoc0: doesn't show hand 
*** SUMMARY ***
Total pot $2.50 | Rake $0 
Seat 2: kvcsszblcs (button) folded before Flop (didn't bet)
Seat 3: kuca86 (small blind) folded before Flop
Seat 4: DJNezz (big blind) folded before Flop
Seat 6: BoyLoc0 collected ($2.50)



PokerStars Hand #254627023468:  Hold'em No Limit ($0.50/$1.00 USD) - 2025/01/30 20:22:47 WET [2025/01/30 15:22:47 ET]
Table 'Pawona' 6-max Seat #3 is the button
Seat 2: kvcsszblcs ($101 in chips) 
Seat 3: kuca86 ($111.08 in chips) 
Seat 4: DJNezz ($153.32 in chips) 
Seat 6: BoyLoc0 ($143.33 in chips) 
DJNezz: posts small blind $0.50
BoyLoc0: posts big blind $1
*** HOLE CARDS ***
kvcsszblcs: folds 
kuca86: folds 
DJNezz: folds 
Uncalled bet ($0.50) returned to BoyLoc0
BoyLoc0 collected $1 from pot
BoyLoc0: doesn't show hand 
*** SUMMARY ***
Total pot $1 | Rake $0 
Seat 2: kvcsszblcs folded before Flop (didn't bet)
Seat 3: kuca86 (button) folded before Flop (didn't bet)
Seat 4: DJNezz (small blind) folded before Flop
Seat 6: BoyLoc0 (big blind) collected ($1)



PokerStars Hand #254627026914:  Hold'em No Limit ($0.50/$1.00 USD) - 2025/01/30 20:22:58 WET [2025/01/30 15:22:58 ET]
Table 'Pawona' 6-max Seat #4 is the button
Seat 2: kvcsszblcs ($101 in chips) is sitting out
Seat 3: kuca86 ($111.08 in chips) 
Seat 4: DJNezz ($152.82 in chips) 
Seat 6: BoyLoc0 ($143.83 in chips) 
BoyLoc0: posts small blind $0.50
kvcsszblcs: is sitting out 
kuca86: posts big blind $1
*** HOLE CARDS ***
DJNezz: folds 
BoyLoc0: folds 
Uncalled bet ($0.50) returned to kuca86
kuca86 collected $1 from pot
kuca86: doesn't show hand 
*** SUMMARY ***
Total pot $1 | Rake $0 
Seat 2: kvcsszblcs
Seat 3: kuca86 (big blind) collected ($1)
Seat 4: DJNezz (button) folded before Flop (didn't bet)
Seat 6: BoyLoc0 (small blind) folded before Flop



PokerStars Hand #254627030016:  Hold'em No Limit ($0.50/$1.00 USD) - 2025/01/30 20:23:08 WET [2025/01/30 15:23:08 ET]
Table 'Pawona' 6-max Seat #6 is the button
Seat 2: kvcsszblcs ($101 in chips) is sitting out
Seat 3: kuca86 ($111.58 in chips) 
Seat 4: DJNezz ($152.82 in chips) 
Seat 6: BoyLoc0 ($143.33 in chips) 
kuca86: posts small blind $0.50
DJNezz: posts big blind $1
*** HOLE CARDS ***
BoyLoc0: raises $1.50 to $2.50
kuca86: folds 
DJNezz: calls $1.50
*** FLOP *** [7c 2d 3h]
kvcsszblcs leaves the table
DJNezz: checks 
BoyLoc0: bets $1.72
DJNezz: calls $1.72
*** TURN *** [7c 2d 3h] [6h]
DJNezz: checks 
BoyLoc0: checks 
*** RIVER *** [7c 2d 3h 6h] [5d]
DJNezz: checks 
BoyLoc0: checks 
*** SHOW DOWN ***
DJNezz: shows [Td Ad] (high card Ace)
BoyLoc0: shows [7s As] (a pair of Sevens)
BoyLoc0 collected $8.49 from pot
*** SUMMARY ***
Total pot $8.94 | Rake $0.45 
Board [7c 2d 3h 6h 5d]
Seat 2: kvcsszblcs
Seat 3: kuca86 (small blind) folded before Flop
Seat 4: DJNezz (big blind) showed [Td Ad] and lost with high card Ace
Seat 6: BoyLoc0 (button) showed [7s As] and won ($8.49) with a pair of Sevens



