PokerStars Hand #254628731163:  Hold'em No Limit ($0.50/$1.00 USD) - 2025/01/30 22:00:36 WET [2025/01/30 17:00:36 ET]
Table 'Vela' 6-max Seat #3 is the button
Seat 1: alex042491 ($16.39 in chips) 
Seat 2: IREQO ($48.34 in chips) 
Seat 3: Paramede1338 ($38.68 in chips) 
Seat 4: BoyLoc0 ($100 in chips) 
Seat 5: silvafox12 ($14.50 in chips) 
Seat 6: XneferX ($114.19 in chips) 
BoyLoc0: posts small blind $0.50
silvafox12: posts big blind $1
*** HOLE CARDS ***
XneferX: folds 
alex042491: folds 
IREQO: folds 
Paramede1338: folds 
BoyLoc0: raises $2 to $3
silvafox12: folds 
Uncalled bet ($2) returned to BoyLoc0
BoyLoc0 collected $2 from pot
BoyLoc0: doesn't show hand 
*** SUMMARY ***
Total pot $2 | Rake $0 
Seat 1: alex042491 folded before Flop (didn't bet)
Seat 2: IREQO folded before Flop (didn't bet)
Seat 3: Paramede1338 (button) folded before Flop (didn't bet)
Seat 4: BoyLoc0 (small blind) collected ($2)
Seat 5: silvafox12 (big blind) folded before Flop
Seat 6: XneferX folded before Flop (didn't bet)



PokerStars Hand #254628736486:  Hold'em No Limit ($0.50/$1.00 USD) - 2025/01/30 22:00:58 WET [2025/01/30 17:00:58 ET]
Table 'Vela' 6-max Seat #4 is the button
Seat 1: alex042491 ($16.39 in chips) 
Seat 2: IREQO ($48.34 in chips) 
Seat 3: Paramede1338 ($38.68 in chips) 
Seat 4: BoyLoc0 ($101 in chips) 
Seat 5: silvafox12 ($13.50 in chips) 
Seat 6: XneferX ($114.19 in chips) 
silvafox12: posts small blind $0.50
XneferX: posts big blind $1
*** HOLE CARDS ***
alex042491: folds 
IREQO: folds 
Paramede1338: folds 
BoyLoc0: folds 
silvafox12: folds 
Uncalled bet ($0.50) returned to XneferX
XneferX collected $1 from pot
XneferX: doesn't show hand 
*** SUMMARY ***
Total pot $1 | Rake $0 
Seat 1: alex042491 folded before Flop (didn't bet)
Seat 2: IREQO folded before Flop (didn't bet)
Seat 3: Paramede1338 folded before Flop (didn't bet)
Seat 4: BoyLoc0 (button) folded before Flop (didn't bet)
Seat 5: silvafox12 (small blind) folded before Flop
Seat 6: XneferX (big blind) collected ($1)



PokerStars Hand #254628739671:  Hold'em No Limit ($0.50/$1.00 USD) - 2025/01/30 22:01:11 WET [2025/01/30 17:01:11 ET]
Table 'Vela' 6-max Seat #5 is the button
Seat 1: alex042491 ($16.39 in chips) 
Seat 2: IREQO ($48.34 in chips) 
Seat 3: Paramede1338 ($38.68 in chips) 
Seat 4: BoyLoc0 ($101 in chips) 
Seat 5: silvafox12 ($13 in chips) 
Seat 6: XneferX ($114.69 in chips) 
XneferX: posts small blind $0.50
alex042491: posts big blind $1
*** HOLE CARDS ***
IREQO: folds 
Paramede1338: folds 
BoyLoc0: folds 
silvafox12: raises $12 to $13 and is all-in
XneferX: folds 
alex042491: folds 
Uncalled bet ($12) returned to silvafox12
silvafox12 collected $2.50 from pot
silvafox12: doesn't show hand 
*** SUMMARY ***
Total pot $2.50 | Rake $0 
Seat 1: alex042491 (big blind) folded before Flop
Seat 2: IREQO folded before Flop (didn't bet)
Seat 3: Paramede1338 folded before Flop (didn't bet)
Seat 4: BoyLoc0 folded before Flop (didn't bet)
Seat 5: silvafox12 (button) collected ($2.50)
Seat 6: XneferX (small blind) folded before Flop



PokerStars Hand #254628747932:  Hold'em No Limit ($0.50/$1.00 USD) - 2025/01/30 22:01:43 WET [2025/01/30 17:01:43 ET]
Table 'Vela' 6-max Seat #6 is the button
Seat 1: alex042491 ($15.39 in chips) 
Seat 2: IREQO ($48.34 in chips) 
Seat 3: Paramede1338 ($38.68 in chips) 
Seat 4: BoyLoc0 ($101 in chips) 
Seat 5: silvafox12 ($14.50 in chips) 
Seat 6: XneferX ($114.19 in chips) 
alex042491: posts small blind $0.50
IREQO: posts big blind $1
*** HOLE CARDS ***
Paramede1338: folds 
BoyLoc0: folds 
silvafox12: folds 
XneferX: folds 
alex042491: raises $1 to $2
IREQO: calls $1
*** FLOP *** [Th 8c Qc]
alex042491: checks 
IREQO: checks 
*** TURN *** [Th 8c Qc] [8d]
alex042491: bets $13.39 and is all-in
IREQO: folds 
Uncalled bet ($13.39) returned to alex042491
alex042491 collected $3.75 from pot
*** SUMMARY ***
Total pot $4 | Rake $0.25 
Board [Th 8c Qc 8d]
Seat 1: alex042491 (small blind) collected ($3.75)
Seat 2: IREQO (big blind) folded on the Turn
Seat 3: Paramede1338 folded before Flop (didn't bet)
Seat 4: BoyLoc0 folded before Flop (didn't bet)
Seat 5: silvafox12 folded before Flop (didn't bet)
Seat 6: XneferX (button) folded before Flop (didn't bet)



PokerStars Hand #254628768169:  Hold'em No Limit ($0.50/$1.00 USD) - 2025/01/30 22:02:53 WET [2025/01/30 17:02:53 ET]
Table 'Vela' 6-max Seat #1 is the button
Seat 1: alex042491 ($17.14 in chips) 
Seat 2: IREQO ($46.34 in chips) 
Seat 3: Paramede1338 ($38.68 in chips) 
Seat 4: BoyLoc0 ($101 in chips) 
Seat 5: silvafox12 ($14.50 in chips) 
Seat 6: XneferX ($114.19 in chips) 
IREQO: posts small blind $0.50
Paramede1338: posts big blind $1
*** HOLE CARDS ***
BoyLoc0: raises $1.50 to $2.50
silvafox12: folds 
XneferX: folds 
alex042491: raises $1.50 to $4
IREQO: folds 
Paramede1338: folds 
BoyLoc0: calls $1.50
*** FLOP *** [9h Ts Td]
BoyLoc0: checks 
alex042491: bets $13.14 and is all-in
BoyLoc0: calls $13.14
*** TURN *** [9h Ts Td] [Kc]
*** RIVER *** [9h Ts Td Kc] [Qd]
*** SHOW DOWN ***
BoyLoc0: shows [5h 5c] (two pair, Tens and Fives)
alex042491: shows [Ah Jd] (a straight, Ten to Ace)
alex042491 cashed out the hand for $14 | Cash Out Fee $0.29
*** SUMMARY ***
Total pot $35.78 | Rake $1.79 
Board [9h Ts Td Kc Qd]
Seat 1: alex042491 (button) showed [Ah Jd] and won ($33.99) with a straight, Ten to Ace (pot not awarded as player cashed out)
Seat 2: IREQO (small blind) folded before Flop
Seat 3: Paramede1338 (big blind) folded before Flop
Seat 4: BoyLoc0 showed [5h 5c] and lost with two pair, Tens and Fives
Seat 5: silvafox12 folded before Flop (didn't bet)
Seat 6: XneferX folded before Flop (didn't bet)



PokerStars Hand #254628779694:  Hold'em No Limit ($0.50/$1.00 USD) - 2025/01/30 22:03:33 WET [2025/01/30 17:03:33 ET]
Table 'Vela' 6-max Seat #2 is the button
Seat 1: alex042491 ($14 in chips) 
Seat 2: IREQO ($45.84 in chips) 
Seat 3: Paramede1338 ($37.68 in chips) 
Seat 4: BoyLoc0 ($100 in chips) 
Seat 5: silvafox12 ($14.50 in chips) 
Seat 6: XneferX ($114.19 in chips) 
Paramede1338: posts small blind $0.50
BoyLoc0: posts big blind $1
*** HOLE CARDS ***
silvafox12: folds 
XneferX: raises $1.10 to $2.10
alex042491: raises $11.90 to $14 and is all-in
IREQO: folds 
Paramede1338: folds 
BoyLoc0: folds 
XneferX: folds 
Uncalled bet ($11.90) returned to alex042491
alex042491 collected $5.70 from pot
*** SUMMARY ***
Total pot $5.70 | Rake $0 
Seat 1: alex042491 collected ($5.70)
Seat 2: IREQO (button) folded before Flop (didn't bet)
Seat 3: Paramede1338 (small blind) folded before Flop
Seat 4: BoyLoc0 (big blind) folded before Flop
Seat 5: silvafox12 folded before Flop (didn't bet)
Seat 6: XneferX folded before Flop



PokerStars Hand #254628787747:  Hold'em No Limit ($0.50/$1.00 USD) - 2025/01/30 22:04:01 WET [2025/01/30 17:04:01 ET]
Table 'Vela' 6-max Seat #3 is the button
Seat 1: alex042491 ($17.60 in chips) 
Seat 2: IREQO ($45.84 in chips) 
Seat 3: Paramede1338 ($37.18 in chips) 
Seat 4: BoyLoc0 ($100 in chips) 
Seat 5: silvafox12 ($14.50 in chips) 
Seat 6: XneferX ($112.09 in chips) 
BoyLoc0: posts small blind $0.50
silvafox12: posts big blind $1
*** HOLE CARDS ***
XneferX: folds 
alex042491: folds 
alex042491 leaves the table
IREQO: folds 
Paramede1338: calls $1
BoyLoc0: calls $0.50
silvafox12: checks 
*** FLOP *** [6c Tc 8d]
BoyLoc0: bets $1
silvafox12: folds 
shootingGRID joins the table at seat #1 
Paramede1338: raises $35.18 to $36.18 and is all-in
BoyLoc0: folds 
Uncalled bet ($35.18) returned to Paramede1338
Paramede1338 collected $4.75 from pot
Paramede1338: doesn't show hand 
*** SUMMARY ***
Total pot $5 | Rake $0.25 
Board [6c Tc 8d]
Seat 1: alex042491 folded before Flop (didn't bet)
Seat 2: IREQO folded before Flop (didn't bet)
Seat 3: Paramede1338 (button) collected ($4.75)
Seat 4: BoyLoc0 (small blind) folded on the Flop
Seat 5: silvafox12 (big blind) folded on the Flop
Seat 6: XneferX folded before Flop (didn't bet)



PokerStars Hand #254628797404:  Hold'em No Limit ($0.50/$1.00 USD) - 2025/01/30 22:04:34 WET [2025/01/30 17:04:34 ET]
Table 'Vela' 6-max Seat #4 is the button
Seat 1: shootingGRID ($100 in chips) is sitting out
Seat 2: IREQO ($45.84 in chips) 
Seat 3: Paramede1338 ($39.93 in chips) 
Seat 4: BoyLoc0 ($100 in chips) 
Seat 5: silvafox12 ($13.50 in chips) 
Seat 6: XneferX ($112.09 in chips) 
silvafox12: posts small blind $0.50
XneferX: posts big blind $1
shootingGRID: sits out 
*** HOLE CARDS ***
IREQO: folds 
Paramede1338: folds 
BoyLoc0: folds 
silvafox12: raises $12.50 to $13.50 and is all-in
XneferX: folds 
Uncalled bet ($12.50) returned to silvafox12
silvafox12 collected $2 from pot
silvafox12: doesn't show hand 
*** SUMMARY ***
Total pot $2 | Rake $0 
Seat 1: shootingGRID
Seat 2: IREQO folded before Flop (didn't bet)
Seat 3: Paramede1338 folded before Flop (didn't bet)
Seat 4: BoyLoc0 (button) folded before Flop (didn't bet)
Seat 5: silvafox12 (small blind) collected ($2)
Seat 6: XneferX (big blind) folded before Flop



PokerStars Hand #254628803742:  Hold'em No Limit ($0.50/$1.00 USD) - 2025/01/30 22:04:55 WET [2025/01/30 17:04:55 ET]
Table 'Vela' 6-max Seat #5 is the button
Seat 1: shootingGRID ($100 in chips) 
Seat 2: IREQO ($45.84 in chips) 
Seat 3: Paramede1338 ($39.93 in chips) 
Seat 4: BoyLoc0 ($100 in chips) 
Seat 5: silvafox12 ($14.50 in chips) 
Seat 6: XneferX ($111.09 in chips) 
XneferX: posts small blind $0.50
shootingGRID: posts big blind $1
*** HOLE CARDS ***
IREQO: folds 
Paramede1338: folds 
BoyLoc0: raises $1.50 to $2.50
silvafox12: folds 
XneferX: raises $9.50 to $12
shootingGRID: folds 
BoyLoc0: folds 
Uncalled bet ($9.50) returned to XneferX
XneferX collected $6 from pot
XneferX: doesn't show hand 
*** SUMMARY ***
Total pot $6 | Rake $0 
Seat 1: shootingGRID (big blind) folded before Flop
Seat 2: IREQO folded before Flop (didn't bet)
Seat 3: Paramede1338 folded before Flop (didn't bet)
Seat 4: BoyLoc0 folded before Flop
Seat 5: silvafox12 (button) folded before Flop (didn't bet)
Seat 6: XneferX (small blind) collected ($6)



PokerStars Hand #254628810459:  Hold'em No Limit ($0.50/$1.00 USD) - 2025/01/30 22:05:18 WET [2025/01/30 17:05:18 ET]
Table 'Vela' 6-max Seat #6 is the button
Seat 1: shootingGRID ($100 in chips) 
Seat 2: IREQO ($45.84 in chips) 
Seat 3: Paramede1338 ($39.93 in chips) 
Seat 4: BoyLoc0 ($100 in chips) 
Seat 5: silvafox12 ($14.50 in chips) 
Seat 6: XneferX ($114.59 in chips) 
shootingGRID: posts small blind $0.50
IREQO: posts big blind $1
*** HOLE CARDS ***
Paramede1338: raises $5 to $6
BoyLoc0: folds 
silvafox12: folds 
XneferX: folds 
shootingGRID: folds 
IREQO: folds 
Uncalled bet ($5) returned to Paramede1338
Paramede1338 collected $2.50 from pot
Paramede1338: doesn't show hand 
*** SUMMARY ***
Total pot $2.50 | Rake $0 
Seat 1: shootingGRID (small blind) folded before Flop
Seat 2: IREQO (big blind) folded before Flop
Seat 3: Paramede1338 collected ($2.50)
Seat 4: BoyLoc0 folded before Flop (didn't bet)
Seat 5: silvafox12 folded before Flop (didn't bet)
Seat 6: XneferX (button) folded before Flop (didn't bet)



PokerStars Hand #254628822351:  Hold'em No Limit ($0.50/$1.00 USD) - 2025/01/30 22:05:58 WET [2025/01/30 17:05:58 ET]
Table 'Vela' 6-max Seat #1 is the button
Seat 1: shootingGRID ($100 in chips) 
Seat 2: IREQO ($44.84 in chips) 
Seat 3: Paramede1338 ($41.43 in chips) 
Seat 4: BoyLoc0 ($100 in chips) 
Seat 5: silvafox12 ($14.50 in chips) 
Seat 6: XneferX ($114.59 in chips) 
IREQO: posts small blind $0.50
Paramede1338: posts big blind $1
*** HOLE CARDS ***
BoyLoc0: raises $1.50 to $2.50
silvafox12: folds 
XneferX: folds 
shootingGRID: folds 
IREQO: folds 
Paramede1338: calls $1.50
*** FLOP *** [4h 7c Qc]
Paramede1338: checks 
BoyLoc0: bets $1.72
Paramede1338: calls $1.72
*** TURN *** [4h 7c Qc] [Ad]
Paramede1338: checks 
BoyLoc0: bets $9.74
Paramede1338: raises $27.47 to $37.21 and is all-in
BoyLoc0: folds 
Uncalled bet ($27.47) returned to Paramede1338
Paramede1338 collected $27 from pot
Paramede1338: doesn't show hand 
*** SUMMARY ***
Total pot $28.42 | Rake $1.42 
Board [4h 7c Qc Ad]
Seat 1: shootingGRID (button) folded before Flop (didn't bet)
Seat 2: IREQO (small blind) folded before Flop
Seat 3: Paramede1338 (big blind) collected ($27)
Seat 4: BoyLoc0 folded on the Turn
Seat 5: silvafox12 folded before Flop (didn't bet)
Seat 6: XneferX folded before Flop (didn't bet)



PokerStars Hand #254628838095:  Hold'em No Limit ($0.50/$1.00 USD) - 2025/01/30 22:06:51 WET [2025/01/30 17:06:51 ET]
Table 'Vela' 6-max Seat #2 is the button
Seat 1: shootingGRID ($100 in chips) 
Seat 2: IREQO ($44.34 in chips) 
Seat 3: Paramede1338 ($54.47 in chips) 
Seat 4: BoyLoc0 ($100 in chips) 
Seat 5: silvafox12 ($14.50 in chips) 
Seat 6: XneferX ($114.59 in chips) 
Paramede1338: posts small blind $0.50
BoyLoc0: posts big blind $1
*** HOLE CARDS ***
silvafox12: folds 
XneferX: folds 
shootingGRID: raises $1.25 to $2.25
IREQO: folds 
Paramede1338: calls $1.75
BoyLoc0: calls $1.25
*** FLOP *** [9d 8h Kc]
Paramede1338: checks 
BoyLoc0: checks 
shootingGRID: bets $3.21
Paramede1338: folds 
BoyLoc0: folds 
Uncalled bet ($3.21) returned to shootingGRID
shootingGRID collected $6.41 from pot
*** SUMMARY ***
Total pot $6.75 | Rake $0.34 
Board [9d 8h Kc]
Seat 1: shootingGRID collected ($6.41)
Seat 2: IREQO (button) folded before Flop (didn't bet)
Seat 3: Paramede1338 (small blind) folded on the Flop
Seat 4: BoyLoc0 (big blind) folded on the Flop
Seat 5: silvafox12 folded before Flop (didn't bet)
Seat 6: XneferX folded before Flop (didn't bet)



PokerStars Hand #254628860947:  Hold'em No Limit ($0.50/$1.00 USD) - 2025/01/30 22:08:09 WET [2025/01/30 17:08:09 ET]
Table 'Vela' 6-max Seat #3 is the button
Seat 6: XneferX ($114.59 in chips) is sitting out
Seat 1: shootingGRID ($104.16 in chips) 
Seat 2: IREQO ($44.34 in chips) 
Seat 3: Paramede1338 ($52.22 in chips) 
Seat 4: BoyLoc0 ($100 in chips) 
Seat 5: silvafox12 ($14.50 in chips) 
BoyLoc0: posts small blind $0.50
silvafox12: posts big blind $1
*** HOLE CARDS ***
shootingGRID: folds 
IREQO: folds 
Paramede1338: calls $1
BoyLoc0: raises $5 to $6
silvafox12: folds 
Paramede1338: calls $5
*** FLOP *** [3h 5d Ad]
BoyLoc0: bets $4.08
Paramede1338: folds 
Uncalled bet ($4.08) returned to BoyLoc0
BoyLoc0 collected $12.35 from pot
BoyLoc0: doesn't show hand 
*** SUMMARY ***
Total pot $13 | Rake $0.65 
Board [3h 5d Ad]
Seat 6: XneferX
Seat 1: shootingGRID folded before Flop (didn't bet)
Seat 2: IREQO folded before Flop (didn't bet)
Seat 3: Paramede1338 (button) folded on the Flop
Seat 4: BoyLoc0 (small blind) collected ($12.35)
Seat 5: silvafox12 (big blind) folded before Flop



PokerStars Hand #254628873645:  Hold'em No Limit ($0.50/$1.00 USD) - 2025/01/30 22:08:53 WET [2025/01/30 17:08:53 ET]
Table 'Vela' 6-max Seat #4 is the button
Seat 6: XneferX ($114.59 in chips) is sitting out
Seat 1: shootingGRID ($104.16 in chips) 
Seat 2: IREQO ($44.34 in chips) 
Seat 3: Paramede1338 ($46.22 in chips) 
Seat 4: BoyLoc0 ($106.35 in chips) 
Seat 5: silvafox12 ($13.50 in chips) 
silvafox12: posts small blind $0.50
shootingGRID: posts big blind $1
*** HOLE CARDS ***
IREQO: folds 
Paramede1338: calls $1
BoyLoc0: raises $3 to $4
silvafox12: folds 
shootingGRID: folds 
Paramede1338: raises $16 to $20
BoyLoc0: folds 
Uncalled bet ($16) returned to Paramede1338
Paramede1338 collected $9.50 from pot
Paramede1338: doesn't show hand 
*** SUMMARY ***
Total pot $9.50 | Rake $0 
Seat 6: XneferX
Seat 1: shootingGRID (big blind) folded before Flop
Seat 2: IREQO folded before Flop (didn't bet)
Seat 3: Paramede1338 collected ($9.50)
Seat 4: BoyLoc0 (button) folded before Flop
Seat 5: silvafox12 (small blind) folded before Flop



PokerStars Hand #254628884453:  Hold'em No Limit ($0.50/$1.00 USD) - 2025/01/30 22:09:30 WET [2025/01/30 17:09:30 ET]
Table 'Vela' 6-max Seat #5 is the button
Seat 6: XneferX ($114.59 in chips) is sitting out
Seat 1: shootingGRID ($103.16 in chips) 
Seat 2: IREQO ($44.34 in chips) 
Seat 3: Paramede1338 ($51.72 in chips) 
Seat 4: BoyLoc0 ($102.35 in chips) 
Seat 5: silvafox12 ($13 in chips) 
shootingGRID: posts small blind $0.50
IREQO: posts big blind $1
*** HOLE CARDS ***
Paramede1338: folds 
BoyLoc0: folds 
silvafox12: raises $12 to $13 and is all-in
shootingGRID: calls $12.50
IREQO: folds 
*** FLOP *** [9d Th Jh]
*** TURN *** [9d Th Jh] [Qc]
*** RIVER *** [9d Th Jh Qc] [8c]
*** SHOW DOWN ***
shootingGRID: shows [Ad 8d] (a straight, Eight to Queen)
silvafox12: shows [Kc Ah] (a straight, Ten to Ace)
silvafox12 collected $25.65 from pot
*** SUMMARY ***
Total pot $27 | Rake $1.35 
Board [9d Th Jh Qc 8c]
Seat 6: XneferX
Seat 1: shootingGRID (small blind) showed [Ad 8d] and lost with a straight, Eight to Queen
Seat 2: IREQO (big blind) folded before Flop
Seat 3: Paramede1338 folded before Flop (didn't bet)
Seat 4: BoyLoc0 folded before Flop (didn't bet)
Seat 5: silvafox12 (button) showed [Kc Ah] and won ($25.65) with a straight, Ten to Ace



PokerStars Hand #254628890593:  Hold'em No Limit ($0.50/$1.00 USD) - 2025/01/30 22:09:51 WET [2025/01/30 17:09:51 ET]
Table 'Vela' 6-max Seat #1 is the button
Seat 6: XneferX ($114.59 in chips) is sitting out
Seat 1: shootingGRID ($100 in chips) 
Seat 2: IREQO ($43.34 in chips) 
Seat 3: Paramede1338 ($51.72 in chips) 
Seat 4: BoyLoc0 ($102.35 in chips) 
Seat 5: silvafox12 ($25.65 in chips) 
IREQO: posts small blind $0.50
Paramede1338: posts big blind $1
*** HOLE CARDS ***
BoyLoc0: raises $1.50 to $2.50
silvafox12: folds 
shootingGRID: folds 
IREQO: folds 
Paramede1338: calls $1.50
*** FLOP *** [2h 3c 8d]
Paramede1338: checks 
BoyLoc0: bets $3.92
Paramede1338: calls $3.92
*** TURN *** [2h 3c 8d] [Kd]
Paramede1338: checks 
BoyLoc0: bets $14.01
Paramede1338: folds 
Uncalled bet ($14.01) returned to BoyLoc0
BoyLoc0 collected $12.67 from pot
BoyLoc0: doesn't show hand 
*** SUMMARY ***
Total pot $13.34 | Rake $0.67 
Board [2h 3c 8d Kd]
Seat 6: XneferX
Seat 1: shootingGRID (button) folded before Flop (didn't bet)
Seat 2: IREQO (small blind) folded before Flop
Seat 3: Paramede1338 (big blind) folded on the Turn
Seat 4: BoyLoc0 collected ($12.67)
Seat 5: silvafox12 folded before Flop (didn't bet)



PokerStars Hand #254628910838:  Hold'em No Limit ($0.50/$1.00 USD) - 2025/01/30 22:11:00 WET [2025/01/30 17:11:00 ET]
Table 'Vela' 6-max Seat #2 is the button
Seat 6: XneferX ($114.59 in chips) is sitting out
Seat 1: shootingGRID ($100 in chips) 
Seat 2: IREQO ($42.84 in chips) 
Seat 3: Paramede1338 ($45.30 in chips) 
Seat 4: BoyLoc0 ($108.60 in chips) 
Seat 5: silvafox12 ($25.65 in chips) 
Paramede1338: posts small blind $0.50
BoyLoc0: posts big blind $1
*** HOLE CARDS ***
silvafox12: folds 
shootingGRID: folds 
silvafox12 leaves the table
IREQO: folds 
Paramede1338: calls $0.50
BoyLoc0: checks 
*** FLOP *** [8h Jd Qs]
Paramede1338: bets $2
BoyLoc0: calls $2
*** TURN *** [8h Jd Qs] [9d]
Paramede1338: checks 
BoyLoc0: checks 
*** RIVER *** [8h Jd Qs 9d] [3s]
Paramede1338: bets $4
BoyLoc0: calls $4
*** SHOW DOWN ***
Paramede1338: shows [3h Ac] (a pair of Threes)
BoyLoc0: shows [9s 8c] (two pair, Nines and Eights)
BoyLoc0 collected $13.30 from pot
*** SUMMARY ***
Total pot $14 | Rake $0.70 
Board [8h Jd Qs 9d 3s]
Seat 6: XneferX
Seat 1: shootingGRID folded before Flop (didn't bet)
Seat 2: IREQO (button) folded before Flop (didn't bet)
Seat 3: Paramede1338 (small blind) showed [3h Ac] and lost with a pair of Threes
Seat 4: BoyLoc0 (big blind) showed [9s 8c] and won ($13.30) with two pair, Nines and Eights
Seat 5: silvafox12 folded before Flop (didn't bet)



PokerStars Hand #254628926399:  Hold'em No Limit ($0.50/$1.00 USD) - 2025/01/30 22:11:53 WET [2025/01/30 17:11:53 ET]
Table 'Vela' 6-max Seat #3 is the button
Seat 1: shootingGRID ($100 in chips) 
Seat 2: IREQO ($42.84 in chips) 
Seat 3: Paramede1338 ($38.30 in chips) 
Seat 4: BoyLoc0 ($114.90 in chips) 
Seat 6: XneferX ($114.59 in chips) 
BoyLoc0: posts small blind $0.50
XneferX: posts big blind $1
*** HOLE CARDS ***
shootingGRID: folds 
IREQO: folds 
Paramede1338: calls $1
BoyLoc0: folds 
XneferX: checks 
*** FLOP *** [Ac 8c 5s]
nikalas22 joins the table at seat #5 
XneferX: checks 
Paramede1338: bets $4
XneferX: calls $4
*** TURN *** [Ac 8c 5s] [Jh]
XneferX: checks 
Paramede1338: bets $33.30 and is all-in
XneferX: calls $33.30
*** RIVER *** [Ac 8c 5s Jh] [9d]
*** SHOW DOWN ***
XneferX: shows [3c Ad] (a pair of Aces)
Paramede1338: shows [Jd 5d] (two pair, Jacks and Fives)
Paramede1338 collected $74.60 from pot
XneferX cashed out the hand for $13.30 | Cash Out Fee $0.27
*** SUMMARY ***
Total pot $77.10 | Rake $2.50 
Board [Ac 8c 5s Jh 9d]
Seat 1: shootingGRID folded before Flop (didn't bet)
Seat 2: IREQO folded before Flop (didn't bet)
Seat 3: Paramede1338 (button) showed [Jd 5d] and won ($74.60) with two pair, Jacks and Fives
Seat 4: BoyLoc0 (small blind) folded before Flop
Seat 6: XneferX (big blind) showed [3c Ad] and lost with a pair of Aces (cashed out).



PokerStars Hand #254628946727:  Hold'em No Limit ($0.50/$1.00 USD) - 2025/01/30 22:13:03 WET [2025/01/30 17:13:03 ET]
Table 'Vela' 6-max Seat #4 is the button
Seat 5: nikalas22 ($100 in chips) is sitting out
Seat 1: shootingGRID ($100 in chips) 
Seat 2: IREQO ($42.84 in chips) 
Seat 3: Paramede1338 ($74.60 in chips) 
Seat 4: BoyLoc0 ($114.40 in chips) 
Seat 6: XneferX ($100 in chips) 
XneferX: posts small blind $0.50
shootingGRID: posts big blind $1
*** HOLE CARDS ***
IREQO: folds 
Paramede1338: calls $1
BoyLoc0: raises $3 to $4
XneferX: folds 
shootingGRID: folds 
Paramede1338: calls $3
*** FLOP *** [4h 4d 7h]
Paramede1338: checks 
BoyLoc0: checks 
*** TURN *** [4h 4d 7h] [Jd]
Paramede1338: bets $3
BoyLoc0: folds 
Uncalled bet ($3) returned to Paramede1338
Paramede1338 collected $9.02 from pot
Paramede1338: doesn't show hand 
*** SUMMARY ***
Total pot $9.50 | Rake $0.48 
Board [4h 4d 7h Jd]
Seat 5: nikalas22
Seat 1: shootingGRID (big blind) folded before Flop
Seat 2: IREQO folded before Flop (didn't bet)
Seat 3: Paramede1338 collected ($9.02)
Seat 4: BoyLoc0 (button) folded on the Turn
Seat 6: XneferX (small blind) folded before Flop



PokerStars Hand #254628965592:  Hold'em No Limit ($0.50/$1.00 USD) - 2025/01/30 22:14:09 WET [2025/01/30 17:14:09 ET]
Table 'Vela' 6-max Seat #6 is the button
Seat 5: nikalas22 ($100 in chips) is sitting out
Seat 1: shootingGRID ($100 in chips) 
Seat 2: IREQO ($42.84 in chips) 
Seat 3: Paramede1338 ($79.62 in chips) 
Seat 4: BoyLoc0 ($110.40 in chips) 
Seat 6: XneferX ($100 in chips) 
shootingGRID: posts small blind $0.50
IREQO: posts big blind $1
nikalas22: sits out 
*** HOLE CARDS ***
Paramede1338: folds 
BoyLoc0: folds 
XneferX: folds 
shootingGRID: raises $2 to $3
IREQO: folds 
Uncalled bet ($2) returned to shootingGRID
shootingGRID collected $2 from pot
*** SUMMARY ***
Total pot $2 | Rake $0 
Seat 5: nikalas22
Seat 1: shootingGRID (small blind) collected ($2)
Seat 2: IREQO (big blind) folded before Flop
Seat 3: Paramede1338 folded before Flop (didn't bet)
Seat 4: BoyLoc0 folded before Flop (didn't bet)
Seat 6: XneferX (button) folded before Flop (didn't bet)



PokerStars Hand #254628972281:  Hold'em No Limit ($0.50/$1.00 USD) - 2025/01/30 22:14:32 WET [2025/01/30 17:14:32 ET]
Table 'Vela' 6-max Seat #1 is the button
Seat 5: nikalas22 ($100 in chips) is sitting out
Seat 1: shootingGRID ($101 in chips) 
Seat 2: IREQO ($41.84 in chips) 
Seat 3: Paramede1338 ($79.62 in chips) 
Seat 4: BoyLoc0 ($110.40 in chips) 
Seat 6: XneferX ($100 in chips) 
IREQO: posts small blind $0.50
Paramede1338: posts big blind $1
nikalas22: sits out 
*** HOLE CARDS ***
BoyLoc0: folds 
XneferX: raises $1.30 to $2.30
shootingGRID: folds 
IREQO: folds 
Paramede1338: calls $1.30
*** FLOP *** [4d 8c 5h]
Paramede1338: bets $1
XneferX: calls $1
*** TURN *** [4d 8c 5h] [Ks]
Paramede1338: bets $1
XneferX: calls $1
*** RIVER *** [4d 8c 5h Ks] [Ad]
Paramede1338: bets $1
XneferX: raises $8.19 to $9.19
Paramede1338: folds 
Uncalled bet ($8.19) returned to XneferX
XneferX collected $10.54 from pot
XneferX: doesn't show hand 
*** SUMMARY ***
Total pot $11.10 | Rake $0.56 
Board [4d 8c 5h Ks Ad]
Seat 5: nikalas22
Seat 1: shootingGRID (button) folded before Flop (didn't bet)
Seat 2: IREQO (small blind) folded before Flop
Seat 3: Paramede1338 (big blind) folded on the River
Seat 4: BoyLoc0 folded before Flop (didn't bet)
Seat 6: XneferX collected ($10.54)



PokerStars Hand #254628994933:  Hold'em No Limit ($0.50/$1.00 USD) - 2025/01/30 22:15:51 WET [2025/01/30 17:15:51 ET]
Table 'Vela' 6-max Seat #2 is the button
Seat 5: nikalas22 ($100 in chips) is sitting out
Seat 1: shootingGRID ($101 in chips) 
Seat 2: IREQO ($41.34 in chips) 
Seat 3: Paramede1338 ($74.32 in chips) 
Seat 4: BoyLoc0 ($110.40 in chips) 
Seat 6: XneferX ($105.24 in chips) 
Paramede1338: posts small blind $0.50
BoyLoc0: posts big blind $1
nikalas22: sits out 
*** HOLE CARDS ***
XneferX: folds 
shootingGRID: folds 
IREQO: folds 
Paramede1338: calls $0.50
BoyLoc0: raises $3 to $4
Paramede1338: folds 
Uncalled bet ($3) returned to BoyLoc0
BoyLoc0 collected $2 from pot
BoyLoc0: doesn't show hand 
*** SUMMARY ***
Total pot $2 | Rake $0 
Seat 5: nikalas22
Seat 1: shootingGRID folded before Flop (didn't bet)
Seat 2: IREQO (button) folded before Flop (didn't bet)
Seat 3: Paramede1338 (small blind) folded before Flop
Seat 4: BoyLoc0 (big blind) collected ($2)
Seat 6: XneferX folded before Flop (didn't bet)



PokerStars Hand #254629003155:  Hold'em No Limit ($0.50/$1.00 USD) - 2025/01/30 22:16:19 WET [2025/01/30 17:16:19 ET]
Table 'Vela' 6-max Seat #3 is the button
Seat 1: shootingGRID ($101 in chips) 
Seat 2: IREQO ($41.34 in chips) 
Seat 3: Paramede1338 ($73.32 in chips) 
Seat 4: BoyLoc0 ($111.40 in chips) 
Seat 5: nikalas22 ($100 in chips) 
Seat 6: XneferX ($105.24 in chips) 
BoyLoc0: posts small blind $0.50
nikalas22: posts big blind $1
*** HOLE CARDS ***
XneferX: raises $1.10 to $2.10
shootingGRID: folds 
IREQO: raises $4.90 to $7
Paramede1338: folds 
Paramede1338 leaves the table
BoyLoc0: folds 
nikalas22: folds 
XneferX: folds 
Uncalled bet ($4.90) returned to IREQO
IREQO collected $5.70 from pot
IREQO: doesn't show hand 
*** SUMMARY ***
Total pot $5.70 | Rake $0 
Seat 1: shootingGRID folded before Flop (didn't bet)
Seat 2: IREQO collected ($5.70)
Seat 3: Paramede1338 (button) folded before Flop (didn't bet)
Seat 4: BoyLoc0 (small blind) folded before Flop
Seat 5: nikalas22 (big blind) folded before Flop
Seat 6: XneferX folded before Flop



PokerStars Hand #254629014923:  Hold'em No Limit ($0.50/$1.00 USD) - 2025/01/30 22:17:00 WET [2025/01/30 17:17:00 ET]
Table 'Vela' 6-max Seat #4 is the button
Seat 1: shootingGRID ($101 in chips) 
Seat 2: IREQO ($44.94 in chips) 
Seat 4: BoyLoc0 ($110.90 in chips) 
Seat 5: nikalas22 ($100 in chips) 
Seat 6: XneferX ($103.14 in chips) 
nikalas22: posts small blind $0.50
XneferX: posts big blind $1
*** HOLE CARDS ***
shootingGRID: raises $1.25 to $2.25
IREQO: folds 
BoyLoc0: folds 
nikalas22: folds 
Kristo 914 joins the table at seat #3 
XneferX: calls $1.25
*** FLOP *** [6s 5d 8d]
XneferX: checks 
shootingGRID: checks 
*** TURN *** [6s 5d 8d] [6c]
XneferX: bets $2.42
shootingGRID: folds 
Uncalled bet ($2.42) returned to XneferX
XneferX collected $4.75 from pot
XneferX: doesn't show hand 
*** SUMMARY ***
Total pot $5 | Rake $0.25 
Board [6s 5d 8d 6c]
Seat 1: shootingGRID folded on the Turn
Seat 2: IREQO folded before Flop (didn't bet)
Seat 4: BoyLoc0 (button) folded before Flop (didn't bet)
Seat 5: nikalas22 (small blind) folded before Flop
Seat 6: XneferX (big blind) collected ($4.75)



PokerStars Hand #254629038200:  Hold'em No Limit ($0.50/$1.00 USD) - 2025/01/30 22:18:21 WET [2025/01/30 17:18:21 ET]
Table 'Vela' 6-max Seat #5 is the button
Seat 3: Kristo 914 ($100 in chips) is sitting out
Seat 1: shootingGRID ($100 in chips) 
Seat 2: IREQO ($44.94 in chips) 
Seat 4: BoyLoc0 ($110.90 in chips) 
Seat 5: nikalas22 ($100 in chips) 
Seat 6: XneferX ($105.64 in chips) 
XneferX: posts small blind $0.50
shootingGRID: posts big blind $1
Kristo 914: sits out 
*** HOLE CARDS ***
IREQO: folds 
BoyLoc0: raises $1.50 to $2.50
nikalas22: raises $5.50 to $8
XneferX: raises $16 to $24
shootingGRID: folds 
BoyLoc0: folds 
nikalas22: folds 
Uncalled bet ($16) returned to XneferX
XneferX collected $19.50 from pot
XneferX: doesn't show hand 
*** SUMMARY ***
Total pot $19.50 | Rake $0 
Seat 3: Kristo 914
Seat 1: shootingGRID (big blind) folded before Flop
Seat 2: IREQO folded before Flop (didn't bet)
Seat 4: BoyLoc0 folded before Flop
Seat 5: nikalas22 (button) folded before Flop
Seat 6: XneferX (small blind) collected ($19.50)



PokerStars Hand #254629048161:  Hold'em No Limit ($0.50/$1.00 USD) - 2025/01/30 22:18:55 WET [2025/01/30 17:18:55 ET]
Table 'Vela' 6-max Seat #6 is the button
Seat 2: IREQO ($44.94 in chips) is sitting out
Seat 1: shootingGRID ($100 in chips) 
Seat 3: Kristo 914 ($100 in chips) 
Seat 4: BoyLoc0 ($108.40 in chips) 
Seat 5: nikalas22 ($100 in chips) 
Seat 6: XneferX ($117.14 in chips) 
shootingGRID: posts small blind $0.50
IREQO: is sitting out 
Kristo 914: posts big blind $1
*** HOLE CARDS ***
BoyLoc0: folds 
IREQO is disconnected 
nikalas22: folds 
XneferX: folds 
shootingGRID: folds 
Uncalled bet ($0.50) returned to Kristo 914
Kristo 914 collected $1 from pot
Kristo 914: doesn't show hand 
*** SUMMARY ***
Total pot $1 | Rake $0 
Seat 2: IREQO
Seat 1: shootingGRID (small blind) folded before Flop
Seat 3: Kristo 914 (big blind) collected ($1)
Seat 4: BoyLoc0 folded before Flop (didn't bet)
Seat 5: nikalas22 folded before Flop (didn't bet)
Seat 6: XneferX (button) folded before Flop (didn't bet)



PokerStars Hand #254629053852:  Hold'em No Limit ($0.50/$1.00 USD) - 2025/01/30 22:19:15 WET [2025/01/30 17:19:15 ET]
Table 'Vela' 6-max Seat #3 is the button
Seat 2: IREQO ($44.94 in chips) is sitting out
Seat 4: BoyLoc0 ($108.40 in chips) is sitting out
Seat 5: nikalas22 ($100 in chips) is sitting out
Seat 6: XneferX ($117.14 in chips) is sitting out
Seat 1: shootingGRID ($100 in chips) 
Seat 3: Kristo 914 ($100.50 in chips) 
Kristo 914: posts small blind $0.50
BoyLoc0: is sitting out 
nikalas22: is sitting out 
XneferX: is sitting out 
shootingGRID: posts big blind $1
*** HOLE CARDS ***
Kristo 914: folds 
Uncalled bet ($0.50) returned to shootingGRID
BoyLoc0 leaves the table
XneferX leaves the table
shootingGRID collected $1 from pot
nikalas22 leaves the table
Kristo 914 leaves the table
*** SUMMARY ***
Total pot $1 | Rake $0 
Seat 2: IREQO
Seat 4: BoyLoc0
Seat 5: nikalas22
Seat 6: XneferX
Seat 1: shootingGRID (big blind) collected ($1)
Seat 3: Kristo 914 (button) (small blind) folded before Flop



PokerStars Hand #254629154461:  Hold'em No Limit ($0.50/$1.00 USD) - 2025/01/30 22:25:05 WET [2025/01/30 17:25:05 ET]
Table 'Vela' 6-max Seat #5 is the button
Seat 2: IREQO ($44.94 in chips) is sitting out
Seat 1: shootingGRID ($100.50 in chips) 
Seat 5: nikalas22 ($100 in chips) 
nikalas22: posts small blind $0.50
shootingGRID: posts big blind $1
*** HOLE CARDS ***
nikalas22: raises $1.50 to $2.50
shootingGRID: folds 
Uncalled bet ($1.50) returned to nikalas22
nikalas22 collected $2 from pot
nikalas22: doesn't show hand 
*** SUMMARY ***
Total pot $2 | Rake $0 
Seat 2: IREQO
Seat 1: shootingGRID (big blind) folded before Flop
Seat 5: nikalas22 (button) (small blind) collected ($2)



PokerStars Hand #254629158685:  Hold'em No Limit ($0.50/$1.00 USD) - 2025/01/30 22:25:20 WET [2025/01/30 17:25:20 ET]
Table 'Vela' 6-max Seat #1 is the button
Seat 2: IREQO ($44.94 in chips) is sitting out
Seat 1: shootingGRID ($100 in chips) 
Seat 5: nikalas22 ($101 in chips) 
shootingGRID: posts small blind $0.50
nikalas22: posts big blind $1
*** HOLE CARDS ***
shootingGRID: raises $1.25 to $2.25
nikalas22: calls $1.25
*** FLOP *** [Jd 3c 3h]
nikalas22: checks 
shootingGRID: bets $1.41
nikalas22: folds 
Uncalled bet ($1.41) returned to shootingGRID
shootingGRID collected $4.28 from pot
*** SUMMARY ***
Total pot $4.50 | Rake $0.22 
Board [Jd 3c 3h]
Seat 2: IREQO
Seat 1: shootingGRID (button) (small blind) collected ($4.28)
Seat 5: nikalas22 (big blind) folded on the Flop



PokerStars Hand #254629335944:  Hold'em No Limit ($0.50/$1.00 USD) - 2025/01/30 22:35:51 WET [2025/01/30 17:35:51 ET]
Table 'Vela' 6-max Seat #2 is the button
Seat 1: alintecsan1 ($36.67 in chips) 
Seat 2: YeeesMan ($100 in chips) 
Seat 3: [FB]Voodoo ($100 in chips) 
Seat 4: CichiChanMarian ($100 in chips) 
Seat 5: nikalas22 ($100 in chips) 
[FB]Voodoo: posts small blind $0.50
CichiChanMarian: posts big blind $1
*** HOLE CARDS ***
nikalas22: folds 
alintecsan1: raises $1 to $2
easy_sarcasm joins the table at seat #6 
YeeesMan: folds 
[FB]Voodoo: folds 
CichiChanMarian: calls $1
*** FLOP *** [2c 2d 3d]
CichiChanMarian: checks 
alintecsan1: checks 
*** TURN *** [2c 2d 3d] [8s]
CichiChanMarian: checks 
alintecsan1: checks 
*** RIVER *** [2c 2d 3d 8s] [4c]
CichiChanMarian: bets $3.21
alintecsan1: folds 
Uncalled bet ($3.21) returned to CichiChanMarian
CichiChanMarian collected $4.28 from pot
CichiChanMarian: doesn't show hand 
*** SUMMARY ***
Total pot $4.50 | Rake $0.22 
Board [2c 2d 3d 8s 4c]
Seat 1: alintecsan1 folded on the River
Seat 2: YeeesMan (button) folded before Flop (didn't bet)
Seat 3: [FB]Voodoo (small blind) folded before Flop
Seat 4: CichiChanMarian (big blind) collected ($4.28)
Seat 5: nikalas22 folded before Flop (didn't bet)



PokerStars Hand #254629346517:  Hold'em No Limit ($0.50/$1.00 USD) - 2025/01/30 22:36:29 WET [2025/01/30 17:36:29 ET]
Table 'Vela' 6-max Seat #3 is the button
Seat 6: easy_sarcasm ($100 in chips) is sitting out
Seat 1: alintecsan1 ($34.67 in chips) 
Seat 2: YeeesMan ($100 in chips) 
Seat 3: [FB]Voodoo ($100 in chips) 
Seat 4: CichiChanMarian ($102.28 in chips) 
Seat 5: nikalas22 ($100 in chips) 
CichiChanMarian: posts small blind $0.50
nikalas22: posts big blind $1
easy_sarcasm: sits out 
*** HOLE CARDS ***
alintecsan1: calls $1
YeeesMan: folds 
[FB]Voodoo: folds 
CichiChanMarian: raises $4 to $5
nikalas22: folds 
alintecsan1: calls $4
*** FLOP *** [Jd 3h Qd]
CichiChanMarian: bets $3.45
alintecsan1: folds 
Uncalled bet ($3.45) returned to CichiChanMarian
CichiChanMarian collected $10.45 from pot
CichiChanMarian: doesn't show hand 
*** SUMMARY ***
Total pot $11 | Rake $0.55 
Board [Jd 3h Qd]
Seat 6: easy_sarcasm
Seat 1: alintecsan1 folded on the Flop
Seat 2: YeeesMan folded before Flop (didn't bet)
Seat 3: [FB]Voodoo (button) folded before Flop (didn't bet)
Seat 4: CichiChanMarian (small blind) collected ($10.45)
Seat 5: nikalas22 (big blind) folded before Flop



PokerStars Hand #254629354240:  Hold'em No Limit ($0.50/$1.00 USD) - 2025/01/30 22:36:57 WET [2025/01/30 17:36:57 ET]
Table 'Vela' 6-max Seat #4 is the button
Seat 1: alintecsan1 ($29.67 in chips) 
Seat 2: YeeesMan ($100 in chips) 
Seat 3: [FB]Voodoo ($100 in chips) 
Seat 4: CichiChanMarian ($107.73 in chips) 
Seat 5: nikalas22 ($100 in chips) 
Seat 6: easy_sarcasm ($100 in chips) 
nikalas22: posts small blind $0.50
easy_sarcasm: posts big blind $1
*** HOLE CARDS ***
alintecsan1: folds 
YeeesMan: folds 
[FB]Voodoo: folds 
CichiChanMarian: folds 
nikalas22: folds 
Uncalled bet ($0.50) returned to easy_sarcasm
easy_sarcasm collected $1 from pot
*** SUMMARY ***
Total pot $1 | Rake $0 
Seat 1: alintecsan1 folded before Flop (didn't bet)
Seat 2: YeeesMan folded before Flop (didn't bet)
Seat 3: [FB]Voodoo folded before Flop (didn't bet)
Seat 4: CichiChanMarian (button) folded before Flop (didn't bet)
Seat 5: nikalas22 (small blind) folded before Flop
Seat 6: easy_sarcasm (big blind) collected ($1)



PokerStars Hand #254629357313:  Hold'em No Limit ($0.50/$1.00 USD) - 2025/01/30 22:37:08 WET [2025/01/30 17:37:08 ET]
Table 'Vela' 6-max Seat #5 is the button
Seat 1: alintecsan1 ($29.67 in chips) 
Seat 2: YeeesMan ($100 in chips) 
Seat 3: [FB]Voodoo ($100 in chips) 
Seat 4: CichiChanMarian ($107.73 in chips) 
Seat 5: nikalas22 ($100 in chips) 
Seat 6: easy_sarcasm ($100.50 in chips) 
easy_sarcasm: posts small blind $0.50
alintecsan1: posts big blind $1
*** HOLE CARDS ***
YeeesMan: folds 
[FB]Voodoo: folds 
CichiChanMarian: folds 
nikalas22: folds 
easy_sarcasm: calls $0.50
alintecsan1: checks 
*** FLOP *** [8h Qc 5s]
easy_sarcasm: checks 
alintecsan1: checks 
*** TURN *** [8h Qc 5s] [7d]
easy_sarcasm: bets $1
alintecsan1: calls $1
*** RIVER *** [8h Qc 5s 7d] [8s]
easy_sarcasm: checks 
alintecsan1: checks 
*** SHOW DOWN ***
easy_sarcasm: shows [6d Kd] (a pair of Eights)
alintecsan1: shows [Kc 7c] (two pair, Eights and Sevens)
alintecsan1 collected $3.80 from pot
*** SUMMARY ***
Total pot $4 | Rake $0.20 
Board [8h Qc 5s 7d 8s]
Seat 1: alintecsan1 (big blind) showed [Kc 7c] and won ($3.80) with two pair, Eights and Sevens
Seat 2: YeeesMan folded before Flop (didn't bet)
Seat 3: [FB]Voodoo folded before Flop (didn't bet)
Seat 4: CichiChanMarian folded before Flop (didn't bet)
Seat 5: nikalas22 (button) folded before Flop (didn't bet)
Seat 6: easy_sarcasm (small blind) showed [6d Kd] and lost with a pair of Eights



PokerStars Hand #254629366998:  Hold'em No Limit ($0.50/$1.00 USD) - 2025/01/30 22:37:43 WET [2025/01/30 17:37:43 ET]
Table 'Vela' 6-max Seat #6 is the button
Seat 1: alintecsan1 ($31.47 in chips) 
Seat 2: YeeesMan ($100 in chips) 
Seat 3: [FB]Voodoo ($100 in chips) 
Seat 4: CichiChanMarian ($107.73 in chips) 
Seat 5: nikalas22 ($100 in chips) 
Seat 6: easy_sarcasm ($100 in chips) 
alintecsan1: posts small blind $0.50
YeeesMan: posts big blind $1
*** HOLE CARDS ***
[FB]Voodoo: raises $1.50 to $2.50
CichiChanMarian: folds 
nikalas22: folds 
easy_sarcasm: folds 
alintecsan1: calls $2
YeeesMan: folds 
*** FLOP *** [4d 2s 7h]
alintecsan1: checks 
[FB]Voodoo: bets $2.85
alintecsan1: calls $2.85
*** TURN *** [4d 2s 7h] [8s]
alintecsan1: checks 
[FB]Voodoo: checks 
*** RIVER *** [4d 2s 7h 8s] [5h]
alintecsan1: checks 
[FB]Voodoo: bets $8.67
alintecsan1: calls $8.67
*** SHOW DOWN ***
[FB]Voodoo: shows [3c Ac] (a straight, Ace to Five)
alintecsan1: mucks hand 
[FB]Voodoo collected $27.59 from pot
*** SUMMARY ***
Total pot $29.04 | Rake $1.45 
Board [4d 2s 7h 8s 5h]
Seat 1: alintecsan1 (small blind) mucked
Seat 2: YeeesMan (big blind) folded before Flop
Seat 3: [FB]Voodoo showed [3c Ac] and won ($27.59) with a straight, Ace to Five
Seat 4: CichiChanMarian folded before Flop (didn't bet)
Seat 5: nikalas22 folded before Flop (didn't bet)
Seat 6: easy_sarcasm (button) folded before Flop (didn't bet)



PokerStars Hand #254629384848:  Hold'em No Limit ($0.50/$1.00 USD) - 2025/01/30 22:38:49 WET [2025/01/30 17:38:49 ET]
Table 'Vela' 6-max Seat #1 is the button
Seat 1: alintecsan1 ($17.45 in chips) 
Seat 2: YeeesMan ($100 in chips) 
Seat 3: [FB]Voodoo ($113.57 in chips) 
Seat 4: CichiChanMarian ($107.73 in chips) 
Seat 5: nikalas22 ($100 in chips) 
Seat 6: easy_sarcasm ($100 in chips) 
YeeesMan: posts small blind $0.50
[FB]Voodoo: posts big blind $1
*** HOLE CARDS ***
CichiChanMarian: folds 
nikalas22: folds 
easy_sarcasm: folds 
alintecsan1: raises $2 to $3
YeeesMan: raises $9 to $12
[FB]Voodoo: folds 
alintecsan1: raises $5.45 to $17.45 and is all-in
YeeesMan: calls $5.45
*** FLOP *** [Qs Jd Qh]
*** TURN *** [Qs Jd Qh] [4c]
*** RIVER *** [Qs Jd Qh 4c] [5c]
*** SHOW DOWN ***
YeeesMan: shows [6c 6h] (two pair, Queens and Sixes)
alintecsan1: shows [Ad 6s] (a pair of Queens)
YeeesMan collected $34.10 from pot
*** SUMMARY ***
Total pot $35.90 | Rake $1.80 
Board [Qs Jd Qh 4c 5c]
Seat 1: alintecsan1 (button) showed [Ad 6s] and lost with a pair of Queens
Seat 2: YeeesMan (small blind) showed [6c 6h] and won ($34.10) with two pair, Queens and Sixes
Seat 3: [FB]Voodoo (big blind) folded before Flop
Seat 4: CichiChanMarian folded before Flop (didn't bet)
Seat 5: nikalas22 folded before Flop (didn't bet)
Seat 6: easy_sarcasm folded before Flop (didn't bet)



PokerStars Hand #254629395934:  Hold'em No Limit ($0.50/$1.00 USD) - 2025/01/30 22:39:28 WET [2025/01/30 17:39:28 ET]
Table 'Vela' 6-max Seat #2 is the button
Seat 1: alintecsan1 ($0 in chips) is sitting out
Seat 2: YeeesMan ($116.65 in chips) 
Seat 3: [FB]Voodoo ($112.57 in chips) 
Seat 4: CichiChanMarian ($107.73 in chips) 
Seat 5: nikalas22 ($100 in chips) 
Seat 6: easy_sarcasm ($100 in chips) 
[FB]Voodoo: posts small blind $0.50
CichiChanMarian: posts big blind $1
*** HOLE CARDS ***
nikalas22: folds 
easy_sarcasm: folds 
alintecsan1 leaves the table
YeeesMan: raises $1.50 to $2.50
[FB]Voodoo: folds 
CichiChanMarian: folds 
Uncalled bet ($1.50) returned to YeeesMan
YeeesMan collected $2.50 from pot
YeeesMan: doesn't show hand 
*** SUMMARY ***
Total pot $2.50 | Rake $0 
Seat 1: alintecsan1
Seat 2: YeeesMan (button) collected ($2.50)
Seat 3: [FB]Voodoo (small blind) folded before Flop
Seat 4: CichiChanMarian (big blind) folded before Flop
Seat 5: nikalas22 folded before Flop (didn't bet)
Seat 6: easy_sarcasm folded before Flop (didn't bet)



PokerStars Hand #254629403391:  Hold'em No Limit ($0.50/$1.00 USD) - 2025/01/30 22:39:55 WET [2025/01/30 17:39:55 ET]
Table 'Vela' 6-max Seat #3 is the button
Seat 5: nikalas22 ($100 in chips) is sitting out
Seat 6: easy_sarcasm ($100 in chips) is sitting out
Seat 2: YeeesMan ($118.15 in chips) 
Seat 3: [FB]Voodoo ($112.07 in chips) 
Seat 4: CichiChanMarian ($106.73 in chips) 
CichiChanMarian: posts small blind $0.50
nikalas22: is sitting out 
easy_sarcasm: is sitting out 
YeeesMan: posts big blind $1
*** HOLE CARDS ***
[FB]Voodoo: folds 
nikalas22 leaves the table
easy_sarcasm leaves the table
[FB]Voodoo leaves the table
CichiChanMarian: raises $2 to $3
nikalas22 joins the table at seat #6 
YeeesMan: folds 
Uncalled bet ($2) returned to CichiChanMarian
CichiChanMarian collected $2 from pot
CichiChanMarian: doesn't show hand 
*** SUMMARY ***
Total pot $2 | Rake $0 
Seat 5: nikalas22
Seat 6: easy_sarcasm
Seat 2: YeeesMan (big blind) folded before Flop
Seat 3: [FB]Voodoo (button) folded before Flop (didn't bet)
Seat 4: CichiChanMarian (small blind) collected ($2)



PokerStars Hand #254629808531:  Hold'em No Limit ($0.50/$1.00 USD) - 2025/01/30 23:06:31 WET [2025/01/30 18:06:31 ET]
Table 'Vela' 6-max Seat #4 is the button
Seat 2: YeeesMan ($117.15 in chips) 
Seat 4: CEPTT ($100 in chips) 
Seat 5: CichiChanMarian ($107.73 in chips) 
Seat 6: nikalas22 ($100 in chips) 
CichiChanMarian: posts small blind $0.50
nikalas22: posts big blind $1
*** HOLE CARDS ***
YeeesMan: raises $1.50 to $2.50
CEPTT: raises $5 to $7.50
CichiChanMarian: folds 
nikalas22: folds 
YeeesMan: folds 
Uncalled bet ($5) returned to CEPTT
CEPTT collected $6.50 from pot
CEPTT: doesn't show hand 
*** SUMMARY ***
Total pot $6.50 | Rake $0 
Seat 2: YeeesMan folded before Flop
Seat 4: CEPTT (button) collected ($6.50)
Seat 5: CichiChanMarian (small blind) folded before Flop
Seat 6: nikalas22 (big blind) folded before Flop



PokerStars Hand #254629814783:  Hold'em No Limit ($0.50/$1.00 USD) - 2025/01/30 23:06:55 WET [2025/01/30 18:06:55 ET]
Table 'Vela' 6-max Seat #5 is the button
Seat 2: YeeesMan ($114.65 in chips) is sitting out
Seat 4: CEPTT ($104 in chips) 
Seat 5: CichiChanMarian ($107.23 in chips) 
Seat 6: nikalas22 ($100 in chips) 
nikalas22: posts small blind $0.50
YeeesMan: is sitting out 
CEPTT: posts big blind $1
*** HOLE CARDS ***
CichiChanMarian: folds 
nikalas22: folds 
Uncalled bet ($0.50) returned to CEPTT
CEPTT collected $1 from pot
CEPTT: doesn't show hand 
*** SUMMARY ***
Total pot $1 | Rake $0 
Seat 2: YeeesMan
Seat 4: CEPTT (big blind) collected ($1)
Seat 5: CichiChanMarian (button) folded before Flop (didn't bet)
Seat 6: nikalas22 (small blind) folded before Flop



PokerStars Hand #254629816881:  Hold'em No Limit ($0.50/$1.00 USD) - 2025/01/30 23:07:03 WET [2025/01/30 18:07:03 ET]
Table 'Vela' 6-max Seat #4 is the button
Seat 2: YeeesMan ($114.65 in chips) is sitting out
Seat 5: CichiChanMarian ($107.23 in chips) is sitting out
Seat 4: CEPTT ($104.50 in chips) 
Seat 6: nikalas22 ($100 in chips) 
CEPTT: posts small blind $0.50
CichiChanMarian: is sitting out 
nikalas22: posts big blind $1
*** HOLE CARDS ***
YeeesMan leaves the table
CEPTT: folds 
Uncalled bet ($0.50) returned to nikalas22
nikalas22 collected $1 from pot
nikalas22: doesn't show hand 
*** SUMMARY ***
Total pot $1 | Rake $0 
Seat 2: YeeesMan
Seat 5: CichiChanMarian
Seat 4: CEPTT (button) (small blind) folded before Flop
Seat 6: nikalas22 (big blind) collected ($1)



PokerStars Hand #254629818637:  Hold'em No Limit ($0.50/$1.00 USD) - 2025/01/30 23:07:10 WET [2025/01/30 18:07:10 ET]
Table 'Vela' 6-max Seat #6 is the button
Seat 5: CichiChanMarian ($107.23 in chips) is sitting out
Seat 4: CEPTT ($104 in chips) 
Seat 6: nikalas22 ($100.50 in chips) 
nikalas22: posts small blind $0.50
CEPTT: posts big blind $1
*** HOLE CARDS ***
nikalas22: raises $1.50 to $2.50
CEPTT: calls $1.50
*** FLOP *** [3c 9s 9d]
CichiChanMarian leaves the table
CEPTT: checks 
nikalas22: checks 
*** TURN *** [3c 9s 9d] [9c]
CEPTT: checks 
nikalas22: checks 
*** RIVER *** [3c 9s 9d 9c] [8d]
CEPTT: checks 
nikalas22: bets $1.43
CEPTT: calls $1.43
*** SHOW DOWN ***
nikalas22: shows [4h 8h] (a full house, Nines full of Eights)
CEPTT: mucks hand 
nikalas22 collected $7.47 from pot
*** SUMMARY ***
Total pot $7.86 | Rake $0.39 
Board [3c 9s 9d 9c 8d]
Seat 5: CichiChanMarian
Seat 4: CEPTT (big blind) mucked
Seat 6: nikalas22 (button) (small blind) showed [4h 8h] and won ($7.47) with a full house, Nines full of Eights



PokerStars Hand #254629887782:  Hold'em No Limit ($0.50/$1.00 USD) - 2025/01/30 23:11:38 WET [2025/01/30 18:11:38 ET]
Table 'Vela' 6-max Seat #1 is the button
Seat 1: nastja336 ($100 in chips) 
Seat 2: BGS013 ($100 in chips) 
Seat 3: Manifestorr ($100 in chips) 
Seat 4: CEPTT ($100.07 in chips) 
Seat 5: moko5412 ($59.56 in chips) 
Seat 6: nikalas22 ($104.04 in chips) 
BGS013: posts small blind $0.50
Manifestorr: posts big blind $1
*** HOLE CARDS ***
CEPTT: folds 
moko5412: raises $1 to $2
nikalas22: folds 
nastja336: raises $4 to $6
BGS013: folds 
Manifestorr: folds 
moko5412: calls $4
*** FLOP *** [6d 9d As]
moko5412: checks 
nastja336: bets $6.41
moko5412: folds 
Uncalled bet ($6.41) returned to nastja336
nastja336 collected $12.82 from pot
nastja336: doesn't show hand 
*** SUMMARY ***
Total pot $13.50 | Rake $0.68 
Board [6d 9d As]
Seat 1: nastja336 (button) collected ($12.82)
Seat 2: BGS013 (small blind) folded before Flop
Seat 3: Manifestorr (big blind) folded before Flop
Seat 4: CEPTT folded before Flop (didn't bet)
Seat 5: moko5412 folded on the Flop
Seat 6: nikalas22 folded before Flop (didn't bet)



PokerStars Hand #254629898417:  Hold'em No Limit ($0.50/$1.00 USD) - 2025/01/30 23:12:19 WET [2025/01/30 18:12:19 ET]
Table 'Vela' 6-max Seat #2 is the button
Seat 1: nastja336 ($106.82 in chips) 
Seat 2: BGS013 ($100 in chips) 
Seat 3: Manifestorr ($100 in chips) 
Seat 4: CEPTT ($100.07 in chips) 
Seat 5: moko5412 ($53.56 in chips) 
Seat 6: nikalas22 ($104.04 in chips) 
Manifestorr: posts small blind $0.50
CEPTT: posts big blind $1
*** HOLE CARDS ***
moko5412: folds 
nikalas22: folds 
nastja336: raises $1.50 to $2.50
BGS013: folds 
Manifestorr: folds 
CEPTT: raises $9.50 to $12
nastja336: folds 
Uncalled bet ($9.50) returned to CEPTT
CEPTT collected $5.50 from pot
CEPTT: doesn't show hand 
*** SUMMARY ***
Total pot $5.50 | Rake $0 
Seat 1: nastja336 folded before Flop
Seat 2: BGS013 (button) folded before Flop (didn't bet)
Seat 3: Manifestorr (small blind) folded before Flop
Seat 4: CEPTT (big blind) collected ($5.50)
Seat 5: moko5412 folded before Flop (didn't bet)
Seat 6: nikalas22 folded before Flop (didn't bet)



PokerStars Hand #254629906811:  Hold'em No Limit ($0.50/$1.00 USD) - 2025/01/30 23:12:51 WET [2025/01/30 18:12:51 ET]
Table 'Vela' 6-max Seat #3 is the button
Seat 1: nastja336 ($104.32 in chips) 
Seat 2: BGS013 ($100 in chips) 
Seat 3: Manifestorr ($100 in chips) 
Seat 4: CEPTT ($103.07 in chips) 
Seat 5: moko5412 ($53.56 in chips) 
Seat 6: nikalas22 ($104.04 in chips) 
CEPTT: posts small blind $0.50
moko5412: posts big blind $1
*** HOLE CARDS ***
nikalas22: folds 
nastja336: folds 
BGS013: raises $1.50 to $2.50
Manifestorr: folds 
CEPTT: calls $2
moko5412: calls $1.50
*** FLOP *** [4h 3c Js]
CEPTT: checks 
moko5412: checks 
BGS013: checks 
*** TURN *** [4h 3c Js] [Jc]
CEPTT: checks 
moko5412: checks 
BGS013: checks 
*** RIVER *** [4h 3c Js Jc] [9c]
CEPTT: checks 
moko5412: bets $7.12
BGS013: folds 
CEPTT: folds 
Uncalled bet ($7.12) returned to moko5412
moko5412 collected $7.12 from pot
*** SUMMARY ***
Total pot $7.50 | Rake $0.38 
Board [4h 3c Js Jc 9c]
Seat 1: nastja336 folded before Flop (didn't bet)
Seat 2: BGS013 folded on the River
Seat 3: Manifestorr (button) folded before Flop (didn't bet)
Seat 4: CEPTT (small blind) folded on the River
Seat 5: moko5412 (big blind) collected ($7.12)
Seat 6: nikalas22 folded before Flop (didn't bet)



PokerStars Hand #254629929197:  Hold'em No Limit ($0.50/$1.00 USD) - 2025/01/30 23:14:18 WET [2025/01/30 18:14:18 ET]
Table 'Vela' 6-max Seat #4 is the button
Seat 1: nastja336 ($104.32 in chips) 
Seat 2: BGS013 ($100 in chips) 
Seat 3: Manifestorr ($100 in chips) 
Seat 4: CEPTT ($100.57 in chips) 
Seat 5: moko5412 ($58.18 in chips) 
Seat 6: nikalas22 ($104.04 in chips) 
moko5412: posts small blind $0.50
nikalas22: posts big blind $1
*** HOLE CARDS ***
nastja336: folds 
BGS013: folds 
Manifestorr: folds 
CEPTT: raises $1.85 to $2.85
moko5412: folds 
nikalas22: folds 
Uncalled bet ($1.85) returned to CEPTT
CEPTT collected $2.50 from pot
CEPTT: doesn't show hand 
*** SUMMARY ***
Total pot $2.50 | Rake $0 
Seat 1: nastja336 folded before Flop (didn't bet)
Seat 2: BGS013 folded before Flop (didn't bet)
Seat 3: Manifestorr folded before Flop (didn't bet)
Seat 4: CEPTT (button) collected ($2.50)
Seat 5: moko5412 (small blind) folded before Flop
Seat 6: nikalas22 (big blind) folded before Flop



PokerStars Hand #254629932434:  Hold'em No Limit ($0.50/$1.00 USD) - 2025/01/30 23:14:31 WET [2025/01/30 18:14:31 ET]
Table 'Vela' 6-max Seat #5 is the button
Seat 1: nastja336 ($104.32 in chips) 
Seat 2: BGS013 ($100 in chips) 
Seat 3: Manifestorr ($100 in chips) 
Seat 4: CEPTT ($102.07 in chips) 
Seat 5: moko5412 ($57.68 in chips) 
Seat 6: nikalas22 ($103.04 in chips) 
nikalas22: posts small blind $0.50
nastja336: posts big blind $1
*** HOLE CARDS ***
BGS013: folds 
Manifestorr: folds 
CEPTT: folds 
moko5412: folds 
nikalas22: folds 
Uncalled bet ($0.50) returned to nastja336
nastja336 collected $1 from pot
nastja336: doesn't show hand 
*** SUMMARY ***
Total pot $1 | Rake $0 
Seat 1: nastja336 (big blind) collected ($1)
Seat 2: BGS013 folded before Flop (didn't bet)
Seat 3: Manifestorr folded before Flop (didn't bet)
Seat 4: CEPTT folded before Flop (didn't bet)
Seat 5: moko5412 (button) folded before Flop (didn't bet)
Seat 6: nikalas22 (small blind) folded before Flop



PokerStars Hand #254629936734:  Hold'em No Limit ($0.50/$1.00 USD) - 2025/01/30 23:14:48 WET [2025/01/30 18:14:48 ET]
Table 'Vela' 6-max Seat #6 is the button
Seat 1: nastja336 ($104.82 in chips) 
Seat 2: BGS013 ($100 in chips) 
Seat 3: Manifestorr ($100 in chips) 
Seat 4: CEPTT ($102.07 in chips) 
Seat 5: moko5412 ($57.68 in chips) 
Seat 6: nikalas22 ($102.54 in chips) 
nastja336: posts small blind $0.50
BGS013: posts big blind $1
*** HOLE CARDS ***
Manifestorr: raises $1.20 to $2.20
CEPTT: calls $2.20
moko5412: folds 
nikalas22: folds 
nastja336: folds 
BGS013: folds 
*** FLOP *** [Kh Th 7h]
Manifestorr: checks 
CEPTT: checks 
*** TURN *** [Kh Th 7h] [3d]
Manifestorr: checks 
CEPTT: checks 
*** RIVER *** [Kh Th 7h 3d] [Ah]
Manifestorr: checks 
CEPTT: bets $2.80
Manifestorr: calls $2.80
*** SHOW DOWN ***
CEPTT: shows [8h 8c] (a flush, Ace high)
Manifestorr: mucks hand 
CEPTT collected $10.92 from pot
*** SUMMARY ***
Total pot $11.50 | Rake $0.58 
Board [Kh Th 7h 3d Ah]
Seat 1: nastja336 (small blind) folded before Flop
Seat 2: BGS013 (big blind) folded before Flop
Seat 3: Manifestorr mucked
Seat 4: CEPTT showed [8h 8c] and won ($10.92) with a flush, Ace high
Seat 5: moko5412 folded before Flop (didn't bet)
Seat 6: nikalas22 (button) folded before Flop (didn't bet)



PokerStars Hand #254629956313:  Hold'em No Limit ($0.50/$1.00 USD) - 2025/01/30 23:16:04 WET [2025/01/30 18:16:04 ET]
Table 'Vela' 6-max Seat #1 is the button
Seat 1: nastja336 ($104.32 in chips) 
Seat 2: BGS013 ($100 in chips) 
Seat 3: Manifestorr ($100 in chips) 
Seat 4: CEPTT ($107.99 in chips) 
Seat 5: moko5412 ($57.68 in chips) 
Seat 6: nikalas22 ($102.54 in chips) 
BGS013: posts small blind $0.50
Manifestorr: posts big blind $1
*** HOLE CARDS ***
CEPTT: folds 
moko5412: folds 
nikalas22: folds 
nastja336: folds 
BGS013: folds 
Uncalled bet ($0.50) returned to Manifestorr
Manifestorr collected $1 from pot
*** SUMMARY ***
Total pot $1 | Rake $0 
Seat 1: nastja336 (button) folded before Flop (didn't bet)
Seat 2: BGS013 (small blind) folded before Flop
Seat 3: Manifestorr (big blind) collected ($1)
Seat 4: CEPTT folded before Flop (didn't bet)
Seat 5: moko5412 folded before Flop (didn't bet)
Seat 6: nikalas22 folded before Flop (didn't bet)



PokerStars Hand #254629964849:  Hold'em No Limit ($0.50/$1.00 USD) - 2025/01/30 23:16:37 WET [2025/01/30 18:16:37 ET]
Table 'Vela' 6-max Seat #2 is the button
Seat 1: nastja336 ($104.32 in chips) 
Seat 2: BGS013 ($100 in chips) 
Seat 3: Manifestorr ($100.50 in chips) 
Seat 4: CEPTT ($107.99 in chips) 
Seat 5: moko5412 ($57.68 in chips) 
Seat 6: nikalas22 ($102.54 in chips) 
Manifestorr: posts small blind $0.50
CEPTT: posts big blind $1
*** HOLE CARDS ***
moko5412: folds 
nikalas22: folds 
nastja336: raises $1.50 to $2.50
BGS013: folds 
Manifestorr: folds 
CEPTT: calls $1.50
*** FLOP *** [5d As 5h]
CEPTT: checks 
nastja336: bets $1.72
CEPTT: calls $1.72
*** TURN *** [5d As 5h] [Qc]
CEPTT: checks 
nastja336: checks 
*** RIVER *** [5d As 5h Qc] [3d]
CEPTT: checks 
nastja336: checks 
*** SHOW DOWN ***
CEPTT: shows [9s 9c] (two pair, Nines and Fives)
nastja336: mucks hand 
CEPTT collected $8.49 from pot
*** SUMMARY ***
Total pot $8.94 | Rake $0.45 
Board [5d As 5h Qc 3d]
Seat 1: nastja336 mucked
Seat 2: BGS013 (button) folded before Flop (didn't bet)
Seat 3: Manifestorr (small blind) folded before Flop
Seat 4: CEPTT (big blind) showed [9s 9c] and won ($8.49) with two pair, Nines and Fives
Seat 5: moko5412 folded before Flop (didn't bet)
Seat 6: nikalas22 folded before Flop (didn't bet)



PokerStars Hand #254629985276:  Hold'em No Limit ($0.50/$1.00 USD) - 2025/01/30 23:17:57 WET [2025/01/30 18:17:57 ET]
Table 'Vela' 6-max Seat #3 is the button
Seat 1: nastja336 ($100.10 in chips) 
Seat 2: BGS013 ($100 in chips) 
Seat 3: Manifestorr ($100 in chips) 
Seat 4: CEPTT ($112.26 in chips) 
Seat 5: moko5412 ($57.68 in chips) 
Seat 6: nikalas22 ($102.54 in chips) 
CEPTT: posts small blind $0.50
moko5412: posts big blind $1
*** HOLE CARDS ***
nikalas22: folds 
nastja336: folds 
BGS013: folds 
Manifestorr: folds 
CEPTT: raises $2 to $3
moko5412: folds 
Uncalled bet ($2) returned to CEPTT
CEPTT collected $2 from pot
CEPTT: doesn't show hand 
*** SUMMARY ***
Total pot $2 | Rake $0 
Seat 1: nastja336 folded before Flop (didn't bet)
Seat 2: BGS013 folded before Flop (didn't bet)
Seat 3: Manifestorr (button) folded before Flop (didn't bet)
Seat 4: CEPTT (small blind) collected ($2)
Seat 5: moko5412 (big blind) folded before Flop
Seat 6: nikalas22 folded before Flop (didn't bet)



PokerStars Hand #254629989307:  Hold'em No Limit ($0.50/$1.00 USD) - 2025/01/30 23:18:13 WET [2025/01/30 18:18:13 ET]
Table 'Vela' 6-max Seat #4 is the button
Seat 1: nastja336 ($100.10 in chips) 
Seat 2: BGS013 ($100 in chips) 
Seat 3: Manifestorr ($100 in chips) 
Seat 4: CEPTT ($113.26 in chips) 
Seat 5: moko5412 ($56.68 in chips) 
Seat 6: nikalas22 ($102.54 in chips) 
moko5412: posts small blind $0.50
nikalas22: posts big blind $1
*** HOLE CARDS ***
nastja336: folds 
BGS013: folds 
Manifestorr: folds 
CEPTT: raises $1.85 to $2.85
moko5412: calls $2.35
nikalas22: folds 
*** FLOP *** [Jd Kh 7c]
moko5412: checks 
CEPTT: checks 
*** TURN *** [Jd Kh 7c] [8s]
moko5412: checks 
CEPTT: bets $1.91
moko5412: calls $1.91
*** RIVER *** [Jd Kh 7c 8s] [9d]
moko5412: checks 
CEPTT: bets $5
moko5412: folds 
Uncalled bet ($5) returned to CEPTT
CEPTT collected $9.99 from pot
CEPTT: doesn't show hand 
*** SUMMARY ***
Total pot $10.52 | Rake $0.53 
Board [Jd Kh 7c 8s 9d]
Seat 1: nastja336 folded before Flop (didn't bet)
Seat 2: BGS013 folded before Flop (didn't bet)
Seat 3: Manifestorr folded before Flop (didn't bet)
Seat 4: CEPTT (button) collected ($9.99)
Seat 5: moko5412 (small blind) folded on the River
Seat 6: nikalas22 (big blind) folded before Flop



PokerStars Hand #254630003147:  Hold'em No Limit ($0.50/$1.00 USD) - 2025/01/30 23:19:07 WET [2025/01/30 18:19:07 ET]
Table 'Vela' 6-max Seat #5 is the button
Seat 1: nastja336 ($100.10 in chips) 
Seat 2: BGS013 ($100 in chips) 
Seat 3: Manifestorr ($100 in chips) 
Seat 4: CEPTT ($118.49 in chips) 
Seat 5: moko5412 ($51.92 in chips) 
Seat 6: nikalas22 ($101.54 in chips) 
nikalas22: posts small blind $0.50
nastja336: posts big blind $1
*** HOLE CARDS ***
BGS013: folds 
Manifestorr: folds 
CEPTT: raises $1.25 to $2.25
moko5412: folds 
nikalas22: folds 
nastja336: calls $1.25
*** FLOP *** [Qd Td 8s]
nastja336: checks 
CEPTT: checks 
*** TURN *** [Qd Td 8s] [2d]
nastja336: bets $1.57
CEPTT: raises $9.86 to $11.43
nastja336: calls $9.86
*** RIVER *** [Qd Td 8s 2d] [Kc]
nastja336: checks 
CEPTT: checks 
*** SHOW DOWN ***
nastja336: shows [Tc Ts] (three of a kind, Tens)
CEPTT: mucks hand 
nastja336 collected $26.47 from pot
*** SUMMARY ***
Total pot $27.86 | Rake $1.39 
Board [Qd Td 8s 2d Kc]
Seat 1: nastja336 (big blind) showed [Tc Ts] and won ($26.47) with three of a kind, Tens
Seat 2: BGS013 folded before Flop (didn't bet)
Seat 3: Manifestorr folded before Flop (didn't bet)
Seat 4: CEPTT mucked
Seat 5: moko5412 (button) folded before Flop (didn't bet)
Seat 6: nikalas22 (small blind) folded before Flop



PokerStars Hand #254630022441:  Hold'em No Limit ($0.50/$1.00 USD) - 2025/01/30 23:20:24 WET [2025/01/30 18:20:24 ET]
Table 'Vela' 6-max Seat #6 is the button
Seat 1: nastja336 ($112.89 in chips) 
Seat 2: BGS013 ($100 in chips) 
Seat 3: Manifestorr ($100 in chips) 
Seat 4: CEPTT ($104.81 in chips) 
Seat 5: moko5412 ($51.92 in chips) 
Seat 6: nikalas22 ($101.04 in chips) 
nastja336: posts small blind $0.50
BGS013: posts big blind $1
*** HOLE CARDS ***
Manifestorr: raises $1.20 to $2.20
CEPTT: folds 
moko5412: raises $1.20 to $3.40
nikalas22: folds 
nastja336: folds 
BGS013: folds 
Manifestorr: calls $1.20
*** FLOP *** [4h 2s 4c]
Manifestorr: checks 
moko5412: checks 
*** TURN *** [4h 2s 4c] [4s]
Manifestorr: checks 
moko5412: checks 
*** RIVER *** [4h 2s 4c 4s] [7s]
Manifestorr: checks 
moko5412: bets $2
Manifestorr: folds 
Uncalled bet ($2) returned to moko5412
moko5412 collected $7.88 from pot
*** SUMMARY ***
Total pot $8.30 | Rake $0.42 
Board [4h 2s 4c 4s 7s]
Seat 1: nastja336 (small blind) folded before Flop
Seat 2: BGS013 (big blind) folded before Flop
Seat 3: Manifestorr folded on the River
Seat 4: CEPTT folded before Flop (didn't bet)
Seat 5: moko5412 collected ($7.88)
Seat 6: nikalas22 (button) folded before Flop (didn't bet)



PokerStars Hand #254630032332:  Hold'em No Limit ($0.50/$1.00 USD) - 2025/01/30 23:21:02 WET [2025/01/30 18:21:02 ET]
Table 'Vela' 6-max Seat #1 is the button
Seat 1: nastja336 ($112.39 in chips) 
Seat 2: BGS013 ($100 in chips) 
Seat 3: Manifestorr ($100 in chips) 
Seat 4: CEPTT ($104.81 in chips) 
Seat 5: moko5412 ($56.40 in chips) 
Seat 6: nikalas22 ($101.04 in chips) 
BGS013: posts small blind $0.50
Manifestorr: posts big blind $1
*** HOLE CARDS ***
CEPTT: folds 
moko5412: folds 
nikalas22: raises $1.50 to $2.50
nastja336: folds 
BGS013: folds 
Manifestorr: folds 
Uncalled bet ($1.50) returned to nikalas22
nikalas22 collected $2.50 from pot
nikalas22: doesn't show hand 
*** SUMMARY ***
Total pot $2.50 | Rake $0 
Seat 1: nastja336 (button) folded before Flop (didn't bet)
Seat 2: BGS013 (small blind) folded before Flop
Seat 3: Manifestorr (big blind) folded before Flop
Seat 4: CEPTT folded before Flop (didn't bet)
Seat 5: moko5412 folded before Flop (didn't bet)
Seat 6: nikalas22 collected ($2.50)



PokerStars Hand #254630038661:  Hold'em No Limit ($0.50/$1.00 USD) - 2025/01/30 23:21:27 WET [2025/01/30 18:21:27 ET]
Table 'Vela' 6-max Seat #2 is the button
Seat 1: nastja336 ($112.39 in chips) 
Seat 2: BGS013 ($100 in chips) 
Seat 3: Manifestorr ($100 in chips) 
Seat 4: CEPTT ($104.81 in chips) 
Seat 5: moko5412 ($56.40 in chips) 
Seat 6: nikalas22 ($102.54 in chips) 
Manifestorr: posts small blind $0.50
CEPTT: posts big blind $1
*** HOLE CARDS ***
moko5412: folds 
nikalas22: folds 
nastja336: folds 
BGS013: raises $1.50 to $2.50
Manifestorr: folds 
CEPTT: folds 
Uncalled bet ($1.50) returned to BGS013
BGS013 collected $2.50 from pot
BGS013: doesn't show hand 
*** SUMMARY ***
Total pot $2.50 | Rake $0 
Seat 1: nastja336 folded before Flop (didn't bet)
Seat 2: BGS013 (button) collected ($2.50)
Seat 3: Manifestorr (small blind) folded before Flop
Seat 4: CEPTT (big blind) folded before Flop
Seat 5: moko5412 folded before Flop (didn't bet)
Seat 6: nikalas22 folded before Flop (didn't bet)



PokerStars Hand #254630043284:  Hold'em No Limit ($0.50/$1.00 USD) - 2025/01/30 23:21:45 WET [2025/01/30 18:21:45 ET]
Table 'Vela' 6-max Seat #3 is the button
Seat 1: nastja336 ($112.39 in chips) 
Seat 2: BGS013 ($101.50 in chips) 
Seat 3: Manifestorr ($100 in chips) 
Seat 4: CEPTT ($103.81 in chips) 
Seat 5: moko5412 ($56.40 in chips) 
Seat 6: nikalas22 ($102.54 in chips) 
CEPTT: posts small blind $0.50
moko5412: posts big blind $1
*** HOLE CARDS ***
nikalas22: folds 
nastja336: folds 
BGS013: folds 
Manifestorr: folds 
CEPTT: raises $2 to $3
moko5412: calls $2
*** FLOP *** [2h 3c Qc]
CEPTT: checks 
moko5412: checks 
*** TURN *** [2h 3c Qc] [Qh]
CEPTT: checks 
moko5412: checks 
*** RIVER *** [2h 3c Qc Qh] [Tc]
CEPTT: bets $5.81
moko5412: folds 
Uncalled bet ($5.81) returned to CEPTT
CEPTT collected $5.70 from pot
CEPTT: doesn't show hand 
*** SUMMARY ***
Total pot $6 | Rake $0.30 
Board [2h 3c Qc Qh Tc]
Seat 1: nastja336 folded before Flop (didn't bet)
Seat 2: BGS013 folded before Flop (didn't bet)
Seat 3: Manifestorr (button) folded before Flop (didn't bet)
Seat 4: CEPTT (small blind) collected ($5.70)
Seat 5: moko5412 (big blind) folded on the River
Seat 6: nikalas22 folded before Flop (didn't bet)



PokerStars Hand #254630052628:  Hold'em No Limit ($0.50/$1.00 USD) - 2025/01/30 23:22:21 WET [2025/01/30 18:22:21 ET]
Table 'Vela' 6-max Seat #4 is the button
Seat 1: nastja336 ($112.39 in chips) 
Seat 2: BGS013 ($101.50 in chips) 
Seat 3: Manifestorr ($100 in chips) 
Seat 4: CEPTT ($106.51 in chips) 
Seat 5: moko5412 ($53.40 in chips) 
Seat 6: nikalas22 ($102.54 in chips) 
moko5412: posts small blind $0.50
nikalas22: posts big blind $1
*** HOLE CARDS ***
nastja336: raises $1.50 to $2.50
BGS013: folds 
Manifestorr: folds 
CEPTT: folds 
moko5412: calls $2
nikalas22: folds 
*** FLOP *** [As 9h 2s]
moko5412: checks 
nastja336: bets $4.80
moko5412: calls $4.80
*** TURN *** [As 9h 2s] [Ks]
moko5412: checks 
nastja336: bets $11.40
moko5412: folds 
Uncalled bet ($11.40) returned to nastja336
nastja336 collected $14.82 from pot
nastja336: doesn't show hand 
*** SUMMARY ***
Total pot $15.60 | Rake $0.78 
Board [As 9h 2s Ks]
Seat 1: nastja336 collected ($14.82)
Seat 2: BGS013 folded before Flop (didn't bet)
Seat 3: Manifestorr folded before Flop (didn't bet)
Seat 4: CEPTT (button) folded before Flop (didn't bet)
Seat 5: moko5412 (small blind) folded on the Turn
Seat 6: nikalas22 (big blind) folded before Flop



PokerStars Hand #254630067043:  Hold'em No Limit ($0.50/$1.00 USD) - 2025/01/30 23:23:18 WET [2025/01/30 18:23:18 ET]
Table 'Vela' 6-max Seat #5 is the button
Seat 1: nastja336 ($119.91 in chips) 
Seat 2: BGS013 ($101.50 in chips) 
Seat 3: Manifestorr ($100 in chips) 
Seat 4: CEPTT ($106.51 in chips) 
Seat 5: moko5412 ($46.10 in chips) 
Seat 6: nikalas22 ($101.54 in chips) 
nikalas22: posts small blind $0.50
nastja336: posts big blind $1
*** HOLE CARDS ***
BGS013: folds 
Manifestorr: folds 
CEPTT: folds 
moko5412: calls $1
nikalas22: folds 
nastja336: checks 
*** FLOP *** [7s Th 5d]
nastja336: checks 
moko5412: checks 
*** TURN *** [7s Th 5d] [Qc]
nastja336: checks 
moko5412: checks 
*** RIVER *** [7s Th 5d Qc] [9c]
nastja336: bets $3.17
moko5412: folds 
Uncalled bet ($3.17) returned to nastja336
nastja336 collected $2.38 from pot
nastja336: doesn't show hand 
*** SUMMARY ***
Total pot $2.50 | Rake $0.12 
Board [7s Th 5d Qc 9c]
Seat 1: nastja336 (big blind) collected ($2.38)
Seat 2: BGS013 folded before Flop (didn't bet)
Seat 3: Manifestorr folded before Flop (didn't bet)
Seat 4: CEPTT folded before Flop (didn't bet)
Seat 5: moko5412 (button) folded on the River
Seat 6: nikalas22 (small blind) folded before Flop



PokerStars Hand #254630078886:  Hold'em No Limit ($0.50/$1.00 USD) - 2025/01/30 23:24:05 WET [2025/01/30 18:24:05 ET]
Table 'Vela' 6-max Seat #6 is the button
Seat 1: nastja336 ($121.29 in chips) 
Seat 2: BGS013 ($101.50 in chips) 
Seat 3: Manifestorr ($100 in chips) 
Seat 4: CEPTT ($106.51 in chips) 
Seat 5: moko5412 ($45.10 in chips) 
Seat 6: nikalas22 ($101.04 in chips) 
nastja336: posts small blind $0.50
BGS013: posts big blind $1
*** HOLE CARDS ***
Manifestorr: folds 
CEPTT: folds 
moko5412: folds 
moko5412 leaves the table
nikalas22: raises $1.50 to $2.50
nastja336: folds 
BGS013: calls $1.50
*** FLOP *** [3c 8h Qh]
BGS013: checks 
nikalas22: bets $3.92
BGS013: folds 
Uncalled bet ($3.92) returned to nikalas22
nikalas22 collected $5.22 from pot
nikalas22: doesn't show hand 
*** SUMMARY ***
Total pot $5.50 | Rake $0.28 
Board [3c 8h Qh]
Seat 1: nastja336 (small blind) folded before Flop
Seat 2: BGS013 (big blind) folded on the Flop
Seat 3: Manifestorr folded before Flop (didn't bet)
Seat 4: CEPTT folded before Flop (didn't bet)
Seat 5: moko5412 folded before Flop (didn't bet)
Seat 6: nikalas22 (button) collected ($5.22)



PokerStars Hand #254630088956:  Hold'em No Limit ($0.50/$1.00 USD) - 2025/01/30 23:24:46 WET [2025/01/30 18:24:46 ET]
Table 'Vela' 6-max Seat #2 is the button
Seat 1: nastja336 ($120.79 in chips) is sitting out
Seat 2: BGS013 ($100 in chips) 
Seat 3: Manifestorr ($100 in chips) 
Seat 4: CEPTT ($106.51 in chips) 
Seat 6: nikalas22 ($103.76 in chips) 
Manifestorr: posts small blind $0.50
CEPTT: posts big blind $1
*** HOLE CARDS ***
nastja336 leaves the table
nikalas22: folds 
BGS013: folds 
Manifestorr: folds 
Uncalled bet ($0.50) returned to CEPTT
CEPTT collected $1 from pot
CEPTT: doesn't show hand 
*** SUMMARY ***
Total pot $1 | Rake $0 
Seat 1: nastja336
Seat 2: BGS013 (button) folded before Flop (didn't bet)
Seat 3: Manifestorr (small blind) folded before Flop
Seat 4: CEPTT (big blind) collected ($1)
Seat 6: nikalas22 folded before Flop (didn't bet)



PokerStars Hand #254630091034:  Hold'em No Limit ($0.50/$1.00 USD) - 2025/01/30 23:24:54 WET [2025/01/30 18:24:54 ET]
Table 'Vela' 6-max Seat #3 is the button
Seat 6: nikalas22 ($103.76 in chips) is sitting out
Seat 2: BGS013 ($100 in chips) 
Seat 3: Manifestorr ($100 in chips) 
Seat 4: CEPTT ($107.01 in chips) 
CEPTT: posts small blind $0.50
BGS013: posts big blind $1
*** HOLE CARDS ***
nikalas22 leaves the table
Manifestorr: folds 
CEPTT: folds 
Uncalled bet ($0.50) returned to BGS013
BGS013 collected $1 from pot
BGS013: doesn't show hand 
*** SUMMARY ***
Total pot $1 | Rake $0 
Seat 6: nikalas22
Seat 2: BGS013 (big blind) collected ($1)
Seat 3: Manifestorr (button) folded before Flop (didn't bet)
Seat 4: CEPTT (small blind) folded before Flop



PokerStars Hand #254630093347:  Hold'em No Limit ($0.50/$1.00 USD) - 2025/01/30 23:25:03 WET [2025/01/30 18:25:03 ET]
Table 'Vela' 6-max Seat #2 is the button
Seat 3: Manifestorr ($100 in chips) is sitting out
Seat 2: BGS013 ($100.50 in chips) 
Seat 4: CEPTT ($106.51 in chips) 
BGS013: posts small blind $0.50
Manifestorr: is sitting out 
CEPTT: posts big blind $1
*** HOLE CARDS ***
BGS013: raises $1.50 to $2.50
Manifestorr leaves the table
CEPTT: raises $7.50 to $10
BGS013: calls $7.50
*** FLOP *** [As Kh 7h]
Weewillis101 joins the table at seat #5 
Weewillis101 is disconnected 
Quahrino joins the table at seat #1 
nastja336 joins the table at seat #3 
CEPTT: bets $9.50
BGS013: folds 
Uncalled bet ($9.50) returned to CEPTT
reiyser joins the table at seat #6 
CEPTT collected $19 from pot
CEPTT: doesn't show hand 
*** SUMMARY ***
Total pot $20 | Rake $1 
Board [As Kh 7h]
Seat 3: Manifestorr
Seat 2: BGS013 (button) (small blind) folded on the Flop
Seat 4: CEPTT (big blind) collected ($19)



PokerStars Hand #254630099574:  Hold'em No Limit ($0.50/$1.00 USD) - 2025/01/30 23:25:27 WET [2025/01/30 18:25:27 ET]
Table 'Vela' 6-max Seat #4 is the button
Seat 1: Quahrino ($100 in chips) is sitting out
Seat 5: Weewillis101 ($100 in chips) is sitting out
Seat 6: reiyser ($100 in chips) is sitting out
Seat 2: BGS013 ($100 in chips) 
Seat 3: nastja336 ($120.79 in chips) 
Seat 4: CEPTT ($115.51 in chips) 
BGS013: posts small blind $0.50
nastja336: posts big blind $1
*** HOLE CARDS ***
CEPTT: folds 
BGS013: raises $2 to $3
nastja336: folds 
Uncalled bet ($2) returned to BGS013
BGS013 collected $2 from pot
BGS013: doesn't show hand 
*** SUMMARY ***
Total pot $2 | Rake $0 
Seat 1: Quahrino
Seat 5: Weewillis101
Seat 6: reiyser
Seat 2: BGS013 (small blind) collected ($2)
Seat 3: nastja336 (big blind) folded before Flop
Seat 4: CEPTT (button) folded before Flop (didn't bet)



PokerStars Hand #254630101944:  Hold'em No Limit ($0.50/$1.00 USD) - 2025/01/30 23:25:37 WET [2025/01/30 18:25:37 ET]
Table 'Vela' 6-max Seat #2 is the button
Seat 1: Quahrino ($100 in chips) is sitting out
Seat 5: Weewillis101 ($100 in chips) is sitting out
Seat 6: reiyser ($100 in chips) is sitting out
Seat 2: BGS013 ($101 in chips) 
Seat 3: nastja336 ($119.79 in chips) 
Seat 4: CEPTT ($115.51 in chips) 
nastja336: posts small blind $0.50
CEPTT: posts big blind $1
Weewillis101: sits out 
reiyser: sits out 
Quahrino: sits out 
*** HOLE CARDS ***
BGS013: raises $1.50 to $2.50
nastja336: folds 
CEPTT: folds 
Uncalled bet ($1.50) returned to BGS013
BGS013 collected $2.50 from pot
BGS013: doesn't show hand 
*** SUMMARY ***
Total pot $2.50 | Rake $0 
Seat 1: Quahrino
Seat 5: Weewillis101
Seat 6: reiyser
Seat 2: BGS013 (button) collected ($2.50)
Seat 3: nastja336 (small blind) folded before Flop
Seat 4: CEPTT (big blind) folded before Flop



PokerStars Hand #254630104708:  Hold'em No Limit ($0.50/$1.00 USD) - 2025/01/30 23:25:48 WET [2025/01/30 18:25:48 ET]
Table 'Vela' 6-max Seat #3 is the button
Seat 1: Quahrino ($100 in chips) is sitting out
Seat 6: reiyser ($100 in chips) is sitting out
Seat 2: BGS013 ($102.50 in chips) 
Seat 3: nastja336 ($119.29 in chips) 
Seat 4: CEPTT ($114.51 in chips) 
Seat 5: Weewillis101 ($100 in chips) 
CEPTT: posts small blind $0.50
Weewillis101: posts big blind $1
reiyser: sits out 
Quahrino: sits out 
*** HOLE CARDS ***
BGS013: folds 
nastja336: raises $1.50 to $2.50
CEPTT: folds 
Weewillis101: calls $1.50
*** FLOP *** [Qc 9h Th]
Weewillis101: checks 
nastja336: bets $1.72
Weewillis101: raises $2.72 to $4.44
nastja336: calls $2.72
*** TURN *** [Qc 9h Th] [3s]
Weewillis101: bets $6.83
nastja336: calls $6.83
*** RIVER *** [Qc 9h Th 3s] [2h]
Weewillis101: checks 
nastja336: bets $23.20
Weewillis101: calls $23.20
*** SHOW DOWN ***
nastja336: shows [Kh 5h] (a flush, King high)
Weewillis101: mucks hand 
nastja336 collected $73.44 from pot
*** SUMMARY ***
Total pot $74.44 | Rake $1 
Board [Qc 9h Th 3s 2h]
Seat 1: Quahrino
Seat 6: reiyser
Seat 2: BGS013 folded before Flop (didn't bet)
Seat 3: nastja336 (button) showed [Kh 5h] and won ($73.44) with a flush, King high
Seat 4: CEPTT (small blind) folded before Flop
Seat 5: Weewillis101 (big blind) mucked



PokerStars Hand #254630123087:  Hold'em No Limit ($0.50/$1.00 USD) - 2025/01/30 23:27:01 WET [2025/01/30 18:27:01 ET]
Table 'Vela' 6-max Seat #4 is the button
Seat 1: Quahrino ($100 in chips) is sitting out
Seat 2: BGS013 ($102.50 in chips) 
Seat 3: nastja336 ($155.76 in chips) 
Seat 4: CEPTT ($114.01 in chips) 
Seat 5: Weewillis101 ($63.03 in chips) 
Seat 6: reiyser ($100 in chips) 
Weewillis101: posts small blind $0.50
reiyser: posts big blind $1
Quahrino: sits out 
*** HOLE CARDS ***
BGS013: raises $1 to $2
nastja336: folds 
CEPTT: folds 
Weewillis101: folds 
reiyser: folds 
Uncalled bet ($1) returned to BGS013
BGS013 collected $2.50 from pot
BGS013: doesn't show hand 
*** SUMMARY ***
Total pot $2.50 | Rake $0 
Seat 1: Quahrino
Seat 2: BGS013 collected ($2.50)
Seat 3: nastja336 folded before Flop (didn't bet)
Seat 4: CEPTT (button) folded before Flop (didn't bet)
Seat 5: Weewillis101 (small blind) folded before Flop
Seat 6: reiyser (big blind) folded before Flop



PokerStars Hand #254630127643:  Hold'em No Limit ($0.50/$1.00 USD) - 2025/01/30 23:27:20 WET [2025/01/30 18:27:20 ET]
Table 'Vela' 6-max Seat #5 is the button
Seat 1: Quahrino ($100 in chips) 
Seat 2: BGS013 ($104 in chips) 
Seat 3: nastja336 ($155.76 in chips) 
Seat 4: CEPTT ($114.01 in chips) 
Seat 5: Weewillis101 ($62.53 in chips) 
Seat 6: reiyser ($100 in chips) 
reiyser: posts small blind $0.50
Quahrino: posts big blind $1
*** HOLE CARDS ***
BGS013: folds 
nastja336: folds 
CEPTT: folds 
Weewillis101: raises $2 to $3
reiyser: folds 
Quahrino: folds 
Uncalled bet ($2) returned to Weewillis101
Weewillis101 collected $2.50 from pot
*** SUMMARY ***
Total pot $2.50 | Rake $0 
Seat 1: Quahrino (big blind) folded before Flop
Seat 2: BGS013 folded before Flop (didn't bet)
Seat 3: nastja336 folded before Flop (didn't bet)
Seat 4: CEPTT folded before Flop (didn't bet)
Seat 5: Weewillis101 (button) collected ($2.50)
Seat 6: reiyser (small blind) folded before Flop



PokerStars Hand #254630133354:  Hold'em No Limit ($0.50/$1.00 USD) - 2025/01/30 23:27:43 WET [2025/01/30 18:27:43 ET]
Table 'Vela' 6-max Seat #6 is the button
Seat 1: Quahrino ($100 in chips) 
Seat 2: BGS013 ($104 in chips) 
Seat 3: nastja336 ($155.76 in chips) 
Seat 4: CEPTT ($114.01 in chips) 
Seat 5: Weewillis101 ($64.03 in chips) 
Seat 6: reiyser ($100 in chips) 
Quahrino: posts small blind $0.50
BGS013: posts big blind $1
*** HOLE CARDS ***
nastja336: folds 
CEPTT: raises $1.25 to $2.25
Weewillis101: folds 
reiyser: folds 
Quahrino: folds 
BGS013: calls $1.25
*** FLOP *** [4h 4s 4d]
BGS013: checks 
CEPTT: bets $3.56
BGS013: folds 
Uncalled bet ($3.56) returned to CEPTT
CEPTT collected $4.75 from pot
CEPTT: doesn't show hand 
*** SUMMARY ***
Total pot $5 | Rake $0.25 
Board [4h 4s 4d]
Seat 1: Quahrino (small blind) folded before Flop
Seat 2: BGS013 (big blind) folded on the Flop
Seat 3: nastja336 folded before Flop (didn't bet)
Seat 4: CEPTT collected ($4.75)
Seat 5: Weewillis101 folded before Flop (didn't bet)
Seat 6: reiyser (button) folded before Flop (didn't bet)



PokerStars Hand #254630144476:  Hold'em No Limit ($0.50/$1.00 USD) - 2025/01/30 23:28:27 WET [2025/01/30 18:28:27 ET]
Table 'Vela' 6-max Seat #1 is the button
Seat 3: nastja336 ($155.76 in chips) is sitting out
Seat 1: Quahrino ($100 in chips) 
Seat 2: BGS013 ($101.75 in chips) 
Seat 4: CEPTT ($116.51 in chips) 
Seat 5: Weewillis101 ($64.03 in chips) 
Seat 6: reiyser ($100 in chips) 
BGS013: posts small blind $0.50
nastja336: is sitting out 
CEPTT: posts big blind $1
*** HOLE CARDS ***
nastja336 leaves the table
Weewillis101: folds 
reiyser: folds 
Quahrino: folds 
BGS013: folds 
Uncalled bet ($0.50) returned to CEPTT
CEPTT collected $1 from pot
CEPTT: doesn't show hand 
*** SUMMARY ***
Total pot $1 | Rake $0 
Seat 3: nastja336
Seat 1: Quahrino (button) folded before Flop (didn't bet)
Seat 2: BGS013 (small blind) folded before Flop
Seat 4: CEPTT (big blind) collected ($1)
Seat 5: Weewillis101 folded before Flop (didn't bet)
Seat 6: reiyser folded before Flop (didn't bet)



PokerStars Hand #254630147140:  Hold'em No Limit ($0.50/$1.00 USD) - 2025/01/30 23:28:38 WET [2025/01/30 18:28:38 ET]
Table 'Vela' 6-max Seat #2 is the button
Seat 1: Quahrino ($100 in chips) 
Seat 2: BGS013 ($101.25 in chips) 
Seat 4: CEPTT ($117.01 in chips) 
Seat 5: Weewillis101 ($64.03 in chips) 
Seat 6: reiyser ($100 in chips) 
CEPTT: posts small blind $0.50
Weewillis101: posts big blind $1
*** HOLE CARDS ***
reiyser: raises $1.23 to $2.23
Quahrino: folds 
BGS013: folds 
elcutez joins the table at seat #3 
elcutez is disconnected 
CEPTT: folds 
Weewillis101: folds 
Uncalled bet ($1.23) returned to reiyser
reiyser collected $2.50 from pot
reiyser: doesn't show hand 
*** SUMMARY ***
Total pot $2.50 | Rake $0 
Seat 1: Quahrino folded before Flop (didn't bet)
Seat 2: BGS013 (button) folded before Flop (didn't bet)
Seat 4: CEPTT (small blind) folded before Flop
Seat 5: Weewillis101 (big blind) folded before Flop
Seat 6: reiyser collected ($2.50)



PokerStars Hand #254630151037:  Hold'em No Limit ($0.50/$1.00 USD) - 2025/01/30 23:28:53 WET [2025/01/30 18:28:53 ET]
Table 'Vela' 6-max Seat #4 is the button
Seat 1: Quahrino ($100 in chips) 
Seat 2: BGS013 ($101.25 in chips) 
Seat 3: elcutez ($100 in chips) 
Seat 4: CEPTT ($116.51 in chips) 
Seat 5: Weewillis101 ($63.03 in chips) 
Seat 6: reiyser ($101.50 in chips) 
Weewillis101: posts small blind $0.50
reiyser: posts big blind $1
elcutez: posts big blind $1
*** HOLE CARDS ***
Quahrino: folds 
BGS013: raises $3.50 to $4.50
elcutez: folds 
CEPTT: folds 
Weewillis101: folds 
reiyser: folds 
Uncalled bet ($3.50) returned to BGS013
BGS013 collected $3.50 from pot
BGS013: doesn't show hand 
*** SUMMARY ***
Total pot $3.50 | Rake $0 
Seat 1: Quahrino folded before Flop (didn't bet)
Seat 2: BGS013 collected ($3.50)
Seat 3: elcutez folded before Flop (didn't bet)
Seat 4: CEPTT (button) folded before Flop (didn't bet)
Seat 5: Weewillis101 (small blind) folded before Flop
Seat 6: reiyser (big blind) folded before Flop



PokerStars Hand #254630155734:  Hold'em No Limit ($0.50/$1.00 USD) - 2025/01/30 23:29:13 WET [2025/01/30 18:29:13 ET]
Table 'Vela' 6-max Seat #5 is the button
Seat 1: Quahrino ($100 in chips) 
Seat 2: BGS013 ($103.75 in chips) 
Seat 3: elcutez ($99 in chips) 
Seat 4: CEPTT ($116.51 in chips) 
Seat 5: Weewillis101 ($62.53 in chips) 
Seat 6: reiyser ($100.50 in chips) 
reiyser: posts small blind $0.50
Quahrino: posts big blind $1
*** HOLE CARDS ***
BGS013: folds 
elcutez: folds 
CEPTT: folds 
Weewillis101: raises $2 to $3
reiyser: folds 
Quahrino: calls $2
*** FLOP *** [Ad Jh 9s]
Quahrino: checks 
Weewillis101: bets $3.09
Quahrino: folds 
Uncalled bet ($3.09) returned to Weewillis101
Weewillis101 collected $6.18 from pot
*** SUMMARY ***
Total pot $6.50 | Rake $0.32 
Board [Ad Jh 9s]
Seat 1: Quahrino (big blind) folded on the Flop
Seat 2: BGS013 folded before Flop (didn't bet)
Seat 3: elcutez folded before Flop (didn't bet)
Seat 4: CEPTT folded before Flop (didn't bet)
Seat 5: Weewillis101 (button) collected ($6.18)
Seat 6: reiyser (small blind) folded before Flop



PokerStars Hand #254630161953:  Hold'em No Limit ($0.50/$1.00 USD) - 2025/01/30 23:29:38 WET [2025/01/30 18:29:38 ET]
Table 'Vela' 6-max Seat #6 is the button
Seat 1: Quahrino ($100 in chips) 
Seat 2: BGS013 ($103.75 in chips) 
Seat 3: elcutez ($99 in chips) 
Seat 4: CEPTT ($116.51 in chips) 
Seat 5: Weewillis101 ($65.71 in chips) 
Seat 6: reiyser ($100 in chips) 
Quahrino: posts small blind $0.50
BGS013: posts big blind $1
*** HOLE CARDS ***
elcutez: folds 
CEPTT: folds 
Weewillis101: folds 
reiyser: raises $1.23 to $2.23
Quahrino: folds 
BGS013: calls $1.23
*** FLOP *** [Ac 4c 9s]
BGS013: checks 
reiyser: checks 
*** TURN *** [Ac 4c 9s] [As]
BGS013: checks 
reiyser: checks 
*** RIVER *** [Ac 4c 9s As] [Ah]
BGS013: bets $3.67
reiyser: folds 
Uncalled bet ($3.67) returned to BGS013
BGS013 collected $4.71 from pot
BGS013: doesn't show hand 
*** SUMMARY ***
Total pot $4.96 | Rake $0.25 
Board [Ac 4c 9s As Ah]
Seat 1: Quahrino (small blind) folded before Flop
Seat 2: BGS013 (big blind) collected ($4.71)
Seat 3: elcutez folded before Flop (didn't bet)
Seat 4: CEPTT folded before Flop (didn't bet)
Seat 5: Weewillis101 folded before Flop (didn't bet)
Seat 6: reiyser (button) folded on the River



PokerStars Hand #254630180859:  Hold'em No Limit ($0.50/$1.00 USD) - 2025/01/30 23:30:54 WET [2025/01/30 18:30:54 ET]
Table 'Vela' 6-max Seat #1 is the button
Seat 1: Quahrino ($100 in chips) 
Seat 2: BGS013 ($106.23 in chips) 
Seat 3: elcutez ($99 in chips) 
Seat 4: CEPTT ($116.51 in chips) 
Seat 5: Weewillis101 ($65.71 in chips) 
Seat 6: reiyser ($100 in chips) 
BGS013: posts small blind $0.50
elcutez: posts big blind $1
*** HOLE CARDS ***
CEPTT: folds 
Weewillis101: folds 
reiyser: raises $1.23 to $2.23
Quahrino: raises $5.27 to $7.50
BGS013: folds 
elcutez: folds 
reiyser: folds 
Uncalled bet ($5.27) returned to Quahrino
Quahrino collected $5.96 from pot
Quahrino: doesn't show hand 
*** SUMMARY ***
Total pot $5.96 | Rake $0 
Seat 1: Quahrino (button) collected ($5.96)
Seat 2: BGS013 (small blind) folded before Flop
Seat 3: elcutez (big blind) folded before Flop
Seat 4: CEPTT folded before Flop (didn't bet)
Seat 5: Weewillis101 folded before Flop (didn't bet)
Seat 6: reiyser folded before Flop



PokerStars Hand #254630188817:  Hold'em No Limit ($0.50/$1.00 USD) - 2025/01/30 23:31:27 WET [2025/01/30 18:31:27 ET]
Table 'Vela' 6-max Seat #2 is the button
Seat 4: CEPTT ($116.51 in chips) is sitting out
Seat 1: Quahrino ($103.73 in chips) 
Seat 2: BGS013 ($105.73 in chips) 
Seat 3: elcutez ($98 in chips) 
Seat 5: Weewillis101 ($65.71 in chips) 
Seat 6: reiyser ($100 in chips) 
elcutez: posts small blind $0.50
CEPTT: is sitting out 
Weewillis101: posts big blind $1
*** HOLE CARDS ***
reiyser: raises $1.23 to $2.23
Quahrino: folds 
CEPTT leaves the table
coeeeelho joins the table at seat #4 
BGS013 has timed out
BGS013: folds 
elcutez: folds 
Weewillis101: folds 
Uncalled bet ($1.23) returned to reiyser
reiyser collected $2.50 from pot
reiyser: doesn't show hand 
*** SUMMARY ***
Total pot $2.50 | Rake $0 
Seat 4: CEPTT
Seat 1: Quahrino folded before Flop (didn't bet)
Seat 2: BGS013 (button) folded before Flop (didn't bet)
Seat 3: elcutez (small blind) folded before Flop
Seat 5: Weewillis101 (big blind) folded before Flop
Seat 6: reiyser collected ($2.50)



PokerStars Hand #254630195122:  Hold'em No Limit ($0.50/$1.00 USD) - 2025/01/30 23:31:52 WET [2025/01/30 18:31:52 ET]
Table 'Vela' 6-max Seat #3 is the button
Seat 4: coeeeelho ($100 in chips) is sitting out
Seat 1: Quahrino ($103.73 in chips) 
Seat 2: BGS013 ($105.73 in chips) 
Seat 3: elcutez ($97.50 in chips) 
Seat 5: Weewillis101 ($64.71 in chips) 
Seat 6: reiyser ($101.50 in chips) 
Weewillis101: posts small blind $0.50
reiyser: posts big blind $1
*** HOLE CARDS ***
Quahrino: folds 
BGS013: folds 
elcutez: folds 
Weewillis101: folds 
Uncalled bet ($0.50) returned to reiyser
reiyser collected $1 from pot
reiyser: doesn't show hand 
*** SUMMARY ***
Total pot $1 | Rake $0 
Seat 4: coeeeelho
Seat 1: Quahrino folded before Flop (didn't bet)
Seat 2: BGS013 folded before Flop (didn't bet)
Seat 3: elcutez (button) folded before Flop (didn't bet)
Seat 5: Weewillis101 (small blind) folded before Flop
Seat 6: reiyser (big blind) collected ($1)



PokerStars Hand #254630198319:  Hold'em No Limit ($0.50/$1.00 USD) - 2025/01/30 23:32:06 WET [2025/01/30 18:32:06 ET]
Table 'Vela' 6-max Seat #5 is the button
Seat 4: coeeeelho ($100 in chips) is sitting out
Seat 1: Quahrino ($103.73 in chips) 
Seat 2: BGS013 ($105.73 in chips) 
Seat 3: elcutez ($97.50 in chips) 
Seat 5: Weewillis101 ($64.21 in chips) 
Seat 6: reiyser ($102 in chips) 
reiyser: posts small blind $0.50
Quahrino: posts big blind $1
coeeeelho: sits out 
*** HOLE CARDS ***
BGS013: folds 
elcutez: folds 
Weewillis101: folds 
reiyser: folds 
Uncalled bet ($0.50) returned to Quahrino
Quahrino collected $1 from pot
Quahrino: doesn't show hand 
*** SUMMARY ***
Total pot $1 | Rake $0 
Seat 4: coeeeelho
Seat 1: Quahrino (big blind) collected ($1)
Seat 2: BGS013 folded before Flop (didn't bet)
Seat 3: elcutez folded before Flop (didn't bet)
Seat 5: Weewillis101 (button) folded before Flop (didn't bet)
Seat 6: reiyser (small blind) folded before Flop



PokerStars Hand #254630201228:  Hold'em No Limit ($0.50/$1.00 USD) - 2025/01/30 23:32:17 WET [2025/01/30 18:32:17 ET]
Table 'Vela' 6-max Seat #6 is the button
Seat 4: coeeeelho ($100 in chips) is sitting out
Seat 1: Quahrino ($104.23 in chips) 
Seat 2: BGS013 ($105.73 in chips) 
Seat 3: elcutez ($97.50 in chips) 
Seat 5: Weewillis101 ($64.21 in chips) 
Seat 6: reiyser ($101.50 in chips) 
Quahrino: posts small blind $0.50
BGS013: posts big blind $1
coeeeelho: sits out 
*** HOLE CARDS ***
elcutez: folds 
Weewillis101: raises $2 to $3
reiyser: folds 
Quahrino: folds 
BGS013: folds 
Uncalled bet ($2) returned to Weewillis101
Weewillis101 collected $2.50 from pot
*** SUMMARY ***
Total pot $2.50 | Rake $0 
Seat 4: coeeeelho
Seat 1: Quahrino (small blind) folded before Flop
Seat 2: BGS013 (big blind) folded before Flop
Seat 3: elcutez folded before Flop (didn't bet)
Seat 5: Weewillis101 collected ($2.50)
Seat 6: reiyser (button) folded before Flop (didn't bet)



PokerStars Hand #254630204765:  Hold'em No Limit ($0.50/$1.00 USD) - 2025/01/30 23:32:32 WET [2025/01/30 18:32:32 ET]
Table 'Vela' 6-max Seat #1 is the button
Seat 4: coeeeelho ($100 in chips) is sitting out
Seat 1: Quahrino ($103.73 in chips) 
Seat 2: BGS013 ($104.73 in chips) 
Seat 3: elcutez ($97.50 in chips) 
Seat 5: Weewillis101 ($65.71 in chips) 
Seat 6: reiyser ($101.50 in chips) 
BGS013: posts small blind $0.50
elcutez: posts big blind $1
coeeeelho: sits out 
*** HOLE CARDS ***
Weewillis101: folds 
reiyser: folds 
Quahrino: raises $1.50 to $2.50
BGS013: folds 
elcutez: folds 
Uncalled bet ($1.50) returned to Quahrino
Quahrino collected $2.50 from pot
Quahrino: doesn't show hand 
*** SUMMARY ***
Total pot $2.50 | Rake $0 
Seat 4: coeeeelho
Seat 1: Quahrino (button) collected ($2.50)
Seat 2: BGS013 (small blind) folded before Flop
Seat 3: elcutez (big blind) folded before Flop
Seat 5: Weewillis101 folded before Flop (didn't bet)
Seat 6: reiyser folded before Flop (didn't bet)



PokerStars Hand #254630207980:  Hold'em No Limit ($0.50/$1.00 USD) - 2025/01/30 23:32:45 WET [2025/01/30 18:32:45 ET]
Table 'Vela' 6-max Seat #2 is the button
Seat 1: Quahrino ($105.23 in chips) 
Seat 2: BGS013 ($104.23 in chips) 
Seat 3: elcutez ($96.50 in chips) 
Seat 4: coeeeelho ($100 in chips) 
Seat 5: Weewillis101 ($65.71 in chips) 
Seat 6: reiyser ($101.50 in chips) 
elcutez: posts small blind $0.50
coeeeelho: posts big blind $1
*** HOLE CARDS ***
Weewillis101: folds 
reiyser: folds 
Quahrino: folds 
BGS013: raises $1.50 to $2.50
elcutez: folds 
coeeeelho: calls $1.50
*** FLOP *** [Ks Jh Tc]
coeeeelho: checks 
BGS013: checks 
*** TURN *** [Ks Jh Tc] [4d]
coeeeelho: checks 
BGS013: bets $1.36
coeeeelho: calls $1.36
*** RIVER *** [Ks Jh Tc 4d] [4c]
coeeeelho: checks 
BGS013: bets $5.50
coeeeelho: folds [3d]
Uncalled bet ($5.50) returned to BGS013
BGS013 collected $7.81 from pot
BGS013: doesn't show hand 
*** SUMMARY ***
Total pot $8.22 | Rake $0.41 
Board [Ks Jh Tc 4d 4c]
Seat 1: Quahrino folded before Flop (didn't bet)
Seat 2: BGS013 (button) collected ($7.81)
Seat 3: elcutez (small blind) folded before Flop
Seat 4: coeeeelho (big blind) folded on the River
Seat 5: Weewillis101 folded before Flop (didn't bet)
Seat 6: reiyser folded before Flop (didn't bet)



PokerStars Hand #254630234833:  Hold'em No Limit ($0.50/$1.00 USD) - 2025/01/30 23:34:36 WET [2025/01/30 18:34:36 ET]
Table 'Vela' 6-max Seat #3 is the button
Seat 1: Quahrino ($105.23 in chips) 
Seat 2: BGS013 ($108.18 in chips) 
Seat 3: elcutez ($96 in chips) 
Seat 4: coeeeelho ($100 in chips) 
Seat 5: Weewillis101 ($65.71 in chips) 
Seat 6: reiyser ($101.50 in chips) 
coeeeelho: posts small blind $0.50
Weewillis101: posts big blind $1
*** HOLE CARDS ***
reiyser: folds 
Quahrino: folds 
BGS013: raises $1.50 to $2.50
elcutez: calls $2.50
coeeeelho: raises $11.50 to $14
Weewillis101: folds 
BGS013: folds 
elcutez: calls $11.50
*** FLOP *** [6h 3c 5h]
coeeeelho: checks 
elcutez: checks 
*** TURN *** [6h 3c 5h] [3h]
coeeeelho: checks 
elcutez: checks 
*** RIVER *** [6h 3c 5h 3h] [6s]
coeeeelho: bets $10
elcutez: folds 
Uncalled bet ($10) returned to coeeeelho
coeeeelho collected $29.92 from pot
coeeeelho: shows [Qs]
*** SUMMARY ***
Total pot $31.50 | Rake $1.58 
Board [6h 3c 5h 3h 6s]
Seat 1: Quahrino folded before Flop (didn't bet)
Seat 2: BGS013 folded before Flop
Seat 3: elcutez (button) folded on the River
Seat 4: coeeeelho (small blind) collected ($29.92)
Seat 5: Weewillis101 (big blind) folded before Flop
Seat 6: reiyser folded before Flop (didn't bet)



PokerStars Hand #254630250892:  Hold'em No Limit ($0.50/$1.00 USD) - 2025/01/30 23:35:42 WET [2025/01/30 18:35:42 ET]
Table 'Vela' 6-max Seat #4 is the button
Seat 1: Quahrino ($105.23 in chips) 
Seat 2: BGS013 ($105.68 in chips) 
Seat 3: elcutez ($82 in chips) 
Seat 4: coeeeelho ($115.92 in chips) 
Seat 5: Weewillis101 ($64.71 in chips) 
Seat 6: reiyser ($101.50 in chips) 
Weewillis101: posts small blind $0.50
reiyser: posts big blind $1
*** HOLE CARDS ***
Quahrino: folds 
BGS013: folds 
elcutez: folds 
coeeeelho: folds 
Weewillis101: raises $2 to $3
elcutez leaves the table
reiyser: calls $2
*** FLOP *** [6h Qd Kh]
Weewillis101: bets $3
reiyser: calls $3
*** TURN *** [6h Qd Kh] [5s]
Weewillis101: checks 
reiyser: checks 
*** RIVER *** [6h Qd Kh 5s] [9s]
Weewillis101: checks 
reiyser: bets $5.93
Weewillis101: calls $5.93
*** SHOW DOWN ***
reiyser: shows [Tc Jc] (a straight, Nine to King)
Weewillis101: mucks hand 
reiyser collected $22.67 from pot
*** SUMMARY ***
Total pot $23.86 | Rake $1.19 
Board [6h Qd Kh 5s 9s]
Seat 1: Quahrino folded before Flop (didn't bet)
Seat 2: BGS013 folded before Flop (didn't bet)
Seat 3: elcutez folded before Flop (didn't bet)
Seat 4: coeeeelho (button) folded before Flop (didn't bet)
Seat 5: Weewillis101 (small blind) mucked
Seat 6: reiyser (big blind) showed [Tc Jc] and won ($22.67) with a straight, Nine to King



PokerStars Hand #254630265781:  Hold'em No Limit ($0.50/$1.00 USD) - 2025/01/30 23:36:43 WET [2025/01/30 18:36:43 ET]
Table 'Vela' 6-max Seat #5 is the button
Seat 1: Quahrino ($105.23 in chips) 
Seat 2: BGS013 ($105.68 in chips) 
Seat 4: coeeeelho ($115.92 in chips) 
Seat 5: Weewillis101 ($52.78 in chips) 
Seat 6: reiyser ($112.24 in chips) 
reiyser: posts small blind $0.50
Quahrino: posts big blind $1
*** HOLE CARDS ***
BGS013: folds 
coeeeelho: folds 
Weewillis101: folds 
reiyser: folds 
Uncalled bet ($0.50) returned to Quahrino
Quahrino collected $1 from pot
Quahrino: doesn't show hand 
*** SUMMARY ***
Total pot $1 | Rake $0 
Seat 1: Quahrino (big blind) collected ($1)
Seat 2: BGS013 folded before Flop (didn't bet)
Seat 4: coeeeelho folded before Flop (didn't bet)
Seat 5: Weewillis101 (button) folded before Flop (didn't bet)
Seat 6: reiyser (small blind) folded before Flop



PokerStars Hand #254630268274:  Hold'em No Limit ($0.50/$1.00 USD) - 2025/01/30 23:36:53 WET [2025/01/30 18:36:53 ET]
Table 'Vela' 6-max Seat #6 is the button
Seat 1: Quahrino ($105.73 in chips) 
Seat 2: BGS013 ($105.68 in chips) 
Seat 4: coeeeelho ($115.92 in chips) 
Seat 5: Weewillis101 ($52.78 in chips) 
Seat 6: reiyser ($111.74 in chips) 
Quahrino: posts small blind $0.50
BGS013: posts big blind $1
*** HOLE CARDS ***
coeeeelho: folds 
Weewillis101: folds 
reiyser: folds 
Quahrino: folds 
Uncalled bet ($0.50) returned to BGS013
BGS013 collected $1 from pot
BGS013: doesn't show hand 
*** SUMMARY ***
Total pot $1 | Rake $0 
Seat 1: Quahrino (small blind) folded before Flop
Seat 2: BGS013 (big blind) collected ($1)
Seat 4: coeeeelho folded before Flop (didn't bet)
Seat 5: Weewillis101 folded before Flop (didn't bet)
Seat 6: reiyser (button) folded before Flop (didn't bet)



PokerStars Hand #254630270570:  Hold'em No Limit ($0.50/$1.00 USD) - 2025/01/30 23:37:02 WET [2025/01/30 18:37:02 ET]
Table 'Vela' 6-max Seat #1 is the button
Seat 1: Quahrino ($105.23 in chips) 
Seat 2: BGS013 ($106.18 in chips) 
Seat 4: coeeeelho ($115.92 in chips) 
Seat 5: Weewillis101 ($52.78 in chips) 
Seat 6: reiyser ($111.74 in chips) 
BGS013: posts small blind $0.50
coeeeelho: posts big blind $1
*** HOLE CARDS ***
Weewillis101: raises $2 to $3
reiyser: raises $6 to $9
Quahrino: folds 
BGS013: folds 
coeeeelho: folds 
Weewillis101: folds 
Uncalled bet ($6) returned to reiyser
reiyser collected $7.50 from pot
reiyser: doesn't show hand 
*** SUMMARY ***
Total pot $7.50 | Rake $0 
Seat 1: Quahrino (button) folded before Flop (didn't bet)
Seat 2: BGS013 (small blind) folded before Flop
Seat 4: coeeeelho (big blind) folded before Flop
Seat 5: Weewillis101 folded before Flop
Seat 6: reiyser collected ($7.50)



PokerStars Hand #254630274700:  Hold'em No Limit ($0.50/$1.00 USD) - 2025/01/30 23:37:20 WET [2025/01/30 18:37:20 ET]
Table 'Vela' 6-max Seat #2 is the button
Seat 1: Quahrino ($105.23 in chips) 
Seat 2: BGS013 ($105.68 in chips) 
Seat 4: coeeeelho ($114.92 in chips) 
Seat 5: Weewillis101 ($49.78 in chips) 
Seat 6: reiyser ($116.24 in chips) 
coeeeelho: posts small blind $0.50
Weewillis101: posts big blind $1
*** HOLE CARDS ***
reiyser: folds 
Quahrino: folds 
BGS013: folds 
coeeeelho: raises $2 to $3
Weewillis101: folds 
Uncalled bet ($2) returned to coeeeelho
coeeeelho collected $2 from pot
*** SUMMARY ***
Total pot $2 | Rake $0 
Seat 1: Quahrino folded before Flop (didn't bet)
Seat 2: BGS013 (button) folded before Flop (didn't bet)
Seat 4: coeeeelho (small blind) collected ($2)
Seat 5: Weewillis101 (big blind) folded before Flop
Seat 6: reiyser folded before Flop (didn't bet)



PokerStars Hand #254630278186:  Hold'em No Limit ($0.50/$1.00 USD) - 2025/01/30 23:37:34 WET [2025/01/30 18:37:34 ET]
Table 'Vela' 6-max Seat #4 is the button
Seat 1: Quahrino ($105.23 in chips) 
Seat 2: BGS013 ($105.68 in chips) 
Seat 4: coeeeelho ($115.92 in chips) 
Seat 5: Weewillis101 ($48.78 in chips) 
Seat 6: reiyser ($116.24 in chips) 
Weewillis101: posts small blind $0.50
reiyser: posts big blind $1
*** HOLE CARDS ***
Quahrino: folds 
BGS013: folds 
coeeeelho: folds 
Weewillis101: raises $2 to $3
reiyser: calls $2
*** FLOP *** [Kc 4d 6s]
Weewillis101: bets $2.85
reiyser: folds 
Uncalled bet ($2.85) returned to Weewillis101
Weewillis101 collected $5.70 from pot
*** SUMMARY ***
Total pot $6 | Rake $0.30 
Board [Kc 4d 6s]
Seat 1: Quahrino folded before Flop (didn't bet)
Seat 2: BGS013 folded before Flop (didn't bet)
Seat 4: coeeeelho (button) folded before Flop (didn't bet)
Seat 5: Weewillis101 (small blind) collected ($5.70)
Seat 6: reiyser (big blind) folded on the Flop



PokerStars Hand #254630283980:  Hold'em No Limit ($0.50/$1.00 USD) - 2025/01/30 23:37:58 WET [2025/01/30 18:37:58 ET]
Table 'Vela' 6-max Seat #5 is the button
Seat 1: Quahrino ($105.23 in chips) 
Seat 2: BGS013 ($105.68 in chips) 
Seat 4: coeeeelho ($115.92 in chips) 
Seat 5: Weewillis101 ($51.48 in chips) 
Seat 6: reiyser ($113.24 in chips) 
reiyser: posts small blind $0.50
Quahrino: posts big blind $1
*** HOLE CARDS ***
BGS013: raises $1 to $2
coeeeelho: folds 
Weewillis101: folds 
reiyser: folds 
Quahrino: calls $1
*** FLOP *** [As 3h 5s]
Quahrino: checks 
BGS013: checks 
*** TURN *** [As 3h 5s] [8c]
Tibibacsi joins the table at seat #3 
Quahrino: bets $6.42
BGS013: folds 
Uncalled bet ($6.42) returned to Quahrino
Quahrino collected $4.28 from pot
Quahrino: doesn't show hand 
*** SUMMARY ***
Total pot $4.50 | Rake $0.22 
Board [As 3h 5s 8c]
Seat 1: Quahrino (big blind) collected ($4.28)
Seat 2: BGS013 folded on the Turn
Seat 4: coeeeelho folded before Flop (didn't bet)
Seat 5: Weewillis101 (button) folded before Flop (didn't bet)
Seat 6: reiyser (small blind) folded before Flop



PokerStars Hand #254630293023:  Hold'em No Limit ($0.50/$1.00 USD) - 2025/01/30 23:38:35 WET [2025/01/30 18:38:35 ET]
Table 'Vela' 6-max Seat #6 is the button
Seat 3: Tibibacsi ($100 in chips) is sitting out
Seat 1: Quahrino ($107.51 in chips) 
Seat 2: BGS013 ($103.68 in chips) 
Seat 4: coeeeelho ($115.92 in chips) 
Seat 5: Weewillis101 ($51.48 in chips) 
Seat 6: reiyser ($112.74 in chips) 
Quahrino: posts small blind $0.50
BGS013: posts big blind $1
Tibibacsi: sits out 
*** HOLE CARDS ***
coeeeelho: folds 
Weewillis101: folds 
reiyser: folds 
Quahrino: raises $2 to $3
BGS013: folds 
Uncalled bet ($2) returned to Quahrino
Quahrino collected $2 from pot
Quahrino: doesn't show hand 
*** SUMMARY ***
Total pot $2 | Rake $0 
Seat 3: Tibibacsi
Seat 1: Quahrino (small blind) collected ($2)
Seat 2: BGS013 (big blind) folded before Flop
Seat 4: coeeeelho folded before Flop (didn't bet)
Seat 5: Weewillis101 folded before Flop (didn't bet)
Seat 6: reiyser (button) folded before Flop (didn't bet)



PokerStars Hand #254630295553:  Hold'em No Limit ($0.50/$1.00 USD) - 2025/01/30 23:38:46 WET [2025/01/30 18:38:46 ET]
Table 'Vela' 6-max Seat #1 is the button
Seat 1: Quahrino ($108.51 in chips) 
Seat 2: BGS013 ($102.68 in chips) 
Seat 3: Tibibacsi ($100 in chips) 
Seat 4: coeeeelho ($115.92 in chips) 
Seat 5: Weewillis101 ($51.48 in chips) 
Seat 6: reiyser ($112.74 in chips) 
BGS013: posts small blind $0.50
Tibibacsi: posts big blind $1
*** HOLE CARDS ***
coeeeelho: folds 
Weewillis101: raises $2 to $3
reiyser: folds 
Quahrino: calls $3
BGS013: folds 
Tibibacsi: folds 
*** FLOP *** [Th Ts Tc]
Weewillis101: bets $5
Quahrino: folds 
Uncalled bet ($5) returned to Weewillis101
Weewillis101 collected $7.12 from pot
*** SUMMARY ***
Total pot $7.50 | Rake $0.38 
Board [Th Ts Tc]
Seat 1: Quahrino (button) folded on the Flop
Seat 2: BGS013 (small blind) folded before Flop
Seat 3: Tibibacsi (big blind) folded before Flop
Seat 4: coeeeelho folded before Flop (didn't bet)
Seat 5: Weewillis101 collected ($7.12)
Seat 6: reiyser folded before Flop (didn't bet)



PokerStars Hand #254630303119:  Hold'em No Limit ($0.50/$1.00 USD) - 2025/01/30 23:39:18 WET [2025/01/30 18:39:18 ET]
Table 'Vela' 6-max Seat #2 is the button
Seat 1: Quahrino ($105.51 in chips) 
Seat 2: BGS013 ($102.18 in chips) 
Seat 3: Tibibacsi ($100 in chips) 
Seat 4: coeeeelho ($115.92 in chips) 
Seat 5: Weewillis101 ($55.60 in chips) 
Seat 6: reiyser ($112.74 in chips) 
Tibibacsi: posts small blind $0.50
coeeeelho: posts big blind $1
*** HOLE CARDS ***
Weewillis101: folds 
reiyser: raises $1.23 to $2.23
Quahrino: folds 
BGS013: folds 
Tibibacsi: folds 
coeeeelho: calls $1.23
*** FLOP *** [Kd 8h 2h]
coeeeelho: checks 
reiyser: bets $1.37
coeeeelho: folds 
Uncalled bet ($1.37) returned to reiyser
reiyser collected $4.71 from pot
reiyser: doesn't show hand 
*** SUMMARY ***
Total pot $4.96 | Rake $0.25 
Board [Kd 8h 2h]
Seat 1: Quahrino folded before Flop (didn't bet)
Seat 2: BGS013 (button) folded before Flop (didn't bet)
Seat 3: Tibibacsi (small blind) folded before Flop
Seat 4: coeeeelho (big blind) folded on the Flop
Seat 5: Weewillis101 folded before Flop (didn't bet)
Seat 6: reiyser collected ($4.71)



PokerStars Hand #254630312607:  Hold'em No Limit ($0.50/$1.00 USD) - 2025/01/30 23:39:57 WET [2025/01/30 18:39:57 ET]
Table 'Vela' 6-max Seat #3 is the button
Seat 1: Quahrino ($105.51 in chips) 
Seat 2: BGS013 ($102.18 in chips) 
Seat 3: Tibibacsi ($100 in chips) 
Seat 4: coeeeelho ($113.69 in chips) 
Seat 5: Weewillis101 ($55.60 in chips) 
Seat 6: reiyser ($115.22 in chips) 
coeeeelho: posts small blind $0.50
Weewillis101: posts big blind $1
*** HOLE CARDS ***
reiyser: folds 
Quahrino: folds 
BGS013: raises $1.50 to $2.50
Tibibacsi: folds 
coeeeelho: folds 
Weewillis101: folds 
Uncalled bet ($1.50) returned to BGS013
BGS013 collected $2.50 from pot
BGS013: doesn't show hand 
*** SUMMARY ***
Total pot $2.50 | Rake $0 
Seat 1: Quahrino folded before Flop (didn't bet)
Seat 2: BGS013 collected ($2.50)
Seat 3: Tibibacsi (button) folded before Flop (didn't bet)
Seat 4: coeeeelho (small blind) folded before Flop
Seat 5: Weewillis101 (big blind) folded before Flop
Seat 6: reiyser folded before Flop (didn't bet)



PokerStars Hand #254630316052:  Hold'em No Limit ($0.50/$1.00 USD) - 2025/01/30 23:40:12 WET [2025/01/30 18:40:12 ET]
Table 'Vela' 6-max Seat #4 is the button
Seat 1: Quahrino ($105.51 in chips) 
Seat 2: BGS013 ($103.68 in chips) 
Seat 3: Tibibacsi ($100 in chips) 
Seat 4: coeeeelho ($113.19 in chips) 
Seat 5: Weewillis101 ($54.60 in chips) 
Seat 6: reiyser ($115.22 in chips) 
Weewillis101: posts small blind $0.50
reiyser: posts big blind $1
*** HOLE CARDS ***
Quahrino: folds 
BGS013: folds 
Tibibacsi: folds 
coeeeelho: folds 
Weewillis101: raises $2 to $3
reiyser: folds 
Uncalled bet ($2) returned to Weewillis101
Weewillis101 collected $2 from pot
*** SUMMARY ***
Total pot $2 | Rake $0 
Seat 1: Quahrino folded before Flop (didn't bet)
Seat 2: BGS013 folded before Flop (didn't bet)
Seat 3: Tibibacsi folded before Flop (didn't bet)
Seat 4: coeeeelho (button) folded before Flop (didn't bet)
Seat 5: Weewillis101 (small blind) collected ($2)
Seat 6: reiyser (big blind) folded before Flop



PokerStars Hand #254630319470:  Hold'em No Limit ($0.50/$1.00 USD) - 2025/01/30 23:40:26 WET [2025/01/30 18:40:26 ET]
Table 'Vela' 6-max Seat #5 is the button
Seat 1: Quahrino ($105.51 in chips) 
Seat 2: BGS013 ($103.68 in chips) 
Seat 3: Tibibacsi ($100 in chips) 
Seat 4: coeeeelho ($113.19 in chips) 
Seat 5: Weewillis101 ($55.60 in chips) 
Seat 6: reiyser ($114.22 in chips) 
reiyser: posts small blind $0.50
Quahrino: posts big blind $1
*** HOLE CARDS ***
BGS013: raises $1 to $2
Tibibacsi: raises $4 to $6
coeeeelho: folds 
Weewillis101: folds 
reiyser: folds 
Quahrino: folds 
BGS013: folds 
Uncalled bet ($4) returned to Tibibacsi
Tibibacsi collected $5.50 from pot
Tibibacsi: doesn't show hand 
*** SUMMARY ***
Total pot $5.50 | Rake $0 
Seat 1: Quahrino (big blind) folded before Flop
Seat 2: BGS013 folded before Flop
Seat 3: Tibibacsi collected ($5.50)
Seat 4: coeeeelho folded before Flop (didn't bet)
Seat 5: Weewillis101 (button) folded before Flop (didn't bet)
Seat 6: reiyser (small blind) folded before Flop



PokerStars Hand #254630325386:  Hold'em No Limit ($0.50/$1.00 USD) - 2025/01/30 23:40:50 WET [2025/01/30 18:40:50 ET]
Table 'Vela' 6-max Seat #6 is the button
Seat 1: Quahrino ($104.51 in chips) 
Seat 2: BGS013 ($101.68 in chips) 
Seat 3: Tibibacsi ($103.50 in chips) 
Seat 4: coeeeelho ($113.19 in chips) 
Seat 5: Weewillis101 ($55.60 in chips) 
Seat 6: reiyser ($113.72 in chips) 
Quahrino: posts small blind $0.50
BGS013: posts big blind $1
*** HOLE CARDS ***
Tibibacsi: folds 
coeeeelho: folds 
Weewillis101: folds 
reiyser: folds 
Quahrino: raises $2 to $3
BGS013: folds 
Uncalled bet ($2) returned to Quahrino
Quahrino collected $2 from pot
Quahrino: doesn't show hand 
*** SUMMARY ***
Total pot $2 | Rake $0 
Seat 1: Quahrino (small blind) collected ($2)
Seat 2: BGS013 (big blind) folded before Flop
Seat 3: Tibibacsi folded before Flop (didn't bet)
Seat 4: coeeeelho folded before Flop (didn't bet)
Seat 5: Weewillis101 folded before Flop (didn't bet)
Seat 6: reiyser (button) folded before Flop (didn't bet)



PokerStars Hand #254630328778:  Hold'em No Limit ($0.50/$1.00 USD) - 2025/01/30 23:41:05 WET [2025/01/30 18:41:05 ET]
Table 'Vela' 6-max Seat #1 is the button
Seat 1: Quahrino ($105.51 in chips) 
Seat 2: BGS013 ($100.68 in chips) 
Seat 3: Tibibacsi ($103.50 in chips) 
Seat 4: coeeeelho ($113.19 in chips) 
Seat 5: Weewillis101 ($55.60 in chips) 
Seat 6: reiyser ($113.72 in chips) 
BGS013: posts small blind $0.50
Tibibacsi: posts big blind $1
*** HOLE CARDS ***
coeeeelho: folds 
Weewillis101: folds 
reiyser: folds 
Quahrino: raises $1.50 to $2.50
BGS013: folds 
Tibibacsi: calls $1.50
*** FLOP *** [4d 8h 5h]
Tibibacsi: checks 
Quahrino: checks 
*** TURN *** [4d 8h 5h] [Kd]
Tibibacsi: checks 
Quahrino: bets $3.92
Tibibacsi: raises $16.08 to $20
Quahrino: folds 
Uncalled bet ($16.08) returned to Tibibacsi
Tibibacsi collected $12.67 from pot
Tibibacsi: doesn't show hand 
*** SUMMARY ***
Total pot $13.34 | Rake $0.67 
Board [4d 8h 5h Kd]
Seat 1: Quahrino (button) folded on the Turn
Seat 2: BGS013 (small blind) folded before Flop
Seat 3: Tibibacsi (big blind) collected ($12.67)
Seat 4: coeeeelho folded before Flop (didn't bet)
Seat 5: Weewillis101 folded before Flop (didn't bet)
Seat 6: reiyser folded before Flop (didn't bet)



PokerStars Hand #254630343278:  Hold'em No Limit ($0.50/$1.00 USD) - 2025/01/30 23:42:06 WET [2025/01/30 18:42:06 ET]
Table 'Vela' 6-max Seat #2 is the button
Seat 1: Quahrino ($100 in chips) 
Seat 2: BGS013 ($100.18 in chips) 
Seat 3: Tibibacsi ($109.75 in chips) 
Seat 4: coeeeelho ($113.19 in chips) 
Seat 5: Weewillis101 ($55.60 in chips) 
Seat 6: reiyser ($113.72 in chips) 
Tibibacsi: posts small blind $0.50
coeeeelho: posts big blind $1
*** HOLE CARDS ***
Weewillis101: folds 
reiyser: folds 
Quahrino: folds 
BGS013: folds 
Tibibacsi: folds 
Uncalled bet ($0.50) returned to coeeeelho
coeeeelho collected $1 from pot
*** SUMMARY ***
Total pot $1 | Rake $0 
Seat 1: Quahrino folded before Flop (didn't bet)
Seat 2: BGS013 (button) folded before Flop (didn't bet)
Seat 3: Tibibacsi (small blind) folded before Flop
Seat 4: coeeeelho (big blind) collected ($1)
Seat 5: Weewillis101 folded before Flop (didn't bet)
Seat 6: reiyser folded before Flop (didn't bet)



PokerStars Hand #254630347566:  Hold'em No Limit ($0.50/$1.00 USD) - 2025/01/30 23:42:24 WET [2025/01/30 18:42:24 ET]
Table 'Vela' 6-max Seat #3 is the button
Seat 1: Quahrino ($100 in chips) 
Seat 2: BGS013 ($100.18 in chips) 
Seat 3: Tibibacsi ($109.25 in chips) 
Seat 4: coeeeelho ($113.69 in chips) 
Seat 5: Weewillis101 ($55.60 in chips) 
Seat 6: reiyser ($113.72 in chips) 
coeeeelho: posts small blind $0.50
Weewillis101: posts big blind $1
*** HOLE CARDS ***
reiyser: folds 
Quahrino: folds 
BGS013: raises $1.50 to $2.50
Tibibacsi: folds 
coeeeelho: raises $8.50 to $11
Weewillis101: calls $10
BGS013: calls $8.50
*** FLOP *** [Th 6s 3c]
coeeeelho: checks 
Weewillis101: checks 
BGS013: checks 
*** TURN *** [Th 6s 3c] [5h]
coeeeelho: bets $10.35
Weewillis101: calls $10.35
BGS013: folds 
*** RIVER *** [Th 6s 3c 5h] [Jc]
coeeeelho: bets $92.34 and is all-in
Weewillis101: calls $34.25 and is all-in
Uncalled bet ($58.09) returned to coeeeelho
*** SHOW DOWN ***
coeeeelho: shows [Kd Qs] (high card King)
Weewillis101: shows [Ks Kc] (a pair of Kings)
Weewillis101 collected $119.70 from pot
*** SUMMARY ***
Total pot $122.20 | Rake $2.50 
Board [Th 6s 3c 5h Jc]
Seat 1: Quahrino folded before Flop (didn't bet)
Seat 2: BGS013 folded on the Turn
Seat 3: Tibibacsi (button) folded before Flop (didn't bet)
Seat 4: coeeeelho (small blind) showed [Kd Qs] and lost with high card King
Seat 5: Weewillis101 (big blind) showed [Ks Kc] and won ($119.70) with a pair of Kings
Seat 6: reiyser folded before Flop (didn't bet)



PokerStars Hand #254630363018:  Hold'em No Limit ($0.50/$1.00 USD) - 2025/01/30 23:43:29 WET [2025/01/30 18:43:29 ET]
Table 'Vela' 6-max Seat #4 is the button
Seat 1: Quahrino ($100 in chips) 
Seat 2: BGS013 ($100 in chips) 
Seat 3: Tibibacsi ($109.25 in chips) 
Seat 4: coeeeelho ($100 in chips) 
Seat 5: Weewillis101 ($119.70 in chips) 
Seat 6: reiyser ($113.72 in chips) 
Weewillis101: posts small blind $0.50
reiyser: posts big blind $1
*** HOLE CARDS ***
Quahrino: folds 
BGS013: folds 
Tibibacsi: folds 
coeeeelho: raises $1.50 to $2.50
Weewillis101: calls $2
reiyser: raises $11.50 to $14
coeeeelho: folds 
Weewillis101: folds 
Uncalled bet ($11.50) returned to reiyser
reiyser collected $7.50 from pot
reiyser: doesn't show hand 
*** SUMMARY ***
Total pot $7.50 | Rake $0 
Seat 1: Quahrino folded before Flop (didn't bet)
Seat 2: BGS013 folded before Flop (didn't bet)
Seat 3: Tibibacsi folded before Flop (didn't bet)
Seat 4: coeeeelho (button) folded before Flop
Seat 5: Weewillis101 (small blind) folded before Flop
Seat 6: reiyser (big blind) collected ($7.50)



PokerStars Hand #254630371345:  Hold'em No Limit ($0.50/$1.00 USD) - 2025/01/30 23:44:05 WET [2025/01/30 18:44:05 ET]
Table 'Vela' 6-max Seat #5 is the button
Seat 1: Quahrino ($100 in chips) 
Seat 2: BGS013 ($100 in chips) 
Seat 3: Tibibacsi ($109.25 in chips) 
Seat 4: coeeeelho ($100 in chips) 
Seat 5: Weewillis101 ($117.20 in chips) 
Seat 6: reiyser ($118.72 in chips) 
reiyser: posts small blind $0.50
Quahrino: posts big blind $1
*** HOLE CARDS ***
BGS013: folds 
Tibibacsi: folds 
coeeeelho: folds 
Weewillis101: folds 
reiyser: raises $1.80 to $2.80
Quahrino: raises $6.20 to $9
reiyser: folds 
Uncalled bet ($6.20) returned to Quahrino
Quahrino collected $5.60 from pot
Quahrino: doesn't show hand 
*** SUMMARY ***
Total pot $5.60 | Rake $0 
Seat 1: Quahrino (big blind) collected ($5.60)
Seat 2: BGS013 folded before Flop (didn't bet)
Seat 3: Tibibacsi folded before Flop (didn't bet)
Seat 4: coeeeelho folded before Flop (didn't bet)
Seat 5: Weewillis101 (button) folded before Flop (didn't bet)
Seat 6: reiyser (small blind) folded before Flop



PokerStars Hand #254630377994:  Hold'em No Limit ($0.50/$1.00 USD) - 2025/01/30 23:44:33 WET [2025/01/30 18:44:33 ET]
Table 'Vela' 6-max Seat #6 is the button
Seat 1: Quahrino ($102.80 in chips) 
Seat 2: BGS013 ($100 in chips) 
Seat 3: Tibibacsi ($109.25 in chips) 
Seat 4: coeeeelho ($100 in chips) 
Seat 5: Weewillis101 ($117.20 in chips) 
Seat 6: reiyser ($115.92 in chips) 
Quahrino: posts small blind $0.50
BGS013: posts big blind $1
*** HOLE CARDS ***
Tibibacsi: folds 
coeeeelho: raises $1.10 to $2.10
Weewillis101: folds 
reiyser: folds 
Quahrino: folds 
BGS013: raises $8.90 to $11
coeeeelho: folds 
Uncalled bet ($8.90) returned to BGS013
BGS013 collected $4.70 from pot
BGS013: doesn't show hand 
*** SUMMARY ***
Total pot $4.70 | Rake $0 
Seat 1: Quahrino (small blind) folded before Flop
Seat 2: BGS013 (big blind) collected ($4.70)
Seat 3: Tibibacsi folded before Flop (didn't bet)
Seat 4: coeeeelho folded before Flop
Seat 5: Weewillis101 folded before Flop (didn't bet)
Seat 6: reiyser (button) folded before Flop (didn't bet)



PokerStars Hand #254630382697:  Hold'em No Limit ($0.50/$1.00 USD) - 2025/01/30 23:44:53 WET [2025/01/30 18:44:53 ET]
Table 'Vela' 6-max Seat #1 is the button
Seat 1: Quahrino ($102.30 in chips) 
Seat 2: BGS013 ($102.60 in chips) 
Seat 3: Tibibacsi ($109.25 in chips) 
Seat 4: coeeeelho ($100 in chips) 
Seat 5: Weewillis101 ($117.20 in chips) 
Seat 6: reiyser ($115.92 in chips) 
BGS013: posts small blind $0.50
Tibibacsi: posts big blind $1
*** HOLE CARDS ***
coeeeelho: folds 
Weewillis101: folds 
reiyser: folds 
Quahrino: folds 
BGS013: folds 
Uncalled bet ($0.50) returned to Tibibacsi
Tibibacsi collected $1 from pot
Tibibacsi: doesn't show hand 
*** SUMMARY ***
Total pot $1 | Rake $0 
Seat 1: Quahrino (button) folded before Flop (didn't bet)
Seat 2: BGS013 (small blind) folded before Flop
Seat 3: Tibibacsi (big blind) collected ($1)
Seat 4: coeeeelho folded before Flop (didn't bet)
Seat 5: Weewillis101 folded before Flop (didn't bet)
Seat 6: reiyser folded before Flop (didn't bet)



PokerStars Hand #254630387299:  Hold'em No Limit ($0.50/$1.00 USD) - 2025/01/30 23:45:13 WET [2025/01/30 18:45:13 ET]
Table 'Vela' 6-max Seat #2 is the button
Seat 1: Quahrino ($102.30 in chips) 
Seat 2: BGS013 ($102.10 in chips) 
Seat 3: Tibibacsi ($109.75 in chips) 
Seat 4: coeeeelho ($100 in chips) 
Seat 5: Weewillis101 ($117.20 in chips) 
Seat 6: reiyser ($115.92 in chips) 
Tibibacsi: posts small blind $0.50
coeeeelho: posts big blind $1
*** HOLE CARDS ***
Weewillis101: folds 
reiyser: folds 
Quahrino: folds 
BGS013: raises $1.50 to $2.50
Tibibacsi: raises $9 to $11.50
coeeeelho: folds 
BGS013: folds 
Uncalled bet ($9) returned to Tibibacsi
Tibibacsi collected $6 from pot
Tibibacsi: doesn't show hand 
*** SUMMARY ***
Total pot $6 | Rake $0 
Seat 1: Quahrino folded before Flop (didn't bet)
Seat 2: BGS013 (button) folded before Flop
Seat 3: Tibibacsi (small blind) collected ($6)
Seat 4: coeeeelho (big blind) folded before Flop
Seat 5: Weewillis101 folded before Flop (didn't bet)
Seat 6: reiyser folded before Flop (didn't bet)



PokerStars Hand #254630392110:  Hold'em No Limit ($0.50/$1.00 USD) - 2025/01/30 23:45:33 WET [2025/01/30 18:45:33 ET]
Table 'Vela' 6-max Seat #3 is the button
Seat 1: Quahrino ($102.30 in chips) 
Seat 2: BGS013 ($100 in chips) 
Seat 3: Tibibacsi ($113.25 in chips) 
Seat 4: coeeeelho ($100 in chips) 
Seat 5: Weewillis101 ($117.20 in chips) 
Seat 6: reiyser ($115.92 in chips) 
coeeeelho: posts small blind $0.50
Weewillis101: posts big blind $1
*** HOLE CARDS ***
reiyser: folds 
Quahrino: folds 
BGS013: raises $1.50 to $2.50
Tibibacsi: calls $2.50
coeeeelho: folds 
Weewillis101: calls $1.50
*** FLOP *** [Jd Th Qh]
Weewillis101: bets $3.80
BGS013: calls $3.80
Tibibacsi: folds 
*** TURN *** [Jd Th Qh] [Qd]
Weewillis101: checks 
BGS013: checks 
*** RIVER *** [Jd Th Qh Qd] [Jc]
Weewillis101: bets $9.82
BGS013: calls $9.82
*** SHOW DOWN ***
Weewillis101: shows [3h 9h] (two pair, Queens and Jacks)
BGS013: shows [Jh Ks] (a full house, Jacks full of Queens)
BGS013 collected $33.48 from pot
*** SUMMARY ***
Total pot $35.24 | Rake $1.76 
Board [Jd Th Qh Qd Jc]
Seat 1: Quahrino folded before Flop (didn't bet)
Seat 2: BGS013 showed [Jh Ks] and won ($33.48) with a full house, Jacks full of Queens
Seat 3: Tibibacsi (button) folded on the Flop
Seat 4: coeeeelho (small blind) folded before Flop
Seat 5: Weewillis101 (big blind) showed [3h 9h] and lost with two pair, Queens and Jacks
Seat 6: reiyser folded before Flop (didn't bet)



PokerStars Hand #254630403232:  Hold'em No Limit ($0.50/$1.00 USD) - 2025/01/30 23:46:20 WET [2025/01/30 18:46:20 ET]
Table 'Vela' 6-max Seat #4 is the button
Seat 1: Quahrino ($102.30 in chips) 
Seat 2: BGS013 ($117.36 in chips) 
Seat 3: Tibibacsi ($110.75 in chips) 
Seat 4: coeeeelho ($100 in chips) 
Seat 5: Weewillis101 ($101.08 in chips) 
Seat 6: reiyser ($115.92 in chips) 
Weewillis101: posts small blind $0.50
reiyser: posts big blind $1
*** HOLE CARDS ***
Quahrino: raises $1 to $2
BGS013: folds 
Tibibacsi: folds 
coeeeelho: folds 
Weewillis101: folds 
reiyser: calls $1
*** FLOP *** [2d 7h Qd]
reiyser: checks 
Quahrino: bets $1.07
reiyser: calls $1.07
*** TURN *** [2d 7h Qd] [9h]
reiyser: checks 
Quahrino: bets $9.47
reiyser: folds 
Uncalled bet ($9.47) returned to Quahrino
Quahrino collected $6.31 from pot
Quahrino: doesn't show hand 
*** SUMMARY ***
Total pot $6.64 | Rake $0.33 
Board [2d 7h Qd 9h]
Seat 1: Quahrino collected ($6.31)
Seat 2: BGS013 folded before Flop (didn't bet)
Seat 3: Tibibacsi folded before Flop (didn't bet)
Seat 4: coeeeelho (button) folded before Flop (didn't bet)
Seat 5: Weewillis101 (small blind) folded before Flop
Seat 6: reiyser (big blind) folded on the Turn



PokerStars Hand #254630415630:  Hold'em No Limit ($0.50/$1.00 USD) - 2025/01/30 23:47:14 WET [2025/01/30 18:47:14 ET]
Table 'Vela' 6-max Seat #5 is the button
Seat 1: Quahrino ($105.54 in chips) 
Seat 2: BGS013 ($117.36 in chips) 
Seat 3: Tibibacsi ($110.75 in chips) 
Seat 4: coeeeelho ($100 in chips) 
Seat 5: Weewillis101 ($100.58 in chips) 
Seat 6: reiyser ($112.85 in chips) 
reiyser: posts small blind $0.50
Quahrino: posts big blind $1
*** HOLE CARDS ***
BGS013: folds 
Tibibacsi: folds 
coeeeelho: raises $1.30 to $2.30
Weewillis101: folds 
reiyser: folds 
Quahrino: calls $1.30
*** FLOP *** [7d 6h 5c]
Quahrino: checks 
coeeeelho: checks 
*** TURN *** [7d 6h 5c] [Th]
Quahrino: bets $7.26
coeeeelho: folds 
Uncalled bet ($7.26) returned to Quahrino
Quahrino collected $4.84 from pot
Quahrino: doesn't show hand 
*** SUMMARY ***
Total pot $5.10 | Rake $0.26 
Board [7d 6h 5c Th]
Seat 1: Quahrino (big blind) collected ($4.84)
Seat 2: BGS013 folded before Flop (didn't bet)
Seat 3: Tibibacsi folded before Flop (didn't bet)
Seat 4: coeeeelho folded on the Turn
Seat 5: Weewillis101 (button) folded before Flop (didn't bet)
Seat 6: reiyser (small blind) folded before Flop



PokerStars Hand #254630426652:  Hold'em No Limit ($0.50/$1.00 USD) - 2025/01/30 23:48:02 WET [2025/01/30 18:48:02 ET]
Table 'Vela' 6-max Seat #6 is the button
Seat 1: Quahrino ($108.08 in chips) 
Seat 2: BGS013 ($117.36 in chips) 
Seat 3: Tibibacsi ($110.75 in chips) 
Seat 4: coeeeelho ($100 in chips) 
Seat 5: Weewillis101 ($100.58 in chips) 
Seat 6: reiyser ($112.35 in chips) 
Quahrino: posts small blind $0.50
BGS013: posts big blind $1
*** HOLE CARDS ***
Tibibacsi: folds 
coeeeelho: raises $1.10 to $2.10
Weewillis101: folds 
reiyser: folds 
Quahrino: folds 
BGS013: folds 
Uncalled bet ($1.10) returned to coeeeelho
coeeeelho collected $2.50 from pot
*** SUMMARY ***
Total pot $2.50 | Rake $0 
Seat 1: Quahrino (small blind) folded before Flop
Seat 2: BGS013 (big blind) folded before Flop
Seat 3: Tibibacsi folded before Flop (didn't bet)
Seat 4: coeeeelho collected ($2.50)
Seat 5: Weewillis101 folded before Flop (didn't bet)
Seat 6: reiyser (button) folded before Flop (didn't bet)



PokerStars Hand #254630430513:  Hold'em No Limit ($0.50/$1.00 USD) - 2025/01/30 23:48:18 WET [2025/01/30 18:48:18 ET]
Table 'Vela' 6-max Seat #1 is the button
Seat 1: Quahrino ($107.58 in chips) 
Seat 2: BGS013 ($116.36 in chips) 
Seat 3: Tibibacsi ($110.75 in chips) 
Seat 4: coeeeelho ($101.50 in chips) 
Seat 5: Weewillis101 ($100.58 in chips) 
Seat 6: reiyser ($112.35 in chips) 
BGS013: posts small blind $0.50
Tibibacsi: posts big blind $1
*** HOLE CARDS ***
coeeeelho: folds 
Weewillis101: folds 
reiyser: folds 
Quahrino: folds 
BGS013: raises $2 to $3
Tibibacsi: raises $6 to $9
BGS013: folds 
Uncalled bet ($6) returned to Tibibacsi
Tibibacsi collected $6 from pot
Tibibacsi: doesn't show hand 
*** SUMMARY ***
Total pot $6 | Rake $0 
Seat 1: Quahrino (button) folded before Flop (didn't bet)
Seat 2: BGS013 (small blind) folded before Flop
Seat 3: Tibibacsi (big blind) collected ($6)
Seat 4: coeeeelho folded before Flop (didn't bet)
Seat 5: Weewillis101 folded before Flop (didn't bet)
Seat 6: reiyser folded before Flop (didn't bet)



PokerStars Hand #254630442011:  Hold'em No Limit ($0.50/$1.00 USD) - 2025/01/30 23:49:08 WET [2025/01/30 18:49:08 ET]
Table 'Vela' 6-max Seat #2 is the button
Seat 1: Quahrino ($107.58 in chips) 
Seat 2: BGS013 ($113.36 in chips) 
Seat 3: Tibibacsi ($113.75 in chips) 
Seat 4: coeeeelho ($101.50 in chips) 
Seat 5: Weewillis101 ($100.58 in chips) 
Seat 6: reiyser ($112.35 in chips) 
Tibibacsi: posts small blind $0.50
coeeeelho: posts big blind $1
*** HOLE CARDS ***
Weewillis101: folds 
reiyser: folds 
Quahrino: folds 
BGS013: raises $1.50 to $2.50
Tibibacsi: folds 
coeeeelho: calls $1.50
*** FLOP *** [Kc 8s Tc]
coeeeelho: checks 
BGS013: checks 
*** TURN *** [Kc 8s Tc] [3c]
coeeeelho: checks 
BGS013: bets $2.37
coeeeelho: calls $2.37
*** RIVER *** [Kc 8s Tc 3c] [2s]
coeeeelho: checks 
Weewillis101 leaves the table
BGS013: bets $7.09
coeeeelho: calls $7.09
*** SHOW DOWN ***
BGS013: shows [5s 3s] (a pair of Threes)
coeeeelho: shows [Kh 9s] (a pair of Kings)
coeeeelho collected $23.20 from pot
*** SUMMARY ***
Total pot $24.42 | Rake $1.22 
Board [Kc 8s Tc 3c 2s]
Seat 1: Quahrino folded before Flop (didn't bet)
Seat 2: BGS013 (button) showed [5s 3s] and lost with a pair of Threes
Seat 3: Tibibacsi (small blind) folded before Flop
Seat 4: coeeeelho (big blind) showed [Kh 9s] and won ($23.20) with a pair of Kings
Seat 5: Weewillis101 folded before Flop (didn't bet)
Seat 6: reiyser folded before Flop (didn't bet)



PokerStars Hand #254630460863:  Hold'em No Limit ($0.50/$1.00 USD) - 2025/01/30 23:50:30 WET [2025/01/30 18:50:30 ET]
Table 'Vela' 6-max Seat #3 is the button
Seat 1: Quahrino ($107.58 in chips) 
Seat 2: BGS013 ($101.40 in chips) 
Seat 3: Tibibacsi ($113.25 in chips) 
Seat 4: coeeeelho ($112.74 in chips) 
Seat 6: reiyser ($112.35 in chips) 
coeeeelho: posts small blind $0.50
reiyser: posts big blind $1
*** HOLE CARDS ***
Quahrino: folds 
BGS013: folds 
Tibibacsi: folds 
coeeeelho: raises $2 to $3
reiyser: calls $2
*** FLOP *** [9h Kh 9d]
coeeeelho: bets $1.43
reiyser: calls $1.43
*** TURN *** [9h Kh 9d] [Jd]
coeeeelho: bets $5
reiyser: calls $5
*** RIVER *** [9h Kh 9d Jd] [Kd]
coeeeelho: bets $13.44
reiyser: folds 
Uncalled bet ($13.44) returned to coeeeelho
coeeeelho collected $17.92 from pot
*** SUMMARY ***
Total pot $18.86 | Rake $0.94 
Board [9h Kh 9d Jd Kd]
Seat 1: Quahrino folded before Flop (didn't bet)
Seat 2: BGS013 folded before Flop (didn't bet)
Seat 3: Tibibacsi (button) folded before Flop (didn't bet)
Seat 4: coeeeelho (small blind) collected ($17.92)
Seat 6: reiyser (big blind) folded on the River



PokerStars Hand #254630473966:  Hold'em No Limit ($0.50/$1.00 USD) - 2025/01/30 23:51:28 WET [2025/01/30 18:51:28 ET]
Table 'Vela' 6-max Seat #4 is the button
Seat 1: Quahrino ($107.58 in chips) 
Seat 2: BGS013 ($101.40 in chips) 
Seat 3: Tibibacsi ($113.25 in chips) 
Seat 4: coeeeelho ($121.23 in chips) 
Seat 6: reiyser ($102.92 in chips) 
reiyser: posts small blind $0.50
Quahrino: posts big blind $1
*** HOLE CARDS ***
BGS013: folds 
Tibibacsi: folds 
coeeeelho: folds 
reiyser: folds 
Uncalled bet ($0.50) returned to Quahrino
Quahrino collected $1 from pot
Quahrino: doesn't show hand 
BGS013 leaves the table
*** SUMMARY ***
Total pot $1 | Rake $0 
Seat 1: Quahrino (big blind) collected ($1)
Seat 2: BGS013 folded before Flop (didn't bet)
Seat 3: Tibibacsi folded before Flop (didn't bet)
Seat 4: coeeeelho (button) folded before Flop (didn't bet)
Seat 6: reiyser (small blind) folded before Flop



PokerStars Hand #254630476674:  Hold'em No Limit ($0.50/$1.00 USD) - 2025/01/30 23:51:40 WET [2025/01/30 18:51:40 ET]
Table 'Vela' 6-max Seat #6 is the button
Seat 3: Tibibacsi ($113.25 in chips) is sitting out
Seat 1: Quahrino ($108.08 in chips) 
Seat 4: coeeeelho ($121.23 in chips) 
Seat 6: reiyser ($102.42 in chips) 
Quahrino: posts small blind $0.50
Tibibacsi: is sitting out 
coeeeelho: posts big blind $1
*** HOLE CARDS ***
reiyser: raises $1.23 to $2.23
Quahrino: folds 
coeeeelho: calls $1.23
*** FLOP *** [3d Tc 4h]
coeeeelho: checks 
reiyser: checks 
*** TURN *** [3d Tc 4h] [6s]
coeeeelho: bets $3
Tibibacsi leaves the table
reiyser: calls $3
*** RIVER *** [3d Tc 4h 6s] [Js]
coeeeelho: bets $5.21
reiyser: folds 
Uncalled bet ($5.21) returned to coeeeelho
coeeeelho collected $10.41 from pot
*** SUMMARY ***
Total pot $10.96 | Rake $0.55 
Board [3d Tc 4h 6s Js]
Seat 3: Tibibacsi
Seat 1: Quahrino (small blind) folded before Flop
Seat 4: coeeeelho (big blind) collected ($10.41)
Seat 6: reiyser (button) folded on the River



PokerStars Hand #254630488267:  Hold'em No Limit ($0.50/$1.00 USD) - 2025/01/30 23:52:31 WET [2025/01/30 18:52:31 ET]
Table 'Vela' 6-max Seat #4 is the button
Seat 6: reiyser ($100 in chips) is sitting out
Seat 1: Quahrino ($107.58 in chips) 
Seat 4: coeeeelho ($126.41 in chips) 
coeeeelho: posts small blind $0.50
reiyser: is sitting out 
Quahrino: posts big blind $1
*** HOLE CARDS ***
coeeeelho: folds 
Uncalled bet ($0.50) returned to Quahrino
reiyser leaves the table
Quahrino collected $1 from pot
Quahrino: doesn't show hand 
*** SUMMARY ***
Total pot $1 | Rake $0 
Seat 6: reiyser
Seat 1: Quahrino (big blind) collected ($1)
Seat 4: coeeeelho (button) (small blind) folded before Flop



