PokerStars Hand #254619937402:  Hold'em No Limit ($0.50/$1.00 USD) - 2025/01/30 11:59:52 WET [2025/01/30 6:59:52 ET]
Table 'Mentha' 6-max Seat #1 is the button
Seat 1: Kottelett ($143.27 in chips) 
Seat 2: DL1B ($108.18 in chips) 
Seat 3: DJNezz ($101.19 in chips) 
Seat 4: antey89 ($109.59 in chips) 
Seat 5: Chiarelli99 ($100 in chips) 
Seat 6: habib beye ($100 in chips) 
DL1B: posts small blind $0.50
DJNezz: posts big blind $1
*** HOLE CARDS ***
antey89: folds 
Chiarelli99: folds 
habib beye: raises $1.30 to $2.30
Kottelett: raises $6.30 to $8.60
DL1B: folds 
DJNezz: folds 
habib beye: folds 
Uncalled bet ($6.30) returned to Kottelett
Kottelett collected $6.10 from pot
*** SUMMARY ***
Total pot $6.10 | Rake $0 
Seat 1: Kottelett (button) collected ($6.10)
Seat 2: DL1B (small blind) folded before Flop
Seat 3: DJNezz (big blind) folded before Flop
Seat 4: antey89 folded before Flop (didn't bet)
Seat 5: Chiarelli99 folded before Flop (didn't bet)
Seat 6: habib beye folded before Flop



PokerStars Hand #254619939874:  Hold'em No Limit ($0.50/$1.00 USD) - 2025/01/30 12:00:14 WET [2025/01/30 7:00:14 ET]
Table 'Mentha' 6-max Seat #2 is the button
Seat 1: Kottelett ($147.07 in chips) 
Seat 2: DL1B ($107.68 in chips) 
Seat 3: DJNezz ($100.19 in chips) 
Seat 4: antey89 ($109.59 in chips) 
Seat 5: Chiarelli99 ($100 in chips) 
Seat 6: habib beye ($100 in chips) 
DJNezz: posts small blind $0.50
antey89: posts big blind $1
*** HOLE CARDS ***
Chiarelli99: folds 
habib beye: folds 
Kottelett: folds 
DL1B: raises $1.50 to $2.50
DJNezz: folds 
antey89: folds 
Uncalled bet ($1.50) returned to DL1B
DL1B collected $2.50 from pot
DL1B: doesn't show hand 
*** SUMMARY ***
Total pot $2.50 | Rake $0 
Seat 1: Kottelett folded before Flop (didn't bet)
Seat 2: DL1B (button) collected ($2.50)
Seat 3: DJNezz (small blind) folded before Flop
Seat 4: antey89 (big blind) folded before Flop
Seat 5: Chiarelli99 folded before Flop (didn't bet)
Seat 6: habib beye folded before Flop (didn't bet)



PokerStars Hand #254619941810:  Hold'em No Limit ($0.50/$1.00 USD) - 2025/01/30 12:00:31 WET [2025/01/30 7:00:31 ET]
Table 'Mentha' 6-max Seat #3 is the button
Seat 1: Kottelett ($147.07 in chips) 
Seat 2: DL1B ($109.18 in chips) 
Seat 3: DJNezz ($100 in chips) 
Seat 4: antey89 ($108.59 in chips) 
Seat 5: Chiarelli99 ($100 in chips) 
Seat 6: habib beye ($100 in chips) 
antey89: posts small blind $0.50
Chiarelli99: posts big blind $1
*** HOLE CARDS ***
habib beye: folds 
Kottelett: folds 
DL1B: raises $1.50 to $2.50
DJNezz: folds 
antey89: folds 
Chiarelli99: raises $10 to $12.50
DL1B: calls $10
*** FLOP *** [9c Tc 4c]
Chiarelli99: bets $7.99
DL1B: calls $7.99
*** TURN *** [9c Tc 4c] [As]
Chiarelli99: bets $13.01
DL1B: folds 
Uncalled bet ($13.01) returned to Chiarelli99
Chiarelli99 collected $39.41 from pot
Chiarelli99: doesn't show hand 
*** SUMMARY ***
Total pot $41.48 | Rake $2.07 
Board [9c Tc 4c As]
Seat 1: Kottelett folded before Flop (didn't bet)
Seat 2: DL1B folded on the Turn
Seat 3: DJNezz (button) folded before Flop (didn't bet)
Seat 4: antey89 (small blind) folded before Flop
Seat 5: Chiarelli99 (big blind) collected ($39.41)
Seat 6: habib beye folded before Flop (didn't bet)



PokerStars Hand #254619950121:  Hold'em No Limit ($0.50/$1.00 USD) - 2025/01/30 12:01:37 WET [2025/01/30 7:01:37 ET]
Table 'Mentha' 6-max Seat #4 is the button
Seat 1: Kottelett ($147.07 in chips) 
Seat 2: DL1B ($100 in chips) 
Seat 3: DJNezz ($100 in chips) 
Seat 4: antey89 ($108.09 in chips) 
Seat 5: Chiarelli99 ($118.92 in chips) 
Seat 6: habib beye ($100 in chips) 
Chiarelli99: posts small blind $0.50
habib beye: posts big blind $1
*** HOLE CARDS ***
Kottelett: raises $2 to $3
DL1B: folds 
DJNezz: folds 
antey89: raises $7 to $10
Chiarelli99: folds 
habib beye: folds 
Kottelett: calls $7
*** FLOP *** [3h Td 9d]
Kottelett: checks 
antey89: checks 
*** TURN *** [3h Td 9d] [Qh]
Kottelett: bets $10.21
antey89: calls $10.21
*** RIVER *** [3h Td 9d Qh] [9h]
Kottelett: bets $16
antey89: folds 
Uncalled bet ($16) returned to Kottelett
Kottelett collected $39.82 from pot
*** SUMMARY ***
Total pot $41.92 | Rake $2.10 
Board [3h Td 9d Qh 9h]
Seat 1: Kottelett collected ($39.82)
Seat 2: DL1B folded before Flop (didn't bet)
Seat 3: DJNezz folded before Flop (didn't bet)
Seat 4: antey89 (button) folded on the River
Seat 5: Chiarelli99 (small blind) folded before Flop
Seat 6: habib beye (big blind) folded before Flop



PokerStars Hand #254619961984:  Hold'em No Limit ($0.50/$1.00 USD) - 2025/01/30 12:03:08 WET [2025/01/30 7:03:08 ET]
Table 'Mentha' 6-max Seat #5 is the button
Seat 1: Kottelett ($166.68 in chips) 
Seat 2: DL1B ($100 in chips) 
Seat 3: DJNezz ($100 in chips) 
Seat 4: antey89 ($100 in chips) 
Seat 5: Chiarelli99 ($118.42 in chips) 
Seat 6: habib beye ($100 in chips) 
habib beye: posts small blind $0.50
Kottelett: posts big blind $1
*** HOLE CARDS ***
DL1B: folds 
DJNezz: raises $1.20 to $2.20
antey89: folds 
Chiarelli99: folds 
habib beye: folds 
Kottelett: calls $1.20
*** FLOP *** [6s Ad As]
Kottelett: checks 
DJNezz: bets $1.54
Kottelett: calls $1.54
*** TURN *** [6s Ad As] [2c]
Kottelett: checks 
DJNezz: bets $5.69
Kottelett: folds 
Uncalled bet ($5.69) returned to DJNezz
DJNezz collected $7.58 from pot
*** SUMMARY ***
Total pot $7.98 | Rake $0.40 
Board [6s Ad As 2c]
Seat 1: Kottelett (big blind) folded on the Turn
Seat 2: DL1B folded before Flop (didn't bet)
Seat 3: DJNezz collected ($7.58)
Seat 4: antey89 folded before Flop (didn't bet)
Seat 5: Chiarelli99 (button) folded before Flop (didn't bet)
Seat 6: habib beye (small blind) folded before Flop



PokerStars Hand #254619967870:  Hold'em No Limit ($0.50/$1.00 USD) - 2025/01/30 12:03:53 WET [2025/01/30 7:03:53 ET]
Table 'Mentha' 6-max Seat #6 is the button
Seat 1: Kottelett ($162.94 in chips) 
Seat 2: DL1B ($100 in chips) 
Seat 3: DJNezz ($103.84 in chips) 
Seat 4: antey89 ($100 in chips) 
Seat 5: Chiarelli99 ($118.42 in chips) 
Seat 6: habib beye ($100 in chips) 
Kottelett: posts small blind $0.50
DL1B: posts big blind $1
*** HOLE CARDS ***
DJNezz: folds 
antey89: raises $1.50 to $2.50
Chiarelli99: folds 
habib beye: folds 
Kottelett: calls $2
DL1B: calls $1.50
*** FLOP *** [2c 6h Ad]
Kottelett: checks 
DL1B: checks 
antey89: bets $4.63
Kottelett: folds 
DL1B: calls $4.63
*** TURN *** [2c 6h Ad] [3s]
DL1B: checks 
antey89: bets $10.35
DL1B: calls $10.35
*** RIVER *** [2c 6h Ad 3s] [7h]
DL1B: checks 
antey89: checks 
*** SHOW DOWN ***
DL1B: shows [6s 6c] (three of a kind, Sixes)
antey89: mucks hand 
DL1B collected $35.59 from pot
*** SUMMARY ***
Total pot $37.46 | Rake $1.87 
Board [2c 6h Ad 3s 7h]
Seat 1: Kottelett (small blind) folded on the Flop
Seat 2: DL1B (big blind) showed [6s 6c] and won ($35.59) with three of a kind, Sixes
Seat 3: DJNezz folded before Flop (didn't bet)
Seat 4: antey89 mucked
Seat 5: Chiarelli99 folded before Flop (didn't bet)
Seat 6: habib beye (button) folded before Flop (didn't bet)



PokerStars Hand #254619878960:  Hold'em No Limit ($0.50/$1.00 USD) - 2025/01/30 11:51:34 WET [2025/01/30 6:51:34 ET]
Table 'Mentha' 6-max Seat #6 is the button
Seat 3: DJNezz ($100 in chips) is sitting out
Seat 1: Kottelett ($121.29 in chips) 
Seat 2: DL1B ($109.68 in chips) 
Seat 4: antey89 ($100 in chips) 
Seat 5: Chiarelli99 ($100 in chips) 
Seat 6: habib beye ($100 in chips) 
Kottelett: posts small blind $0.50
DL1B: posts big blind $1
DJNezz: sits out 
*** HOLE CARDS ***
antey89: folds 
Chiarelli99: raises $1.10 to $2.10
habib beye: folds 
Kottelett: raises $5.10 to $7.20
DL1B: folds 
Chiarelli99: calls $5.10
*** FLOP *** [7h 5h Ah]
Kottelett: bets $7.32
Chiarelli99: folds 
Uncalled bet ($7.32) returned to Kottelett
Kottelett collected $14.63 from pot
*** SUMMARY ***
Total pot $15.40 | Rake $0.77 
Board [7h 5h Ah]
Seat 3: DJNezz
Seat 1: Kottelett (small blind) collected ($14.63)
Seat 2: DL1B (big blind) folded before Flop
Seat 4: antey89 folded before Flop (didn't bet)
Seat 5: Chiarelli99 folded on the Flop
Seat 6: habib beye (button) folded before Flop (didn't bet)



PokerStars Hand #254619884329:  Hold'em No Limit ($0.50/$1.00 USD) - 2025/01/30 11:52:16 WET [2025/01/30 6:52:16 ET]
Table 'Mentha' 6-max Seat #1 is the button
Seat 1: Kottelett ($128.72 in chips) 
Seat 2: DL1B ($108.68 in chips) 
Seat 3: DJNezz ($100 in chips) 
Seat 4: antey89 ($100 in chips) 
Seat 5: Chiarelli99 ($100 in chips) 
Seat 6: habib beye ($100 in chips) 
DL1B: posts small blind $0.50
DJNezz: posts big blind $1
*** HOLE CARDS ***
antey89: folds 
Chiarelli99: folds 
habib beye: folds 
Kottelett: raises $1 to $2
DL1B: folds 
DJNezz: folds 
Uncalled bet ($1) returned to Kottelett
Kottelett collected $2.50 from pot
*** SUMMARY ***
Total pot $2.50 | Rake $0 
Seat 1: Kottelett (button) collected ($2.50)
Seat 2: DL1B (small blind) folded before Flop
Seat 3: DJNezz (big blind) folded before Flop
Seat 4: antey89 folded before Flop (didn't bet)
Seat 5: Chiarelli99 folded before Flop (didn't bet)
Seat 6: habib beye folded before Flop (didn't bet)



PokerStars Hand #254619886723:  Hold'em No Limit ($0.50/$1.00 USD) - 2025/01/30 11:52:34 WET [2025/01/30 6:52:34 ET]
Table 'Mentha' 6-max Seat #2 is the button
Seat 1: Kottelett ($130.22 in chips) 
Seat 2: DL1B ($108.18 in chips) 
Seat 3: DJNezz ($100 in chips) 
Seat 4: antey89 ($100 in chips) 
Seat 5: Chiarelli99 ($100 in chips) 
Seat 6: habib beye ($100 in chips) 
DJNezz: posts small blind $0.50
antey89: posts big blind $1
*** HOLE CARDS ***
Chiarelli99: folds 
habib beye: folds 
Kottelett: raises $2 to $3
DL1B: folds 
DJNezz: raises $9 to $12
antey89: folds 
Kottelett: folds 
Uncalled bet ($9) returned to DJNezz
DJNezz collected $7 from pot
*** SUMMARY ***
Total pot $7 | Rake $0 
Seat 1: Kottelett folded before Flop
Seat 2: DL1B (button) folded before Flop (didn't bet)
Seat 3: DJNezz (small blind) collected ($7)
Seat 4: antey89 (big blind) folded before Flop
Seat 5: Chiarelli99 folded before Flop (didn't bet)
Seat 6: habib beye folded before Flop (didn't bet)



PokerStars Hand #254619890902:  Hold'em No Limit ($0.50/$1.00 USD) - 2025/01/30 11:53:06 WET [2025/01/30 6:53:06 ET]
Table 'Mentha' 6-max Seat #3 is the button
Seat 1: Kottelett ($127.22 in chips) 
Seat 2: DL1B ($108.18 in chips) 
Seat 3: DJNezz ($104 in chips) 
Seat 4: antey89 ($100 in chips) 
Seat 5: Chiarelli99 ($100 in chips) 
Seat 6: habib beye ($100 in chips) 
antey89: posts small blind $0.50
Chiarelli99: posts big blind $1
*** HOLE CARDS ***
habib beye: raises $1.25 to $2.25
Kottelett: folds 
DL1B: folds 
DJNezz: folds 
antey89: raises $7.75 to $10
Chiarelli99: folds 
habib beye: folds 
Uncalled bet ($7.75) returned to antey89
antey89 collected $5.50 from pot
antey89: doesn't show hand 
*** SUMMARY ***
Total pot $5.50 | Rake $0 
Seat 1: Kottelett folded before Flop (didn't bet)
Seat 2: DL1B folded before Flop (didn't bet)
Seat 3: DJNezz (button) folded before Flop (didn't bet)
Seat 4: antey89 (small blind) collected ($5.50)
Seat 5: Chiarelli99 (big blind) folded before Flop
Seat 6: habib beye folded before Flop



PokerStars Hand #254619895673:  Hold'em No Limit ($0.50/$1.00 USD) - 2025/01/30 11:53:43 WET [2025/01/30 6:53:43 ET]
Table 'Mentha' 6-max Seat #4 is the button
Seat 1: Kottelett ($127.22 in chips) 
Seat 2: DL1B ($108.18 in chips) 
Seat 3: DJNezz ($104 in chips) 
Seat 4: antey89 ($103.25 in chips) 
Seat 5: Chiarelli99 ($100 in chips) 
Seat 6: habib beye ($100 in chips) 
Chiarelli99: posts small blind $0.50
habib beye: posts big blind $1
*** HOLE CARDS ***
Kottelett: folds 
DL1B: folds 
DJNezz: folds 
antey89: folds 
Chiarelli99: folds 
Uncalled bet ($0.50) returned to habib beye
habib beye collected $1 from pot
*** SUMMARY ***
Total pot $1 | Rake $0 
Seat 1: Kottelett folded before Flop (didn't bet)
Seat 2: DL1B folded before Flop (didn't bet)
Seat 3: DJNezz folded before Flop (didn't bet)
Seat 4: antey89 (button) folded before Flop (didn't bet)
Seat 5: Chiarelli99 (small blind) folded before Flop
Seat 6: habib beye (big blind) collected ($1)



PokerStars Hand #254619897509:  Hold'em No Limit ($0.50/$1.00 USD) - 2025/01/30 11:53:57 WET [2025/01/30 6:53:57 ET]
Table 'Mentha' 6-max Seat #5 is the button
Seat 1: Kottelett ($127.22 in chips) 
Seat 2: DL1B ($108.18 in chips) 
Seat 3: DJNezz ($104 in chips) 
Seat 4: antey89 ($103.25 in chips) 
Seat 5: Chiarelli99 ($100 in chips) 
Seat 6: habib beye ($100.50 in chips) 
habib beye: posts small blind $0.50
Kottelett: posts big blind $1
*** HOLE CARDS ***
DL1B: raises $1 to $2
DJNezz: folds 
antey89: folds 
Chiarelli99: folds 
habib beye: folds 
Kottelett: calls $1
*** FLOP *** [2d 4h Ah]
Kottelett: checks 
DL1B: checks 
*** TURN *** [2d 4h Ah] [2h]
Kottelett: checks 
DL1B: checks 
*** RIVER *** [2d 4h Ah 2h] [2c]
Kottelett: checks 
DL1B: checks 
*** SHOW DOWN ***
Kottelett: shows [4c 8h] (a full house, Deuces full of Fours)
DL1B: mucks hand 
Kottelett collected $4.28 from pot
*** SUMMARY ***
Total pot $4.50 | Rake $0.22 
Board [2d 4h Ah 2h 2c]
Seat 1: Kottelett (big blind) showed [4c 8h] and won ($4.28) with a full house, Deuces full of Fours
Seat 2: DL1B mucked
Seat 3: DJNezz folded before Flop (didn't bet)
Seat 4: antey89 folded before Flop (didn't bet)
Seat 5: Chiarelli99 (button) folded before Flop (didn't bet)
Seat 6: habib beye (small blind) folded before Flop



PokerStars Hand #254619902853:  Hold'em No Limit ($0.50/$1.00 USD) - 2025/01/30 11:54:38 WET [2025/01/30 6:54:38 ET]
Table 'Mentha' 6-max Seat #6 is the button
Seat 1: Kottelett ($129.50 in chips) 
Seat 2: DL1B ($106.18 in chips) 
Seat 3: DJNezz ($104 in chips) 
Seat 4: antey89 ($103.25 in chips) 
Seat 5: Chiarelli99 ($100 in chips) 
Seat 6: habib beye ($100 in chips) 
Kottelett: posts small blind $0.50
DL1B: posts big blind $1
*** HOLE CARDS ***
DJNezz: folds 
antey89: raises $1.50 to $2.50
Chiarelli99: folds 
habib beye: folds 
Kottelett: folds 
DL1B: calls $1.50
*** FLOP *** [6c Kd 7s]
DL1B: checks 
antey89: bets $3.39
DL1B: folds 
Uncalled bet ($3.39) returned to antey89
antey89 collected $5.22 from pot
antey89: doesn't show hand 
*** SUMMARY ***
Total pot $5.50 | Rake $0.28 
Board [6c Kd 7s]
Seat 1: Kottelett (small blind) folded before Flop
Seat 2: DL1B (big blind) folded on the Flop
Seat 3: DJNezz folded before Flop (didn't bet)
Seat 4: antey89 collected ($5.22)
Seat 5: Chiarelli99 folded before Flop (didn't bet)
Seat 6: habib beye (button) folded before Flop (didn't bet)



PokerStars Hand #254619907772:  Hold'em No Limit ($0.50/$1.00 USD) - 2025/01/30 11:55:18 WET [2025/01/30 6:55:18 ET]
Table 'Mentha' 6-max Seat #1 is the button
Seat 1: Kottelett ($129 in chips) 
Seat 2: DL1B ($103.68 in chips) 
Seat 3: DJNezz ($104 in chips) 
Seat 4: antey89 ($105.97 in chips) 
Seat 5: Chiarelli99 ($100 in chips) 
Seat 6: habib beye ($100 in chips) 
DL1B: posts small blind $0.50
DJNezz: posts big blind $1
*** HOLE CARDS ***
antey89: folds 
Chiarelli99: folds 
habib beye: raises $1.30 to $2.30
Kottelett: folds 
DL1B: folds 
DJNezz: calls $1.30
*** FLOP *** [2h 6s Ts]
DJNezz: checks 
habib beye: bets $4.68
DJNezz: raises $7.10 to $11.78
habib beye: folds 
Uncalled bet ($7.10) returned to DJNezz
DJNezz collected $13.74 from pot
*** SUMMARY ***
Total pot $14.46 | Rake $0.72 
Board [2h 6s Ts]
Seat 1: Kottelett (button) folded before Flop (didn't bet)
Seat 2: DL1B (small blind) folded before Flop
Seat 3: DJNezz (big blind) collected ($13.74)
Seat 4: antey89 folded before Flop (didn't bet)
Seat 5: Chiarelli99 folded before Flop (didn't bet)
Seat 6: habib beye folded on the Flop



PokerStars Hand #254619913365:  Hold'em No Limit ($0.50/$1.00 USD) - 2025/01/30 11:56:10 WET [2025/01/30 6:56:10 ET]
Table 'Mentha' 6-max Seat #2 is the button
Seat 1: Kottelett ($129 in chips) 
Seat 2: DL1B ($103.18 in chips) 
Seat 3: DJNezz ($110.76 in chips) 
Seat 4: antey89 ($105.97 in chips) 
Seat 5: Chiarelli99 ($100 in chips) 
Seat 6: habib beye ($100 in chips) 
DJNezz: posts small blind $0.50
antey89: posts big blind $1
*** HOLE CARDS ***
Chiarelli99: folds 
habib beye: raises $1.25 to $2.25
Kottelett: calls $2.25
DL1B: raises $7.75 to $10
DJNezz: folds 
antey89: folds 
habib beye: folds 
Kottelett: folds 
Uncalled bet ($7.75) returned to DL1B
DL1B collected $8.25 from pot
DL1B: doesn't show hand 
*** SUMMARY ***
Total pot $8.25 | Rake $0 
Seat 1: Kottelett folded before Flop
Seat 2: DL1B (button) collected ($8.25)
Seat 3: DJNezz (small blind) folded before Flop
Seat 4: antey89 (big blind) folded before Flop
Seat 5: Chiarelli99 folded before Flop (didn't bet)
Seat 6: habib beye folded before Flop



PokerStars Hand #254619916248:  Hold'em No Limit ($0.50/$1.00 USD) - 2025/01/30 11:56:36 WET [2025/01/30 6:56:36 ET]
Table 'Mentha' 6-max Seat #3 is the button
Seat 1: Kottelett ($126.75 in chips) 
Seat 2: DL1B ($109.18 in chips) 
Seat 3: DJNezz ($110.26 in chips) 
Seat 4: antey89 ($104.97 in chips) 
Seat 5: Chiarelli99 ($100 in chips) 
Seat 6: habib beye ($100 in chips) 
antey89: posts small blind $0.50
Chiarelli99: posts big blind $1
*** HOLE CARDS ***
habib beye: folds 
Kottelett: raises $2 to $3
DL1B: folds 
DJNezz: folds 
antey89: folds 
Chiarelli99: folds 
Uncalled bet ($2) returned to Kottelett
Kottelett collected $2.50 from pot
*** SUMMARY ***
Total pot $2.50 | Rake $0 
Seat 1: Kottelett collected ($2.50)
Seat 2: DL1B folded before Flop (didn't bet)
Seat 3: DJNezz (button) folded before Flop (didn't bet)
Seat 4: antey89 (small blind) folded before Flop
Seat 5: Chiarelli99 (big blind) folded before Flop
Seat 6: habib beye folded before Flop (didn't bet)



PokerStars Hand #254619918270:  Hold'em No Limit ($0.50/$1.00 USD) - 2025/01/30 11:56:55 WET [2025/01/30 6:56:55 ET]
Table 'Mentha' 6-max Seat #4 is the button
Seat 1: Kottelett ($128.25 in chips) 
Seat 2: DL1B ($109.18 in chips) 
Seat 3: DJNezz ($110.26 in chips) 
Seat 4: antey89 ($104.47 in chips) 
Seat 5: Chiarelli99 ($100 in chips) 
Seat 6: habib beye ($100 in chips) 
Chiarelli99: posts small blind $0.50
habib beye: posts big blind $1
*** HOLE CARDS ***
Kottelett: raises $2 to $3
DL1B: folds 
DJNezz: folds 
antey89: raises $6 to $9
Chiarelli99: folds 
habib beye: folds 
Kottelett: calls $6
*** FLOP *** [6c Jh 4h]
Kottelett: checks 
antey89: bets $6.11
Kottelett: calls $6.11
*** TURN *** [6c Jh 4h] [5s]
Kottelett: checks 
antey89: checks 
*** RIVER *** [6c Jh 4h 5s] [9s]
Kottelett: checks 
antey89: checks 
*** SHOW DOWN ***
Kottelett: shows [8s 6d] (a pair of Sixes)
antey89: mucks hand 
Kottelett collected $30.13 from pot
*** SUMMARY ***
Total pot $31.72 | Rake $1.59 
Board [6c Jh 4h 5s 9s]
Seat 1: Kottelett showed [8s 6d] and won ($30.13) with a pair of Sixes
Seat 2: DL1B folded before Flop (didn't bet)
Seat 3: DJNezz folded before Flop (didn't bet)
Seat 4: antey89 (button) mucked
Seat 5: Chiarelli99 (small blind) folded before Flop
Seat 6: habib beye (big blind) folded before Flop



PokerStars Hand #254619926282:  Hold'em No Limit ($0.50/$1.00 USD) - 2025/01/30 11:58:08 WET [2025/01/30 6:58:08 ET]
Table 'Mentha' 6-max Seat #5 is the button
Seat 1: Kottelett ($143.27 in chips) 
Seat 2: DL1B ($109.18 in chips) 
Seat 3: DJNezz ($110.26 in chips) 
Seat 4: antey89 ($100 in chips) 
Seat 5: Chiarelli99 ($100 in chips) 
Seat 6: habib beye ($100 in chips) 
habib beye: posts small blind $0.50
Kottelett: posts big blind $1
*** HOLE CARDS ***
DL1B: folds 
DJNezz: raises $1.20 to $2.20
antey89: calls $2.20
Chiarelli99: folds 
habib beye: folds 
Kottelett: folds 
*** FLOP *** [9h 9s Kh]
DJNezz: bets $1.85
antey89: calls $1.85
*** TURN *** [9h 9s Kh] [Jh]
DJNezz: checks 
antey89: checks 
*** RIVER *** [9h 9s Kh Jh] [Td]
DJNezz: checks 
antey89: bets $5.02
DJNezz: calls $5.02
*** SHOW DOWN ***
antey89: shows [Qd Qs] (a straight, Nine to King)
DJNezz: mucks hand 
antey89 collected $18.66 from pot
*** SUMMARY ***
Total pot $19.64 | Rake $0.98 
Board [9h 9s Kh Jh Td]
Seat 1: Kottelett (big blind) folded before Flop
Seat 2: DL1B folded before Flop (didn't bet)
Seat 3: DJNezz mucked
Seat 4: antey89 showed [Qd Qs] and won ($18.66) with a straight, Nine to King
Seat 5: Chiarelli99 (button) folded before Flop (didn't bet)
Seat 6: habib beye (small blind) folded before Flop



PokerStars Hand #254619935775:  Hold'em No Limit ($0.50/$1.00 USD) - 2025/01/30 11:59:37 WET [2025/01/30 6:59:37 ET]
Table 'Mentha' 6-max Seat #6 is the button
Seat 1: Kottelett ($142.27 in chips) 
Seat 2: DL1B ($109.18 in chips) 
Seat 3: DJNezz ($101.19 in chips) 
Seat 4: antey89 ($109.59 in chips) 
Seat 5: Chiarelli99 ($100 in chips) 
Seat 6: habib beye ($100 in chips) 
Kottelett: posts small blind $0.50
DL1B: posts big blind $1
*** HOLE CARDS ***
DJNezz: folds 
antey89: folds 
Chiarelli99: folds 
habib beye: folds 
Kottelett: raises $2 to $3
DL1B: folds 
Uncalled bet ($2) returned to Kottelett
Kottelett collected $2 from pot
*** SUMMARY ***
Total pot $2 | Rake $0 
Seat 1: Kottelett (small blind) collected ($2)
Seat 2: DL1B (big blind) folded before Flop
Seat 3: DJNezz folded before Flop (didn't bet)
Seat 4: antey89 folded before Flop (didn't bet)
Seat 5: Chiarelli99 folded before Flop (didn't bet)
Seat 6: habib beye (button) folded before Flop (didn't bet)



PokerStars Hand #254619980358:  Hold'em No Limit ($0.50/$1.00 USD) - 2025/01/30 12:05:28 WET [2025/01/30 7:05:28 ET]
Table 'Mentha' 6-max Seat #1 is the button
Seat 1: Kottelett ($160.44 in chips) 
Seat 2: DL1B ($118.11 in chips) 
Seat 3: DJNezz ($103.84 in chips) 
Seat 4: antey89 ($100 in chips) 
Seat 5: Chiarelli99 ($118.42 in chips) 
Seat 6: habib beye ($100 in chips) 
DL1B: posts small blind $0.50
DJNezz: posts big blind $1
*** HOLE CARDS ***
antey89: folds 
Chiarelli99: folds 
habib beye: raises $1.30 to $2.30
Kottelett: calls $2.30
DL1B: folds 
DJNezz: folds 
*** FLOP *** [6c 4d 8c]
habib beye: checks 
Kottelett: checks 
*** TURN *** [6c 4d 8c] [As]
habib beye: bets $2.55
Kottelett: calls $2.55
*** RIVER *** [6c 4d 8c As] [5s]
habib beye: bets $8.09
Kottelett: calls $8.09
*** SHOW DOWN ***
habib beye: shows [9d Kh] (high card Ace)
Kottelett: shows [2d Ah] (a pair of Aces)
Kottelett collected $26.01 from pot
*** SUMMARY ***
Total pot $27.38 | Rake $1.37 
Board [6c 4d 8c As 5s]
Seat 1: Kottelett (button) showed [2d Ah] and won ($26.01) with a pair of Aces
Seat 2: DL1B (small blind) folded before Flop
Seat 3: DJNezz (big blind) folded before Flop
Seat 4: antey89 folded before Flop (didn't bet)
Seat 5: Chiarelli99 folded before Flop (didn't bet)
Seat 6: habib beye showed [9d Kh] and lost with high card Ace



PokerStars Hand #254619985203:  Hold'em No Limit ($0.50/$1.00 USD) - 2025/01/30 12:06:06 WET [2025/01/30 7:06:06 ET]
Table 'Mentha' 6-max Seat #2 is the button
Seat 1: Kottelett ($173.51 in chips) 
Seat 2: DL1B ($117.61 in chips) 
Seat 3: DJNezz ($102.84 in chips) 
Seat 4: antey89 ($100 in chips) 
Seat 5: Chiarelli99 ($118.42 in chips) 
Seat 6: habib beye ($100 in chips) 
DJNezz: posts small blind $0.50
antey89: posts big blind $1
*** HOLE CARDS ***
Chiarelli99: raises $1.10 to $2.10
habib beye: folds 
Kottelett: calls $2.10
DL1B: folds 
DJNezz: folds 
antey89: folds 
*** FLOP *** [Jc 7h Ts]
Chiarelli99: checks 
Kottelett: bets $5.42
Chiarelli99: folds 
Uncalled bet ($5.42) returned to Kottelett
Kottelett collected $5.42 from pot
*** SUMMARY ***
Total pot $5.70 | Rake $0.28 
Board [Jc 7h Ts]
Seat 1: Kottelett collected ($5.42)
Seat 2: DL1B (button) folded before Flop (didn't bet)
Seat 3: DJNezz (small blind) folded before Flop
Seat 4: antey89 (big blind) folded before Flop
Seat 5: Chiarelli99 folded on the Flop
Seat 6: habib beye folded before Flop (didn't bet)



PokerStars Hand #254619988737:  Hold'em No Limit ($0.50/$1.00 USD) - 2025/01/30 12:06:33 WET [2025/01/30 7:06:33 ET]
Table 'Mentha' 6-max Seat #3 is the button
Seat 1: Kottelett ($176.83 in chips) 
Seat 2: DL1B ($117.61 in chips) 
Seat 3: DJNezz ($102.34 in chips) 
Seat 4: antey89 ($100 in chips) 
Seat 5: Chiarelli99 ($116.32 in chips) 
Seat 6: habib beye ($100 in chips) 
antey89: posts small blind $0.50
Chiarelli99: posts big blind $1
*** HOLE CARDS ***
habib beye: raises $1.25 to $2.25
Kottelett: calls $2.25
DL1B: folds 
DJNezz: folds 
antey89: folds 
Chiarelli99: folds 
*** FLOP *** [9h 2h As]
habib beye: bets $4.33
Kottelett: calls $4.33
*** TURN *** [9h 2h As] [Ad]
habib beye: bets $10.59
Kottelett: calls $10.59
*** RIVER *** [9h 2h As Ad] [Qc]
habib beye: checks 
Kottelett: checks 
*** SHOW DOWN ***
habib beye: shows [5h Kh] (a pair of Aces)
Kottelett: shows [8d 9s] (two pair, Aces and Nines)
Kottelett collected $34.05 from pot
*** SUMMARY ***
Total pot $35.84 | Rake $1.79 
Board [9h 2h As Ad Qc]
Seat 1: Kottelett showed [8d 9s] and won ($34.05) with two pair, Aces and Nines
Seat 2: DL1B folded before Flop (didn't bet)
Seat 3: DJNezz (button) folded before Flop (didn't bet)
Seat 4: antey89 (small blind) folded before Flop
Seat 5: Chiarelli99 (big blind) folded before Flop
Seat 6: habib beye showed [5h Kh] and lost with a pair of Aces



PokerStars Hand #254619995072:  Hold'em No Limit ($0.50/$1.00 USD) - 2025/01/30 12:07:21 WET [2025/01/30 7:07:21 ET]
Table 'Mentha' 6-max Seat #4 is the button
Seat 1: Kottelett ($193.71 in chips) 
Seat 2: DL1B ($117.61 in chips) 
Seat 3: DJNezz ($102.34 in chips) 
Seat 4: antey89 ($100 in chips) 
Seat 5: Chiarelli99 ($115.32 in chips) 
Seat 6: habib beye ($100 in chips) 
Chiarelli99: posts small blind $0.50
habib beye: posts big blind $1
*** HOLE CARDS ***
Kottelett: raises $2 to $3
DL1B: folds 
DJNezz: folds 
antey89: folds 
Chiarelli99: folds 
habib beye: calls $2
*** FLOP *** [8c 4d 7s]
habib beye: checks 
Kottelett: checks 
*** TURN *** [8c 4d 7s] [Ts]
habib beye: checks 
Kottelett: checks 
*** RIVER *** [8c 4d 7s Ts] [9d]
habib beye: checks 
Kottelett: checks 
*** SHOW DOWN ***
habib beye: shows [Qh Ac] (high card Ace)
Kottelett: shows [3c 4s] (a pair of Fours)
Kottelett collected $6.18 from pot
*** SUMMARY ***
Total pot $6.50 | Rake $0.32 
Board [8c 4d 7s Ts 9d]
Seat 1: Kottelett showed [3c 4s] and won ($6.18) with a pair of Fours
Seat 2: DL1B folded before Flop (didn't bet)
Seat 3: DJNezz folded before Flop (didn't bet)
Seat 4: antey89 (button) folded before Flop (didn't bet)
Seat 5: Chiarelli99 (small blind) folded before Flop
Seat 6: habib beye (big blind) showed [Qh Ac] and lost with high card Ace



PokerStars Hand #254620002517:  Hold'em No Limit ($0.50/$1.00 USD) - 2025/01/30 12:08:18 WET [2025/01/30 7:08:18 ET]
Table 'Mentha' 6-max Seat #5 is the button
Seat 1: Kottelett ($196.89 in chips) 
Seat 2: DL1B ($117.61 in chips) 
Seat 3: DJNezz ($102.34 in chips) 
Seat 4: antey89 ($100 in chips) 
Seat 5: Chiarelli99 ($114.82 in chips) 
Seat 6: habib beye ($100 in chips) 
habib beye: posts small blind $0.50
Kottelett: posts big blind $1
*** HOLE CARDS ***
DL1B: folds 
DJNezz: folds 
antey89: raises $1.50 to $2.50
Chiarelli99: raises $5 to $7.50
habib beye: folds 
Kottelett: calls $6.50
antey89: calls $5
*** FLOP *** [8s 7c 5s]
Kottelett: checks 
antey89: bets $12.02
Chiarelli99: calls $12.02
Kottelett: calls $12.02
*** TURN *** [8s 7c 5s] [2s]
Kottelett: checks 
antey89: checks 
Chiarelli99: checks 
*** RIVER *** [8s 7c 5s 2s] [5d]
Kottelett: bets $65.56
antey89: folds 
Chiarelli99: folds 
Uncalled bet ($65.56) returned to Kottelett
Kottelett collected $56.56 from pot
*** SUMMARY ***
Total pot $59.06 | Rake $2.50 
Board [8s 7c 5s 2s 5d]
Seat 1: Kottelett (big blind) collected ($56.56)
Seat 2: DL1B folded before Flop (didn't bet)
Seat 3: DJNezz folded before Flop (didn't bet)
Seat 4: antey89 folded on the River
Seat 5: Chiarelli99 (button) folded on the River
Seat 6: habib beye (small blind) folded before Flop



PokerStars Hand #254620016320:  Hold'em No Limit ($0.50/$1.00 USD) - 2025/01/30 12:10:04 WET [2025/01/30 7:10:04 ET]
Table 'Mentha' 6-max Seat #6 is the button
Seat 1: Kottelett ($233.93 in chips) 
Seat 2: DL1B ($117.61 in chips) 
Seat 3: DJNezz ($102.34 in chips) 
Seat 4: antey89 ($100 in chips) 
Seat 5: Chiarelli99 ($100 in chips) 
Seat 6: habib beye ($100 in chips) 
Kottelett: posts small blind $0.50
DL1B: posts big blind $1
*** HOLE CARDS ***
DJNezz: folds 
antey89: raises $1.50 to $2.50
Chiarelli99: folds 
habib beye: folds 
Kottelett: calls $2
DL1B: calls $1.50
*** FLOP *** [9s As 3c]
Kottelett: checks 
DL1B: checks 
antey89: checks 
*** TURN *** [9s As 3c] [6s]
Kottelett: checks 
DL1B: checks 
antey89: checks 
*** RIVER *** [9s As 3c 6s] [Ks]
Kottelett: checks 
DL1B: checks 
antey89: checks 
*** SHOW DOWN ***
Kottelett: shows [9h 5d] (a pair of Nines)
DL1B: shows [Ad 2d] (a pair of Aces)
antey89: mucks hand 
DL1B collected $7.12 from pot
*** SUMMARY ***
Total pot $7.50 | Rake $0.38 
Board [9s As 3c 6s Ks]
Seat 1: Kottelett (small blind) showed [9h 5d] and lost with a pair of Nines
Seat 2: DL1B (big blind) showed [Ad 2d] and won ($7.12) with a pair of Aces
Seat 3: DJNezz folded before Flop (didn't bet)
Seat 4: antey89 mucked
Seat 5: Chiarelli99 folded before Flop (didn't bet)
Seat 6: habib beye (button) folded before Flop (didn't bet)



PokerStars Hand #254620022294:  Hold'em No Limit ($0.50/$1.00 USD) - 2025/01/30 12:10:49 WET [2025/01/30 7:10:49 ET]
Table 'Mentha' 6-max Seat #1 is the button
Seat 1: Kottelett ($231.43 in chips) 
Seat 2: DL1B ($122.23 in chips) 
Seat 3: DJNezz ($102.34 in chips) 
Seat 4: antey89 ($100 in chips) 
Seat 5: Chiarelli99 ($100 in chips) 
Seat 6: habib beye ($100 in chips) 
DL1B: posts small blind $0.50
DJNezz: posts big blind $1
*** HOLE CARDS ***
antey89: folds 
Chiarelli99: folds 
habib beye: raises $1.30 to $2.30
Kottelett: folds 
DL1B: folds 
DJNezz: calls $1.30
*** FLOP *** [Tc Ad Qs]
DJNezz: checks 
habib beye: checks 
*** TURN *** [Tc Ad Qs] [7c]
DJNezz: checks 
habib beye: bets $1.60
DJNezz: folds 
Uncalled bet ($1.60) returned to habib beye
habib beye collected $4.84 from pot
*** SUMMARY ***
Total pot $5.10 | Rake $0.26 
Board [Tc Ad Qs 7c]
Seat 1: Kottelett (button) folded before Flop (didn't bet)
Seat 2: DL1B (small blind) folded before Flop
Seat 3: DJNezz (big blind) folded on the Turn
Seat 4: antey89 folded before Flop (didn't bet)
Seat 5: Chiarelli99 folded before Flop (didn't bet)
Seat 6: habib beye collected ($4.84)



PokerStars Hand #254620028528:  Hold'em No Limit ($0.50/$1.00 USD) - 2025/01/30 12:11:36 WET [2025/01/30 7:11:36 ET]
Table 'Mentha' 6-max Seat #2 is the button
Seat 1: Kottelett ($231.43 in chips) 
Seat 2: DL1B ($121.73 in chips) 
Seat 3: DJNezz ($100.04 in chips) 
Seat 4: antey89 ($100 in chips) 
Seat 5: Chiarelli99 ($100 in chips) 
Seat 6: habib beye ($102.54 in chips) 
DJNezz: posts small blind $0.50
antey89: posts big blind $1
*** HOLE CARDS ***
Chiarelli99: folds 
habib beye: folds 
Kottelett: raises $1 to $2
DL1B: folds 
DJNezz: folds 
antey89: calls $1
*** FLOP *** [Jh Ah Ac]
antey89: checks 
Kottelett: bets $2.14
antey89: folds 
Uncalled bet ($2.14) returned to Kottelett
Kottelett collected $4.28 from pot
*** SUMMARY ***
Total pot $4.50 | Rake $0.22 
Board [Jh Ah Ac]
Seat 1: Kottelett collected ($4.28)
Seat 2: DL1B (button) folded before Flop (didn't bet)
Seat 3: DJNezz (small blind) folded before Flop
Seat 4: antey89 (big blind) folded on the Flop
Seat 5: Chiarelli99 folded before Flop (didn't bet)
Seat 6: habib beye folded before Flop (didn't bet)



PokerStars Hand #254620034573:  Hold'em No Limit ($0.50/$1.00 USD) - 2025/01/30 12:12:22 WET [2025/01/30 7:12:22 ET]
Table 'Mentha' 6-max Seat #3 is the button
Seat 1: Kottelett ($233.71 in chips) 
Seat 2: DL1B ($121.73 in chips) 
Seat 3: DJNezz ($100 in chips) 
Seat 4: antey89 ($100 in chips) 
Seat 5: Chiarelli99 ($100 in chips) 
Seat 6: habib beye ($102.54 in chips) 
antey89: posts small blind $0.50
Chiarelli99: posts big blind $1
*** HOLE CARDS ***
habib beye: folds 
Kottelett: raises $1 to $2
DL1B is disconnected 
DL1B has timed out while disconnected
DL1B: folds 
DJNezz: folds 
antey89: raises $10 to $12
Chiarelli99: folds 
Kottelett: calls $10
*** FLOP *** [6d 7d 2d]
antey89: checks 
Kottelett: checks 
*** TURN *** [6d 7d 2d] [Js]
antey89: bets $15.44
Kottelett: folds 
Uncalled bet ($15.44) returned to antey89
antey89 collected $23.75 from pot
antey89: doesn't show hand 
*** SUMMARY ***
Total pot $25 | Rake $1.25 
Board [6d 7d 2d Js]
Seat 1: Kottelett folded on the Turn
Seat 2: DL1B folded before Flop (didn't bet)
Seat 3: DJNezz (button) folded before Flop (didn't bet)
Seat 4: antey89 (small blind) collected ($23.75)
Seat 5: Chiarelli99 (big blind) folded before Flop
Seat 6: habib beye folded before Flop (didn't bet)



PokerStars Hand #254620043858:  Hold'em No Limit ($0.50/$1.00 USD) - 2025/01/30 12:13:34 WET [2025/01/30 7:13:34 ET]
Table 'Mentha' 6-max Seat #4 is the button
Seat 1: Kottelett ($221.71 in chips) 
Seat 2: DL1B ($121.73 in chips) 
Seat 3: DJNezz ($100 in chips) 
Seat 4: antey89 ($111.75 in chips) 
Seat 5: Chiarelli99 ($100 in chips) 
Seat 6: habib beye ($102.54 in chips) 
Chiarelli99: posts small blind $0.50
habib beye: posts big blind $1
*** HOLE CARDS ***
Kottelett: folds 
DL1B: folds 
DJNezz: folds 
antey89: folds 
Kottelett leaves the table
Chiarelli99: folds 
Uncalled bet ($0.50) returned to habib beye
habib beye collected $1 from pot
*** SUMMARY ***
Total pot $1 | Rake $0 
Seat 1: Kottelett folded before Flop (didn't bet)
Seat 2: DL1B folded before Flop (didn't bet)
Seat 3: DJNezz folded before Flop (didn't bet)
Seat 4: antey89 (button) folded before Flop (didn't bet)
Seat 5: Chiarelli99 (small blind) folded before Flop
Seat 6: habib beye (big blind) collected ($1)



PokerStars Hand #254620045429:  Hold'em No Limit ($0.50/$1.00 USD) - 2025/01/30 12:13:46 WET [2025/01/30 7:13:46 ET]
Table 'Mentha' 6-max Seat #5 is the button
Seat 2: DL1B ($121.73 in chips) 
Seat 3: DJNezz ($100 in chips) 
Seat 4: antey89 ($111.75 in chips) 
Seat 5: Chiarelli99 ($100 in chips) 
Seat 6: habib beye ($103.04 in chips) 
habib beye: posts small blind $0.50
DL1B: posts big blind $1
*** HOLE CARDS ***
DJNezz: folds 
antey89: folds 
Chiarelli99: folds 
habib beye: raises $2 to $3
Chiarelli99 leaves the table
DL1B: folds 
Uncalled bet ($2) returned to habib beye
habib beye collected $2 from pot
*** SUMMARY ***
Total pot $2 | Rake $0 
Seat 2: DL1B (big blind) folded before Flop
Seat 3: DJNezz folded before Flop (didn't bet)
Seat 4: antey89 folded before Flop (didn't bet)
Seat 5: Chiarelli99 (button) folded before Flop (didn't bet)
Seat 6: habib beye (small blind) collected ($2)



PokerStars Hand #254620047328:  Hold'em No Limit ($0.50/$1.00 USD) - 2025/01/30 12:14:01 WET [2025/01/30 7:14:01 ET]
Table 'Mentha' 6-max Seat #6 is the button
Seat 2: DL1B ($120.73 in chips) 
Seat 3: DJNezz ($100 in chips) 
Seat 4: antey89 ($111.75 in chips) 
Seat 6: habib beye ($104.04 in chips) 
DL1B: posts small blind $0.50
DJNezz: posts big blind $1
*** HOLE CARDS ***
antey89: folds 
habib beye: raises $1.50 to $2.50
DL1B: folds 
DJNezz: folds 
Uncalled bet ($1.50) returned to habib beye
habib beye collected $2.50 from pot
*** SUMMARY ***
Total pot $2.50 | Rake $0 
Seat 2: DL1B (small blind) folded before Flop
Seat 3: DJNezz (big blind) folded before Flop
Seat 4: antey89 folded before Flop (didn't bet)
Seat 6: habib beye (button) collected ($2.50)



PokerStars Hand #254620049501:  Hold'em No Limit ($0.50/$1.00 USD) - 2025/01/30 12:14:17 WET [2025/01/30 7:14:17 ET]
Table 'Mentha' 6-max Seat #2 is the button
Seat 4: antey89 ($111.75 in chips) is sitting out
Seat 2: DL1B ($120.23 in chips) 
Seat 3: DJNezz ($100 in chips) 
Seat 6: habib beye ($105.54 in chips) 
DJNezz: posts small blind $0.50
antey89: is sitting out 
habib beye: posts big blind $1
*** HOLE CARDS ***
DL1B: raises $1.50 to $2.50
DJNezz: folds 
antey89 leaves the table
habib beye: folds 
Uncalled bet ($1.50) returned to DL1B
DL1B collected $2.50 from pot
DL1B: doesn't show hand 
*** SUMMARY ***
Total pot $2.50 | Rake $0 
Seat 4: antey89
Seat 2: DL1B (button) collected ($2.50)
Seat 3: DJNezz (small blind) folded before Flop
Seat 6: habib beye (big blind) folded before Flop



PokerStars Hand #254620051574:  Hold'em No Limit ($0.50/$1.00 USD) - 2025/01/30 12:14:32 WET [2025/01/30 7:14:32 ET]
Table 'Mentha' 6-max Seat #3 is the button
Seat 2: DL1B ($121.73 in chips) 
Seat 3: DJNezz ($100 in chips) 
Seat 6: habib beye ($104.54 in chips) 
habib beye: posts small blind $0.50
DL1B: posts big blind $1
*** HOLE CARDS ***
DJNezz: raises $1.20 to $2.20
habib beye: folds 
DL1B: folds 
Uncalled bet ($1.20) returned to DJNezz
DJNezz collected $2.50 from pot
*** SUMMARY ***
Total pot $2.50 | Rake $0 
Seat 2: DL1B (big blind) folded before Flop
Seat 3: DJNezz (button) collected ($2.50)
Seat 6: habib beye (small blind) folded before Flop



PokerStars Hand #254620052966:  Hold'em No Limit ($0.50/$1.00 USD) - 2025/01/30 12:14:43 WET [2025/01/30 7:14:43 ET]
Table 'Mentha' 6-max Seat #2 is the button
Seat 3: DJNezz ($101.50 in chips) is sitting out
Seat 2: DL1B ($120.73 in chips) 
Seat 6: habib beye ($104.04 in chips) 
DL1B: posts small blind $0.50
DJNezz: is sitting out 
habib beye: posts big blind $1
*** HOLE CARDS ***
DL1B: folds 
Uncalled bet ($0.50) returned to habib beye
habib beye collected $1 from pot
*** SUMMARY ***
Total pot $1 | Rake $0 
Seat 3: DJNezz
Seat 2: DL1B (button) (small blind) folded before Flop
Seat 6: habib beye (big blind) collected ($1)



