PokerStars Hand #254622392710:  Hold'em No Limit ($0.50/$1.00 USD) - 2025/01/30 16:27:24 WET [2025/01/30 11:27:24 ET]
Table 'Mimosa' 6-max Seat #6 is the button
Seat 1: Quahrino ($100 in chips) 
Seat 2: Kirk2309 ($26.88 in chips) 
Seat 3: ARCTlCkiss ($100 in chips) 
Seat 4: elcutez ($90.50 in chips) 
Seat 5: NoonTime1991 ($102.68 in chips) 
Seat 6: raketkasix ($100 in chips) 
Quahrino: posts small blind $0.50
Kirk2309: posts big blind $1
*** HOLE CARDS ***
ARCTlCkiss: raises $1.53 to $2.53
elcutez: folds 
NoonTime1991: folds 
raketkasix: folds 
Quahrino: folds 
Kirk2309: raises $1.53 to $4.06
ARCTlCkiss: raises $95.94 to $100 and is all-in
Kirk2309: calls $22.82 and is all-in
Uncalled bet ($73.12) returned to ARCTlCkiss
*** FLOP *** [4s 9s 2h]
*** TURN *** [4s 9s 2h] [Jd]
*** RIVER *** [4s 9s 2h Jd] [8c]
*** SHOW DOWN ***
Kirk2309: shows [Ah Ad] (a pair of Aces)
ARCTlCkiss: shows [Kd Qd] (high card King)
Kirk2309 collected $51.76 from pot
*** SUMMARY ***
Total pot $54.26 | Rake $2.50 
Board [4s 9s 2h Jd 8c]
Seat 1: Quahrino (small blind) folded before Flop
Seat 2: Kirk2309 (big blind) showed [Ah Ad] and won ($51.76) with a pair of Aces
Seat 3: ARCTlCkiss showed [Kd Qd] and lost with high card King
Seat 4: elcutez folded before Flop (didn't bet)
Seat 5: NoonTime1991 folded before Flop (didn't bet)
Seat 6: raketkasix (button) folded before Flop (didn't bet)



PokerStars Hand #254622401062:  Hold'em No Limit ($0.50/$1.00 USD) - 2025/01/30 16:28:00 WET [2025/01/30 11:28:00 ET]
Table 'Mimosa' 6-max Seat #1 is the button
Seat 1: Quahrino ($100 in chips) 
Seat 2: Kirk2309 ($51.76 in chips) 
Seat 3: ARCTlCkiss ($100 in chips) 
Seat 4: elcutez ($90.50 in chips) 
Seat 5: NoonTime1991 ($102.68 in chips) 
Seat 6: raketkasix ($100 in chips) 
Kirk2309: posts small blind $0.50
ARCTlCkiss: posts big blind $1
*** HOLE CARDS ***
elcutez: folds 
NoonTime1991: folds 
raketkasix: raises $1.50 to $2.50
Quahrino: folds 
Kirk2309: calls $2
ARCTlCkiss: calls $1.50
*** FLOP *** [3d 8c 6d]
Kirk2309: bets $1
ARCTlCkiss: calls $1
raketkasix: folds 
*** TURN *** [3d 8c 6d] [4c]
Kirk2309: bets $2
ARCTlCkiss: calls $2
*** RIVER *** [3d 8c 6d 4c] [Ah]
Kirk2309: bets $2
ARCTlCkiss: raises $10.50 to $12.50
Kirk2309: folds 
Uncalled bet ($10.50) returned to ARCTlCkiss
ARCTlCkiss collected $16.62 from pot
ARCTlCkiss: doesn't show hand 
*** SUMMARY ***
Total pot $17.50 | Rake $0.88 
Board [3d 8c 6d 4c Ah]
Seat 1: Quahrino (button) folded before Flop (didn't bet)
Seat 2: Kirk2309 (small blind) folded on the River
Seat 3: ARCTlCkiss (big blind) collected ($16.62)
Seat 4: elcutez folded before Flop (didn't bet)
Seat 5: NoonTime1991 folded before Flop (didn't bet)
Seat 6: raketkasix folded on the Flop



PokerStars Hand #254622413743:  Hold'em No Limit ($0.50/$1.00 USD) - 2025/01/30 16:28:56 WET [2025/01/30 11:28:56 ET]
Table 'Mimosa' 6-max Seat #2 is the button
Seat 1: Quahrino ($100 in chips) 
Seat 2: Kirk2309 ($44.26 in chips) 
Seat 3: ARCTlCkiss ($109.12 in chips) 
Seat 4: elcutez ($90.50 in chips) 
Seat 5: NoonTime1991 ($102.68 in chips) 
Seat 6: raketkasix ($100 in chips) 
ARCTlCkiss: posts small blind $0.50
elcutez: posts big blind $1
*** HOLE CARDS ***
NoonTime1991: folds 
raketkasix: folds 
Quahrino: folds 
Kirk2309: folds 
ARCTlCkiss: folds 
Uncalled bet ($0.50) returned to elcutez
elcutez collected $1 from pot
*** SUMMARY ***
Total pot $1 | Rake $0 
Seat 1: Quahrino folded before Flop (didn't bet)
Seat 2: Kirk2309 (button) folded before Flop (didn't bet)
Seat 3: ARCTlCkiss (small blind) folded before Flop
Seat 4: elcutez (big blind) collected ($1)
Seat 5: NoonTime1991 folded before Flop (didn't bet)
Seat 6: raketkasix folded before Flop (didn't bet)



PokerStars Hand #254622416058:  Hold'em No Limit ($0.50/$1.00 USD) - 2025/01/30 16:29:06 WET [2025/01/30 11:29:06 ET]
Table 'Mimosa' 6-max Seat #3 is the button
Seat 1: Quahrino ($100 in chips) 
Seat 2: Kirk2309 ($44.26 in chips) 
Seat 3: ARCTlCkiss ($108.62 in chips) 
Seat 4: elcutez ($91 in chips) 
Seat 5: NoonTime1991 ($102.68 in chips) 
Seat 6: raketkasix ($100 in chips) 
elcutez: posts small blind $0.50
NoonTime1991: posts big blind $1
*** HOLE CARDS ***
raketkasix: folds 
Quahrino: folds 
Kirk2309: calls $1
ARCTlCkiss: folds 
elcutez: folds 
NoonTime1991: raises $3 to $4
Kirk2309: calls $3
*** FLOP *** [6s 4h 2c]
NoonTime1991: checks 
Kirk2309: bets $2
NoonTime1991: raises $6 to $8
Kirk2309: calls $6
*** TURN *** [6s 4h 2c] [5c]
NoonTime1991: checks 
Kirk2309: checks 
*** RIVER *** [6s 4h 2c 5c] [Js]
NoonTime1991: bets $5.82
Kirk2309: calls $5.82
*** SHOW DOWN ***
NoonTime1991: shows [Qs Jc] (a pair of Jacks)
Kirk2309: shows [2h 5h] (two pair, Fives and Deuces)
Kirk2309 collected $34.33 from pot
*** SUMMARY ***
Total pot $36.14 | Rake $1.81 
Board [6s 4h 2c 5c Js]
Seat 1: Quahrino folded before Flop (didn't bet)
Seat 2: Kirk2309 showed [2h 5h] and won ($34.33) with two pair, Fives and Deuces
Seat 3: ARCTlCkiss (button) folded before Flop (didn't bet)
Seat 4: elcutez (small blind) folded before Flop
Seat 5: NoonTime1991 (big blind) showed [Qs Jc] and lost with a pair of Jacks
Seat 6: raketkasix folded before Flop (didn't bet)



PokerStars Hand #254622432824:  Hold'em No Limit ($0.50/$1.00 USD) - 2025/01/30 16:30:19 WET [2025/01/30 11:30:19 ET]
Table 'Mimosa' 6-max Seat #4 is the button
Seat 1: Quahrino ($100 in chips) 
Seat 2: Kirk2309 ($60.77 in chips) 
Seat 3: ARCTlCkiss ($108.62 in chips) 
Seat 4: elcutez ($90.50 in chips) 
Seat 5: NoonTime1991 ($100 in chips) 
Seat 6: raketkasix ($100 in chips) 
NoonTime1991: posts small blind $0.50
raketkasix: posts big blind $1
*** HOLE CARDS ***
Quahrino: folds 
Kirk2309: calls $1
ARCTlCkiss: folds 
elcutez: folds 
NoonTime1991: folds 
raketkasix: checks 
*** FLOP *** [2h 6c 5c]
raketkasix: checks 
Kirk2309: bets $1
raketkasix: calls $1
*** TURN *** [2h 6c 5c] [3h]
raketkasix: checks 
Kirk2309: bets $2
raketkasix: calls $2
*** RIVER *** [2h 6c 5c 3h] [6d]
raketkasix: checks 
Kirk2309: checks 
*** SHOW DOWN ***
raketkasix: shows [5d 7d] (two pair, Sixes and Fives)
Kirk2309: shows [6h Kd] (three of a kind, Sixes)
Kirk2309 collected $8.08 from pot
*** SUMMARY ***
Total pot $8.50 | Rake $0.42 
Board [2h 6c 5c 3h 6d]
Seat 1: Quahrino folded before Flop (didn't bet)
Seat 2: Kirk2309 showed [6h Kd] and won ($8.08) with three of a kind, Sixes
Seat 3: ARCTlCkiss folded before Flop (didn't bet)
Seat 4: elcutez (button) folded before Flop (didn't bet)
Seat 5: NoonTime1991 (small blind) folded before Flop
Seat 6: raketkasix (big blind) showed [5d 7d] and lost with two pair, Sixes and Fives



PokerStars Hand #254622447932:  Hold'em No Limit ($0.50/$1.00 USD) - 2025/01/30 16:31:26 WET [2025/01/30 11:31:26 ET]
Table 'Mimosa' 6-max Seat #5 is the button
Seat 4: elcutez ($90.50 in chips) is sitting out
Seat 1: Quahrino ($100 in chips) 
Seat 2: Kirk2309 ($64.85 in chips) 
Seat 3: ARCTlCkiss ($108.62 in chips) 
Seat 5: NoonTime1991 ($100 in chips) 
Seat 6: raketkasix ($100 in chips) 
raketkasix: posts small blind $0.50
Quahrino: posts big blind $1
*** HOLE CARDS ***
Kirk2309: calls $1
ARCTlCkiss: folds 
NoonTime1991: folds 
raketkasix: calls $0.50
elcutez is disconnected 
Quahrino: raises $6 to $7
Kirk2309: folds 
raketkasix: folds 
Uncalled bet ($6) returned to Quahrino
Quahrino collected $3 from pot
Quahrino: doesn't show hand 
*** SUMMARY ***
Total pot $3 | Rake $0 
Seat 4: elcutez
Seat 1: Quahrino (big blind) collected ($3)
Seat 2: Kirk2309 folded before Flop
Seat 3: ARCTlCkiss folded before Flop (didn't bet)
Seat 5: NoonTime1991 (button) folded before Flop (didn't bet)
Seat 6: raketkasix (small blind) folded before Flop



PokerStars Hand #254622452691:  Hold'em No Limit ($0.50/$1.00 USD) - 2025/01/30 16:31:47 WET [2025/01/30 11:31:47 ET]
Table 'Mimosa' 6-max Seat #6 is the button
Seat 4: elcutez ($90.50 in chips) is sitting out
Seat 1: Quahrino ($102 in chips) 
Seat 2: Kirk2309 ($63.85 in chips) 
Seat 3: ARCTlCkiss ($108.62 in chips) 
Seat 5: NoonTime1991 ($100 in chips) 
Seat 6: raketkasix ($100 in chips) 
Quahrino: posts small blind $0.50
Kirk2309: posts big blind $1
*** HOLE CARDS ***
ARCTlCkiss: folds 
NoonTime1991: folds 
raketkasix: folds 
Quahrino: raises $2 to $3
Kirk2309: calls $2
*** FLOP *** [4c 5h 9d]
Quahrino: bets $1.43
Kirk2309: folds 
Uncalled bet ($1.43) returned to Quahrino
Quahrino collected $5.70 from pot
Quahrino: doesn't show hand 
*** SUMMARY ***
Total pot $6 | Rake $0.30 
Board [4c 5h 9d]
Seat 4: elcutez
Seat 1: Quahrino (small blind) collected ($5.70)
Seat 2: Kirk2309 (big blind) folded on the Flop
Seat 3: ARCTlCkiss folded before Flop (didn't bet)
Seat 5: NoonTime1991 folded before Flop (didn't bet)
Seat 6: raketkasix (button) folded before Flop (didn't bet)



PokerStars Hand #254622459168:  Hold'em No Limit ($0.50/$1.00 USD) - 2025/01/30 16:32:15 WET [2025/01/30 11:32:15 ET]
Table 'Mimosa' 6-max Seat #1 is the button
Seat 4: elcutez ($90.50 in chips) is sitting out
Seat 1: Quahrino ($104.70 in chips) 
Seat 2: Kirk2309 ($60.85 in chips) 
Seat 3: ARCTlCkiss ($108.62 in chips) 
Seat 5: NoonTime1991 ($100 in chips) 
Seat 6: raketkasix ($100 in chips) 
Kirk2309: posts small blind $0.50
ARCTlCkiss: posts big blind $1
*** HOLE CARDS ***
NoonTime1991: raises $2 to $3
raketkasix: raises $6 to $9
Quahrino: folds 
Kirk2309: folds 
ARCTlCkiss: folds 
NoonTime1991: raises $15 to $24
raketkasix: folds 
Uncalled bet ($15) returned to NoonTime1991
NoonTime1991 collected $19.50 from pot
NoonTime1991: doesn't show hand 
*** SUMMARY ***
Total pot $19.50 | Rake $0 
Seat 4: elcutez
Seat 1: Quahrino (button) folded before Flop (didn't bet)
Seat 2: Kirk2309 (small blind) folded before Flop
Seat 3: ARCTlCkiss (big blind) folded before Flop
Seat 5: NoonTime1991 collected ($19.50)
Seat 6: raketkasix folded before Flop



PokerStars Hand #254622468655:  Hold'em No Limit ($0.50/$1.00 USD) - 2025/01/30 16:32:56 WET [2025/01/30 11:32:56 ET]
Table 'Mimosa' 6-max Seat #2 is the button
Seat 4: elcutez ($90.50 in chips) is sitting out
Seat 1: Quahrino ($104.70 in chips) 
Seat 2: Kirk2309 ($60.35 in chips) 
Seat 3: ARCTlCkiss ($107.62 in chips) 
Seat 5: NoonTime1991 ($110.50 in chips) 
Seat 6: raketkasix ($100 in chips) 
ARCTlCkiss: posts small blind $0.50
NoonTime1991: posts big blind $1
*** HOLE CARDS ***
raketkasix: raises $1.50 to $2.50
Quahrino: folds 
Kirk2309: folds 
ARCTlCkiss: folds 
NoonTime1991: folds 
Uncalled bet ($1.50) returned to raketkasix
raketkasix collected $2.50 from pot
raketkasix: doesn't show hand 
*** SUMMARY ***
Total pot $2.50 | Rake $0 
Seat 4: elcutez
Seat 1: Quahrino folded before Flop (didn't bet)
Seat 2: Kirk2309 (button) folded before Flop (didn't bet)
Seat 3: ARCTlCkiss (small blind) folded before Flop
Seat 5: NoonTime1991 (big blind) folded before Flop
Seat 6: raketkasix collected ($2.50)



PokerStars Hand #254622471315:  Hold'em No Limit ($0.50/$1.00 USD) - 2025/01/30 16:33:08 WET [2025/01/30 11:33:08 ET]
Table 'Mimosa' 6-max Seat #3 is the button
Seat 4: elcutez ($90.50 in chips) is sitting out
Seat 1: Quahrino ($104.70 in chips) 
Seat 2: Kirk2309 ($60.35 in chips) 
Seat 3: ARCTlCkiss ($107.12 in chips) 
Seat 5: NoonTime1991 ($109.50 in chips) 
Seat 6: raketkasix ($101.50 in chips) 
NoonTime1991: posts small blind $0.50
raketkasix: posts big blind $1
*** HOLE CARDS ***
Quahrino: folds 
Kirk2309: calls $1
ARCTlCkiss: raises $2.50 to $3.50
NoonTime1991: raises $10.50 to $14
raketkasix: folds 
Kirk2309: folds 
ARCTlCkiss: raises $15.25 to $29.25
NoonTime1991: folds 
Uncalled bet ($15.25) returned to ARCTlCkiss
ARCTlCkiss collected $30 from pot
ARCTlCkiss: doesn't show hand 
*** SUMMARY ***
Total pot $30 | Rake $0 
Seat 4: elcutez
Seat 1: Quahrino folded before Flop (didn't bet)
Seat 2: Kirk2309 folded before Flop
Seat 3: ARCTlCkiss (button) collected ($30)
Seat 5: NoonTime1991 (small blind) folded before Flop
Seat 6: raketkasix (big blind) folded before Flop



PokerStars Hand #254622484896:  Hold'em No Limit ($0.50/$1.00 USD) - 2025/01/30 16:34:08 WET [2025/01/30 11:34:08 ET]
Table 'Mimosa' 6-max Seat #5 is the button
Seat 4: elcutez ($90.50 in chips) is sitting out
Seat 1: Quahrino ($104.70 in chips) 
Seat 2: Kirk2309 ($59.35 in chips) 
Seat 3: ARCTlCkiss ($123.12 in chips) 
Seat 5: NoonTime1991 ($100 in chips) 
Seat 6: raketkasix ($100.50 in chips) 
raketkasix: posts small blind $0.50
Quahrino: posts big blind $1
*** HOLE CARDS ***
Kirk2309 has timed out
Kirk2309: folds 
ARCTlCkiss: folds 
NoonTime1991: raises $2 to $3
raketkasix: folds 
Quahrino: folds 
Uncalled bet ($2) returned to NoonTime1991
NoonTime1991 collected $2.50 from pot
NoonTime1991: doesn't show hand 
*** SUMMARY ***
Total pot $2.50 | Rake $0 
Seat 4: elcutez
Seat 1: Quahrino (big blind) folded before Flop
Seat 2: Kirk2309 folded before Flop (didn't bet)
Seat 3: ARCTlCkiss folded before Flop (didn't bet)
Seat 5: NoonTime1991 (button) collected ($2.50)
Seat 6: raketkasix (small blind) folded before Flop



PokerStars Hand #254622494022:  Hold'em No Limit ($0.50/$1.00 USD) - 2025/01/30 16:34:48 WET [2025/01/30 11:34:48 ET]
Table 'Mimosa' 6-max Seat #6 is the button
Seat 4: elcutez ($90.50 in chips) is sitting out
Seat 1: Quahrino ($103.70 in chips) 
Seat 2: Kirk2309 ($59.35 in chips) 
Seat 3: ARCTlCkiss ($123.12 in chips) 
Seat 5: NoonTime1991 ($101.50 in chips) 
Seat 6: raketkasix ($100 in chips) 
Quahrino: posts small blind $0.50
Kirk2309: posts big blind $1
*** HOLE CARDS ***
ARCTlCkiss: folds 
NoonTime1991: folds 
raketkasix: raises $1.50 to $2.50
Quahrino: folds 
Kirk2309 has timed out
Kirk2309: folds 
Uncalled bet ($1.50) returned to raketkasix
raketkasix collected $2.50 from pot
raketkasix: doesn't show hand 
*** SUMMARY ***
Total pot $2.50 | Rake $0 
Seat 4: elcutez
Seat 1: Quahrino (small blind) folded before Flop
Seat 2: Kirk2309 (big blind) folded before Flop
Seat 3: ARCTlCkiss folded before Flop (didn't bet)
Seat 5: NoonTime1991 folded before Flop (didn't bet)
Seat 6: raketkasix (button) collected ($2.50)



PokerStars Hand #254622499634:  Hold'em No Limit ($0.50/$1.00 USD) - 2025/01/30 16:35:12 WET [2025/01/30 11:35:12 ET]
Table 'Mimosa' 6-max Seat #1 is the button
Seat 2: Kirk2309 ($58.35 in chips) is sitting out
Seat 1: Quahrino ($103.20 in chips) 
Seat 3: ARCTlCkiss ($123.12 in chips) 
Seat 4: elcutez ($90.50 in chips) 
Seat 5: NoonTime1991 ($101.50 in chips) 
Seat 6: raketkasix ($101.50 in chips) 
ARCTlCkiss: posts small blind $0.50
elcutez: posts big blind $1
*** HOLE CARDS ***
NoonTime1991: folds 
raketkasix: raises $1.50 to $2.50
Quahrino: folds 
ARCTlCkiss: folds 
elcutez: folds 
Uncalled bet ($1.50) returned to raketkasix
raketkasix collected $2.50 from pot
raketkasix: doesn't show hand 
*** SUMMARY ***
Total pot $2.50 | Rake $0 
Seat 2: Kirk2309
Seat 1: Quahrino (button) folded before Flop (didn't bet)
Seat 3: ARCTlCkiss (small blind) folded before Flop
Seat 4: elcutez (big blind) folded before Flop
Seat 5: NoonTime1991 folded before Flop (didn't bet)
Seat 6: raketkasix collected ($2.50)



PokerStars Hand #254622503509:  Hold'em No Limit ($0.50/$1.00 USD) - 2025/01/30 16:35:30 WET [2025/01/30 11:35:30 ET]
Table 'Mimosa' 6-max Seat #3 is the button
Seat 2: Kirk2309 ($58.35 in chips) is sitting out
Seat 1: Quahrino ($103.20 in chips) 
Seat 3: ARCTlCkiss ($122.62 in chips) 
Seat 4: elcutez ($89.50 in chips) 
Seat 5: NoonTime1991 ($101.50 in chips) 
Seat 6: raketkasix ($103 in chips) 
elcutez: posts small blind $0.50
NoonTime1991: posts big blind $1
Kirk2309: sits out 
*** HOLE CARDS ***
raketkasix: folds 
Quahrino: folds 
ARCTlCkiss: folds 
elcutez: folds 
Uncalled bet ($0.50) returned to NoonTime1991
NoonTime1991 collected $1 from pot
NoonTime1991: doesn't show hand 
*** SUMMARY ***
Total pot $1 | Rake $0 
Seat 2: Kirk2309
Seat 1: Quahrino folded before Flop (didn't bet)
Seat 3: ARCTlCkiss (button) folded before Flop (didn't bet)
Seat 4: elcutez (small blind) folded before Flop
Seat 5: NoonTime1991 (big blind) collected ($1)
Seat 6: raketkasix folded before Flop (didn't bet)



PokerStars Hand #254622507235:  Hold'em No Limit ($0.50/$1.00 USD) - 2025/01/30 16:35:46 WET [2025/01/30 11:35:46 ET]
Table 'Mimosa' 6-max Seat #4 is the button
Seat 2: Kirk2309 ($58.35 in chips) is sitting out
Seat 1: Quahrino ($103.20 in chips) 
Seat 3: ARCTlCkiss ($122.62 in chips) 
Seat 4: elcutez ($89 in chips) 
Seat 5: NoonTime1991 ($102 in chips) 
Seat 6: raketkasix ($103 in chips) 
NoonTime1991: posts small blind $0.50
raketkasix: posts big blind $1
Kirk2309: sits out 
*** HOLE CARDS ***
Quahrino: folds 
ARCTlCkiss: raises $1.53 to $2.53
elcutez: folds 
NoonTime1991: folds 
raketkasix: folds 
Uncalled bet ($1.53) returned to ARCTlCkiss
ARCTlCkiss collected $2.50 from pot
ARCTlCkiss: doesn't show hand 
*** SUMMARY ***
Total pot $2.50 | Rake $0 
Seat 2: Kirk2309
Seat 1: Quahrino folded before Flop (didn't bet)
Seat 3: ARCTlCkiss collected ($2.50)
Seat 4: elcutez (button) folded before Flop (didn't bet)
Seat 5: NoonTime1991 (small blind) folded before Flop
Seat 6: raketkasix (big blind) folded before Flop



PokerStars Hand #254622511565:  Hold'em No Limit ($0.50/$1.00 USD) - 2025/01/30 16:36:05 WET [2025/01/30 11:36:05 ET]
Table 'Mimosa' 6-max Seat #5 is the button
Seat 2: Kirk2309 ($58.35 in chips) is sitting out
Seat 1: Quahrino ($103.20 in chips) 
Seat 3: ARCTlCkiss ($124.12 in chips) 
Seat 4: elcutez ($89 in chips) 
Seat 5: NoonTime1991 ($101.50 in chips) 
Seat 6: raketkasix ($102 in chips) 
raketkasix: posts small blind $0.50
Quahrino: posts big blind $1
Kirk2309: sits out 
*** HOLE CARDS ***
ARCTlCkiss: folds 
elcutez: raises $2 to $3
NoonTime1991: folds 
raketkasix: folds 
Quahrino: calls $2
*** FLOP *** [7c 7d Td]
Quahrino: checks 
elcutez: checks 
*** TURN *** [7c 7d Td] [As]
Quahrino: checks 
elcutez: checks 
*** RIVER *** [7c 7d Td As] [4d]
Quahrino: bets $1.55
elcutez: raises $9.28 to $10.83
Quahrino: folds 
Uncalled bet ($9.28) returned to elcutez
elcutez collected $9.12 from pot
*** SUMMARY ***
Total pot $9.60 | Rake $0.48 
Board [7c 7d Td As 4d]
Seat 2: Kirk2309
Seat 1: Quahrino (big blind) folded on the River
Seat 3: ARCTlCkiss folded before Flop (didn't bet)
Seat 4: elcutez collected ($9.12)
Seat 5: NoonTime1991 (button) folded before Flop (didn't bet)
Seat 6: raketkasix (small blind) folded before Flop



PokerStars Hand #254622525229:  Hold'em No Limit ($0.50/$1.00 USD) - 2025/01/30 16:37:04 WET [2025/01/30 11:37:04 ET]
Table 'Mimosa' 6-max Seat #6 is the button
Seat 1: Quahrino ($100 in chips) 
Seat 2: Kirk2309 ($58.35 in chips) 
Seat 3: ARCTlCkiss ($124.12 in chips) 
Seat 4: elcutez ($93.57 in chips) 
Seat 5: NoonTime1991 ($101.50 in chips) 
Seat 6: raketkasix ($101.50 in chips) 
Quahrino: posts small blind $0.50
Kirk2309: posts big blind $1
*** HOLE CARDS ***
ARCTlCkiss: folds 
elcutez: folds 
NoonTime1991: folds 
raketkasix: folds 
Quahrino: raises $2 to $3
Kirk2309: calls $2
*** FLOP *** [Tc 5c 2d]
Quahrino: checks 
Kirk2309: bets $2
Quahrino: calls $2
*** TURN *** [Tc 5c 2d] [8c]
Quahrino: checks 
Kirk2309: bets $53.35 and is all-in
Quahrino: calls $53.35
*** RIVER *** [Tc 5c 2d 8c] [9c]
*** SHOW DOWN ***
Quahrino: shows [8s 8h] (three of a kind, Eights)
Kirk2309: shows [6c Qc] (a flush, Queen high)
Kirk2309 collected $114.20 from pot
*** SUMMARY ***
Total pot $116.70 | Rake $2.50 
Board [Tc 5c 2d 8c 9c]
Seat 1: Quahrino (small blind) showed [8s 8h] and lost with three of a kind, Eights
Seat 2: Kirk2309 (big blind) showed [6c Qc] and won ($114.20) with a flush, Queen high
Seat 3: ARCTlCkiss folded before Flop (didn't bet)
Seat 4: elcutez folded before Flop (didn't bet)
Seat 5: NoonTime1991 folded before Flop (didn't bet)
Seat 6: raketkasix (button) folded before Flop (didn't bet)



PokerStars Hand #254622537418:  Hold'em No Limit ($0.50/$1.00 USD) - 2025/01/30 16:37:58 WET [2025/01/30 11:37:58 ET]
Table 'Mimosa' 6-max Seat #1 is the button
Seat 1: Quahrino ($100 in chips) 
Seat 2: Kirk2309 ($114.20 in chips) 
Seat 3: ARCTlCkiss ($124.12 in chips) 
Seat 4: elcutez ($93.57 in chips) 
Seat 5: NoonTime1991 ($101.50 in chips) 
Seat 6: raketkasix ($101.50 in chips) 
Kirk2309: posts small blind $0.50
ARCTlCkiss: posts big blind $1
*** HOLE CARDS ***
elcutez: raises $2.50 to $3.50
NoonTime1991: folds 
raketkasix: folds 
Quahrino: folds 
Kirk2309: folds 
ARCTlCkiss: folds 
Uncalled bet ($2.50) returned to elcutez
elcutez collected $2.50 from pot
*** SUMMARY ***
Total pot $2.50 | Rake $0 
Seat 1: Quahrino (button) folded before Flop (didn't bet)
Seat 2: Kirk2309 (small blind) folded before Flop
Seat 3: ARCTlCkiss (big blind) folded before Flop
Seat 4: elcutez collected ($2.50)
Seat 5: NoonTime1991 folded before Flop (didn't bet)
Seat 6: raketkasix folded before Flop (didn't bet)



PokerStars Hand #254623284127:  Hold'em No Limit ($0.50/$1.00 USD) - 2025/01/30 16:56:06 WET [2025/01/30 11:56:06 ET]
Table 'Mimosa' 6-max Seat #5 is the button
Seat 1: Quahrino ($106.16 in chips) 
Seat 2: Kirk2309 ($81.79 in chips) 
Seat 3: ARCTlCkiss ($119.62 in chips) 
Seat 4: Joe_Li7 ($112.78 in chips) 
Seat 5: raiseinthedarkk ($100 in chips) 
Seat 6: raketkasix ($100.50 in chips) 
raketkasix: posts small blind $0.50
Quahrino: posts big blind $1
*** HOLE CARDS ***
Kirk2309: calls $1
ARCTlCkiss: raises $2.50 to $3.50
Joe_Li7: folds 
raiseinthedarkk: folds 
raketkasix: folds 
Quahrino: folds 
Kirk2309: calls $2.50
*** FLOP *** [6s 8s Jc]
Quahrino leaves the table
Kirk2309: checks 
ARCTlCkiss: bets $4.20
Kirk2309: folds 
Uncalled bet ($4.20) returned to ARCTlCkiss
ARCTlCkiss collected $8.08 from pot
ARCTlCkiss: doesn't show hand 
*** SUMMARY ***
Total pot $8.50 | Rake $0.42 
Board [6s 8s Jc]
Seat 1: Quahrino (big blind) folded before Flop
Seat 2: Kirk2309 folded on the Flop
Seat 3: ARCTlCkiss collected ($8.08)
Seat 4: Joe_Li7 folded before Flop (didn't bet)
Seat 5: raiseinthedarkk (button) folded before Flop (didn't bet)
Seat 6: raketkasix (small blind) folded before Flop



PokerStars Hand #254623289818:  Hold'em No Limit ($0.50/$1.00 USD) - 2025/01/30 16:56:38 WET [2025/01/30 11:56:38 ET]
Table 'Mimosa' 6-max Seat #6 is the button
Seat 2: Kirk2309 ($78.29 in chips) 
Seat 3: ARCTlCkiss ($124.20 in chips) 
Seat 4: Joe_Li7 ($112.78 in chips) 
Seat 5: raiseinthedarkk ($100 in chips) 
Seat 6: raketkasix ($100 in chips) 
Kirk2309: posts small blind $0.50
ARCTlCkiss: posts big blind $1
*** HOLE CARDS ***
Joe_Li7: folds 
raiseinthedarkk: folds 
raketkasix: folds 
Kirk2309: calls $0.50
ARCTlCkiss: raises $4 to $5
BGS013 joins the table at seat #1 
Kirk2309: calls $4
*** FLOP *** [7s Th 8h]
Kirk2309: bets $4.75
ARCTlCkiss: raises $19.57 to $24.32
Kirk2309: raises $48.97 to $73.29 and is all-in
ARCTlCkiss: calls $48.97
*** TURN *** [7s Th 8h] [8s]
*** RIVER *** [7s Th 8h 8s] [5h]
*** SHOW DOWN ***
Kirk2309: shows [Td Qh] (two pair, Tens and Eights)
ARCTlCkiss: shows [Kh Ts] (two pair, Tens and Eights - King kicker)
ARCTlCkiss collected $154.08 from pot
*** SUMMARY ***
Total pot $156.58 | Rake $2.50 
Board [7s Th 8h 8s 5h]
Seat 2: Kirk2309 (small blind) showed [Td Qh] and lost with two pair, Tens and Eights
Seat 3: ARCTlCkiss (big blind) showed [Kh Ts] and won ($154.08) with two pair, Tens and Eights
Seat 4: Joe_Li7 folded before Flop (didn't bet)
Seat 5: raiseinthedarkk folded before Flop (didn't bet)
Seat 6: raketkasix (button) folded before Flop (didn't bet)



PokerStars Hand #254623298182:  Hold'em No Limit ($0.50/$1.00 USD) - 2025/01/30 16:57:24 WET [2025/01/30 11:57:24 ET]
Table 'Mimosa' 6-max Seat #3 is the button
Seat 1: BGS013 ($100 in chips) is sitting out
Seat 2: Kirk2309 ($0 in chips) is sitting out
Seat 3: ARCTlCkiss ($199.99 in chips) 
Seat 4: Joe_Li7 ($112.78 in chips) 
Seat 5: raiseinthedarkk ($100 in chips) 
Seat 6: raketkasix ($100 in chips) 
Joe_Li7: posts small blind $0.50
raiseinthedarkk: posts big blind $1
BGS013: sits out 
*** HOLE CARDS ***
raketkasix: raises $1.50 to $2.50
ARCTlCkiss: folds 
Joe_Li7: folds 
raiseinthedarkk: folds 
Uncalled bet ($1.50) returned to raketkasix
raketkasix collected $2.50 from pot
raketkasix: doesn't show hand 
*** SUMMARY ***
Total pot $2.50 | Rake $0 
Seat 1: BGS013
Seat 2: Kirk2309
Seat 3: ARCTlCkiss (button) folded before Flop (didn't bet)
Seat 4: Joe_Li7 (small blind) folded before Flop
Seat 5: raiseinthedarkk (big blind) folded before Flop
Seat 6: raketkasix collected ($2.50)



PokerStars Hand #254623300571:  Hold'em No Limit ($0.50/$1.00 USD) - 2025/01/30 16:57:38 WET [2025/01/30 11:57:38 ET]
Table 'Mimosa' 6-max Seat #4 is the button
Seat 2: Kirk2309 ($0 in chips) is sitting out
Seat 6: raketkasix ($101.50 in chips) is sitting out
Seat 1: BGS013 ($100 in chips) 
Seat 3: ARCTlCkiss ($199.99 in chips) 
Seat 4: Joe_Li7 ($112.28 in chips) 
Seat 5: raiseinthedarkk ($100 in chips) 
raiseinthedarkk: posts small blind $0.50
raketkasix: is sitting out 
BGS013: posts big blind $1
*** HOLE CARDS ***
raketkasix leaves the table
Kirk2309 leaves the table
ARCTlCkiss: folds 
Joe_Li7: raises $1.20 to $2.20
raiseinthedarkk: folds 
BGS013: folds 
Uncalled bet ($1.20) returned to Joe_Li7
BGS013 leaves the table
Joe_Li7 collected $2.50 from pot
*** SUMMARY ***
Total pot $2.50 | Rake $0 
Seat 2: Kirk2309
Seat 6: raketkasix
Seat 1: BGS013 (big blind) folded before Flop
Seat 3: ARCTlCkiss folded before Flop (didn't bet)
Seat 4: Joe_Li7 (button) collected ($2.50)
Seat 5: raiseinthedarkk (small blind) folded before Flop



PokerStars Hand #254623102344:  Hold'em No Limit ($0.50/$1.00 USD) - 2025/01/30 16:42:42 WET [2025/01/30 11:42:42 ET]
Table 'Mimosa' 6-max Seat #3 is the button
Seat 5: NoonTime1991 ($100 in chips) is sitting out
Seat 1: Quahrino ($113.08 in chips) 
Seat 2: Kirk2309 ($77.70 in chips) 
Seat 3: ARCTlCkiss ($122.62 in chips) 
Seat 4: elcutez ($118.67 in chips) 
Seat 6: raketkasix ($100 in chips) 
elcutez: posts small blind $0.50
NoonTime1991: is sitting out 
raketkasix: posts big blind $1
*** HOLE CARDS ***
Quahrino: folds 
Kirk2309: calls $1
ARCTlCkiss: folds 
elcutez: folds 
NoonTime1991 leaves the table
raketkasix: checks 
*** FLOP *** [3s 4h 2s]
raketkasix: checks 
raiseinthedarkk joins the table at seat #5 
Kirk2309: bets $1
raketkasix: calls $1
*** TURN *** [3s 4h 2s] [6h]
raketkasix: bets $3.21
Kirk2309: folds 
Uncalled bet ($3.21) returned to raketkasix
raketkasix collected $4.28 from pot
raketkasix: doesn't show hand 
*** SUMMARY ***
Total pot $4.50 | Rake $0.22 
Board [3s 4h 2s 6h]
Seat 5: NoonTime1991
Seat 1: Quahrino folded before Flop (didn't bet)
Seat 2: Kirk2309 folded on the Turn
Seat 3: ARCTlCkiss (button) folded before Flop (didn't bet)
Seat 4: elcutez (small blind) folded before Flop
Seat 6: raketkasix (big blind) collected ($4.28)



PokerStars Hand #254623112743:  Hold'em No Limit ($0.50/$1.00 USD) - 2025/01/30 16:43:27 WET [2025/01/30 11:43:27 ET]
Table 'Mimosa' 6-max Seat #4 is the button
Seat 5: raiseinthedarkk ($100 in chips) is sitting out
Seat 1: Quahrino ($113.08 in chips) 
Seat 2: Kirk2309 ($75.70 in chips) 
Seat 3: ARCTlCkiss ($122.62 in chips) 
Seat 4: elcutez ($118.17 in chips) 
Seat 6: raketkasix ($102.28 in chips) 
raketkasix: posts small blind $0.50
Quahrino: posts big blind $1
*** HOLE CARDS ***
Kirk2309: calls $1
ARCTlCkiss: folds 
elcutez: folds 
raketkasix: folds 
Quahrino: raises $4 to $5
Kirk2309: calls $4
*** FLOP *** [Kh Ah Th]
Quahrino: bets $2.50
Kirk2309: folds 
Uncalled bet ($2.50) returned to Quahrino
Quahrino collected $9.98 from pot
Quahrino: doesn't show hand 
*** SUMMARY ***
Total pot $10.50 | Rake $0.52 
Board [Kh Ah Th]
Seat 5: raiseinthedarkk
Seat 1: Quahrino (big blind) collected ($9.98)
Seat 2: Kirk2309 folded on the Flop
Seat 3: ARCTlCkiss folded before Flop (didn't bet)
Seat 4: elcutez (button) folded before Flop (didn't bet)
Seat 6: raketkasix (small blind) folded before Flop



PokerStars Hand #254623125601:  Hold'em No Limit ($0.50/$1.00 USD) - 2025/01/30 16:44:24 WET [2025/01/30 11:44:24 ET]
Table 'Mimosa' 6-max Seat #6 is the button
Seat 5: raiseinthedarkk ($100 in chips) is sitting out
Seat 1: Quahrino ($118.06 in chips) 
Seat 2: Kirk2309 ($70.70 in chips) 
Seat 3: ARCTlCkiss ($122.62 in chips) 
Seat 4: elcutez ($118.17 in chips) 
Seat 6: raketkasix ($101.78 in chips) 
Quahrino: posts small blind $0.50
Kirk2309: posts big blind $1
raiseinthedarkk: sits out 
*** HOLE CARDS ***
ARCTlCkiss: folds 
elcutez has timed out
elcutez: folds 
raketkasix: folds 
Quahrino: folds 
Uncalled bet ($0.50) returned to Kirk2309
Kirk2309 collected $1 from pot
*** SUMMARY ***
Total pot $1 | Rake $0 
Seat 5: raiseinthedarkk
Seat 1: Quahrino (small blind) folded before Flop
Seat 2: Kirk2309 (big blind) collected ($1)
Seat 3: ARCTlCkiss folded before Flop (didn't bet)
Seat 4: elcutez folded before Flop (didn't bet)
Seat 6: raketkasix (button) folded before Flop (didn't bet)



PokerStars Hand #254623133043:  Hold'em No Limit ($0.50/$1.00 USD) - 2025/01/30 16:44:56 WET [2025/01/30 11:44:56 ET]
Table 'Mimosa' 6-max Seat #1 is the button
Seat 5: raiseinthedarkk ($100 in chips) is sitting out
Seat 1: Quahrino ($117.56 in chips) 
Seat 2: Kirk2309 ($71.20 in chips) 
Seat 3: ARCTlCkiss ($122.62 in chips) 
Seat 4: elcutez ($118.17 in chips) 
Seat 6: raketkasix ($101.78 in chips) 
Kirk2309: posts small blind $0.50
ARCTlCkiss: posts big blind $1
raiseinthedarkk: sits out 
*** HOLE CARDS ***
elcutez: folds 
raketkasix: folds 
Quahrino: raises $1.50 to $2.50
Kirk2309: calls $2
ARCTlCkiss: folds 
*** FLOP *** [5c 8c 6s]
Kirk2309: bets $2
Quahrino: calls $2
*** TURN *** [5c 8c 6s] [Tc]
Kirk2309: bets $2
Quahrino: raises $6.75 to $8.75
Kirk2309: folds 
Uncalled bet ($6.75) returned to Quahrino
Quahrino collected $13.30 from pot
Quahrino: doesn't show hand 
*** SUMMARY ***
Total pot $14 | Rake $0.70 
Board [5c 8c 6s Tc]
Seat 5: raiseinthedarkk
Seat 1: Quahrino (button) collected ($13.30)
Seat 2: Kirk2309 (small blind) folded on the Turn
Seat 3: ARCTlCkiss (big blind) folded before Flop
Seat 4: elcutez folded before Flop (didn't bet)
Seat 6: raketkasix folded before Flop (didn't bet)



PokerStars Hand #254623141916:  Hold'em No Limit ($0.50/$1.00 USD) - 2025/01/30 16:45:34 WET [2025/01/30 11:45:34 ET]
Table 'Mimosa' 6-max Seat #2 is the button
Seat 5: raiseinthedarkk ($100 in chips) is sitting out
Seat 1: Quahrino ($124.36 in chips) 
Seat 2: Kirk2309 ($64.70 in chips) 
Seat 3: ARCTlCkiss ($121.62 in chips) 
Seat 4: elcutez ($118.17 in chips) 
Seat 6: raketkasix ($101.78 in chips) 
ARCTlCkiss: posts small blind $0.50
elcutez: posts big blind $1
raiseinthedarkk: sits out 
*** HOLE CARDS ***
raketkasix: folds 
Quahrino: raises $1.30 to $2.30
Kirk2309: calls $2.30
ARCTlCkiss: folds 
elcutez: folds 
*** FLOP *** [Ks 2c 9d]
Quahrino: bets $1.45
Kirk2309: calls $1.45
*** TURN *** [Ks 2c 9d] [6h]
Quahrino: bets $12.83
Kirk2309: folds 
Uncalled bet ($12.83) returned to Quahrino
Quahrino collected $8.55 from pot
Quahrino: doesn't show hand 
*** SUMMARY ***
Total pot $9 | Rake $0.45 
Board [Ks 2c 9d 6h]
Seat 5: raiseinthedarkk
Seat 1: Quahrino collected ($8.55)
Seat 2: Kirk2309 (button) folded on the Turn
Seat 3: ARCTlCkiss (small blind) folded before Flop
Seat 4: elcutez (big blind) folded before Flop
Seat 6: raketkasix folded before Flop (didn't bet)



PokerStars Hand #254623150950:  Hold'em No Limit ($0.50/$1.00 USD) - 2025/01/30 16:46:13 WET [2025/01/30 11:46:13 ET]
Table 'Mimosa' 6-max Seat #3 is the button
Seat 1: Quahrino ($129.16 in chips) 
Seat 2: Kirk2309 ($60.95 in chips) 
Seat 3: ARCTlCkiss ($121.12 in chips) 
Seat 4: elcutez ($117.17 in chips) 
Seat 5: raiseinthedarkk ($100 in chips) 
Seat 6: raketkasix ($101.78 in chips) 
elcutez: posts small blind $0.50
raiseinthedarkk: posts big blind $1
*** HOLE CARDS ***
raketkasix: raises $1.50 to $2.50
Quahrino: folds 
Kirk2309: folds 
ARCTlCkiss: folds 
elcutez: folds 
raiseinthedarkk: folds 
Uncalled bet ($1.50) returned to raketkasix
raketkasix collected $2.50 from pot
raketkasix: doesn't show hand 
*** SUMMARY ***
Total pot $2.50 | Rake $0 
Seat 1: Quahrino folded before Flop (didn't bet)
Seat 2: Kirk2309 folded before Flop (didn't bet)
Seat 3: ARCTlCkiss (button) folded before Flop (didn't bet)
Seat 4: elcutez (small blind) folded before Flop
Seat 5: raiseinthedarkk (big blind) folded before Flop
Seat 6: raketkasix collected ($2.50)



PokerStars Hand #254623154577:  Hold'em No Limit ($0.50/$1.00 USD) - 2025/01/30 16:46:29 WET [2025/01/30 11:46:29 ET]
Table 'Mimosa' 6-max Seat #4 is the button
Seat 1: Quahrino ($129.16 in chips) 
Seat 2: Kirk2309 ($60.95 in chips) 
Seat 3: ARCTlCkiss ($121.12 in chips) 
Seat 4: elcutez ($116.67 in chips) 
Seat 5: raiseinthedarkk ($100 in chips) 
Seat 6: raketkasix ($103.28 in chips) 
raiseinthedarkk: posts small blind $0.50
raketkasix: posts big blind $1
*** HOLE CARDS ***
Quahrino: folds 
Kirk2309: folds 
ARCTlCkiss: raises $1.53 to $2.53
elcutez: calls $2.53
raiseinthedarkk: folds 
raketkasix: folds 
*** FLOP *** [3c 9s Ts]
ARCTlCkiss: bets $4.86
elcutez: folds 
Uncalled bet ($4.86) returned to ARCTlCkiss
ARCTlCkiss collected $6.23 from pot
ARCTlCkiss: doesn't show hand 
*** SUMMARY ***
Total pot $6.56 | Rake $0.33 
Board [3c 9s Ts]
Seat 1: Quahrino folded before Flop (didn't bet)
Seat 2: Kirk2309 folded before Flop (didn't bet)
Seat 3: ARCTlCkiss collected ($6.23)
Seat 4: elcutez (button) folded on the Flop
Seat 5: raiseinthedarkk (small blind) folded before Flop
Seat 6: raketkasix (big blind) folded before Flop



PokerStars Hand #254623163821:  Hold'em No Limit ($0.50/$1.00 USD) - 2025/01/30 16:47:09 WET [2025/01/30 11:47:09 ET]
Table 'Mimosa' 6-max Seat #5 is the button
Seat 1: Quahrino ($129.16 in chips) 
Seat 2: Kirk2309 ($60.95 in chips) 
Seat 3: ARCTlCkiss ($124.82 in chips) 
Seat 4: elcutez ($114.14 in chips) 
Seat 5: raiseinthedarkk ($100 in chips) 
Seat 6: raketkasix ($102.28 in chips) 
raketkasix: posts small blind $0.50
Quahrino: posts big blind $1
*** HOLE CARDS ***
Kirk2309: folds 
ARCTlCkiss: folds 
elcutez: folds 
raiseinthedarkk: raises $1.50 to $2.50
raketkasix: folds 
Quahrino: folds 
Uncalled bet ($1.50) returned to raiseinthedarkk
raiseinthedarkk collected $2.50 from pot
raiseinthedarkk: doesn't show hand 
*** SUMMARY ***
Total pot $2.50 | Rake $0 
Seat 1: Quahrino (big blind) folded before Flop
Seat 2: Kirk2309 folded before Flop (didn't bet)
Seat 3: ARCTlCkiss folded before Flop (didn't bet)
Seat 4: elcutez folded before Flop (didn't bet)
Seat 5: raiseinthedarkk (button) collected ($2.50)
Seat 6: raketkasix (small blind) folded before Flop



PokerStars Hand #254623167950:  Hold'em No Limit ($0.50/$1.00 USD) - 2025/01/30 16:47:27 WET [2025/01/30 11:47:27 ET]
Table 'Mimosa' 6-max Seat #6 is the button
Seat 1: Quahrino ($128.16 in chips) 
Seat 2: Kirk2309 ($60.95 in chips) 
Seat 3: ARCTlCkiss ($124.82 in chips) 
Seat 4: elcutez ($114.14 in chips) 
Seat 5: raiseinthedarkk ($101.50 in chips) 
Seat 6: raketkasix ($101.78 in chips) 
Quahrino: posts small blind $0.50
Kirk2309: posts big blind $1
*** HOLE CARDS ***
ARCTlCkiss: raises $1.53 to $2.53
elcutez: calls $2.53
raiseinthedarkk: folds 
raketkasix: calls $2.53
Quahrino: folds 
Kirk2309: calls $1.53
*** FLOP *** [3h 9d 8h]
Kirk2309: bets $1
ARCTlCkiss: calls $1
elcutez: raises $6.55 to $7.55
raketkasix: folds 
Kirk2309: folds 
ARCTlCkiss: calls $6.55
*** TURN *** [3h 9d 8h] [2d]
ARCTlCkiss: checks 
elcutez: bets $25.38
ARCTlCkiss: folds 
Uncalled bet ($25.38) returned to elcutez
elcutez collected $25.38 from pot
*** SUMMARY ***
Total pot $26.72 | Rake $1.34 
Board [3h 9d 8h 2d]
Seat 1: Quahrino (small blind) folded before Flop
Seat 2: Kirk2309 (big blind) folded on the Flop
Seat 3: ARCTlCkiss folded on the Turn
Seat 4: elcutez collected ($25.38)
Seat 5: raiseinthedarkk folded before Flop (didn't bet)
Seat 6: raketkasix (button) folded on the Flop



PokerStars Hand #254623186408:  Hold'em No Limit ($0.50/$1.00 USD) - 2025/01/30 16:48:47 WET [2025/01/30 11:48:47 ET]
Table 'Mimosa' 6-max Seat #1 is the button
Seat 1: Quahrino ($127.66 in chips) 
Seat 2: Kirk2309 ($57.42 in chips) 
Seat 3: ARCTlCkiss ($114.74 in chips) 
Seat 4: elcutez ($129.44 in chips) 
Seat 5: raiseinthedarkk ($101.50 in chips) 
Seat 6: raketkasix ($100 in chips) 
Kirk2309: posts small blind $0.50
ARCTlCkiss: posts big blind $1
*** HOLE CARDS ***
elcutez: folds 
raiseinthedarkk: raises $1.20 to $2.20
raketkasix: folds 
Quahrino: folds 
Kirk2309: calls $1.70
ARCTlCkiss: folds 
*** FLOP *** [Qs 6d Js]
Kirk2309: bets $3
raiseinthedarkk: calls $3
*** TURN *** [Qs 6d Js] [9h]
Kirk2309: bets $3
raiseinthedarkk: raises $4 to $7
Kirk2309: calls $4
*** RIVER *** [Qs 6d Js 9h] [5s]
Kirk2309: checks 
raiseinthedarkk: checks 
*** SHOW DOWN ***
Kirk2309: shows [Kh 8s] (high card King)
raiseinthedarkk: shows [Jc Ad] (a pair of Jacks)
raiseinthedarkk collected $24.13 from pot
*** SUMMARY ***
Total pot $25.40 | Rake $1.27 
Board [Qs 6d Js 9h 5s]
Seat 1: Quahrino (button) folded before Flop (didn't bet)
Seat 2: Kirk2309 (small blind) showed [Kh 8s] and lost with high card King
Seat 3: ARCTlCkiss (big blind) folded before Flop
Seat 4: elcutez folded before Flop (didn't bet)
Seat 5: raiseinthedarkk showed [Jc Ad] and won ($24.13) with a pair of Jacks
Seat 6: raketkasix folded before Flop (didn't bet)



PokerStars Hand #254623194762:  Hold'em No Limit ($0.50/$1.00 USD) - 2025/01/30 16:49:23 WET [2025/01/30 11:49:23 ET]
Table 'Mimosa' 6-max Seat #2 is the button
Seat 1: Quahrino ($127.66 in chips) 
Seat 2: Kirk2309 ($45.22 in chips) 
Seat 3: ARCTlCkiss ($113.74 in chips) 
Seat 4: elcutez ($129.44 in chips) 
Seat 5: raiseinthedarkk ($113.43 in chips) 
Seat 6: raketkasix ($100 in chips) 
ARCTlCkiss: posts small blind $0.50
elcutez: posts big blind $1
*** HOLE CARDS ***
raiseinthedarkk: raises $1.20 to $2.20
raketkasix: folds 
Quahrino: folds 
Kirk2309: folds 
ARCTlCkiss: folds 
elcutez: folds 
Uncalled bet ($1.20) returned to raiseinthedarkk
raiseinthedarkk collected $2.50 from pot
raiseinthedarkk: doesn't show hand 
*** SUMMARY ***
Total pot $2.50 | Rake $0 
Seat 1: Quahrino folded before Flop (didn't bet)
Seat 2: Kirk2309 (button) folded before Flop (didn't bet)
Seat 3: ARCTlCkiss (small blind) folded before Flop
Seat 4: elcutez (big blind) folded before Flop
Seat 5: raiseinthedarkk collected ($2.50)
Seat 6: raketkasix folded before Flop (didn't bet)



PokerStars Hand #254623199829:  Hold'em No Limit ($0.50/$1.00 USD) - 2025/01/30 16:49:45 WET [2025/01/30 11:49:45 ET]
Table 'Mimosa' 6-max Seat #3 is the button
Seat 1: Quahrino ($127.66 in chips) 
Seat 2: Kirk2309 ($45.22 in chips) 
Seat 3: ARCTlCkiss ($113.24 in chips) 
Seat 4: elcutez ($128.44 in chips) 
Seat 5: raiseinthedarkk ($114.93 in chips) 
Seat 6: raketkasix ($100 in chips) 
elcutez: posts small blind $0.50
raiseinthedarkk: posts big blind $1
*** HOLE CARDS ***
raketkasix: raises $1.50 to $2.50
Quahrino: folds 
Kirk2309: calls $2.50
ARCTlCkiss: folds 
elcutez: calls $2
raiseinthedarkk: folds 
*** FLOP *** [7h As 5d]
elcutez: checks 
raketkasix: checks 
Kirk2309: checks 
*** TURN *** [7h As 5d] [Qs]
elcutez: checks 
raketkasix: bets $5
Kirk2309: calls $5
elcutez: folds 
*** RIVER *** [7h As 5d Qs] [Ts]
elcutez leaves the table
Joe_Li7 joins the table at seat #4 
raketkasix: bets $5.80
Kirk2309: raises $31.92 to $37.72 and is all-in
raketkasix: folds 
Uncalled bet ($31.92) returned to Kirk2309
Kirk2309 collected $28.60 from pot
*** SUMMARY ***
Total pot $30.10 | Rake $1.50 
Board [7h As 5d Qs Ts]
Seat 1: Quahrino folded before Flop (didn't bet)
Seat 2: Kirk2309 collected ($28.60)
Seat 3: ARCTlCkiss (button) folded before Flop (didn't bet)
Seat 4: elcutez (small blind) folded on the Turn
Seat 5: raiseinthedarkk (big blind) folded before Flop
Seat 6: raketkasix folded on the River



PokerStars Hand #254623222069:  Hold'em No Limit ($0.50/$1.00 USD) - 2025/01/30 16:51:22 WET [2025/01/30 11:51:22 ET]
Table 'Mimosa' 6-max Seat #5 is the button
Seat 4: Joe_Li7 ($100 in chips) is sitting out
Seat 1: Quahrino ($127.66 in chips) 
Seat 2: Kirk2309 ($60.52 in chips) 
Seat 3: ARCTlCkiss ($113.24 in chips) 
Seat 5: raiseinthedarkk ($113.93 in chips) 
Seat 6: raketkasix ($100 in chips) 
raketkasix: posts small blind $0.50
Quahrino: posts big blind $1
Joe_Li7: sits out 
*** HOLE CARDS ***
Kirk2309: folds 
ARCTlCkiss: raises $1.53 to $2.53
raiseinthedarkk: folds 
raketkasix: folds 
Quahrino: folds 
Uncalled bet ($1.53) returned to ARCTlCkiss
ARCTlCkiss collected $2.50 from pot
ARCTlCkiss: doesn't show hand 
*** SUMMARY ***
Total pot $2.50 | Rake $0 
Seat 4: Joe_Li7
Seat 1: Quahrino (big blind) folded before Flop
Seat 2: Kirk2309 folded before Flop (didn't bet)
Seat 3: ARCTlCkiss collected ($2.50)
Seat 5: raiseinthedarkk (button) folded before Flop (didn't bet)
Seat 6: raketkasix (small blind) folded before Flop



PokerStars Hand #254623226804:  Hold'em No Limit ($0.50/$1.00 USD) - 2025/01/30 16:51:42 WET [2025/01/30 11:51:42 ET]
Table 'Mimosa' 6-max Seat #6 is the button
Seat 4: Joe_Li7 ($100 in chips) is sitting out
Seat 1: Quahrino ($126.66 in chips) 
Seat 2: Kirk2309 ($60.52 in chips) 
Seat 3: ARCTlCkiss ($114.74 in chips) 
Seat 5: raiseinthedarkk ($113.93 in chips) 
Seat 6: raketkasix ($100 in chips) 
Quahrino: posts small blind $0.50
Kirk2309: posts big blind $1
Joe_Li7: sits out 
*** HOLE CARDS ***
ARCTlCkiss: folds 
raiseinthedarkk: raises $3 to $4
raketkasix: folds 
Quahrino: raises $11 to $15
Kirk2309: calls $14
raiseinthedarkk: calls $11
*** FLOP *** [Ts 3d 8h]
Quahrino: checks 
Kirk2309: bets $7
raiseinthedarkk: calls $7
Quahrino: calls $7
*** TURN *** [Ts 3d 8h] [8d]
Quahrino: checks 
Kirk2309: bets $38.52 and is all-in
raiseinthedarkk: folds 
Quahrino: folds 
Uncalled bet ($38.52) returned to Kirk2309
Kirk2309 collected $63.50 from pot
*** SUMMARY ***
Total pot $66 | Rake $2.50 
Board [Ts 3d 8h 8d]
Seat 4: Joe_Li7
Seat 1: Quahrino (small blind) folded on the Turn
Seat 2: Kirk2309 (big blind) collected ($63.50)
Seat 3: ARCTlCkiss folded before Flop (didn't bet)
Seat 5: raiseinthedarkk folded on the Turn
Seat 6: raketkasix (button) folded before Flop (didn't bet)



PokerStars Hand #254623246561:  Hold'em No Limit ($0.50/$1.00 USD) - 2025/01/30 16:53:08 WET [2025/01/30 11:53:08 ET]
Table 'Mimosa' 6-max Seat #1 is the button
Seat 4: Joe_Li7 ($100 in chips) is sitting out
Seat 1: Quahrino ($104.66 in chips) 
Seat 2: Kirk2309 ($102.02 in chips) 
Seat 3: ARCTlCkiss ($114.74 in chips) 
Seat 5: raiseinthedarkk ($100 in chips) 
Seat 6: raketkasix ($100 in chips) 
Kirk2309: posts small blind $0.50
ARCTlCkiss: posts big blind $1
Joe_Li7: sits out 
*** HOLE CARDS ***
raiseinthedarkk: folds 
raketkasix: folds 
Quahrino: raises $1.50 to $2.50
Kirk2309: folds 
ARCTlCkiss: folds 
Uncalled bet ($1.50) returned to Quahrino
Quahrino collected $2.50 from pot
Quahrino: doesn't show hand 
*** SUMMARY ***
Total pot $2.50 | Rake $0 
Seat 4: Joe_Li7
Seat 1: Quahrino (button) collected ($2.50)
Seat 2: Kirk2309 (small blind) folded before Flop
Seat 3: ARCTlCkiss (big blind) folded before Flop
Seat 5: raiseinthedarkk folded before Flop (didn't bet)
Seat 6: raketkasix folded before Flop (didn't bet)



PokerStars Hand #254623250703:  Hold'em No Limit ($0.50/$1.00 USD) - 2025/01/30 16:53:26 WET [2025/01/30 11:53:26 ET]
Table 'Mimosa' 6-max Seat #2 is the button
Seat 1: Quahrino ($106.16 in chips) 
Seat 2: Kirk2309 ($101.52 in chips) 
Seat 3: ARCTlCkiss ($113.74 in chips) 
Seat 4: Joe_Li7 ($100 in chips) 
Seat 5: raiseinthedarkk ($100 in chips) 
Seat 6: raketkasix ($100 in chips) 
ARCTlCkiss: posts small blind $0.50
Joe_Li7: posts big blind $1
*** HOLE CARDS ***
raiseinthedarkk: folds 
raketkasix: folds 
Quahrino: folds 
Kirk2309: calls $1
ARCTlCkiss: folds 
Joe_Li7: raises $4.50 to $5.50
Kirk2309: calls $4.50
*** FLOP *** [9h 9s Qd]
Joe_Li7: bets $2.73
Kirk2309: calls $2.73
*** TURN *** [9h 9s Qd] [Jd]
Joe_Li7: checks 
Kirk2309: bets $6
Joe_Li7: calls $6
*** RIVER *** [9h 9s Qd Jd] [2c]
Joe_Li7: bets $19.25
Kirk2309: folds 
Uncalled bet ($19.25) returned to Joe_Li7
Joe_Li7 collected $27.51 from pot
*** SUMMARY ***
Total pot $28.96 | Rake $1.45 
Board [9h 9s Qd Jd 2c]
Seat 1: Quahrino folded before Flop (didn't bet)
Seat 2: Kirk2309 (button) folded on the River
Seat 3: ARCTlCkiss (small blind) folded before Flop
Seat 4: Joe_Li7 (big blind) collected ($27.51)
Seat 5: raiseinthedarkk folded before Flop (didn't bet)
Seat 6: raketkasix folded before Flop (didn't bet)



PokerStars Hand #254623275194:  Hold'em No Limit ($0.50/$1.00 USD) - 2025/01/30 16:55:15 WET [2025/01/30 11:55:15 ET]
Table 'Mimosa' 6-max Seat #3 is the button
Seat 1: Quahrino ($106.16 in chips) 
Seat 2: Kirk2309 ($87.29 in chips) 
Seat 3: ARCTlCkiss ($113.24 in chips) 
Seat 4: Joe_Li7 ($113.28 in chips) 
Seat 5: raiseinthedarkk ($100 in chips) 
Seat 6: raketkasix ($100 in chips) 
Joe_Li7: posts small blind $0.50
raiseinthedarkk: posts big blind $1
*** HOLE CARDS ***
raketkasix: folds 
Quahrino: folds 
Kirk2309: calls $1
ARCTlCkiss: raises $3.50 to $4.50
Joe_Li7: folds 
raiseinthedarkk: folds 
Kirk2309: calls $3.50
*** FLOP *** [6h 8c 9d]
Kirk2309: bets $1
ARCTlCkiss: raises $13.34 to $14.34
Kirk2309: folds 
Uncalled bet ($13.34) returned to ARCTlCkiss
ARCTlCkiss collected $11.88 from pot
ARCTlCkiss: doesn't show hand 
*** SUMMARY ***
Total pot $12.50 | Rake $0.62 
Board [6h 8c 9d]
Seat 1: Quahrino folded before Flop (didn't bet)
Seat 2: Kirk2309 folded on the Flop
Seat 3: ARCTlCkiss (button) collected ($11.88)
Seat 4: Joe_Li7 (small blind) folded before Flop
Seat 5: raiseinthedarkk (big blind) folded before Flop
Seat 6: raketkasix folded before Flop (didn't bet)



PokerStars Hand #254623282766:  Hold'em No Limit ($0.50/$1.00 USD) - 2025/01/30 16:55:58 WET [2025/01/30 11:55:58 ET]
Table 'Mimosa' 6-max Seat #4 is the button
Seat 1: Quahrino ($106.16 in chips) 
Seat 2: Kirk2309 ($81.79 in chips) 
Seat 3: ARCTlCkiss ($119.62 in chips) 
Seat 4: Joe_Li7 ($112.78 in chips) 
Seat 5: raiseinthedarkk ($100 in chips) 
Seat 6: raketkasix ($100 in chips) 
raiseinthedarkk: posts small blind $0.50
raketkasix: posts big blind $1
*** HOLE CARDS ***
Quahrino: folds 
Kirk2309: folds 
ARCTlCkiss: folds 
Joe_Li7: folds 
raiseinthedarkk: folds 
Uncalled bet ($0.50) returned to raketkasix
raketkasix collected $1 from pot
raketkasix: doesn't show hand 
*** SUMMARY ***
Total pot $1 | Rake $0 
Seat 1: Quahrino folded before Flop (didn't bet)
Seat 2: Kirk2309 folded before Flop (didn't bet)
Seat 3: ARCTlCkiss folded before Flop (didn't bet)
Seat 4: Joe_Li7 (button) folded before Flop (didn't bet)
Seat 5: raiseinthedarkk (small blind) folded before Flop
Seat 6: raketkasix (big blind) collected ($1)



