PokerStars Hand #254631175572:  Hold'em No Limit ($0.50/$1.00 USD) - 2025/01/30 0:50:28 WET [2025/01/30 19:50:28 ET]
Table 'Phocaea' 6-max Seat #2 is the button
Seat 1: Nicedaymybro ($103.70 in chips) 
Seat 2: equilibrium_tv ($7.60 in chips) 
Seat 3: CEPTT ($100 in chips) 
Seat 4: Bessie0009 ($12.04 in chips) 
Seat 5: fcbuk2k25 ($9.28 in chips) 
Seat 6: nastja336 ($100.50 in chips) 
CEPTT: posts small blind $0.50
Bessie0009: posts big blind $1
*** HOLE CARDS ***
fcbuk2k25: calls $1
nastja336: folds 
Nicedaymybro: folds 
equilibrium_tv: folds 
CEPTT: calls $0.50
Bessie0009: checks 
*** FLOP *** [6h Jd Qd]
CEPTT: checks 
Bessie0009: bets $2.85
fcbuk2k25: folds 
CEPTT: folds 
Uncalled bet ($2.85) returned to Bessie0009
Bessie0009 collected $2.85 from pot
*** SUMMARY ***
Total pot $3 | Rake $0.15 
Board [6h Jd Qd]
Seat 1: Nicedaymybro folded before Flop (didn't bet)
Seat 2: equilibrium_tv (button) folded before Flop (didn't bet)
Seat 3: CEPTT (small blind) folded on the Flop
Seat 4: Bessie0009 (big blind) collected ($2.85)
Seat 5: fcbuk2k25 folded on the Flop
Seat 6: nastja336 folded before Flop (didn't bet)



PokerStars Hand #254631182320:  Hold'em No Limit ($0.50/$1.00 USD) - 2025/01/30 0:51:05 WET [2025/01/30 19:51:05 ET]
Table 'Phocaea' 6-max Seat #3 is the button
Seat 1: Nicedaymybro ($103.70 in chips) 
Seat 2: equilibrium_tv ($7.60 in chips) 
Seat 3: CEPTT ($100 in chips) 
Seat 4: Bessie0009 ($13.89 in chips) 
Seat 5: fcbuk2k25 ($8.28 in chips) 
Seat 6: nastja336 ($100.50 in chips) 
Bessie0009: posts small blind $0.50
fcbuk2k25: posts big blind $1
*** HOLE CARDS ***
nastja336: folds 
Nicedaymybro: folds 
equilibrium_tv: folds 
CEPTT: raises $1.85 to $2.85
Bessie0009: calls $2.35
fcbuk2k25: calls $1.85
*** FLOP *** [8c Th 2s]
Bessie0009: checks 
fcbuk2k25: checks 
CEPTT: checks 
*** TURN *** [8c Th 2s] [5h]
Bessie0009: checks 
fcbuk2k25: checks 
CEPTT: checks 
*** RIVER *** [8c Th 2s 5h] [3c]
Bessie0009: checks 
fcbuk2k25: checks 
CEPTT: checks 
*** SHOW DOWN ***
Bessie0009: shows [Ad 3h] (a pair of Threes)
fcbuk2k25: mucks hand 
CEPTT: mucks hand 
Bessie0009 collected $8.12 from pot
*** SUMMARY ***
Total pot $8.55 | Rake $0.43 
Board [8c Th 2s 5h 3c]
Seat 1: Nicedaymybro folded before Flop (didn't bet)
Seat 2: equilibrium_tv folded before Flop (didn't bet)
Seat 3: CEPTT (button) mucked
Seat 4: Bessie0009 (small blind) showed [Ad 3h] and won ($8.12) with a pair of Threes
Seat 5: fcbuk2k25 (big blind) mucked
Seat 6: nastja336 folded before Flop (didn't bet)



PokerStars Hand #254631192767:  Hold'em No Limit ($0.50/$1.00 USD) - 2025/01/30 0:52:02 WET [2025/01/30 19:52:02 ET]
Table 'Phocaea' 6-max Seat #4 is the button
Seat 1: Nicedaymybro ($103.70 in chips) 
Seat 2: equilibrium_tv ($7.60 in chips) 
Seat 3: CEPTT ($100 in chips) 
Seat 4: Bessie0009 ($19.16 in chips) 
Seat 5: fcbuk2k25 ($5.43 in chips) 
Seat 6: nastja336 ($100.50 in chips) 
fcbuk2k25: posts small blind $0.50
nastja336: posts big blind $1
*** HOLE CARDS ***
Nicedaymybro: raises $1.50 to $2.50
equilibrium_tv: folds 
CEPTT: folds 
Bessie0009: folds 
fcbuk2k25: folds 
nastja336: folds 
Uncalled bet ($1.50) returned to Nicedaymybro
Nicedaymybro collected $2.50 from pot
Nicedaymybro: doesn't show hand 
*** SUMMARY ***
Total pot $2.50 | Rake $0 
Seat 1: Nicedaymybro collected ($2.50)
Seat 2: equilibrium_tv folded before Flop (didn't bet)
Seat 3: CEPTT folded before Flop (didn't bet)
Seat 4: Bessie0009 (button) folded before Flop (didn't bet)
Seat 5: fcbuk2k25 (small blind) folded before Flop
Seat 6: nastja336 (big blind) folded before Flop



PokerStars Hand #254631195511:  Hold'em No Limit ($0.50/$1.00 USD) - 2025/01/30 0:52:17 WET [2025/01/30 19:52:17 ET]
Table 'Phocaea' 6-max Seat #5 is the button
Seat 1: Nicedaymybro ($105.20 in chips) 
Seat 2: equilibrium_tv ($7.60 in chips) 
Seat 3: CEPTT ($100 in chips) 
Seat 4: Bessie0009 ($19.16 in chips) 
Seat 5: fcbuk2k25 ($4.93 in chips) 
Seat 6: nastja336 ($100 in chips) 
nastja336: posts small blind $0.50
Nicedaymybro: posts big blind $1
*** HOLE CARDS ***
equilibrium_tv: folds 
equilibrium_tv leaves the table
CEPTT: folds 
Bessie0009: folds 
fcbuk2k25: folds 
nastja336: raises $2 to $3
Nicedaymybro: folds 
Uncalled bet ($2) returned to nastja336
nastja336 collected $2 from pot
nastja336: doesn't show hand 
*** SUMMARY ***
Total pot $2 | Rake $0 
Seat 1: Nicedaymybro (big blind) folded before Flop
Seat 2: equilibrium_tv folded before Flop (didn't bet)
Seat 3: CEPTT folded before Flop (didn't bet)
Seat 4: Bessie0009 folded before Flop (didn't bet)
Seat 5: fcbuk2k25 (button) folded before Flop (didn't bet)
Seat 6: nastja336 (small blind) collected ($2)



PokerStars Hand #254631198596:  Hold'em No Limit ($0.50/$1.00 USD) - 2025/01/30 0:52:34 WET [2025/01/30 19:52:34 ET]
Table 'Phocaea' 6-max Seat #6 is the button
Seat 3: CEPTT ($100 in chips) is sitting out
Seat 1: Nicedaymybro ($104.20 in chips) 
Seat 4: Bessie0009 ($19.16 in chips) 
Seat 5: fcbuk2k25 ($4.93 in chips) 
Seat 6: nastja336 ($101 in chips) 
Nicedaymybro: posts small blind $0.50
CEPTT: is sitting out 
Bessie0009: posts big blind $1
*** HOLE CARDS ***
fcbuk2k25: calls $1
nastja336: folds 
Nicedaymybro: raises $23 to $24
Bessie0009: calls $18.16 and is all-in
fcbuk2k25: calls $3.93 and is all-in
Uncalled bet ($4.84) returned to Nicedaymybro
CEPTT leaves the table
*** FLOP *** [Jc 2d As]
*** TURN *** [Jc 2d As] [Ad]
*** RIVER *** [Jc 2d As Ad] [Jh]
*** SHOW DOWN ***
Nicedaymybro: shows [7d 7c] (two pair, Aces and Jacks)
Bessie0009: shows [Qs Qc] (two pair, Aces and Queens)
Bessie0009 collected $28.20 from side pot
fcbuk2k25: shows [6d 8d] (two pair, Aces and Jacks)
Bessie0009 collected $14.05 from main pot
*** SUMMARY ***
Total pot $43.25 Main pot $14.05. Side pot $28.20. | Rake $1 
Board [Jc 2d As Ad Jh]
Seat 3: CEPTT
Seat 1: Nicedaymybro (small blind) showed [7d 7c] and lost with two pair, Aces and Jacks
Seat 4: Bessie0009 (big blind) showed [Qs Qc] and won ($42.25) with two pair, Aces and Queens
Seat 5: fcbuk2k25 showed [6d 8d] and lost with two pair, Aces and Jacks
Seat 6: nastja336 (button) folded before Flop (didn't bet)



PokerStars Hand #254631204540:  Hold'em No Limit ($0.50/$1.00 USD) - 2025/01/30 0:53:07 WET [2025/01/30 19:53:07 ET]
Table 'Phocaea' 6-max Seat #1 is the button
Seat 5: fcbuk2k25 ($0 in chips) is sitting out
Seat 1: Nicedaymybro ($100 in chips) 
Seat 4: Bessie0009 ($42.25 in chips) 
Seat 6: nastja336 ($101 in chips) 
Bessie0009: posts small blind $0.50
nastja336: posts big blind $1
*** HOLE CARDS ***
Nicedaymybro: raises $1.50 to $2.50
Bessie0009: folds 
nastja336: folds 
Uncalled bet ($1.50) returned to Nicedaymybro
Nicedaymybro collected $2.50 from pot
Nicedaymybro: doesn't show hand 
*** SUMMARY ***
Total pot $2.50 | Rake $0 
Seat 5: fcbuk2k25
Seat 1: Nicedaymybro (button) collected ($2.50)
Seat 4: Bessie0009 (small blind) folded before Flop
Seat 6: nastja336 (big blind) folded before Flop



PokerStars Hand #254631208975:  Hold'em No Limit ($0.50/$1.00 USD) - 2025/01/30 0:53:31 WET [2025/01/30 19:53:31 ET]
Table 'Phocaea' 6-max Seat #4 is the button
Seat 5: fcbuk2k25 ($14.10 in chips) is sitting out
Seat 1: Nicedaymybro ($101.50 in chips) 
Seat 4: Bessie0009 ($41.75 in chips) 
Seat 6: nastja336 ($100 in chips) 
nastja336: posts small blind $0.50
Nicedaymybro: posts big blind $1
*** HOLE CARDS ***
Bessie0009: folds 
nastja336: folds 
Uncalled bet ($0.50) returned to Nicedaymybro
xcinaz joins the table at seat #2 
Nicedaymybro collected $1 from pot
Nicedaymybro: doesn't show hand 
*** SUMMARY ***
Total pot $1 | Rake $0 
Seat 5: fcbuk2k25
Seat 1: Nicedaymybro (big blind) collected ($1)
Seat 4: Bessie0009 (button) folded before Flop (didn't bet)
Seat 6: nastja336 (small blind) folded before Flop



PokerStars Hand #254631211055:  Hold'em No Limit ($0.50/$1.00 USD) - 2025/01/30 0:53:42 WET [2025/01/30 19:53:42 ET]
Table 'Phocaea' 6-max Seat #6 is the button
Seat 1: Nicedaymybro ($102 in chips) 
Seat 2: xcinaz ($100 in chips) 
Seat 4: Bessie0009 ($41.75 in chips) 
Seat 5: fcbuk2k25 ($14.10 in chips) 
Seat 6: nastja336 ($100 in chips) 
Nicedaymybro: posts small blind $0.50
xcinaz: posts big blind $1
fcbuk2k25: posts small & big blinds $1.50
*** HOLE CARDS ***
Bessie0009: folds 
fcbuk2k25: checks 
nastja336: folds 
Nicedaymybro: raises $5 to $6
Jackyy132 joins the table at seat #3 
Jackyy132 is disconnected 
xcinaz: calls $5
fcbuk2k25: folds 
*** FLOP *** [3h Qd Ks]
Nicedaymybro: bets $4.22
xcinaz: folds 
Uncalled bet ($4.22) returned to Nicedaymybro
Nicedaymybro collected $12.82 from pot
Nicedaymybro: doesn't show hand 
*** SUMMARY ***
Total pot $13.50 | Rake $0.68 
Board [3h Qd Ks]
Seat 1: Nicedaymybro (small blind) collected ($12.82)
Seat 2: xcinaz (big blind) folded on the Flop
Seat 4: Bessie0009 folded before Flop (didn't bet)
Seat 5: fcbuk2k25 folded before Flop (didn't bet)
Seat 6: nastja336 (button) folded before Flop (didn't bet)



PokerStars Hand #254631218685:  Hold'em No Limit ($0.50/$1.00 USD) - 2025/01/30 0:54:24 WET [2025/01/30 19:54:24 ET]
Table 'Phocaea' 6-max Seat #1 is the button
Seat 1: Nicedaymybro ($108.82 in chips) 
Seat 2: xcinaz ($100 in chips) 
Seat 3: Jackyy132 ($30.03 in chips) 
Seat 4: Bessie0009 ($41.75 in chips) 
Seat 5: fcbuk2k25 ($12.60 in chips) 
Seat 6: nastja336 ($100 in chips) 
xcinaz: posts small blind $0.50
Jackyy132: posts big blind $1
*** HOLE CARDS ***
Bessie0009: calls $1
fcbuk2k25: calls $1
nastja336: folds 
Nicedaymybro: folds 
xcinaz: raises $4 to $5
Jackyy132: folds 
Bessie0009: folds 
fcbuk2k25: calls $4
*** FLOP *** [6d 7d 7h]
xcinaz: bets $9.69
fcbuk2k25: folds 
Uncalled bet ($9.69) returned to xcinaz
xcinaz collected $11.40 from pot
xcinaz: doesn't show hand 
*** SUMMARY ***
Total pot $12 | Rake $0.60 
Board [6d 7d 7h]
Seat 1: Nicedaymybro (button) folded before Flop (didn't bet)
Seat 2: xcinaz (small blind) collected ($11.40)
Seat 3: Jackyy132 (big blind) folded before Flop
Seat 4: Bessie0009 folded before Flop
Seat 5: fcbuk2k25 folded on the Flop
Seat 6: nastja336 folded before Flop (didn't bet)



PokerStars Hand #254631224085:  Hold'em No Limit ($0.50/$1.00 USD) - 2025/01/30 0:54:54 WET [2025/01/30 19:54:54 ET]
Table 'Phocaea' 6-max Seat #2 is the button
Seat 1: Nicedaymybro ($108.82 in chips) 
Seat 2: xcinaz ($106.40 in chips) 
Seat 3: Jackyy132 ($29.03 in chips) 
Seat 4: Bessie0009 ($40.75 in chips) 
Seat 5: fcbuk2k25 ($7.60 in chips) 
Seat 6: nastja336 ($100 in chips) 
Jackyy132: posts small blind $0.50
Bessie0009: posts big blind $1
*** HOLE CARDS ***
fcbuk2k25: calls $1
nastja336: folds 
Nicedaymybro: raises $3 to $4
xcinaz: folds 
Jackyy132: folds 
Bessie0009: folds 
fcbuk2k25: raises $3 to $7
Nicedaymybro: raises $3 to $10
fcbuk2k25: calls $0.60 and is all-in
Uncalled bet ($2.40) returned to Nicedaymybro
*** FLOP *** [2s 3c Ah]
*** TURN *** [2s 3c Ah] [9d]
*** RIVER *** [2s 3c Ah 9d] [5d]
*** SHOW DOWN ***
fcbuk2k25: shows [Kd 7h] (high card Ace)
Nicedaymybro: shows [Qs Ac] (a pair of Aces)
Nicedaymybro collected $15.86 from pot
*** SUMMARY ***
Total pot $16.70 | Rake $0.84 
Board [2s 3c Ah 9d 5d]
Seat 1: Nicedaymybro showed [Qs Ac] and won ($15.86) with a pair of Aces
Seat 2: xcinaz (button) folded before Flop (didn't bet)
Seat 3: Jackyy132 (small blind) folded before Flop
Seat 4: Bessie0009 (big blind) folded before Flop
Seat 5: fcbuk2k25 showed [Kd 7h] and lost with high card Ace
Seat 6: nastja336 folded before Flop (didn't bet)



PokerStars Hand #254631230101:  Hold'em No Limit ($0.50/$1.00 USD) - 2025/01/30 0:55:29 WET [2025/01/30 19:55:29 ET]
Table 'Phocaea' 6-max Seat #3 is the button
Seat 5: fcbuk2k25 ($0 in chips) is sitting out
Seat 1: Nicedaymybro ($117.08 in chips) 
Seat 2: xcinaz ($106.40 in chips) 
Seat 3: Jackyy132 ($28.53 in chips) 
Seat 4: Bessie0009 ($39.75 in chips) 
Seat 6: nastja336 ($100 in chips) 
Bessie0009: posts small blind $0.50
nastja336: posts big blind $1
*** HOLE CARDS ***
Nicedaymybro: folds 
xcinaz: folds 
Jackyy132: calls $1
Bessie0009: raises $3 to $4
fcbuk2k25 is disconnected 
nastja336: folds 
Jackyy132: calls $3
*** FLOP *** [As Jd 8d]
Bessie0009: bets $8.55
Jackyy132: calls $8.55
*** TURN *** [As Jd 8d] [6c]
Bessie0009: checks 
Jackyy132: bets $15.98 and is all-in
Bessie0009: folds 
Uncalled bet ($15.98) returned to Jackyy132
Jackyy132 collected $24.80 from pot
*** SUMMARY ***
Total pot $26.10 | Rake $1.30 
Board [As Jd 8d 6c]
Seat 5: fcbuk2k25
Seat 1: Nicedaymybro folded before Flop (didn't bet)
Seat 2: xcinaz folded before Flop (didn't bet)
Seat 3: Jackyy132 (button) collected ($24.80)
Seat 4: Bessie0009 (small blind) folded on the Turn
Seat 6: nastja336 (big blind) folded before Flop



PokerStars Hand #254631236421:  Hold'em No Limit ($0.50/$1.00 USD) - 2025/01/30 0:56:13 WET [2025/01/30 19:56:13 ET]
Table 'Phocaea' 6-max Seat #4 is the button
Seat 5: fcbuk2k25 ($0 in chips) is sitting out
Seat 1: Nicedaymybro ($117.08 in chips) 
Seat 2: xcinaz ($106.40 in chips) 
Seat 3: Jackyy132 ($40.78 in chips) 
Seat 4: Bessie0009 ($27.20 in chips) 
Seat 6: nastja336 ($100 in chips) 
nastja336: posts small blind $0.50
Nicedaymybro: posts big blind $1
*** HOLE CARDS ***
xcinaz: folds 
Jackyy132: folds 
Bessie0009: calls $1
nastja336: calls $0.50
Nicedaymybro: checks 
*** FLOP *** [3c 6d 2h]
nastja336: checks 
Nicedaymybro: bets $1
Bessie0009: calls $1
nastja336: folds 
*** TURN *** [3c 6d 2h] [Ac]
Nicedaymybro: bets $5.50
Bessie0009: folds 
Uncalled bet ($5.50) returned to Nicedaymybro
Nicedaymybro collected $4.75 from pot
Nicedaymybro: doesn't show hand 
*** SUMMARY ***
Total pot $5 | Rake $0.25 
Board [3c 6d 2h Ac]
Seat 5: fcbuk2k25
Seat 1: Nicedaymybro (big blind) collected ($4.75)
Seat 2: xcinaz folded before Flop (didn't bet)
Seat 3: Jackyy132 folded before Flop (didn't bet)
Seat 4: Bessie0009 (button) folded on the Turn
Seat 6: nastja336 (small blind) folded on the Flop



PokerStars Hand #254631241418:  Hold'em No Limit ($0.50/$1.00 USD) - 2025/01/30 0:56:48 WET [2025/01/30 19:56:48 ET]
Table 'Phocaea' 6-max Seat #6 is the button
Seat 5: fcbuk2k25 ($0 in chips) is sitting out
Seat 1: Nicedaymybro ($119.83 in chips) 
Seat 2: xcinaz ($106.40 in chips) 
Seat 3: Jackyy132 ($40.78 in chips) 
Seat 4: Bessie0009 ($25.20 in chips) 
Seat 6: nastja336 ($100 in chips) 
Nicedaymybro: posts small blind $0.50
xcinaz: posts big blind $1
*** HOLE CARDS ***
Jackyy132: folds 
Bessie0009: raises $2.50 to $3.50
nastja336: folds 
Nicedaymybro: raises $8.50 to $12
xcinaz: folds 
Bessie0009: calls $8.50
*** FLOP *** [3h 5c 7c]
Nicedaymybro: bets $15.71
Bessie0009: calls $13.20 and is all-in
Uncalled bet ($2.51) returned to Nicedaymybro
*** TURN *** [3h 5c 7c] [8c]
*** RIVER *** [3h 5c 7c 8c] [4s]
*** SHOW DOWN ***
Nicedaymybro: shows [9d 9h] (a pair of Nines)
Bessie0009: shows [Th Tc] (a pair of Tens)
Bessie0009 collected $48.90 from pot
*** SUMMARY ***
Total pot $51.40 | Rake $2.50 
Board [3h 5c 7c 8c 4s]
Seat 5: fcbuk2k25
Seat 1: Nicedaymybro (small blind) showed [9d 9h] and lost with a pair of Nines
Seat 2: xcinaz (big blind) folded before Flop
Seat 3: Jackyy132 folded before Flop (didn't bet)
Seat 4: Bessie0009 showed [Th Tc] and won ($48.90) with a pair of Tens
Seat 6: nastja336 (button) folded before Flop (didn't bet)



PokerStars Hand #254631246128:  Hold'em No Limit ($0.50/$1.00 USD) - 2025/01/30 0:57:20 WET [2025/01/30 19:57:20 ET]
Table 'Phocaea' 6-max Seat #1 is the button
Seat 5: fcbuk2k25 ($0 in chips) is sitting out
Seat 1: Nicedaymybro ($100 in chips) 
Seat 2: xcinaz ($105.40 in chips) 
Seat 3: Jackyy132 ($40.78 in chips) 
Seat 4: Bessie0009 ($48.90 in chips) 
Seat 6: nastja336 ($100 in chips) 
xcinaz: posts small blind $0.50
Jackyy132: posts big blind $1
*** HOLE CARDS ***
Bessie0009: folds 
nastja336: folds 
Nicedaymybro: folds 
xcinaz: folds 
Uncalled bet ($0.50) returned to Jackyy132
Jackyy132 collected $1 from pot
*** SUMMARY ***
Total pot $1 | Rake $0 
Seat 5: fcbuk2k25
Seat 1: Nicedaymybro (button) folded before Flop (didn't bet)
Seat 2: xcinaz (small blind) folded before Flop
Seat 3: Jackyy132 (big blind) collected ($1)
Seat 4: Bessie0009 folded before Flop (didn't bet)
Seat 6: nastja336 folded before Flop (didn't bet)



PokerStars Hand #254631247995:  Hold'em No Limit ($0.50/$1.00 USD) - 2025/01/30 0:57:33 WET [2025/01/30 19:57:33 ET]
Table 'Phocaea' 6-max Seat #2 is the button
Seat 5: fcbuk2k25 ($0 in chips) is sitting out
Seat 1: Nicedaymybro ($100 in chips) 
Seat 2: xcinaz ($104.90 in chips) 
Seat 3: Jackyy132 ($41.28 in chips) 
Seat 4: Bessie0009 ($48.90 in chips) 
Seat 6: nastja336 ($100 in chips) 
Jackyy132: posts small blind $0.50
Bessie0009: posts big blind $1
*** HOLE CARDS ***
nastja336: folds 
Nicedaymybro: raises $1.50 to $2.50
xcinaz: raises $5.50 to $8
Jackyy132: folds 
Bessie0009: folds 
Nicedaymybro: calls $5.50
*** FLOP *** [7s 4c 8h]
Nicedaymybro: bets $4.15
xcinaz: raises $12.46 to $16.61
Nicedaymybro: calls $12.46
*** TURN *** [7s 4c 8h] [3h]
Nicedaymybro: checks 
xcinaz: bets $36.16
Nicedaymybro: folds 
Uncalled bet ($36.16) returned to xcinaz
xcinaz collected $48.22 from pot
xcinaz: doesn't show hand 
*** SUMMARY ***
Total pot $50.72 | Rake $2.50 
Board [7s 4c 8h 3h]
Seat 5: fcbuk2k25
Seat 1: Nicedaymybro folded on the Turn
Seat 2: xcinaz (button) collected ($48.22)
Seat 3: Jackyy132 (small blind) folded before Flop
Seat 4: Bessie0009 (big blind) folded before Flop
Seat 6: nastja336 folded before Flop (didn't bet)



PokerStars Hand #254631257662:  Hold'em No Limit ($0.50/$1.00 USD) - 2025/01/30 0:58:39 WET [2025/01/30 19:58:39 ET]
Table 'Phocaea' 6-max Seat #3 is the button
Seat 5: fcbuk2k25 ($0 in chips) is sitting out
Seat 1: Nicedaymybro ($100 in chips) 
Seat 2: xcinaz ($128.51 in chips) 
Seat 3: Jackyy132 ($40.78 in chips) 
Seat 4: Bessie0009 ($47.90 in chips) 
Seat 6: nastja336 ($100 in chips) 
Bessie0009: posts small blind $0.50
nastja336: posts big blind $1
*** HOLE CARDS ***
Nicedaymybro: folds 
xcinaz: folds 
Jackyy132: raises $2 to $3
Bessie0009: folds 
nastja336: folds 
Uncalled bet ($2) returned to Jackyy132
Jackyy132 collected $2.50 from pot
*** SUMMARY ***
Total pot $2.50 | Rake $0 
Seat 5: fcbuk2k25
Seat 1: Nicedaymybro folded before Flop (didn't bet)
Seat 2: xcinaz folded before Flop (didn't bet)
Seat 3: Jackyy132 (button) collected ($2.50)
Seat 4: Bessie0009 (small blind) folded before Flop
Seat 6: nastja336 (big blind) folded before Flop



PokerStars Hand #254631259896:  Hold'em No Limit ($0.50/$1.00 USD) - 2025/01/30 0:58:54 WET [2025/01/30 19:58:54 ET]
Table 'Phocaea' 6-max Seat #4 is the button
Seat 5: fcbuk2k25 ($0 in chips) is sitting out
Seat 1: Nicedaymybro ($100 in chips) 
Seat 2: xcinaz ($128.51 in chips) 
Seat 3: Jackyy132 ($42.28 in chips) 
Seat 4: Bessie0009 ($47.40 in chips) 
Seat 6: nastja336 ($100 in chips) 
nastja336: posts small blind $0.50
Nicedaymybro: posts big blind $1
*** HOLE CARDS ***
xcinaz: folds 
Jackyy132: calls $1
Bessie0009: folds 
nastja336: calls $0.50
Nicedaymybro: checks 
*** FLOP *** [7d 7h Kc]
nastja336: checks 
Nicedaymybro: checks 
Jackyy132: bets $1.43
nastja336: folds 
Nicedaymybro: folds 
Uncalled bet ($1.43) returned to Jackyy132
Jackyy132 collected $2.85 from pot
*** SUMMARY ***
Total pot $3 | Rake $0.15 
Board [7d 7h Kc]
Seat 5: fcbuk2k25
Seat 1: Nicedaymybro (big blind) folded on the Flop
Seat 2: xcinaz folded before Flop (didn't bet)
Seat 3: Jackyy132 collected ($2.85)
Seat 4: Bessie0009 (button) folded before Flop (didn't bet)
Seat 6: nastja336 (small blind) folded on the Flop



PokerStars Hand #254631268112:  Hold'em No Limit ($0.50/$1.00 USD) - 2025/01/30 0:59:50 WET [2025/01/30 19:59:50 ET]
Table 'Phocaea' 6-max Seat #6 is the button
Seat 5: fcbuk2k25 ($0 in chips) is sitting out
Seat 1: Nicedaymybro ($100 in chips) 
Seat 2: xcinaz ($128.51 in chips) 
Seat 3: Jackyy132 ($44.13 in chips) 
Seat 4: Bessie0009 ($47.40 in chips) 
Seat 6: nastja336 ($100 in chips) 
Nicedaymybro: posts small blind $0.50
xcinaz: posts big blind $1
*** HOLE CARDS ***
Jackyy132: raises $1 to $2
Bessie0009: folds 
nastja336: raises $4 to $6
Nicedaymybro: folds 
xcinaz: folds 
Jackyy132: calls $4
*** FLOP *** [Ad Kd 8s]
Jackyy132: checks 
nastja336: bets $6.41
Jackyy132: folds 
Uncalled bet ($6.41) returned to nastja336
nastja336 collected $12.82 from pot
nastja336: doesn't show hand 
*** SUMMARY ***
Total pot $13.50 | Rake $0.68 
Board [Ad Kd 8s]
Seat 5: fcbuk2k25
Seat 1: Nicedaymybro (small blind) folded before Flop
Seat 2: xcinaz (big blind) folded before Flop
Seat 3: Jackyy132 folded on the Flop
Seat 4: Bessie0009 folded before Flop (didn't bet)
Seat 6: nastja336 (button) collected ($12.82)



PokerStars Hand #254631272568:  Hold'em No Limit ($0.50/$1.00 USD) - 2025/01/30 1:00:19 WET [2025/01/30 20:00:19 ET]
Table 'Phocaea' 6-max Seat #1 is the button
Seat 5: fcbuk2k25 ($0 in chips) is sitting out
Seat 1: Nicedaymybro ($100 in chips) 
Seat 2: xcinaz ($127.51 in chips) 
Seat 3: Jackyy132 ($38.13 in chips) 
Seat 4: Bessie0009 ($47.40 in chips) 
Seat 6: nastja336 ($106.82 in chips) 
xcinaz: posts small blind $0.50
Jackyy132: posts big blind $1
*** HOLE CARDS ***
Bessie0009: folds 
nastja336: raises $1.50 to $2.50
Nicedaymybro: folds 
xcinaz: folds 
Jackyy132: calls $1.50
*** FLOP *** [6d 9s 5d]
Jackyy132: checks 
nastja336: bets $6.94
Jackyy132: folds 
Uncalled bet ($6.94) returned to nastja336
nastja336 collected $5.22 from pot
nastja336: doesn't show hand 
*** SUMMARY ***
Total pot $5.50 | Rake $0.28 
Board [6d 9s 5d]
Seat 5: fcbuk2k25
Seat 1: Nicedaymybro (button) folded before Flop (didn't bet)
Seat 2: xcinaz (small blind) folded before Flop
Seat 3: Jackyy132 (big blind) folded on the Flop
Seat 4: Bessie0009 folded before Flop (didn't bet)
Seat 6: nastja336 collected ($5.22)



PokerStars Hand #254631276743:  Hold'em No Limit ($0.50/$1.00 USD) - 2025/01/30 1:00:46 WET [2025/01/30 20:00:46 ET]
Table 'Phocaea' 6-max Seat #2 is the button
Seat 5: fcbuk2k25 ($0 in chips) is sitting out
Seat 1: Nicedaymybro ($100 in chips) 
Seat 2: xcinaz ($127.01 in chips) 
Seat 3: Jackyy132 ($35.63 in chips) 
Seat 4: Bessie0009 ($47.40 in chips) 
Seat 6: nastja336 ($109.54 in chips) 
Jackyy132: posts small blind $0.50
Bessie0009: posts big blind $1
*** HOLE CARDS ***
nastja336: folds 
Nicedaymybro: folds 
xcinaz: folds 
Jackyy132: calls $0.50
Bessie0009: checks 
*** FLOP *** [9h 8h Jd]
Jackyy132: bets $1
Bessie0009: folds 
Uncalled bet ($1) returned to Jackyy132
Jackyy132 collected $1.90 from pot
*** SUMMARY ***
Total pot $2 | Rake $0.10 
Board [9h 8h Jd]
Seat 5: fcbuk2k25
Seat 1: Nicedaymybro folded before Flop (didn't bet)
Seat 2: xcinaz (button) folded before Flop (didn't bet)
Seat 3: Jackyy132 (small blind) collected ($1.90)
Seat 4: Bessie0009 (big blind) folded on the Flop
Seat 6: nastja336 folded before Flop (didn't bet)



PokerStars Hand #254631280635:  Hold'em No Limit ($0.50/$1.00 USD) - 2025/01/30 1:01:09 WET [2025/01/30 20:01:09 ET]
Table 'Phocaea' 6-max Seat #3 is the button
Seat 5: fcbuk2k25 ($0 in chips) is sitting out
Seat 1: Nicedaymybro ($100 in chips) 
Seat 2: xcinaz ($127.01 in chips) 
Seat 3: Jackyy132 ($36.53 in chips) 
Seat 4: Bessie0009 ($46.40 in chips) 
Seat 6: nastja336 ($109.54 in chips) 
Bessie0009: posts small blind $0.50
nastja336: posts big blind $1
*** HOLE CARDS ***
Nicedaymybro: folds 
xcinaz: folds 
Jackyy132: calls $1
Bessie0009: raises $3 to $4
nastja336: folds 
Jackyy132: calls $3
*** FLOP *** [3s Kd 8d]
Bessie0009: bets $8.55
Jackyy132: folds 
Uncalled bet ($8.55) returned to Bessie0009
Bessie0009 collected $8.55 from pot
*** SUMMARY ***
Total pot $9 | Rake $0.45 
Board [3s Kd 8d]
Seat 5: fcbuk2k25
Seat 1: Nicedaymybro folded before Flop (didn't bet)
Seat 2: xcinaz folded before Flop (didn't bet)
Seat 3: Jackyy132 (button) folded on the Flop
Seat 4: Bessie0009 (small blind) collected ($8.55)
Seat 6: nastja336 (big blind) folded before Flop



PokerStars Hand #254631285608:  Hold'em No Limit ($0.50/$1.00 USD) - 2025/01/30 1:01:37 WET [2025/01/30 20:01:37 ET]
Table 'Phocaea' 6-max Seat #4 is the button
Seat 5: fcbuk2k25 ($0 in chips) is sitting out
Seat 1: Nicedaymybro ($100 in chips) 
Seat 2: xcinaz ($127.01 in chips) 
Seat 3: Jackyy132 ($32.53 in chips) 
Seat 4: Bessie0009 ($50.95 in chips) 
Seat 6: nastja336 ($108.54 in chips) 
nastja336: posts small blind $0.50
Nicedaymybro: posts big blind $1
*** HOLE CARDS ***
xcinaz: folds 
Jackyy132: folds 
Bessie0009: raises $2.50 to $3.50
nastja336: folds 
Nicedaymybro: folds 
Uncalled bet ($2.50) returned to Bessie0009
Bessie0009 collected $2.50 from pot
*** SUMMARY ***
Total pot $2.50 | Rake $0 
Seat 5: fcbuk2k25
Seat 1: Nicedaymybro (big blind) folded before Flop
Seat 2: xcinaz folded before Flop (didn't bet)
Seat 3: Jackyy132 folded before Flop (didn't bet)
Seat 4: Bessie0009 (button) collected ($2.50)
Seat 6: nastja336 (small blind) folded before Flop



PokerStars Hand #254631287887:  Hold'em No Limit ($0.50/$1.00 USD) - 2025/01/30 1:01:50 WET [2025/01/30 20:01:50 ET]
Table 'Phocaea' 6-max Seat #6 is the button
Seat 5: fcbuk2k25 ($0 in chips) is sitting out
Seat 1: Nicedaymybro ($100 in chips) 
Seat 2: xcinaz ($127.01 in chips) 
Seat 3: Jackyy132 ($32.53 in chips) 
Seat 4: Bessie0009 ($52.45 in chips) 
Seat 6: nastja336 ($108.04 in chips) 
Nicedaymybro: posts small blind $0.50
xcinaz: posts big blind $1
*** HOLE CARDS ***
Jackyy132: calls $1
Bessie0009: calls $1
nastja336: folds 
Nicedaymybro: folds 
xcinaz: checks 
*** FLOP *** [Qd 7h 5h]
xcinaz: checks 
Jackyy132: bets $1.66
Bessie0009: calls $1.66
xcinaz: folds 
*** TURN *** [Qd 7h 5h] [Js]
Jackyy132: bets $6.48
Bessie0009: calls $6.48
*** RIVER *** [Qd 7h 5h Js] [3d]
Jackyy132: checks 
Bessie0009: bets $9.40
Jackyy132: folds 
Uncalled bet ($9.40) returned to Bessie0009
Bessie0009 collected $18.79 from pot
*** SUMMARY ***
Total pot $19.78 | Rake $0.99 
Board [Qd 7h 5h Js 3d]
Seat 5: fcbuk2k25
Seat 1: Nicedaymybro (small blind) folded before Flop
Seat 2: xcinaz (big blind) folded on the Flop
Seat 3: Jackyy132 folded on the River
Seat 4: Bessie0009 collected ($18.79)
Seat 6: nastja336 (button) folded before Flop (didn't bet)



PokerStars Hand #254631298287:  Hold'em No Limit ($0.50/$1.00 USD) - 2025/01/30 1:02:48 WET [2025/01/30 20:02:48 ET]
Table 'Phocaea' 6-max Seat #1 is the button
Seat 5: fcbuk2k25 ($0 in chips) is sitting out
Seat 1: Nicedaymybro ($100 in chips) 
Seat 2: xcinaz ($126.01 in chips) 
Seat 3: Jackyy132 ($23.39 in chips) 
Seat 4: Bessie0009 ($62.10 in chips) 
Seat 6: nastja336 ($108.04 in chips) 
xcinaz: posts small blind $0.50
Jackyy132: posts big blind $1
*** HOLE CARDS ***
Bessie0009: folds 
nastja336: folds 
Nicedaymybro: folds 
xcinaz: raises $2 to $3
Jackyy132: calls $2
*** FLOP *** [2d Kd 7s]
xcinaz: bets $1.88
Jackyy132: calls $1.88
*** TURN *** [2d Kd 7s] [Tc]
xcinaz: bets $3.06
Jackyy132: folds 
Uncalled bet ($3.06) returned to xcinaz
xcinaz collected $9.27 from pot
xcinaz: doesn't show hand 
*** SUMMARY ***
Total pot $9.76 | Rake $0.49 
Board [2d Kd 7s Tc]
Seat 5: fcbuk2k25
Seat 1: Nicedaymybro (button) folded before Flop (didn't bet)
Seat 2: xcinaz (small blind) collected ($9.27)
Seat 3: Jackyy132 (big blind) folded on the Turn
Seat 4: Bessie0009 folded before Flop (didn't bet)
Seat 6: nastja336 folded before Flop (didn't bet)



PokerStars Hand #254631305854:  Hold'em No Limit ($0.50/$1.00 USD) - 2025/01/30 1:03:30 WET [2025/01/30 20:03:30 ET]
Table 'Phocaea' 6-max Seat #2 is the button
Seat 4: Bessie0009 ($62.10 in chips) is sitting out
Seat 5: fcbuk2k25 ($0 in chips) is sitting out
Seat 1: Nicedaymybro ($100 in chips) 
Seat 2: xcinaz ($130.40 in chips) 
Seat 3: Jackyy132 ($18.51 in chips) 
Seat 6: nastja336 ($108.04 in chips) 
Jackyy132: posts small blind $0.50
Bessie0009: is sitting out 
nastja336: posts big blind $1
*** HOLE CARDS ***
Nicedaymybro: raises $1.50 to $2.50
xcinaz: folds 
Jackyy132: raises $1.50 to $4
nastja336: folds 
Bessie0009 leaves the table
Nicedaymybro: calls $1.50
*** FLOP *** [2c 2h 3c]
Jackyy132: bets $8.55
An1an1 joins the table at seat #4 
Nicedaymybro: folds 
Uncalled bet ($8.55) returned to Jackyy132
Jackyy132 collected $8.55 from pot
fcbuk2k25 leaves the table
*** SUMMARY ***
Total pot $9 | Rake $0.45 
Board [2c 2h 3c]
Seat 4: Bessie0009
Seat 5: fcbuk2k25
Seat 1: Nicedaymybro folded on the Flop
Seat 2: xcinaz (button) folded before Flop (didn't bet)
Seat 3: Jackyy132 (small blind) collected ($8.55)
Seat 6: nastja336 (big blind) folded before Flop



PokerStars Hand #254631309244:  Hold'em No Limit ($0.50/$1.00 USD) - 2025/01/30 1:03:49 WET [2025/01/30 20:03:49 ET]
Table 'Phocaea' 6-max Seat #3 is the button
Seat 4: An1an1 ($100 in chips) is sitting out
Seat 1: Nicedaymybro ($100 in chips) 
Seat 2: xcinaz ($130.40 in chips) 
Seat 3: Jackyy132 ($23.06 in chips) 
Seat 6: nastja336 ($107.04 in chips) 
nastja336: posts small blind $0.50
Nicedaymybro: posts big blind $1
*** HOLE CARDS ***
xcinaz: folds 
Jackyy132: folds 
nastja336: folds 
Uncalled bet ($0.50) returned to Nicedaymybro
Nicedaymybro collected $1 from pot
Nicedaymybro: doesn't show hand 
*** SUMMARY ***
Total pot $1 | Rake $0 
Seat 4: An1an1
Seat 1: Nicedaymybro (big blind) collected ($1)
Seat 2: xcinaz folded before Flop (didn't bet)
Seat 3: Jackyy132 (button) folded before Flop (didn't bet)
Seat 6: nastja336 (small blind) folded before Flop



PokerStars Hand #254631311794:  Hold'em No Limit ($0.50/$1.00 USD) - 2025/01/30 1:04:03 WET [2025/01/30 20:04:03 ET]
Table 'Phocaea' 6-max Seat #6 is the button
Seat 4: An1an1 ($100 in chips) is sitting out
Seat 1: Nicedaymybro ($100.50 in chips) 
Seat 2: xcinaz ($130.40 in chips) 
Seat 3: Jackyy132 ($23.06 in chips) 
Seat 6: nastja336 ($106.54 in chips) 
Nicedaymybro: posts small blind $0.50
xcinaz: posts big blind $1
An1an1: sits out 
*** HOLE CARDS ***
Jackyy132: calls $1
nastja336: folds 
Nicedaymybro: folds 
xcinaz: checks 
*** FLOP *** [5d 6s 5c]
xcinaz: checks 
Jackyy132: bets $2.38
xcinaz: folds 
Uncalled bet ($2.38) returned to Jackyy132
Jackyy132 collected $2.38 from pot
*** SUMMARY ***
Total pot $2.50 | Rake $0.12 
Board [5d 6s 5c]
Seat 4: An1an1
Seat 1: Nicedaymybro (small blind) folded before Flop
Seat 2: xcinaz (big blind) folded on the Flop
Seat 3: Jackyy132 collected ($2.38)
Seat 6: nastja336 (button) folded before Flop (didn't bet)



PokerStars Hand #254631318897:  Hold'em No Limit ($0.50/$1.00 USD) - 2025/01/30 1:04:43 WET [2025/01/30 20:04:43 ET]
Table 'Phocaea' 6-max Seat #1 is the button
Seat 4: An1an1 ($100 in chips) is sitting out
Seat 1: Nicedaymybro ($100 in chips) 
Seat 2: xcinaz ($129.40 in chips) 
Seat 3: Jackyy132 ($24.44 in chips) 
Seat 6: nastja336 ($106.54 in chips) 
xcinaz: posts small blind $0.50
Jackyy132: posts big blind $1
An1an1: sits out 
*** HOLE CARDS ***
nastja336: folds 
Nicedaymybro: raises $1.50 to $2.50
xcinaz: raises $9 to $11.50
Jackyy132: folds 
Nicedaymybro: raises $13.50 to $25
xcinaz: raises $104.40 to $129.40 and is all-in
Nicedaymybro: folds 
Uncalled bet ($104.40) returned to xcinaz
xcinaz collected $51 from pot
xcinaz: doesn't show hand 
*** SUMMARY ***
Total pot $51 | Rake $0 
Seat 4: An1an1
Seat 1: Nicedaymybro (button) folded before Flop
Seat 2: xcinaz (small blind) collected ($51)
Seat 3: Jackyy132 (big blind) folded before Flop
Seat 6: nastja336 folded before Flop (didn't bet)



PokerStars Hand #254631330277:  Hold'em No Limit ($0.50/$1.00 USD) - 2025/01/30 1:05:46 WET [2025/01/30 20:05:46 ET]
Table 'Phocaea' 6-max Seat #2 is the button
Seat 1: Nicedaymybro ($100 in chips) 
Seat 2: xcinaz ($155.40 in chips) 
Seat 3: Jackyy132 ($23.44 in chips) 
Seat 4: An1an1 ($100 in chips) 
Seat 6: nastja336 ($106.54 in chips) 
Jackyy132: posts small blind $0.50
An1an1: posts big blind $1
*** HOLE CARDS ***
nastja336: folds 
Nicedaymybro: folds 
skars07 joins the table at seat #5 
xcinaz: raises $1.50 to $2.50
Jackyy132: folds 
An1an1: folds 
Uncalled bet ($1.50) returned to xcinaz
xcinaz collected $2.50 from pot
xcinaz: doesn't show hand 
*** SUMMARY ***
Total pot $2.50 | Rake $0 
Seat 1: Nicedaymybro folded before Flop (didn't bet)
Seat 2: xcinaz (button) collected ($2.50)
Seat 3: Jackyy132 (small blind) folded before Flop
Seat 4: An1an1 (big blind) folded before Flop
Seat 6: nastja336 folded before Flop (didn't bet)



PokerStars Hand #254631333132:  Hold'em No Limit ($0.50/$1.00 USD) - 2025/01/30 1:06:02 WET [2025/01/30 20:06:02 ET]
Table 'Phocaea' 6-max Seat #3 is the button
Seat 1: Nicedaymybro ($100 in chips) 
Seat 2: xcinaz ($156.90 in chips) 
Seat 3: Jackyy132 ($22.94 in chips) 
Seat 4: An1an1 ($100 in chips) 
Seat 5: skars07 ($100 in chips) 
Seat 6: nastja336 ($106.54 in chips) 
An1an1: posts small blind $0.50
skars07: posts big blind $1
*** HOLE CARDS ***
nastja336: folds 
Nicedaymybro: folds 
xcinaz: folds 
Jackyy132: calls $1
An1an1: folds 
skars07: checks 
*** FLOP *** [9d 3c 2s]
skars07: checks 
Jackyy132: checks 
*** TURN *** [9d 3c 2s] [7d]
skars07: checks 
Jackyy132: checks 
*** RIVER *** [9d 3c 2s 7d] [As]
skars07: checks 
Jackyy132: bets $21.94 and is all-in
skars07: folds 
Uncalled bet ($21.94) returned to Jackyy132
Jackyy132 collected $2.38 from pot
*** SUMMARY ***
Total pot $2.50 | Rake $0.12 
Board [9d 3c 2s 7d As]
Seat 1: Nicedaymybro folded before Flop (didn't bet)
Seat 2: xcinaz folded before Flop (didn't bet)
Seat 3: Jackyy132 (button) collected ($2.38)
Seat 4: An1an1 (small blind) folded before Flop
Seat 5: skars07 (big blind) folded on the River
Seat 6: nastja336 folded before Flop (didn't bet)



PokerStars Hand #254631343267:  Hold'em No Limit ($0.50/$1.00 USD) - 2025/01/30 1:06:59 WET [2025/01/30 20:06:59 ET]
Table 'Phocaea' 6-max Seat #4 is the button
Seat 6: nastja336 ($106.54 in chips) is sitting out
Seat 1: Nicedaymybro ($100 in chips) 
Seat 2: xcinaz ($156.90 in chips) 
Seat 3: Jackyy132 ($24.32 in chips) 
Seat 4: An1an1 ($100 in chips) 
Seat 5: skars07 ($100 in chips) 
skars07: posts small blind $0.50
Nicedaymybro: posts big blind $1
*** HOLE CARDS ***
xcinaz: folds 
nastja336 leaves the table
Jackyy132: folds 
An1an1: folds 
skars07: raises $2 to $3
Nicedaymybro: folds 
Uncalled bet ($2) returned to skars07
skars07 collected $2 from pot
skars07: doesn't show hand 
*** SUMMARY ***
Total pot $2 | Rake $0 
Seat 6: nastja336
Seat 1: Nicedaymybro (big blind) folded before Flop
Seat 2: xcinaz folded before Flop (didn't bet)
Seat 3: Jackyy132 folded before Flop (didn't bet)
Seat 4: An1an1 (button) folded before Flop (didn't bet)
Seat 5: skars07 (small blind) collected ($2)



PokerStars Hand #254631347358:  Hold'em No Limit ($0.50/$1.00 USD) - 2025/01/30 1:07:21 WET [2025/01/30 20:07:21 ET]
Table 'Phocaea' 6-max Seat #5 is the button
Seat 1: Nicedaymybro ($100 in chips) 
Seat 2: xcinaz ($156.90 in chips) 
Seat 3: Jackyy132 ($24.32 in chips) 
Seat 4: An1an1 ($100 in chips) 
Seat 5: skars07 ($101 in chips) 
Nicedaymybro: posts small blind $0.50
xcinaz: posts big blind $1
*** HOLE CARDS ***
Jackyy132: raises $1 to $2
An1an1: folds 
skars07: folds 
Nicedaymybro: folds 
xcinaz: calls $1
*** FLOP *** [6c Kc 4c]
xcinaz: checks 
Jackyy132: bets $4.28
xcinaz: folds 
Uncalled bet ($4.28) returned to Jackyy132
Jackyy132 collected $4.28 from pot
*** SUMMARY ***
Total pot $4.50 | Rake $0.22 
Board [6c Kc 4c]
Seat 1: Nicedaymybro (small blind) folded before Flop
Seat 2: xcinaz (big blind) folded on the Flop
Seat 3: Jackyy132 collected ($4.28)
Seat 4: An1an1 folded before Flop (didn't bet)
Seat 5: skars07 (button) folded before Flop (didn't bet)



PokerStars Hand #254631351531:  Hold'em No Limit ($0.50/$1.00 USD) - 2025/01/30 1:07:45 WET [2025/01/30 20:07:45 ET]
Table 'Phocaea' 6-max Seat #1 is the button
Seat 1: Nicedaymybro ($100 in chips) 
Seat 2: xcinaz ($154.90 in chips) 
Seat 3: Jackyy132 ($26.60 in chips) 
Seat 4: An1an1 ($100 in chips) 
Seat 5: skars07 ($101 in chips) 
xcinaz: posts small blind $0.50
Jackyy132: posts big blind $1
*** HOLE CARDS ***
An1an1: folds 
skars07: folds 
Nicedaymybro: folds 
xcinaz: folds 
Uncalled bet ($0.50) returned to Jackyy132
Jackyy132 collected $1 from pot
*** SUMMARY ***
Total pot $1 | Rake $0 
Seat 1: Nicedaymybro (button) folded before Flop (didn't bet)
Seat 2: xcinaz (small blind) folded before Flop
Seat 3: Jackyy132 (big blind) collected ($1)
Seat 4: An1an1 folded before Flop (didn't bet)
Seat 5: skars07 folded before Flop (didn't bet)



PokerStars Hand #254631353550:  Hold'em No Limit ($0.50/$1.00 USD) - 2025/01/30 1:07:56 WET [2025/01/30 20:07:56 ET]
Table 'Phocaea' 6-max Seat #2 is the button
Seat 1: Nicedaymybro ($100 in chips) 
Seat 2: xcinaz ($154.40 in chips) 
Seat 3: Jackyy132 ($27.10 in chips) 
Seat 4: An1an1 ($100 in chips) 
Seat 5: skars07 ($101 in chips) 
Jackyy132: posts small blind $0.50
An1an1: posts big blind $1
*** HOLE CARDS ***
skars07: raises $1.50 to $2.50
Nicedaymybro: folds 
xcinaz: raises $5.50 to $8
Jackyy132: raises $19.10 to $27.10 and is all-in
An1an1: folds 
skars07: folds 
xcinaz: calls $19.10
*** FLOP *** [Ks 8h 9s]
*** TURN *** [Ks 8h 9s] [Th]
*** RIVER *** [Ks 8h 9s Th] [2d]
*** SHOW DOWN ***
Jackyy132: shows [Jd Jc] (a pair of Jacks)
xcinaz: shows [Ad Qd] (high card Ace)
Jackyy132 collected $55.20 from pot
*** SUMMARY ***
Total pot $57.70 | Rake $2.50 
Board [Ks 8h 9s Th 2d]
Seat 1: Nicedaymybro folded before Flop (didn't bet)
Seat 2: xcinaz (button) showed [Ad Qd] and lost with high card Ace
Seat 3: Jackyy132 (small blind) showed [Jd Jc] and won ($55.20) with a pair of Jacks
Seat 4: An1an1 (big blind) folded before Flop
Seat 5: skars07 folded before Flop



PokerStars Hand #254631359528:  Hold'em No Limit ($0.50/$1.00 USD) - 2025/01/30 1:08:30 WET [2025/01/30 20:08:30 ET]
Table 'Phocaea' 6-max Seat #3 is the button
Seat 1: Nicedaymybro ($100 in chips) 
Seat 2: xcinaz ($127.30 in chips) 
Seat 3: Jackyy132 ($55.20 in chips) 
Seat 4: An1an1 ($100 in chips) 
Seat 5: skars07 ($100 in chips) 
An1an1: posts small blind $0.50
skars07: posts big blind $1
*** HOLE CARDS ***
Nicedaymybro: folds 
xcinaz: folds 
Jackyy132: calls $1
An1an1: folds 
skars07: checks 
*** FLOP *** [5d 3s 7s]
skars07: checks 
Jackyy132: bets $1.19
skars07: calls $1.19
*** TURN *** [5d 3s 7s] [Ts]
skars07: checks 
Jackyy132: bets $4.64
skars07: folds 
Uncalled bet ($4.64) returned to Jackyy132
Jackyy132 collected $4.64 from pot
*** SUMMARY ***
Total pot $4.88 | Rake $0.24 
Board [5d 3s 7s Ts]
Seat 1: Nicedaymybro folded before Flop (didn't bet)
Seat 2: xcinaz folded before Flop (didn't bet)
Seat 3: Jackyy132 (button) collected ($4.64)
Seat 4: An1an1 (small blind) folded before Flop
Seat 5: skars07 (big blind) folded on the Turn



PokerStars Hand #254631365024:  Hold'em No Limit ($0.50/$1.00 USD) - 2025/01/30 1:09:01 WET [2025/01/30 20:09:01 ET]
Table 'Phocaea' 6-max Seat #4 is the button
Seat 1: Nicedaymybro ($100 in chips) 
Seat 2: xcinaz ($127.30 in chips) 
Seat 3: Jackyy132 ($57.65 in chips) 
Seat 4: An1an1 ($100 in chips) 
Seat 5: skars07 ($100 in chips) 
skars07: posts small blind $0.50
Nicedaymybro: posts big blind $1
*** HOLE CARDS ***
xcinaz: folds 
Jackyy132: folds 
An1an1: raises $1.50 to $2.50
skars07: folds 
Nicedaymybro: folds 
Uncalled bet ($1.50) returned to An1an1
An1an1 collected $2.50 from pot
An1an1: doesn't show hand 
*** SUMMARY ***
Total pot $2.50 | Rake $0 
Seat 1: Nicedaymybro (big blind) folded before Flop
Seat 2: xcinaz folded before Flop (didn't bet)
Seat 3: Jackyy132 folded before Flop (didn't bet)
Seat 4: An1an1 (button) collected ($2.50)
Seat 5: skars07 (small blind) folded before Flop



PokerStars Hand #254631367548:  Hold'em No Limit ($0.50/$1.00 USD) - 2025/01/30 1:09:15 WET [2025/01/30 20:09:15 ET]
Table 'Phocaea' 6-max Seat #5 is the button
Seat 1: Nicedaymybro ($100 in chips) 
Seat 2: xcinaz ($127.30 in chips) 
Seat 3: Jackyy132 ($57.65 in chips) 
Seat 4: An1an1 ($101.50 in chips) 
Seat 5: skars07 ($100 in chips) 
Nicedaymybro: posts small blind $0.50
xcinaz: posts big blind $1
*** HOLE CARDS ***
Jackyy132: folds 
An1an1: folds 
skars07: folds 
Nicedaymybro: folds 
Uncalled bet ($0.50) returned to xcinaz
xcinaz collected $1 from pot
xcinaz: doesn't show hand 
*** SUMMARY ***
Total pot $1 | Rake $0 
Seat 1: Nicedaymybro (small blind) folded before Flop
Seat 2: xcinaz (big blind) collected ($1)
Seat 3: Jackyy132 folded before Flop (didn't bet)
Seat 4: An1an1 folded before Flop (didn't bet)
Seat 5: skars07 (button) folded before Flop (didn't bet)



PokerStars Hand #254631369391:  Hold'em No Limit ($0.50/$1.00 USD) - 2025/01/30 1:09:26 WET [2025/01/30 20:09:26 ET]
Table 'Phocaea' 6-max Seat #1 is the button
Seat 1: Nicedaymybro ($100 in chips) 
Seat 2: xcinaz ($127.80 in chips) 
Seat 3: Jackyy132 ($57.65 in chips) 
Seat 4: An1an1 ($101.50 in chips) 
Seat 5: skars07 ($100 in chips) 
xcinaz: posts small blind $0.50
Jackyy132: posts big blind $1
*** HOLE CARDS ***
An1an1: folds 
skars07: raises $1.50 to $2.50
Nicedaymybro: folds 
xcinaz: folds 
Jackyy132: calls $1.50
*** FLOP *** [2s 4c 7s]
Jackyy132: checks 
skars07: bets $1.72
Jackyy132: calls $1.72
*** TURN *** [2s 4c 7s] [8d]
Jackyy132: checks 
skars07: bets $6.37
Jackyy132: calls $6.37
*** RIVER *** [2s 4c 7s 8d] [Jc]
Jackyy132: checks 
skars07: bets $15.45
Jackyy132: folds 
Uncalled bet ($15.45) returned to skars07
skars07 collected $20.60 from pot
skars07: doesn't show hand 
*** SUMMARY ***
Total pot $21.68 | Rake $1.08 
Board [2s 4c 7s 8d Jc]
Seat 1: Nicedaymybro (button) folded before Flop (didn't bet)
Seat 2: xcinaz (small blind) folded before Flop
Seat 3: Jackyy132 (big blind) folded on the River
Seat 4: An1an1 folded before Flop (didn't bet)
Seat 5: skars07 collected ($20.60)



PokerStars Hand #254631376897:  Hold'em No Limit ($0.50/$1.00 USD) - 2025/01/30 1:10:09 WET [2025/01/30 20:10:09 ET]
Table 'Phocaea' 6-max Seat #2 is the button
Seat 1: Nicedaymybro ($100 in chips) 
Seat 2: xcinaz ($127.30 in chips) 
Seat 3: Jackyy132 ($47.06 in chips) 
Seat 4: An1an1 ($101.50 in chips) 
Seat 5: skars07 ($110.01 in chips) 
Jackyy132: posts small blind $0.50
An1an1: posts big blind $1
*** HOLE CARDS ***
skars07: folds 
Nicedaymybro: folds 
xcinaz: folds 
Jackyy132: calls $0.50
An1an1: checks 
*** FLOP *** [6s 4s 8h]
Jackyy132: bets $1
An1an1: calls $1
*** TURN *** [6s 4s 8h] [Ad]
nicofellow joins the table at seat #6 
Jackyy132: bets $1
An1an1: calls $1
*** RIVER *** [6s 4s 8h Ad] [3h]
Jackyy132: bets $5.70
An1an1: calls $5.70
*** SHOW DOWN ***
Jackyy132: shows [5s 6d] (a pair of Sixes)
An1an1: shows [8s 2h] (a pair of Eights)
An1an1 collected $16.53 from pot
*** SUMMARY ***
Total pot $17.40 | Rake $0.87 
Board [6s 4s 8h Ad 3h]
Seat 1: Nicedaymybro folded before Flop (didn't bet)
Seat 2: xcinaz (button) folded before Flop (didn't bet)
Seat 3: Jackyy132 (small blind) showed [5s 6d] and lost with a pair of Sixes
Seat 4: An1an1 (big blind) showed [8s 2h] and won ($16.53) with a pair of Eights
Seat 5: skars07 folded before Flop (didn't bet)



PokerStars Hand #254631384554:  Hold'em No Limit ($0.50/$1.00 USD) - 2025/01/30 1:10:52 WET [2025/01/30 20:10:52 ET]
Table 'Phocaea' 6-max Seat #3 is the button
Seat 6: nicofellow ($100 in chips) is sitting out
Seat 1: Nicedaymybro ($100 in chips) 
Seat 2: xcinaz ($127.30 in chips) 
Seat 3: Jackyy132 ($38.36 in chips) 
Seat 4: An1an1 ($109.33 in chips) 
Seat 5: skars07 ($110.01 in chips) 
An1an1: posts small blind $0.50
skars07: posts big blind $1
nicofellow: sits out 
*** HOLE CARDS ***
Nicedaymybro: folds 
xcinaz: folds 
Jackyy132: folds 
An1an1: folds 
Uncalled bet ($0.50) returned to skars07
skars07 collected $1 from pot
skars07: doesn't show hand 
*** SUMMARY ***
Total pot $1 | Rake $0 
Seat 6: nicofellow
Seat 1: Nicedaymybro folded before Flop (didn't bet)
Seat 2: xcinaz folded before Flop (didn't bet)
Seat 3: Jackyy132 (button) folded before Flop (didn't bet)
Seat 4: An1an1 (small blind) folded before Flop
Seat 5: skars07 (big blind) collected ($1)



PokerStars Hand #254631386776:  Hold'em No Limit ($0.50/$1.00 USD) - 2025/01/30 1:11:05 WET [2025/01/30 20:11:05 ET]
Table 'Phocaea' 6-max Seat #4 is the button
Seat 1: Nicedaymybro ($100 in chips) 
Seat 2: xcinaz ($127.30 in chips) 
Seat 3: Jackyy132 ($38.36 in chips) 
Seat 4: An1an1 ($108.83 in chips) 
Seat 5: skars07 ($110.51 in chips) 
Seat 6: nicofellow ($100 in chips) 
skars07: posts small blind $0.50
nicofellow: posts big blind $1
*** HOLE CARDS ***
Nicedaymybro: folds 
xcinaz: folds 
Jackyy132: calls $1
An1an1: folds 
skars07: folds 
nicofellow: raises $3.50 to $4.50
Jackyy132: calls $3.50
*** FLOP *** [2s 5d 7s]
nicofellow: bets $2.98
Jackyy132: folds 
Uncalled bet ($2.98) returned to nicofellow
nicofellow collected $9.02 from pot
nicofellow: doesn't show hand 
*** SUMMARY ***
Total pot $9.50 | Rake $0.48 
Board [2s 5d 7s]
Seat 1: Nicedaymybro folded before Flop (didn't bet)
Seat 2: xcinaz folded before Flop (didn't bet)
Seat 3: Jackyy132 folded on the Flop
Seat 4: An1an1 (button) folded before Flop (didn't bet)
Seat 5: skars07 (small blind) folded before Flop
Seat 6: nicofellow (big blind) collected ($9.02)



PokerStars Hand #254631392066:  Hold'em No Limit ($0.50/$1.00 USD) - 2025/01/30 1:11:35 WET [2025/01/30 20:11:35 ET]
Table 'Phocaea' 6-max Seat #5 is the button
Seat 1: Nicedaymybro ($100 in chips) 
Seat 2: xcinaz ($127.30 in chips) 
Seat 3: Jackyy132 ($33.86 in chips) 
Seat 4: An1an1 ($108.83 in chips) 
Seat 5: skars07 ($110.01 in chips) 
Seat 6: nicofellow ($104.52 in chips) 
nicofellow: posts small blind $0.50
Nicedaymybro: posts big blind $1
*** HOLE CARDS ***
xcinaz: folds 
Jackyy132: folds 
An1an1: raises $1 to $2
skars07: folds 
nicofellow: raises $8.50 to $10.50
Nicedaymybro: folds 
An1an1: folds 
Uncalled bet ($8.50) returned to nicofellow
nicofellow collected $5 from pot
nicofellow: doesn't show hand 
*** SUMMARY ***
Total pot $5 | Rake $0 
Seat 1: Nicedaymybro (big blind) folded before Flop
Seat 2: xcinaz folded before Flop (didn't bet)
Seat 3: Jackyy132 folded before Flop (didn't bet)
Seat 4: An1an1 folded before Flop
Seat 5: skars07 (button) folded before Flop (didn't bet)
Seat 6: nicofellow (small blind) collected ($5)



PokerStars Hand #254631395141:  Hold'em No Limit ($0.50/$1.00 USD) - 2025/01/30 1:11:52 WET [2025/01/30 20:11:52 ET]
Table 'Phocaea' 6-max Seat #6 is the button
Seat 1: Nicedaymybro ($100 in chips) 
Seat 2: xcinaz ($127.30 in chips) 
Seat 3: Jackyy132 ($33.86 in chips) 
Seat 4: An1an1 ($106.83 in chips) 
Seat 5: skars07 ($110.01 in chips) 
Seat 6: nicofellow ($107.52 in chips) 
Nicedaymybro: posts small blind $0.50
xcinaz: posts big blind $1
*** HOLE CARDS ***
Jackyy132: folds 
An1an1: folds 
skars07: raises $1.50 to $2.50
nicofellow: folds 
Nicedaymybro: folds 
xcinaz: folds 
Uncalled bet ($1.50) returned to skars07
skars07 collected $2.50 from pot
skars07: doesn't show hand 
*** SUMMARY ***
Total pot $2.50 | Rake $0 
Seat 1: Nicedaymybro (small blind) folded before Flop
Seat 2: xcinaz (big blind) folded before Flop
Seat 3: Jackyy132 folded before Flop (didn't bet)
Seat 4: An1an1 folded before Flop (didn't bet)
Seat 5: skars07 collected ($2.50)
Seat 6: nicofellow (button) folded before Flop (didn't bet)



PokerStars Hand #254631397615:  Hold'em No Limit ($0.50/$1.00 USD) - 2025/01/30 1:12:06 WET [2025/01/30 20:12:06 ET]
Table 'Phocaea' 6-max Seat #1 is the button
Seat 1: Nicedaymybro ($100 in chips) 
Seat 2: xcinaz ($126.30 in chips) 
Seat 3: Jackyy132 ($33.86 in chips) 
Seat 4: An1an1 ($106.83 in chips) 
Seat 5: skars07 ($111.51 in chips) 
Seat 6: nicofellow ($107.52 in chips) 
xcinaz: posts small blind $0.50
Jackyy132: posts big blind $1
*** HOLE CARDS ***
An1an1: folds 
skars07: folds 
nicofellow: folds 
Nicedaymybro: folds 
xcinaz: folds 
Uncalled bet ($0.50) returned to Jackyy132
Jackyy132 collected $1 from pot
*** SUMMARY ***
Total pot $1 | Rake $0 
Seat 1: Nicedaymybro (button) folded before Flop (didn't bet)
Seat 2: xcinaz (small blind) folded before Flop
Seat 3: Jackyy132 (big blind) collected ($1)
Seat 4: An1an1 folded before Flop (didn't bet)
Seat 5: skars07 folded before Flop (didn't bet)
Seat 6: nicofellow folded before Flop (didn't bet)



PokerStars Hand #254631400408:  Hold'em No Limit ($0.50/$1.00 USD) - 2025/01/30 1:12:22 WET [2025/01/30 20:12:22 ET]
Table 'Phocaea' 6-max Seat #2 is the button
Seat 1: Nicedaymybro ($100 in chips) 
Seat 2: xcinaz ($125.80 in chips) 
Seat 3: Jackyy132 ($34.36 in chips) 
Seat 4: An1an1 ($106.83 in chips) 
Seat 5: skars07 ($111.51 in chips) 
Seat 6: nicofellow ($107.52 in chips) 
Jackyy132: posts small blind $0.50
An1an1: posts big blind $1
*** HOLE CARDS ***
skars07: folds 
nicofellow: folds 
Nicedaymybro: folds 
xcinaz: folds 
Jackyy132: calls $0.50
An1an1: checks 
*** FLOP *** [Qd 7d 6d]
Jackyy132: checks 
An1an1: bets $1
Jackyy132: calls $1
*** TURN *** [Qd 7d 6d] [Ac]
Jackyy132: checks 
An1an1: checks 
*** RIVER *** [Qd 7d 6d Ac] [9d]
Jackyy132: checks 
An1an1: checks 
*** SHOW DOWN ***
Jackyy132: shows [Kd 3c] (a flush, King high)
An1an1: mucks hand 
Jackyy132 collected $3.80 from pot
*** SUMMARY ***
Total pot $4 | Rake $0.20 
Board [Qd 7d 6d Ac 9d]
Seat 1: Nicedaymybro folded before Flop (didn't bet)
Seat 2: xcinaz (button) folded before Flop (didn't bet)
Seat 3: Jackyy132 (small blind) showed [Kd 3c] and won ($3.80) with a flush, King high
Seat 4: An1an1 (big blind) mucked
Seat 5: skars07 folded before Flop (didn't bet)
Seat 6: nicofellow folded before Flop (didn't bet)



PokerStars Hand #254631408600:  Hold'em No Limit ($0.50/$1.00 USD) - 2025/01/30 1:13:09 WET [2025/01/30 20:13:09 ET]
Table 'Phocaea' 6-max Seat #3 is the button
Seat 1: Nicedaymybro ($100 in chips) 
Seat 2: xcinaz ($125.80 in chips) 
Seat 3: Jackyy132 ($36.16 in chips) 
Seat 4: An1an1 ($104.83 in chips) 
Seat 5: skars07 ($111.51 in chips) 
Seat 6: nicofellow ($107.52 in chips) 
An1an1: posts small blind $0.50
skars07: posts big blind $1
*** HOLE CARDS ***
nicofellow: folds 
Nicedaymybro: folds 
xcinaz: folds 
Jackyy132: folds 
An1an1: raises $1.50 to $2.50
skars07: calls $1.50
*** FLOP *** [7s Kh 7h]
An1an1: bets $1.14
skars07: folds 
Uncalled bet ($1.14) returned to An1an1
An1an1 collected $4.75 from pot
An1an1: doesn't show hand 
*** SUMMARY ***
Total pot $5 | Rake $0.25 
Board [7s Kh 7h]
Seat 1: Nicedaymybro folded before Flop (didn't bet)
Seat 2: xcinaz folded before Flop (didn't bet)
Seat 3: Jackyy132 (button) folded before Flop (didn't bet)
Seat 4: An1an1 (small blind) collected ($4.75)
Seat 5: skars07 (big blind) folded on the Flop
Seat 6: nicofellow folded before Flop (didn't bet)



PokerStars Hand #254631414957:  Hold'em No Limit ($0.50/$1.00 USD) - 2025/01/30 1:13:45 WET [2025/01/30 20:13:45 ET]
Table 'Phocaea' 6-max Seat #4 is the button
Seat 1: Nicedaymybro ($100 in chips) 
Seat 2: xcinaz ($125.80 in chips) 
Seat 3: Jackyy132 ($36.16 in chips) 
Seat 4: An1an1 ($107.08 in chips) 
Seat 5: skars07 ($109.01 in chips) 
Seat 6: nicofellow ($107.52 in chips) 
skars07: posts small blind $0.50
nicofellow: posts big blind $1
*** HOLE CARDS ***
Nicedaymybro: folds 
xcinaz: folds 
Jackyy132: calls $1
An1an1: folds 
skars07: raises $4 to $5
nicofellow: folds 
Jackyy132: calls $4
*** FLOP *** [6d 7c Ah]
skars07: checks 
Jackyy132: bets $5.23
skars07: folds 
Uncalled bet ($5.23) returned to Jackyy132
Jackyy132 collected $10.45 from pot
*** SUMMARY ***
Total pot $11 | Rake $0.55 
Board [6d 7c Ah]
Seat 1: Nicedaymybro folded before Flop (didn't bet)
Seat 2: xcinaz folded before Flop (didn't bet)
Seat 3: Jackyy132 collected ($10.45)
Seat 4: An1an1 (button) folded before Flop (didn't bet)
Seat 5: skars07 (small blind) folded on the Flop
Seat 6: nicofellow (big blind) folded before Flop



PokerStars Hand #254631424999:  Hold'em No Limit ($0.50/$1.00 USD) - 2025/01/30 1:14:42 WET [2025/01/30 20:14:42 ET]
Table 'Phocaea' 6-max Seat #5 is the button
Seat 1: Nicedaymybro ($100 in chips) 
Seat 2: xcinaz ($125.80 in chips) 
Seat 3: Jackyy132 ($41.61 in chips) 
Seat 4: An1an1 ($107.08 in chips) 
Seat 5: skars07 ($104.01 in chips) 
Seat 6: nicofellow ($106.52 in chips) 
nicofellow: posts small blind $0.50
Nicedaymybro: posts big blind $1
*** HOLE CARDS ***
xcinaz: raises $1 to $2
Jackyy132: folds 
An1an1: folds 
skars07: folds 
nicofellow: folds 
Nicedaymybro: folds 
Uncalled bet ($1) returned to xcinaz
xcinaz collected $2.50 from pot
xcinaz: doesn't show hand 
*** SUMMARY ***
Total pot $2.50 | Rake $0 
Seat 1: Nicedaymybro (big blind) folded before Flop
Seat 2: xcinaz collected ($2.50)
Seat 3: Jackyy132 folded before Flop (didn't bet)
Seat 4: An1an1 folded before Flop (didn't bet)
Seat 5: skars07 (button) folded before Flop (didn't bet)
Seat 6: nicofellow (small blind) folded before Flop



PokerStars Hand #254631430015:  Hold'em No Limit ($0.50/$1.00 USD) - 2025/01/30 1:15:10 WET [2025/01/30 20:15:10 ET]
Table 'Phocaea' 6-max Seat #6 is the button
Seat 1: Nicedaymybro ($100 in chips) 
Seat 2: xcinaz ($127.30 in chips) 
Seat 3: Jackyy132 ($41.61 in chips) 
Seat 4: An1an1 ($107.08 in chips) 
Seat 5: skars07 ($104.01 in chips) 
Seat 6: nicofellow ($106.02 in chips) 
Nicedaymybro: posts small blind $0.50
xcinaz: posts big blind $1
*** HOLE CARDS ***
Jackyy132: folds 
An1an1: folds 
skars07: folds 
nicofellow: folds 
Nicedaymybro: folds 
Uncalled bet ($0.50) returned to xcinaz
xcinaz collected $1 from pot
xcinaz: doesn't show hand 
*** SUMMARY ***
Total pot $1 | Rake $0 
Seat 1: Nicedaymybro (small blind) folded before Flop
Seat 2: xcinaz (big blind) collected ($1)
Seat 3: Jackyy132 folded before Flop (didn't bet)
Seat 4: An1an1 folded before Flop (didn't bet)
Seat 5: skars07 folded before Flop (didn't bet)
Seat 6: nicofellow (button) folded before Flop (didn't bet)



PokerStars Hand #254631433432:  Hold'em No Limit ($0.50/$1.00 USD) - 2025/01/30 1:15:30 WET [2025/01/30 20:15:30 ET]
Table 'Phocaea' 6-max Seat #1 is the button
Seat 1: Nicedaymybro ($100 in chips) 
Seat 2: xcinaz ($127.80 in chips) 
Seat 3: Jackyy132 ($41.61 in chips) 
Seat 4: An1an1 ($107.08 in chips) 
Seat 5: skars07 ($104.01 in chips) 
Seat 6: nicofellow ($106.02 in chips) 
xcinaz: posts small blind $0.50
Jackyy132: posts big blind $1
*** HOLE CARDS ***
An1an1: folds 
skars07: folds 
nicofellow: raises $1.20 to $2.20
Nicedaymybro: folds 
xcinaz: folds 
Jackyy132: calls $1.20
*** FLOP *** [Ad Kh 6s]
Jackyy132: checks 
nicofellow: bets $1
Jackyy132: calls $1
*** TURN *** [Ad Kh 6s] [9c]
Jackyy132: checks 
nicofellow: checks 
*** RIVER *** [Ad Kh 6s 9c] [4s]
Jackyy132: checks 
nicofellow: checks 
*** SHOW DOWN ***
Jackyy132: shows [As 3h] (a pair of Aces)
nicofellow: mucks hand 
Jackyy132 collected $6.56 from pot
*** SUMMARY ***
Total pot $6.90 | Rake $0.34 
Board [Ad Kh 6s 9c 4s]
Seat 1: Nicedaymybro (button) folded before Flop (didn't bet)
Seat 2: xcinaz (small blind) folded before Flop
Seat 3: Jackyy132 (big blind) showed [As 3h] and won ($6.56) with a pair of Aces
Seat 4: An1an1 folded before Flop (didn't bet)
Seat 5: skars07 folded before Flop (didn't bet)
Seat 6: nicofellow mucked



PokerStars Hand #254631444575:  Hold'em No Limit ($0.50/$1.00 USD) - 2025/01/30 1:16:32 WET [2025/01/30 20:16:32 ET]
Table 'Phocaea' 6-max Seat #2 is the button
Seat 1: Nicedaymybro ($100 in chips) 
Seat 2: xcinaz ($127.30 in chips) 
Seat 3: Jackyy132 ($44.97 in chips) 
Seat 4: An1an1 ($107.08 in chips) 
Seat 5: skars07 ($104.01 in chips) 
Seat 6: nicofellow ($102.82 in chips) 
Jackyy132: posts small blind $0.50
An1an1: posts big blind $1
*** HOLE CARDS ***
skars07: folds 
nicofellow: folds 
Nicedaymybro: raises $1.50 to $2.50
xcinaz: folds 
Jackyy132: calls $2
An1an1: folds 
*** FLOP *** [Tc 7s 8c]
Jackyy132: checks 
Nicedaymybro: bets $2.85
Jackyy132: folds 
Uncalled bet ($2.85) returned to Nicedaymybro
Nicedaymybro collected $5.70 from pot
Nicedaymybro: doesn't show hand 
*** SUMMARY ***
Total pot $6 | Rake $0.30 
Board [Tc 7s 8c]
Seat 1: Nicedaymybro collected ($5.70)
Seat 2: xcinaz (button) folded before Flop (didn't bet)
Seat 3: Jackyy132 (small blind) folded on the Flop
Seat 4: An1an1 (big blind) folded before Flop
Seat 5: skars07 folded before Flop (didn't bet)
Seat 6: nicofellow folded before Flop (didn't bet)



PokerStars Hand #254631449149:  Hold'em No Limit ($0.50/$1.00 USD) - 2025/01/30 1:16:58 WET [2025/01/30 20:16:58 ET]
Table 'Phocaea' 6-max Seat #3 is the button
Seat 1: Nicedaymybro ($103.20 in chips) 
Seat 2: xcinaz ($127.30 in chips) 
Seat 3: Jackyy132 ($42.47 in chips) 
Seat 4: An1an1 ($106.08 in chips) 
Seat 5: skars07 ($104.01 in chips) 
Seat 6: nicofellow ($102.82 in chips) 
An1an1: posts small blind $0.50
skars07: posts big blind $1
*** HOLE CARDS ***
nicofellow: folds 
Nicedaymybro: folds 
xcinaz: folds 
Jackyy132: raises $1 to $2
An1an1: folds 
skars07: folds 
Uncalled bet ($1) returned to Jackyy132
Jackyy132 collected $2.50 from pot
*** SUMMARY ***
Total pot $2.50 | Rake $0 
Seat 1: Nicedaymybro folded before Flop (didn't bet)
Seat 2: xcinaz folded before Flop (didn't bet)
Seat 3: Jackyy132 (button) collected ($2.50)
Seat 4: An1an1 (small blind) folded before Flop
Seat 5: skars07 (big blind) folded before Flop
Seat 6: nicofellow folded before Flop (didn't bet)



PokerStars Hand #254631452257:  Hold'em No Limit ($0.50/$1.00 USD) - 2025/01/30 1:17:16 WET [2025/01/30 20:17:16 ET]
Table 'Phocaea' 6-max Seat #4 is the button
Seat 1: Nicedaymybro ($103.20 in chips) 
Seat 2: xcinaz ($127.30 in chips) 
Seat 3: Jackyy132 ($43.97 in chips) 
Seat 4: An1an1 ($105.58 in chips) 
Seat 5: skars07 ($103.01 in chips) 
Seat 6: nicofellow ($102.82 in chips) 
skars07: posts small blind $0.50
nicofellow: posts big blind $1
*** HOLE CARDS ***
Nicedaymybro: folds 
xcinaz: folds 
Jackyy132: raises $1 to $2
An1an1: folds 
skars07: folds 
nicofellow: folds 
Uncalled bet ($1) returned to Jackyy132
Jackyy132 collected $2.50 from pot
*** SUMMARY ***
Total pot $2.50 | Rake $0 
Seat 1: Nicedaymybro folded before Flop (didn't bet)
Seat 2: xcinaz folded before Flop (didn't bet)
Seat 3: Jackyy132 collected ($2.50)
Seat 4: An1an1 (button) folded before Flop (didn't bet)
Seat 5: skars07 (small blind) folded before Flop
Seat 6: nicofellow (big blind) folded before Flop



PokerStars Hand #254631456936:  Hold'em No Limit ($0.50/$1.00 USD) - 2025/01/30 1:17:42 WET [2025/01/30 20:17:42 ET]
Table 'Phocaea' 6-max Seat #5 is the button
Seat 1: Nicedaymybro ($103.20 in chips) 
Seat 2: xcinaz ($127.30 in chips) 
Seat 3: Jackyy132 ($45.47 in chips) 
Seat 4: An1an1 ($105.58 in chips) 
Seat 5: skars07 ($102.51 in chips) 
Seat 6: nicofellow ($101.82 in chips) 
nicofellow: posts small blind $0.50
Nicedaymybro: posts big blind $1
*** HOLE CARDS ***
xcinaz: folds 
Jackyy132: raises $1 to $2
An1an1: raises $7 to $9
skars07: folds 
nicofellow: folds 
Nicedaymybro: folds 
Jackyy132: raises $7 to $16
An1an1: folds 
Uncalled bet ($7) returned to Jackyy132
Jackyy132 collected $19.50 from pot
*** SUMMARY ***
Total pot $19.50 | Rake $0 
Seat 1: Nicedaymybro (big blind) folded before Flop
Seat 2: xcinaz folded before Flop (didn't bet)
Seat 3: Jackyy132 collected ($19.50)
Seat 4: An1an1 folded before Flop
Seat 5: skars07 (button) folded before Flop (didn't bet)
Seat 6: nicofellow (small blind) folded before Flop



PokerStars Hand #254631463398:  Hold'em No Limit ($0.50/$1.00 USD) - 2025/01/30 1:18:18 WET [2025/01/30 20:18:18 ET]
Table 'Phocaea' 6-max Seat #6 is the button
Seat 1: Nicedaymybro ($102.20 in chips) 
Seat 2: xcinaz ($127.30 in chips) 
Seat 3: Jackyy132 ($55.97 in chips) 
Seat 4: An1an1 ($100 in chips) 
Seat 5: skars07 ($102.51 in chips) 
Seat 6: nicofellow ($101.32 in chips) 
Nicedaymybro: posts small blind $0.50
xcinaz: posts big blind $1
*** HOLE CARDS ***
Jackyy132: calls $1
An1an1: folds 
skars07: folds 
nicofellow: raises $2.50 to $3.50
Nicedaymybro: folds 
xcinaz: folds 
Jackyy132: calls $2.50
*** FLOP *** [Th 6s Jh]
Jackyy132: checks 
nicofellow: bets $2.02
Jackyy132: calls $2.02
*** TURN *** [Th 6s Jh] [7c]
Jackyy132: checks 
nicofellow: checks 
*** RIVER *** [Th 6s Jh 7c] [4c]
Jackyy132: checks 
nicofellow: checks 
*** SHOW DOWN ***
Jackyy132: shows [8s Qd] (high card Queen)
nicofellow: shows [3h Kh] (high card King)
nicofellow collected $11.91 from pot
*** SUMMARY ***
Total pot $12.54 | Rake $0.63 
Board [Th 6s Jh 7c 4c]
Seat 1: Nicedaymybro (small blind) folded before Flop
Seat 2: xcinaz (big blind) folded before Flop
Seat 3: Jackyy132 showed [8s Qd] and lost with high card Queen
Seat 4: An1an1 folded before Flop (didn't bet)
Seat 5: skars07 folded before Flop (didn't bet)
Seat 6: nicofellow (button) showed [3h Kh] and won ($11.91) with high card King



PokerStars Hand #254631477891:  Hold'em No Limit ($0.50/$1.00 USD) - 2025/01/30 1:19:41 WET [2025/01/30 20:19:41 ET]
Table 'Phocaea' 6-max Seat #1 is the button
Seat 1: Nicedaymybro ($101.70 in chips) 
Seat 2: xcinaz ($126.30 in chips) 
Seat 3: Jackyy132 ($50.45 in chips) 
Seat 4: An1an1 ($100 in chips) 
Seat 5: skars07 ($102.51 in chips) 
Seat 6: nicofellow ($107.71 in chips) 
xcinaz: posts small blind $0.50
Jackyy132: posts big blind $1
*** HOLE CARDS ***
An1an1: folds 
skars07: raises $1.50 to $2.50
nicofellow: folds 
Nicedaymybro: folds 
xcinaz: folds 
Jackyy132: calls $1.50
*** FLOP *** [4s 9h Qh]
Jackyy132: checks 
skars07: bets $1.72
Jackyy132: calls $1.72
*** TURN *** [4s 9h Qh] [8s]
Jackyy132: checks 
skars07: checks 
*** RIVER *** [4s 9h Qh 8s] [Ks]
Jackyy132: checks 
skars07: bets $6.37
Jackyy132: folds 
Uncalled bet ($6.37) returned to skars07
skars07 collected $8.49 from pot
skars07: doesn't show hand 
*** SUMMARY ***
Total pot $8.94 | Rake $0.45 
Board [4s 9h Qh 8s Ks]
Seat 1: Nicedaymybro (button) folded before Flop (didn't bet)
Seat 2: xcinaz (small blind) folded before Flop
Seat 3: Jackyy132 (big blind) folded on the River
Seat 4: An1an1 folded before Flop (didn't bet)
Seat 5: skars07 collected ($8.49)
Seat 6: nicofellow folded before Flop (didn't bet)



PokerStars Hand #254631488270:  Hold'em No Limit ($0.50/$1.00 USD) - 2025/01/30 1:20:40 WET [2025/01/30 20:20:40 ET]
Table 'Phocaea' 6-max Seat #2 is the button
Seat 1: Nicedaymybro ($101.70 in chips) 
Seat 2: xcinaz ($125.80 in chips) 
Seat 3: Jackyy132 ($46.23 in chips) 
Seat 4: An1an1 ($100 in chips) 
Seat 5: skars07 ($106.78 in chips) 
Seat 6: nicofellow ($107.71 in chips) 
Jackyy132: posts small blind $0.50
An1an1: posts big blind $1
*** HOLE CARDS ***
skars07: folds 
nicofellow: folds 
Nicedaymybro: folds 
xcinaz: raises $1.50 to $2.50
Jackyy132: calls $2
An1an1: calls $1.50
*** FLOP *** [4c 2h Ac]
Jackyy132: checks 
An1an1: checks 
xcinaz: checks 
*** TURN *** [4c 2h Ac] [8h]
Jackyy132: checks 
An1an1: bets $8.90
xcinaz: folds 
Jackyy132: calls $8.90
*** RIVER *** [4c 2h Ac 8h] [6d]
Jackyy132: checks 
An1an1: bets $34.82
Jackyy132: folds 
Uncalled bet ($34.82) returned to An1an1
An1an1 collected $24.04 from pot
An1an1: doesn't show hand 
*** SUMMARY ***
Total pot $25.30 | Rake $1.26 
Board [4c 2h Ac 8h 6d]
Seat 1: Nicedaymybro folded before Flop (didn't bet)
Seat 2: xcinaz (button) folded on the Turn
Seat 3: Jackyy132 (small blind) folded on the River
Seat 4: An1an1 (big blind) collected ($24.04)
Seat 5: skars07 folded before Flop (didn't bet)
Seat 6: nicofellow folded before Flop (didn't bet)



PokerStars Hand #254631537219:  Hold'em No Limit ($0.50/$1.00 USD) - 2025/01/30 1:25:27 WET [2025/01/30 20:25:27 ET]
Table 'Phocaea' 6-max Seat #3 is the button
Seat 1: Nicedaymybro ($103.92 in chips) is sitting out
Seat 6: nicofellow ($100 in chips) is sitting out
Seat 2: xcinaz ($125.50 in chips) 
Seat 3: Jackyy132 ($28.33 in chips) 
Seat 4: An1an1 ($108.64 in chips) 
Seat 5: skars07 ($125.21 in chips) 
An1an1: posts small blind $0.50
skars07: posts big blind $1
nicofellow: sits out 
*** HOLE CARDS ***
xcinaz: folds 
Jackyy132: calls $1
An1an1: raises $4 to $5
skars07: folds 
Jackyy132: raises $4 to $9
An1an1: calls $4
*** FLOP *** [6s 5d 9s]
An1an1: checks 
Jackyy132: bets $18.05
An1an1: folds 
Uncalled bet ($18.05) returned to Jackyy132
Jackyy132 collected $18.05 from pot
*** SUMMARY ***
Total pot $19 | Rake $0.95 
Board [6s 5d 9s]
Seat 1: Nicedaymybro
Seat 6: nicofellow
Seat 2: xcinaz folded before Flop (didn't bet)
Seat 3: Jackyy132 (button) collected ($18.05)
Seat 4: An1an1 (small blind) folded on the Flop
Seat 5: skars07 (big blind) folded before Flop



PokerStars Hand #254631543401:  Hold'em No Limit ($0.50/$1.00 USD) - 2025/01/30 1:26:02 WET [2025/01/30 20:26:02 ET]
Table 'Phocaea' 6-max Seat #4 is the button
Seat 1: Nicedaymybro ($103.92 in chips) is sitting out
Seat 2: xcinaz ($125.50 in chips) 
Seat 3: Jackyy132 ($37.38 in chips) 
Seat 4: An1an1 ($100 in chips) 
Seat 5: skars07 ($124.21 in chips) 
Seat 6: nicofellow ($100 in chips) 
skars07: posts small blind $0.50
nicofellow: posts big blind $1
*** HOLE CARDS ***
xcinaz: folds 
Jackyy132: raises $1 to $2
An1an1: folds 
skars07: raises $5 to $7
nicofellow: folds 
Jackyy132: calls $5
*** FLOP *** [8d Qh 3d]
skars07: bets $4.70
Jackyy132: folds 
Uncalled bet ($4.70) returned to skars07
skars07 collected $14.25 from pot
skars07: doesn't show hand 
*** SUMMARY ***
Total pot $15 | Rake $0.75 
Board [8d Qh 3d]
Seat 1: Nicedaymybro
Seat 2: xcinaz folded before Flop (didn't bet)
Seat 3: Jackyy132 folded on the Flop
Seat 4: An1an1 (button) folded before Flop (didn't bet)
Seat 5: skars07 (small blind) collected ($14.25)
Seat 6: nicofellow (big blind) folded before Flop



PokerStars Hand #254631552303:  Hold'em No Limit ($0.50/$1.00 USD) - 2025/01/30 1:26:52 WET [2025/01/30 20:26:52 ET]
Table 'Phocaea' 6-max Seat #5 is the button
Seat 1: Nicedaymybro ($103.92 in chips) is sitting out
Seat 2: xcinaz ($125.50 in chips) 
Seat 3: Jackyy132 ($30.38 in chips) 
Seat 4: An1an1 ($100 in chips) 
Seat 5: skars07 ($131.46 in chips) 
Seat 6: nicofellow ($100 in chips) 
nicofellow: posts small blind $0.50
xcinaz: posts big blind $1
*** HOLE CARDS ***
Jackyy132: calls $1
An1an1: folds 
skars07: folds 
nicofellow: raises $3.50 to $4.50
xcinaz: folds 
Jackyy132: raises $3.50 to $8
nicofellow: calls $3.50
*** FLOP *** [Qc Ac Ah]
nicofellow: checks 
Jackyy132: bets $22.38 and is all-in
nicofellow: calls $22.38
*** TURN *** [Qc Ac Ah] [Qd]
*** RIVER *** [Qc Ac Ah Qd] [4h]
*** SHOW DOWN ***
nicofellow: shows [4s As] (a full house, Aces full of Queens)
Jackyy132: shows [3s 6s] (two pair, Aces and Queens)
nicofellow collected $59.26 from pot
*** SUMMARY ***
Total pot $61.76 | Rake $2.50 
Board [Qc Ac Ah Qd 4h]
Seat 1: Nicedaymybro
Seat 2: xcinaz (big blind) folded before Flop
Seat 3: Jackyy132 showed [3s 6s] and lost with two pair, Aces and Queens
Seat 4: An1an1 folded before Flop (didn't bet)
Seat 5: skars07 (button) folded before Flop (didn't bet)
Seat 6: nicofellow (small blind) showed [4s As] and won ($59.26) with a full house, Aces full of Queens



PokerStars Hand #254631561022:  Hold'em No Limit ($0.50/$1.00 USD) - 2025/01/30 1:27:42 WET [2025/01/30 20:27:42 ET]
Table 'Phocaea' 6-max Seat #6 is the button
Seat 1: Nicedaymybro ($103.92 in chips) is sitting out
Seat 3: Jackyy132 ($0 in chips) is sitting out
Seat 2: xcinaz ($124.50 in chips) 
Seat 4: An1an1 ($100 in chips) 
Seat 5: skars07 ($131.46 in chips) 
Seat 6: nicofellow ($128.88 in chips) 
xcinaz: posts small blind $0.50
An1an1: posts big blind $1
*** HOLE CARDS ***
Jackyy132 leaves the table
skars07: folds 
Nicedaymybro leaves the table
nicofellow: raises $1.50 to $2.50
xcinaz: folds 
An1an1: folds 
Uncalled bet ($1.50) returned to nicofellow
nicofellow collected $2.50 from pot
nicofellow: doesn't show hand 
*** SUMMARY ***
Total pot $2.50 | Rake $0 
Seat 1: Nicedaymybro
Seat 3: Jackyy132
Seat 2: xcinaz (small blind) folded before Flop
Seat 4: An1an1 (big blind) folded before Flop
Seat 5: skars07 folded before Flop (didn't bet)
Seat 6: nicofellow (button) collected ($2.50)



PokerStars Hand #254631564632:  Hold'em No Limit ($0.50/$1.00 USD) - 2025/01/30 1:28:02 WET [2025/01/30 20:28:02 ET]
Table 'Phocaea' 6-max Seat #4 is the button
Seat 5: skars07 ($131.46 in chips) is sitting out
Seat 6: nicofellow ($130.38 in chips) is sitting out
Seat 2: xcinaz ($124 in chips) 
Seat 4: An1an1 ($100 in chips) 
An1an1: posts small blind $0.50
skars07: is sitting out 
nicofellow: is sitting out 
xcinaz: posts big blind $1
*** HOLE CARDS ***
nicofellow leaves the table
An1an1: raises $1.50 to $2.50
xcinaz: raises $7.50 to $10
skars07 leaves the table
An1an1: folds 
Uncalled bet ($7.50) returned to xcinaz
xcinaz collected $5 from pot
xcinaz: doesn't show hand 
*** SUMMARY ***
Total pot $5 | Rake $0 
Seat 5: skars07
Seat 6: nicofellow
Seat 2: xcinaz (big blind) collected ($5)
Seat 4: An1an1 (button) (small blind) folded before Flop



