PokerStars Hand #254629909945:  Hold'em No Limit ($0.50/$1.00 USD) - 2025/01/30 23:13:03 WET [2025/01/30 18:13:03 ET]
Table 'Arosa' 6-max Seat #6 is the button
Seat 3: XneferX ($100 in chips) is sitting out
Seat 1: YeeesMan ($100 in chips) 
Seat 2: Supermegopro ($104 in chips) 
Seat 4: ML51450 ($11.85 in chips) 
Seat 5: tico-tico331 ($9.84 in chips) 
Seat 6: An1an1 ($100 in chips) 
YeeesMan: posts small blind $0.50
Supermegopro: posts big blind $1
XneferX: sits out 
*** HOLE CARDS ***
ML51450: calls $1
tico-tico331: raises $2 to $3
An1an1: folds 
YeeesMan: folds 
Supermegopro: folds 
ML51450: calls $2
*** FLOP *** [Qh 9h Qd]
ML51450: checks 
tico-tico331: bets $3.56
ML51450: folds 
Uncalled bet ($3.56) returned to tico-tico331
tico-tico331 collected $7.12 from pot
*** SUMMARY ***
Total pot $7.50 | Rake $0.38 
Board [Qh 9h Qd]
Seat 3: XneferX
Seat 1: YeeesMan (small blind) folded before Flop
Seat 2: Supermegopro (big blind) folded before Flop
Seat 4: ML51450 folded on the Flop
Seat 5: tico-tico331 collected ($7.12)
Seat 6: An1an1 (button) folded before Flop (didn't bet)



PokerStars Hand #254629924775:  Hold'em No Limit ($0.50/$1.00 USD) - 2025/01/30 23:14:01 WET [2025/01/30 18:14:01 ET]
Table 'Arosa' 6-max Seat #1 is the button
Seat 1: YeeesMan ($100 in chips) 
Seat 2: Supermegopro ($103 in chips) 
Seat 3: XneferX ($100 in chips) 
Seat 4: ML51450 ($8.85 in chips) 
Seat 5: tico-tico331 ($13.96 in chips) 
Seat 6: An1an1 ($100 in chips) 
Supermegopro: posts small blind $0.50
XneferX: posts big blind $1
*** HOLE CARDS ***
ML51450: raises $1 to $2
tico-tico331: folds 
An1an1: folds 
YeeesMan: folds 
Supermegopro: calls $1.50
XneferX: calls $1
*** FLOP *** [5d 9s Qd]
Supermegopro: checks 
XneferX: checks 
ML51450: bets $2.85
Supermegopro: folds 
XneferX: folds 
Uncalled bet ($2.85) returned to ML51450
ML51450 collected $5.70 from pot
*** SUMMARY ***
Total pot $6 | Rake $0.30 
Board [5d 9s Qd]
Seat 1: YeeesMan (button) folded before Flop (didn't bet)
Seat 2: Supermegopro (small blind) folded on the Flop
Seat 3: XneferX (big blind) folded on the Flop
Seat 4: ML51450 collected ($5.70)
Seat 5: tico-tico331 folded before Flop (didn't bet)
Seat 6: An1an1 folded before Flop (didn't bet)



PokerStars Hand #254629939205:  Hold'em No Limit ($0.50/$1.00 USD) - 2025/01/30 23:14:57 WET [2025/01/30 18:14:57 ET]
Table 'Arosa' 6-max Seat #2 is the button
Seat 1: YeeesMan ($100 in chips) 
Seat 2: Supermegopro ($101 in chips) 
Seat 3: XneferX ($100 in chips) 
Seat 4: ML51450 ($12.55 in chips) 
Seat 5: tico-tico331 ($13.96 in chips) 
Seat 6: An1an1 ($100 in chips) 
XneferX: posts small blind $0.50
ML51450: posts big blind $1
*** HOLE CARDS ***
tico-tico331: calls $1
An1an1: folds 
YeeesMan: folds 
Supermegopro: folds 
XneferX: calls $0.50
ML51450: checks 
*** FLOP *** [Js 6h 9c]
XneferX: checks 
ML51450: checks 
tico-tico331: bets $2.85
XneferX: raises $43.15 to $46
ML51450: calls $11.55 and is all-in
tico-tico331: folds 
Uncalled bet ($34.45) returned to XneferX
*** TURN *** [Js 6h 9c] [Ah]
*** RIVER *** [Js 6h 9c Ah] [3h]
*** SHOW DOWN ***
XneferX: shows [Qh Ts] (high card Ace)
ML51450: shows [6d 9d] (two pair, Nines and Sixes)
ML51450 cashed out the hand for $18.10 | Cash Out Fee $0.37
*** SUMMARY ***
Total pot $28.95 | Rake $1.45 
Board [Js 6h 9c Ah 3h]
Seat 1: YeeesMan folded before Flop (didn't bet)
Seat 2: Supermegopro (button) folded before Flop (didn't bet)
Seat 3: XneferX (small blind) showed [Qh Ts] and lost with high card Ace
Seat 4: ML51450 (big blind) showed [6d 9d] and won ($27.50) with two pair, Nines and Sixes (pot not awarded as player cashed out)
Seat 5: tico-tico331 folded on the Flop
Seat 6: An1an1 folded before Flop (didn't bet)



PokerStars Hand #254629956035:  Hold'em No Limit ($0.50/$1.00 USD) - 2025/01/30 23:16:03 WET [2025/01/30 18:16:03 ET]
Table 'Arosa' 6-max Seat #3 is the button
Seat 1: YeeesMan ($100 in chips) 
Seat 2: Supermegopro ($101 in chips) 
Seat 3: XneferX ($100 in chips) 
Seat 4: ML51450 ($18.10 in chips) 
Seat 5: tico-tico331 ($10.11 in chips) 
Seat 6: An1an1 ($100 in chips) 
ML51450: posts small blind $0.50
tico-tico331: posts big blind $1
*** HOLE CARDS ***
An1an1: folds 
YeeesMan: folds 
Supermegopro: folds 
XneferX: raises $1.77 to $2.77
ML51450: calls $2.27
tico-tico331: calls $1.77
*** FLOP *** [4s 4c Kd]
ML51450: checks 
tico-tico331: checks 
XneferX: checks 
*** TURN *** [4s 4c Kd] [3c]
ML51450: bets $3.95
tico-tico331: folds 
XneferX: calls $3.95
*** RIVER *** [4s 4c Kd 3c] [3s]
ML51450: bets $5
XneferX: raises $7.50 to $12.50
ML51450: folds 
Uncalled bet ($7.50) returned to XneferX
XneferX collected $24.90 from pot
XneferX: doesn't show hand 
*** SUMMARY ***
Total pot $26.21 | Rake $1.31 
Board [4s 4c Kd 3c 3s]
Seat 1: YeeesMan folded before Flop (didn't bet)
Seat 2: Supermegopro folded before Flop (didn't bet)
Seat 3: XneferX (button) collected ($24.90)
Seat 4: ML51450 (small blind) folded on the River
Seat 5: tico-tico331 (big blind) folded on the Turn
Seat 6: An1an1 folded before Flop (didn't bet)



PokerStars Hand #254629973612:  Hold'em No Limit ($0.50/$1.00 USD) - 2025/01/30 23:17:11 WET [2025/01/30 18:17:11 ET]
Table 'Arosa' 6-max Seat #4 is the button
Seat 1: YeeesMan ($100 in chips) 
Seat 2: Supermegopro ($101 in chips) 
Seat 3: XneferX ($113.18 in chips) 
Seat 4: ML51450 ($6.38 in chips) 
Seat 5: tico-tico331 ($7.34 in chips) 
Seat 6: An1an1 ($100 in chips) 
tico-tico331: posts small blind $0.50
An1an1: posts big blind $1
*** HOLE CARDS ***
YeeesMan: folds 
Supermegopro: folds 
XneferX: folds 
ML51450: folds 
tico-tico331: folds 
Uncalled bet ($0.50) returned to An1an1
An1an1 collected $1 from pot
An1an1: doesn't show hand 
*** SUMMARY ***
Total pot $1 | Rake $0 
Seat 1: YeeesMan folded before Flop (didn't bet)
Seat 2: Supermegopro folded before Flop (didn't bet)
Seat 3: XneferX folded before Flop (didn't bet)
Seat 4: ML51450 (button) folded before Flop (didn't bet)
Seat 5: tico-tico331 (small blind) folded before Flop
Seat 6: An1an1 (big blind) collected ($1)



PokerStars Hand #254629977002:  Hold'em No Limit ($0.50/$1.00 USD) - 2025/01/30 23:17:25 WET [2025/01/30 18:17:25 ET]
Table 'Arosa' 6-max Seat #5 is the button
Seat 1: YeeesMan ($100 in chips) 
Seat 2: Supermegopro ($101 in chips) 
Seat 3: XneferX ($113.18 in chips) 
Seat 4: ML51450 ($6.38 in chips) 
Seat 5: tico-tico331 ($6.84 in chips) 
Seat 6: An1an1 ($100.50 in chips) 
An1an1: posts small blind $0.50
YeeesMan: posts big blind $1
*** HOLE CARDS ***
Supermegopro: folds 
XneferX: folds 
ML51450: calls $1
tico-tico331: raises $5.84 to $6.84 and is all-in
An1an1: folds 
YeeesMan: folds 
ML51450: calls $5.38 and is all-in
Uncalled bet ($0.46) returned to tico-tico331
*** FLOP *** [Ac 8c 9h]
*** TURN *** [Ac 8c 9h] [Kh]
*** RIVER *** [Ac 8c 9h Kh] [5h]
*** SHOW DOWN ***
ML51450: shows [4c Qd] (high card Ace)
tico-tico331: shows [8s 8h] (three of a kind, Eights)
tico-tico331 collected $13.55 from pot
*** SUMMARY ***
Total pot $14.26 | Rake $0.71 
Board [Ac 8c 9h Kh 5h]
Seat 1: YeeesMan (big blind) folded before Flop
Seat 2: Supermegopro folded before Flop (didn't bet)
Seat 3: XneferX folded before Flop (didn't bet)
Seat 4: ML51450 showed [4c Qd] and lost with high card Ace
Seat 5: tico-tico331 (button) showed [8s 8h] and won ($13.55) with three of a kind, Eights
Seat 6: An1an1 (small blind) folded before Flop



PokerStars Hand #254629986070:  Hold'em No Limit ($0.50/$1.00 USD) - 2025/01/30 23:18:00 WET [2025/01/30 18:18:00 ET]
Table 'Arosa' 6-max Seat #6 is the button
Seat 4: ML51450 ($0 in chips) is sitting out
Seat 1: YeeesMan ($100 in chips) 
Seat 2: Supermegopro ($101 in chips) 
Seat 3: XneferX ($113.18 in chips) 
Seat 5: tico-tico331 ($14.01 in chips) 
Seat 6: An1an1 ($100 in chips) 
YeeesMan: posts small blind $0.50
Supermegopro: posts big blind $1
*** HOLE CARDS ***
XneferX: folds 
XneferX leaves the table
ML51450 leaves the table
tico-tico331: calls $1
An1an1: raises $2.50 to $3.50
YeeesMan: folds 
Supermegopro: folds 
tico-tico331: folds 
Uncalled bet ($2.50) returned to An1an1
An1an1 collected $3.50 from pot
An1an1: doesn't show hand 
*** SUMMARY ***
Total pot $3.50 | Rake $0 
Seat 4: ML51450
Seat 1: YeeesMan (small blind) folded before Flop
Seat 2: Supermegopro (big blind) folded before Flop
Seat 3: XneferX folded before Flop (didn't bet)
Seat 5: tico-tico331 folded before Flop
Seat 6: An1an1 (button) collected ($3.50)



PokerStars Hand #254629991993:  Hold'em No Limit ($0.50/$1.00 USD) - 2025/01/30 23:18:23 WET [2025/01/30 18:18:23 ET]
Table 'Arosa' 6-max Seat #1 is the button
Seat 1: YeeesMan ($100 in chips) 
Seat 2: Supermegopro ($100 in chips) 
Seat 5: tico-tico331 ($13.01 in chips) 
Seat 6: An1an1 ($102.50 in chips) 
Supermegopro: posts small blind $0.50
tico-tico331: posts big blind $1
*** HOLE CARDS ***
An1an1: folds 
An1an1 leaves the table
YeeesMan: raises $1.50 to $2.50
Supermegopro: raises $9.50 to $12
tico-tico331: folds 
adrianos1211 joins the table at seat #6 
YeeesMan: folds 
Uncalled bet ($9.50) returned to Supermegopro
Supermegopro collected $6 from pot
Supermegopro: doesn't show hand 
*** SUMMARY ***
Total pot $6 | Rake $0 
Seat 1: YeeesMan (button) folded before Flop
Seat 2: Supermegopro (small blind) collected ($6)
Seat 5: tico-tico331 (big blind) folded before Flop
Seat 6: An1an1 folded before Flop (didn't bet)



PokerStars Hand #254629997639:  Hold'em No Limit ($0.50/$1.00 USD) - 2025/01/30 23:18:46 WET [2025/01/30 18:18:46 ET]
Table 'Arosa' 6-max Seat #2 is the button
Seat 1: YeeesMan ($100 in chips) 
Seat 2: Supermegopro ($103.50 in chips) 
Seat 5: tico-tico331 ($12.01 in chips) 
Seat 6: adrianos1211 ($100 in chips) 
tico-tico331: posts small blind $0.50
adrianos1211 is connected 
adrianos1211: posts big blind $1
*** HOLE CARDS ***
YeeesMan: folds 
Supermegopro: folds 
tico-tico331: raises $2 to $3
adrianos1211: calls $2
*** FLOP *** [7s Td 9d]
tico-tico331: bets $5.70
adrianos1211: raises $91.30 to $97 and is all-in
tico-tico331: calls $3.31 and is all-in
Uncalled bet ($87.99) returned to adrianos1211
*** TURN *** [7s Td 9d] [6h]
*** RIVER *** [7s Td 9d 6h] [5c]
*** SHOW DOWN ***
tico-tico331: shows [Ac 5d] (a pair of Fives)
adrianos1211: shows [Qh Jd] (high card Queen)
tico-tico331 collected $23.02 from pot
*** SUMMARY ***
Total pot $24.02 | Rake $1 
Board [7s Td 9d 6h 5c]
Seat 1: YeeesMan folded before Flop (didn't bet)
Seat 2: Supermegopro (button) folded before Flop (didn't bet)
Seat 5: tico-tico331 (small blind) showed [Ac 5d] and won ($23.02) with a pair of Fives
Seat 6: adrianos1211 (big blind) showed [Qh Jd] and lost with high card Queen



PokerStars Hand #254630005291:  Hold'em No Limit ($0.50/$1.00 USD) - 2025/01/30 23:19:16 WET [2025/01/30 18:19:16 ET]
Table 'Arosa' 6-max Seat #5 is the button
Seat 1: YeeesMan ($100 in chips) 
Seat 2: Supermegopro ($103.50 in chips) 
Seat 5: tico-tico331 ($23.02 in chips) 
Seat 6: adrianos1211 ($100 in chips) 
adrianos1211: posts small blind $0.50
YeeesMan: posts big blind $1
*** HOLE CARDS ***
Supermegopro: folds 
tico-tico331: raises $2 to $3
adrianos1211: folds 
YeeesMan: folds 
Uncalled bet ($2) returned to tico-tico331
tico-tico331 collected $2.50 from pot
*** SUMMARY ***
Total pot $2.50 | Rake $0 
Seat 1: YeeesMan (big blind) folded before Flop
Seat 2: Supermegopro folded before Flop (didn't bet)
Seat 5: tico-tico331 (button) collected ($2.50)
Seat 6: adrianos1211 (small blind) folded before Flop



PokerStars Hand #254630008911:  Hold'em No Limit ($0.50/$1.00 USD) - 2025/01/30 23:19:30 WET [2025/01/30 18:19:30 ET]
Table 'Arosa' 6-max Seat #6 is the button
Seat 1: YeeesMan ($100 in chips) 
Seat 2: Supermegopro ($103.50 in chips) 
Seat 5: tico-tico331 ($24.52 in chips) 
Seat 6: adrianos1211 ($100 in chips) 
YeeesMan: posts small blind $0.50
Supermegopro: posts big blind $1
*** HOLE CARDS ***
tico-tico331: folds 
adrianos1211: raises $2 to $3
YeeesMan: folds 
Supermegopro: folds 
Uncalled bet ($2) returned to adrianos1211
adrianos1211 collected $2.50 from pot
adrianos1211: doesn't show hand 
*** SUMMARY ***
Total pot $2.50 | Rake $0 
Seat 1: YeeesMan (small blind) folded before Flop
Seat 2: Supermegopro (big blind) folded before Flop
Seat 5: tico-tico331 folded before Flop (didn't bet)
Seat 6: adrianos1211 (button) collected ($2.50)



PokerStars Hand #254630012069:  Hold'em No Limit ($0.50/$1.00 USD) - 2025/01/30 23:19:43 WET [2025/01/30 18:19:43 ET]
Table 'Arosa' 6-max Seat #1 is the button
Seat 1: YeeesMan ($100 in chips) 
Seat 2: Supermegopro ($102.50 in chips) 
Seat 5: tico-tico331 ($24.52 in chips) 
Seat 6: adrianos1211 ($101.50 in chips) 
Supermegopro: posts small blind $0.50
tico-tico331: posts big blind $1
*** HOLE CARDS ***
adrianos1211: folds 
YeeesMan: raises $1.50 to $2.50
Supermegopro: folds 
tico-tico331: calls $1.50
*** FLOP *** [5h 7c Jd]
tico-tico331: checks 
YeeesMan: bets $3.92
S3MPR3IGUAL joins the table at seat #3 
tico-tico331: raises $3.92 to $7.84
YeeesMan: folds 
Uncalled bet ($3.92) returned to tico-tico331
tico-tico331 collected $12.67 from pot
*** SUMMARY ***
Total pot $13.34 | Rake $0.67 
Board [5h 7c Jd]
Seat 1: YeeesMan (button) folded on the Flop
Seat 2: Supermegopro (small blind) folded before Flop
Seat 5: tico-tico331 (big blind) collected ($12.67)
Seat 6: adrianos1211 folded before Flop (didn't bet)



PokerStars Hand #254630025642:  Hold'em No Limit ($0.50/$1.00 USD) - 2025/01/30 23:20:36 WET [2025/01/30 18:20:36 ET]
Table 'Arosa' 6-max Seat #2 is the button
Seat 3: S3MPR3IGUAL ($100 in chips) is sitting out
Seat 1: YeeesMan ($100 in chips) 
Seat 2: Supermegopro ($102 in chips) 
Seat 5: tico-tico331 ($30.77 in chips) 
Seat 6: adrianos1211 ($101.50 in chips) 
tico-tico331: posts small blind $0.50
adrianos1211: posts big blind $1
*** HOLE CARDS ***
YeeesMan: raises $1.50 to $2.50
Rdalonso joins the table at seat #4 
Supermegopro: calls $2.50
tico-tico331: folds 
adrianos1211: calls $1.50
*** FLOP *** [Td 9c Qs]
adrianos1211: checks 
YeeesMan: bets $5.70
Supermegopro: folds 
adrianos1211: calls $5.70
*** TURN *** [Td 9c Qs] [6d]
adrianos1211: checks 
YeeesMan: bets $13.82
adrianos1211: raises $23.04 to $36.86
YeeesMan: calls $23.04
*** RIVER *** [Td 9c Qs 6d] [2s]
adrianos1211: bets $56.44 and is all-in
YeeesMan: folds 
Uncalled bet ($56.44) returned to adrianos1211
adrianos1211 collected $92.12 from pot
adrianos1211: doesn't show hand 
*** SUMMARY ***
Total pot $93.12 | Rake $1 
Board [Td 9c Qs 6d 2s]
Seat 3: S3MPR3IGUAL
Seat 1: YeeesMan folded on the River
Seat 2: Supermegopro (button) folded on the Flop
Seat 5: tico-tico331 (small blind) folded before Flop
Seat 6: adrianos1211 (big blind) collected ($92.12)



PokerStars Hand #254630044290:  Hold'em No Limit ($0.50/$1.00 USD) - 2025/01/30 23:21:49 WET [2025/01/30 18:21:49 ET]
Table 'Arosa' 6-max Seat #5 is the button
Seat 3: S3MPR3IGUAL ($100 in chips) is sitting out
Seat 4: Rdalonso ($100 in chips) is sitting out
Seat 1: YeeesMan ($100 in chips) 
Seat 2: Supermegopro ($100 in chips) 
Seat 5: tico-tico331 ($30.27 in chips) 
Seat 6: adrianos1211 ($148.56 in chips) 
adrianos1211: posts small blind $0.50
YeeesMan: posts big blind $1
S3MPR3IGUAL: sits out 
Rdalonso: sits out 
*** HOLE CARDS ***
Supermegopro: folds 
tico-tico331: calls $1
adrianos1211: folds 
YeeesMan: checks 
*** FLOP *** [Ah Th Ts]
YeeesMan: checks 
tico-tico331: checks 
*** TURN *** [Ah Th Ts] [5c]
YeeesMan: checks 
tico-tico331: checks 
*** RIVER *** [Ah Th Ts 5c] [Ac]
YeeesMan: checks 
tico-tico331: checks 
*** SHOW DOWN ***
YeeesMan: shows [2c Qh] (two pair, Aces and Tens)
tico-tico331: mucks hand 
YeeesMan collected $2.38 from pot
*** SUMMARY ***
Total pot $2.50 | Rake $0.12 
Board [Ah Th Ts 5c Ac]
Seat 3: S3MPR3IGUAL
Seat 4: Rdalonso
Seat 1: YeeesMan (big blind) showed [2c Qh] and won ($2.38) with two pair, Aces and Tens
Seat 2: Supermegopro folded before Flop (didn't bet)
Seat 5: tico-tico331 (button) mucked
Seat 6: adrianos1211 (small blind) folded before Flop



PokerStars Hand #254630059041:  Hold'em No Limit ($0.50/$1.00 USD) - 2025/01/30 23:22:47 WET [2025/01/30 18:22:47 ET]
Table 'Arosa' 6-max Seat #6 is the button
Seat 3: S3MPR3IGUAL ($100 in chips) is sitting out
Seat 4: Rdalonso ($100 in chips) is sitting out
Seat 1: YeeesMan ($101.38 in chips) 
Seat 2: Supermegopro ($100 in chips) 
Seat 5: tico-tico331 ($29.27 in chips) 
Seat 6: adrianos1211 ($148.06 in chips) 
YeeesMan: posts small blind $0.50
Supermegopro: posts big blind $1
S3MPR3IGUAL: sits out 
Rdalonso: sits out 
*** HOLE CARDS ***
tico-tico331: folds 
adrianos1211: folds 
YeeesMan: folds 
Uncalled bet ($0.50) returned to Supermegopro
Supermegopro collected $1 from pot
Supermegopro: doesn't show hand 
*** SUMMARY ***
Total pot $1 | Rake $0 
Seat 3: S3MPR3IGUAL
Seat 4: Rdalonso
Seat 1: YeeesMan (small blind) folded before Flop
Seat 2: Supermegopro (big blind) collected ($1)
Seat 5: tico-tico331 folded before Flop (didn't bet)
Seat 6: adrianos1211 (button) folded before Flop (didn't bet)



PokerStars Hand #254630061523:  Hold'em No Limit ($0.50/$1.00 USD) - 2025/01/30 23:22:57 WET [2025/01/30 18:22:57 ET]
Table 'Arosa' 6-max Seat #1 is the button
Seat 4: Rdalonso ($100 in chips) is sitting out
Seat 1: YeeesMan ($100.88 in chips) 
Seat 2: Supermegopro ($100.50 in chips) 
Seat 3: S3MPR3IGUAL ($100 in chips) 
Seat 5: tico-tico331 ($29.27 in chips) 
Seat 6: adrianos1211 ($148.06 in chips) 
Supermegopro: posts small blind $0.50
S3MPR3IGUAL: posts big blind $1
Rdalonso: sits out 
*** HOLE CARDS ***
tico-tico331: folds 
adrianos1211: raises $2 to $3
YeeesMan: folds 
Supermegopro: folds 
S3MPR3IGUAL: calls $2
*** FLOP *** [4h 4c 2h]
S3MPR3IGUAL: checks 
adrianos1211: checks 
*** TURN *** [4h 4c 2h] [Kc]
S3MPR3IGUAL: checks 
adrianos1211: checks 
*** RIVER *** [4h 4c 2h Kc] [9d]
S3MPR3IGUAL: bets $3
adrianos1211: folds 
Uncalled bet ($3) returned to S3MPR3IGUAL
S3MPR3IGUAL collected $6.18 from pot
S3MPR3IGUAL: doesn't show hand 
*** SUMMARY ***
Total pot $6.50 | Rake $0.32 
Board [4h 4c 2h Kc 9d]
Seat 4: Rdalonso
Seat 1: YeeesMan (button) folded before Flop (didn't bet)
Seat 2: Supermegopro (small blind) folded before Flop
Seat 3: S3MPR3IGUAL (big blind) collected ($6.18)
Seat 5: tico-tico331 folded before Flop (didn't bet)
Seat 6: adrianos1211 folded on the River



PokerStars Hand #254630075767:  Hold'em No Limit ($0.50/$1.00 USD) - 2025/01/30 23:23:53 WET [2025/01/30 18:23:53 ET]
Table 'Arosa' 6-max Seat #2 is the button
Seat 1: YeeesMan ($100.88 in chips) 
Seat 2: Supermegopro ($100 in chips) 
Seat 3: S3MPR3IGUAL ($103.18 in chips) 
Seat 4: Rdalonso ($100 in chips) 
Seat 5: tico-tico331 ($29.27 in chips) 
Seat 6: adrianos1211 ($145.06 in chips) 
S3MPR3IGUAL: posts small blind $0.50
Rdalonso: posts big blind $1
*** HOLE CARDS ***
tico-tico331: folds 
adrianos1211: folds 
YeeesMan: raises $1.50 to $2.50
Supermegopro: folds 
S3MPR3IGUAL: folds 
Rdalonso: calls $1.50
*** FLOP *** [Td 2d 4c]
Rdalonso: checks 
YeeesMan: checks 
*** TURN *** [Td 2d 4c] [Th]
Rdalonso: bets $3.92
YeeesMan: raises $13.84 to $17.76
Rdalonso: folds 
Uncalled bet ($13.84) returned to YeeesMan
YeeesMan collected $12.67 from pot
YeeesMan: doesn't show hand 
*** SUMMARY ***
Total pot $13.34 | Rake $0.67 
Board [Td 2d 4c Th]
Seat 1: YeeesMan collected ($12.67)
Seat 2: Supermegopro (button) folded before Flop (didn't bet)
Seat 3: S3MPR3IGUAL (small blind) folded before Flop
Seat 4: Rdalonso (big blind) folded on the Turn
Seat 5: tico-tico331 folded before Flop (didn't bet)
Seat 6: adrianos1211 folded before Flop (didn't bet)



PokerStars Hand #254630094320:  Hold'em No Limit ($0.50/$1.00 USD) - 2025/01/30 23:25:07 WET [2025/01/30 18:25:07 ET]
Table 'Arosa' 6-max Seat #3 is the button
Seat 1: YeeesMan ($107.13 in chips) 
Seat 2: Supermegopro ($100 in chips) 
Seat 3: S3MPR3IGUAL ($102.68 in chips) 
Seat 4: Rdalonso ($100 in chips) 
Seat 5: tico-tico331 ($29.27 in chips) 
Seat 6: adrianos1211 ($145.06 in chips) 
Rdalonso: posts small blind $0.50
tico-tico331: posts big blind $1
*** HOLE CARDS ***
adrianos1211: folds 
YeeesMan: folds 
Supermegopro: folds 
S3MPR3IGUAL: folds 
Rdalonso: folds 
Uncalled bet ($0.50) returned to tico-tico331
tico-tico331 collected $1 from pot
*** SUMMARY ***
Total pot $1 | Rake $0 
Seat 1: YeeesMan folded before Flop (didn't bet)
Seat 2: Supermegopro folded before Flop (didn't bet)
Seat 3: S3MPR3IGUAL (button) folded before Flop (didn't bet)
Seat 4: Rdalonso (small blind) folded before Flop
Seat 5: tico-tico331 (big blind) collected ($1)
Seat 6: adrianos1211 folded before Flop (didn't bet)



PokerStars Hand #254630096683:  Hold'em No Limit ($0.50/$1.00 USD) - 2025/01/30 23:25:16 WET [2025/01/30 18:25:16 ET]
Table 'Arosa' 6-max Seat #4 is the button
Seat 1: YeeesMan ($107.13 in chips) 
Seat 2: Supermegopro ($100 in chips) 
Seat 3: S3MPR3IGUAL ($102.68 in chips) 
Seat 4: Rdalonso ($100 in chips) 
Seat 5: tico-tico331 ($29.77 in chips) 
Seat 6: adrianos1211 ($145.06 in chips) 
tico-tico331: posts small blind $0.50
adrianos1211: posts big blind $1
*** HOLE CARDS ***
YeeesMan: folds 
Supermegopro: folds 
S3MPR3IGUAL: folds 
Rdalonso: folds 
tico-tico331: folds 
Uncalled bet ($0.50) returned to adrianos1211
adrianos1211 collected $1 from pot
adrianos1211: doesn't show hand 
*** SUMMARY ***
Total pot $1 | Rake $0 
Seat 1: YeeesMan folded before Flop (didn't bet)
Seat 2: Supermegopro folded before Flop (didn't bet)
Seat 3: S3MPR3IGUAL folded before Flop (didn't bet)
Seat 4: Rdalonso (button) folded before Flop (didn't bet)
Seat 5: tico-tico331 (small blind) folded before Flop
Seat 6: adrianos1211 (big blind) collected ($1)



PokerStars Hand #254630101246:  Hold'em No Limit ($0.50/$1.00 USD) - 2025/01/30 23:25:34 WET [2025/01/30 18:25:34 ET]
Table 'Arosa' 6-max Seat #5 is the button
Seat 1: YeeesMan ($107.13 in chips) 
Seat 2: Supermegopro ($100 in chips) 
Seat 3: S3MPR3IGUAL ($102.68 in chips) 
Seat 4: Rdalonso ($100 in chips) 
Seat 5: tico-tico331 ($29.27 in chips) 
Seat 6: adrianos1211 ($145.56 in chips) 
adrianos1211: posts small blind $0.50
YeeesMan: posts big blind $1
*** HOLE CARDS ***
Supermegopro: folds 
S3MPR3IGUAL: raises $1.20 to $2.20
Rdalonso: folds 
tico-tico331: calls $2.20
adrianos1211: raises $7.60 to $9.80
YeeesMan: folds 
S3MPR3IGUAL: folds 
tico-tico331: folds 
Uncalled bet ($7.60) returned to adrianos1211
adrianos1211 collected $7.60 from pot
adrianos1211: doesn't show hand 
*** SUMMARY ***
Total pot $7.60 | Rake $0 
Seat 1: YeeesMan (big blind) folded before Flop
Seat 2: Supermegopro folded before Flop (didn't bet)
Seat 3: S3MPR3IGUAL folded before Flop
Seat 4: Rdalonso folded before Flop (didn't bet)
Seat 5: tico-tico331 (button) folded before Flop
Seat 6: adrianos1211 (small blind) collected ($7.60)



PokerStars Hand #254630109139:  Hold'em No Limit ($0.50/$1.00 USD) - 2025/01/30 23:26:06 WET [2025/01/30 18:26:06 ET]
Table 'Arosa' 6-max Seat #6 is the button
Seat 1: YeeesMan ($106.13 in chips) 
Seat 2: Supermegopro ($100 in chips) 
Seat 3: S3MPR3IGUAL ($100.48 in chips) 
Seat 4: Rdalonso ($100 in chips) 
Seat 5: tico-tico331 ($27.07 in chips) 
Seat 6: adrianos1211 ($150.96 in chips) 
YeeesMan: posts small blind $0.50
Supermegopro: posts big blind $1
*** HOLE CARDS ***
S3MPR3IGUAL: folds 
Rdalonso: raises $1.50 to $2.50
tico-tico331: folds 
adrianos1211: folds 
YeeesMan: folds 
Supermegopro: folds 
Uncalled bet ($1.50) returned to Rdalonso
Rdalonso collected $2.50 from pot
Rdalonso: doesn't show hand 
*** SUMMARY ***
Total pot $2.50 | Rake $0 
Seat 1: YeeesMan (small blind) folded before Flop
Seat 2: Supermegopro (big blind) folded before Flop
Seat 3: S3MPR3IGUAL folded before Flop (didn't bet)
Seat 4: Rdalonso collected ($2.50)
Seat 5: tico-tico331 folded before Flop (didn't bet)
Seat 6: adrianos1211 (button) folded before Flop (didn't bet)



PokerStars Hand #254630112021:  Hold'em No Limit ($0.50/$1.00 USD) - 2025/01/30 23:26:17 WET [2025/01/30 18:26:17 ET]
Table 'Arosa' 6-max Seat #1 is the button
Seat 1: YeeesMan ($105.63 in chips) 
Seat 2: Supermegopro ($100 in chips) 
Seat 3: S3MPR3IGUAL ($100.48 in chips) 
Seat 4: Rdalonso ($101.50 in chips) 
Seat 5: tico-tico331 ($27.07 in chips) 
Seat 6: adrianos1211 ($150.96 in chips) 
Supermegopro: posts small blind $0.50
S3MPR3IGUAL: posts big blind $1
*** HOLE CARDS ***
Rdalonso: folds 
tico-tico331: folds 
adrianos1211: folds 
YeeesMan: folds 
Supermegopro: raises $2 to $3
S3MPR3IGUAL: calls $2
*** FLOP *** [Js Qc 5h]
Supermegopro: checks 
S3MPR3IGUAL: checks 
*** TURN *** [Js Qc 5h] [2s]
Supermegopro: bets $8.55
S3MPR3IGUAL: calls $8.55
*** RIVER *** [Js Qc 5h 2s] [3s]
Supermegopro: bets $10.97
S3MPR3IGUAL: raises $38.03 to $49
Supermegopro: folds 
Uncalled bet ($38.03) returned to S3MPR3IGUAL
S3MPR3IGUAL collected $42.79 from pot
S3MPR3IGUAL: doesn't show hand 
*** SUMMARY ***
Total pot $45.04 | Rake $2.25 
Board [Js Qc 5h 2s 3s]
Seat 1: YeeesMan (button) folded before Flop (didn't bet)
Seat 2: Supermegopro (small blind) folded on the River
Seat 3: S3MPR3IGUAL (big blind) collected ($42.79)
Seat 4: Rdalonso folded before Flop (didn't bet)
Seat 5: tico-tico331 folded before Flop (didn't bet)
Seat 6: adrianos1211 folded before Flop (didn't bet)



PokerStars Hand #254630127565:  Hold'em No Limit ($0.50/$1.00 USD) - 2025/01/30 23:27:19 WET [2025/01/30 18:27:19 ET]
Table 'Arosa' 6-max Seat #2 is the button
Seat 1: YeeesMan ($105.63 in chips) 
Seat 2: Supermegopro ($100 in chips) 
Seat 3: S3MPR3IGUAL ($120.75 in chips) 
Seat 4: Rdalonso ($101.50 in chips) 
Seat 5: tico-tico331 ($27.07 in chips) 
Seat 6: adrianos1211 ($150.96 in chips) 
S3MPR3IGUAL: posts small blind $0.50
Rdalonso: posts big blind $1
*** HOLE CARDS ***
tico-tico331: folds 
adrianos1211: raises $2 to $3
YeeesMan: folds 
Supermegopro: raises $6 to $9
S3MPR3IGUAL: folds 
Rdalonso: folds 
adrianos1211: folds 
Uncalled bet ($6) returned to Supermegopro
Supermegopro collected $7.50 from pot
Supermegopro: doesn't show hand 
*** SUMMARY ***
Total pot $7.50 | Rake $0 
Seat 1: YeeesMan folded before Flop (didn't bet)
Seat 2: Supermegopro (button) collected ($7.50)
Seat 3: S3MPR3IGUAL (small blind) folded before Flop
Seat 4: Rdalonso (big blind) folded before Flop
Seat 5: tico-tico331 folded before Flop (didn't bet)
Seat 6: adrianos1211 folded before Flop



PokerStars Hand #254630133138:  Hold'em No Limit ($0.50/$1.00 USD) - 2025/01/30 23:27:42 WET [2025/01/30 18:27:42 ET]
Table 'Arosa' 6-max Seat #3 is the button
Seat 1: YeeesMan ($105.63 in chips) 
Seat 2: Supermegopro ($104.50 in chips) 
Seat 3: S3MPR3IGUAL ($120.25 in chips) 
Seat 4: Rdalonso ($100.50 in chips) 
Seat 5: tico-tico331 ($27.07 in chips) 
Seat 6: adrianos1211 ($147.96 in chips) 
Rdalonso: posts small blind $0.50
tico-tico331: posts big blind $1
*** HOLE CARDS ***
adrianos1211: folds 
YeeesMan: folds 
Supermegopro: folds 
S3MPR3IGUAL: folds 
Rdalonso: raises $2 to $3
tico-tico331: calls $2
*** FLOP *** [Qh Ts 6s]
Rdalonso: bets $1.88
tico-tico331: raises $1.88 to $3.76
Rdalonso: calls $1.88
*** TURN *** [Qh Ts 6s] [Ks]
Rdalonso: checks 
tico-tico331: bets $12.84
Rdalonso: folds 
Uncalled bet ($12.84) returned to tico-tico331
tico-tico331 collected $12.84 from pot
adrianos1211 leaves the table
*** SUMMARY ***
Total pot $13.52 | Rake $0.68 
Board [Qh Ts 6s Ks]
Seat 1: YeeesMan folded before Flop (didn't bet)
Seat 2: Supermegopro folded before Flop (didn't bet)
Seat 3: S3MPR3IGUAL (button) folded before Flop (didn't bet)
Seat 4: Rdalonso (small blind) folded on the Turn
Seat 5: tico-tico331 (big blind) collected ($12.84)
Seat 6: adrianos1211 folded before Flop (didn't bet)



PokerStars Hand #254630148007:  Hold'em No Limit ($0.50/$1.00 USD) - 2025/01/30 23:28:41 WET [2025/01/30 18:28:41 ET]
Table 'Arosa' 6-max Seat #4 is the button
Seat 1: YeeesMan ($105.63 in chips) 
Seat 2: Supermegopro ($104.50 in chips) 
Seat 3: S3MPR3IGUAL ($120.25 in chips) 
Seat 4: Rdalonso ($100 in chips) 
Seat 5: tico-tico331 ($33.15 in chips) 
tico-tico331: posts small blind $0.50
YeeesMan: posts big blind $1
*** HOLE CARDS ***
Supermegopro: folds 
S3MPR3IGUAL: folds 
Rdalonso: raises $1.50 to $2.50
tico-tico331: folds 
YeeesMan: folds 
Uncalled bet ($1.50) returned to Rdalonso
Rdalonso collected $2.50 from pot
Rdalonso: doesn't show hand 
*** SUMMARY ***
Total pot $2.50 | Rake $0 
Seat 1: YeeesMan (big blind) folded before Flop
Seat 2: Supermegopro folded before Flop (didn't bet)
Seat 3: S3MPR3IGUAL folded before Flop (didn't bet)
Seat 4: Rdalonso (button) collected ($2.50)
Seat 5: tico-tico331 (small blind) folded before Flop



PokerStars Hand #254630155807:  Hold'em No Limit ($0.50/$1.00 USD) - 2025/01/30 23:29:13 WET [2025/01/30 18:29:13 ET]
Table 'Arosa' 6-max Seat #5 is the button
Seat 1: YeeesMan ($104.63 in chips) 
Seat 2: Supermegopro ($104.50 in chips) 
Seat 3: S3MPR3IGUAL ($120.25 in chips) 
Seat 4: Rdalonso ($101.50 in chips) 
Seat 5: tico-tico331 ($32.65 in chips) 
YeeesMan: posts small blind $0.50
Supermegopro: posts big blind $1
*** HOLE CARDS ***
S3MPR3IGUAL: folds 
Rdalonso: folds 
tico-tico331: calls $1
YeeesMan: folds 
Supermegopro: checks 
*** FLOP *** [Ad Qh 7h]
Supermegopro: checks 
tico-tico331: checks 
*** TURN *** [Ad Qh 7h] [8h]
Supermegopro: checks 
tico-tico331: checks 
*** RIVER *** [Ad Qh 7h 8h] [5h]
Supermegopro: bets $1.19
tico-tico331: folds 
Uncalled bet ($1.19) returned to Supermegopro
Supermegopro collected $2.38 from pot
Supermegopro: doesn't show hand 
*** SUMMARY ***
Total pot $2.50 | Rake $0.12 
Board [Ad Qh 7h 8h 5h]
Seat 1: YeeesMan (small blind) folded before Flop
Seat 2: Supermegopro (big blind) collected ($2.38)
Seat 3: S3MPR3IGUAL folded before Flop (didn't bet)
Seat 4: Rdalonso folded before Flop (didn't bet)
Seat 5: tico-tico331 (button) folded on the River



PokerStars Hand #254630165679:  Hold'em No Limit ($0.50/$1.00 USD) - 2025/01/30 23:29:53 WET [2025/01/30 18:29:53 ET]
Table 'Arosa' 6-max Seat #1 is the button
Seat 1: YeeesMan ($104.13 in chips) 
Seat 2: Supermegopro ($105.88 in chips) 
Seat 3: S3MPR3IGUAL ($120.25 in chips) 
Seat 4: Rdalonso ($101.50 in chips) 
Seat 5: tico-tico331 ($31.65 in chips) 
Supermegopro: posts small blind $0.50
S3MPR3IGUAL: posts big blind $1
*** HOLE CARDS ***
Rdalonso: folds 
tico-tico331: calls $1
YeeesMan: folds 
Supermegopro: folds 
S3MPR3IGUAL: raises $2 to $3
shootingGRID joins the table at seat #6 
tico-tico331: calls $2
*** FLOP *** [3h Ks Jd]
S3MPR3IGUAL: bets $1.73
tico-tico331: calls $1.73
*** TURN *** [3h Ks Jd] [Jc]
S3MPR3IGUAL: checks 
tico-tico331: checks 
*** RIVER *** [3h Ks Jd Jc] [Ah]
S3MPR3IGUAL: checks 
tico-tico331: bets $9.46
S3MPR3IGUAL: folds 
Uncalled bet ($9.46) returned to tico-tico331
tico-tico331 collected $9.46 from pot
*** SUMMARY ***
Total pot $9.96 | Rake $0.50 
Board [3h Ks Jd Jc Ah]
Seat 1: YeeesMan (button) folded before Flop (didn't bet)
Seat 2: Supermegopro (small blind) folded before Flop
Seat 3: S3MPR3IGUAL (big blind) folded on the River
Seat 4: Rdalonso folded before Flop (didn't bet)
Seat 5: tico-tico331 collected ($9.46)



PokerStars Hand #254630179733:  Hold'em No Limit ($0.50/$1.00 USD) - 2025/01/30 23:30:50 WET [2025/01/30 18:30:50 ET]
Table 'Arosa' 6-max Seat #2 is the button
Seat 6: shootingGRID ($100 in chips) is sitting out
Seat 1: YeeesMan ($104.13 in chips) 
Seat 2: Supermegopro ($105.38 in chips) 
Seat 3: S3MPR3IGUAL ($115.52 in chips) 
Seat 4: Rdalonso ($101.50 in chips) 
Seat 5: tico-tico331 ($36.38 in chips) 
S3MPR3IGUAL: posts small blind $0.50
Rdalonso: posts big blind $1
shootingGRID: sits out 
*** HOLE CARDS ***
tico-tico331: calls $1
YeeesMan: folds 
Supermegopro: raises $4 to $5
S3MPR3IGUAL: folds 
Rdalonso: folds 
tico-tico331: calls $4
*** FLOP *** [Kc 2s Tc]
tico-tico331: checks 
Supermegopro: checks 
*** TURN *** [Kc 2s Tc] [Jh]
tico-tico331: bets $10.92
Supermegopro: raises $13.10 to $24.02
tico-tico331: raises $7.36 to $31.38 and is all-in
Supermegopro: calls $7.36
*** RIVER *** [Kc 2s Tc Jh] [9c]
*** SHOW DOWN ***
tico-tico331: shows [Qs Td] (a straight, Nine to King)
Supermegopro: shows [Ad Qc] (a straight, Ten to Ace)
Supermegopro collected $71.76 from pot
*** SUMMARY ***
Total pot $74.26 | Rake $2.50 
Board [Kc 2s Tc Jh 9c]
Seat 6: shootingGRID
Seat 1: YeeesMan folded before Flop (didn't bet)
Seat 2: Supermegopro (button) showed [Ad Qc] and won ($71.76) with a straight, Ten to Ace
Seat 3: S3MPR3IGUAL (small blind) folded before Flop
Seat 4: Rdalonso (big blind) folded before Flop
Seat 5: tico-tico331 showed [Qs Td] and lost with a straight, Nine to King



PokerStars Hand #254630193513:  Hold'em No Limit ($0.50/$1.00 USD) - 2025/01/30 23:31:46 WET [2025/01/30 18:31:46 ET]
Table 'Arosa' 6-max Seat #3 is the button
Seat 5: tico-tico331 ($0 in chips) is sitting out
Seat 1: YeeesMan ($104.13 in chips) 
Seat 2: Supermegopro ($140.76 in chips) 
Seat 3: S3MPR3IGUAL ($115.02 in chips) 
Seat 4: Rdalonso ($100.50 in chips) 
Seat 6: shootingGRID ($100 in chips) 
Rdalonso: posts small blind $0.50
shootingGRID: posts big blind $1
*** HOLE CARDS ***
YeeesMan: folds 
Supermegopro: raises $1.50 to $2.50
S3MPR3IGUAL: folds 
Rdalonso: folds 
tico-tico331 leaves the table
shootingGRID: raises $10.50 to $13
Supermegopro: calls $10.50
*** FLOP *** [Qs As 2d]
canibal27 joins the table at seat #5 
shootingGRID: bets $8.31
Supermegopro: folds 
Uncalled bet ($8.31) returned to shootingGRID
shootingGRID collected $25.18 from pot
*** SUMMARY ***
Total pot $26.50 | Rake $1.32 
Board [Qs As 2d]
Seat 5: tico-tico331
Seat 1: YeeesMan folded before Flop (didn't bet)
Seat 2: Supermegopro folded on the Flop
Seat 3: S3MPR3IGUAL (button) folded before Flop (didn't bet)
Seat 4: Rdalonso (small blind) folded before Flop
Seat 6: shootingGRID (big blind) collected ($25.18)



PokerStars Hand #254630206572:  Hold'em No Limit ($0.50/$1.00 USD) - 2025/01/30 23:32:40 WET [2025/01/30 18:32:40 ET]
Table 'Arosa' 6-max Seat #4 is the button
Seat 1: YeeesMan ($104.13 in chips) is sitting out
Seat 2: Supermegopro ($127.76 in chips) is sitting out
Seat 5: canibal27 ($100 in chips) is sitting out
Seat 3: S3MPR3IGUAL ($115.02 in chips) 
Seat 4: Rdalonso ($100 in chips) 
Seat 6: shootingGRID ($112.18 in chips) 
shootingGRID: posts small blind $0.50
YeeesMan: is sitting out 
Supermegopro: is sitting out 
S3MPR3IGUAL: posts big blind $1
*** HOLE CARDS ***
Supermegopro leaves the table
Rdalonso: raises $1.50 to $2.50
shootingGRID: folds 
YeeesMan leaves the table
S3MPR3IGUAL: folds 
Uncalled bet ($1.50) returned to Rdalonso
Rdalonso collected $2.50 from pot
Rdalonso: doesn't show hand 
*** SUMMARY ***
Total pot $2.50 | Rake $0 
Seat 1: YeeesMan
Seat 2: Supermegopro
Seat 5: canibal27
Seat 3: S3MPR3IGUAL (big blind) folded before Flop
Seat 4: Rdalonso (button) collected ($2.50)
Seat 6: shootingGRID (small blind) folded before Flop



PokerStars Hand #254630208964:  Hold'em No Limit ($0.50/$1.00 USD) - 2025/01/30 23:32:50 WET [2025/01/30 18:32:50 ET]
Table 'Arosa' 6-max Seat #6 is the button
Seat 4: Rdalonso ($101.50 in chips) is sitting out
Seat 3: S3MPR3IGUAL ($114.02 in chips) 
Seat 5: canibal27 ($100 in chips) 
Seat 6: shootingGRID ($111.68 in chips) 
S3MPR3IGUAL: posts small blind $0.50
Rdalonso: is sitting out 
canibal27: posts big blind $1
*** HOLE CARDS ***
Rdalonso leaves the table
shootingGRID: folds 
shootingGRID leaves the table
S3MPR3IGUAL: raises $2 to $3
canibal27: folds 
Uncalled bet ($2) returned to S3MPR3IGUAL
S3MPR3IGUAL collected $2 from pot
S3MPR3IGUAL: doesn't show hand 
*** SUMMARY ***
Total pot $2 | Rake $0 
Seat 4: Rdalonso
Seat 3: S3MPR3IGUAL (small blind) collected ($2)
Seat 5: canibal27 (big blind) folded before Flop
Seat 6: shootingGRID (button) folded before Flop (didn't bet)



