PokerStars Hand #254629066497:  Hold'em No Limit ($0.50/$1.00 USD) - 2025/01/30 22:19:58 WET [2025/01/30 17:19:58 ET]
Table 'Dabih' 6-max Seat #1 is the button
Seat 4: S3MPR3IGUAL ($100 in chips) is sitting out
Seat 1: nikalas22 ($100 in chips) 
Seat 6: BoyLoc0 ($100 in chips) 
nikalas22: posts small blind $0.50
BoyLoc0: posts big blind $1
*** HOLE CARDS ***
nikalas22: raises $1.50 to $2.50
BoyLoc0: calls $1.50
*** FLOP *** [Qc 8s 9d]
BoyLoc0: checks 
nikalas22: bets $1.43
BoyLoc0: folds 
Uncalled bet ($1.43) returned to nikalas22
nikalas22 collected $4.75 from pot
nikalas22: doesn't show hand 
*** SUMMARY ***
Total pot $5 | Rake $0.25 
Board [Qc 8s 9d]
Seat 4: S3MPR3IGUAL
Seat 1: nikalas22 (button) (small blind) collected ($4.75)
Seat 6: BoyLoc0 (big blind) folded on the Flop



PokerStars Hand #254629072372:  Hold'em No Limit ($0.50/$1.00 USD) - 2025/01/30 22:20:18 WET [2025/01/30 17:20:18 ET]
Table 'Dabih' 6-max Seat #6 is the button
Seat 4: S3MPR3IGUAL ($100 in chips) is sitting out
Seat 1: nikalas22 ($102.25 in chips) 
Seat 6: BoyLoc0 ($100 in chips) 
BoyLoc0: posts small blind $0.50
nikalas22: posts big blind $1
*** HOLE CARDS ***
BoyLoc0: raises $1.50 to $2.50
nikalas22: calls $1.50
*** FLOP *** [Jh 5d 8c]
nikalas22: checks 
BoyLoc0: bets $3.56
nikalas22: folds 
Uncalled bet ($3.56) returned to BoyLoc0
BoyLoc0 collected $4.75 from pot
BoyLoc0: doesn't show hand 
*** SUMMARY ***
Total pot $5 | Rake $0.25 
Board [Jh 5d 8c]
Seat 4: S3MPR3IGUAL
Seat 1: nikalas22 (big blind) folded on the Flop
Seat 6: BoyLoc0 (button) (small blind) collected ($4.75)



