PokerStars Hand #254626222263:  Hold'em No Limit ($0.50/$1.00 USD) - 2025/01/30 19:34:53 WET [2025/01/30 14:34:53 ET]
Table 'Troilus' 6-max Seat #3 is the button
Seat 4: TCK2 ($10 in chips) is sitting out
Seat 1: avstero ($100 in chips) 
Seat 2: D_style1905 ($39.99 in chips) 
Seat 3: mariofcd ($100 in chips) 
Seat 6: VahTang_89 ($100 in chips) 
VahTang_89 is connected 
VahTang_89: posts small blind $0.50
avstero: posts big blind $1
*** HOLE CARDS ***
D_style1905: calls $1
mariofcd: folds 
easy_sarcasm joins the table at seat #5 
VahTang_89: raises $4 to $5
avstero: folds 
D_style1905: calls $4
*** FLOP *** [8d As Td]
VahTang_89: bets $5.23
D_style1905: raises $20.91 to $26.14
VahTang_89: raises $68.86 to $95 and is all-in
D_style1905: calls $8.85 and is all-in
Uncalled bet ($60.01) returned to VahTang_89
*** TURN *** [8d As Td] [2h]
*** RIVER *** [8d As Td 2h] [9h]
*** SHOW DOWN ***
VahTang_89: shows [Ks Ac] (a pair of Aces)
D_style1905: shows [Ah Ts] (two pair, Aces and Tens)
D_style1905 collected $79.98 from pot
*** SUMMARY ***
Total pot $80.98 | Rake $1 
Board [8d As Td 2h 9h]
Seat 4: TCK2
Seat 1: avstero (big blind) folded before Flop
Seat 2: D_style1905 showed [Ah Ts] and won ($79.98) with two pair, Aces and Tens
Seat 3: mariofcd (button) folded before Flop (didn't bet)
Seat 6: VahTang_89 (small blind) showed [Ks Ac] and lost with a pair of Aces



PokerStars Hand #254626232031:  Hold'em No Limit ($0.50/$1.00 USD) - 2025/01/30 19:35:27 WET [2025/01/30 14:35:27 ET]
Table 'Troilus' 6-max Seat #6 is the button
Seat 4: TCK2 ($10 in chips) is sitting out
Seat 5: easy_sarcasm ($100 in chips) is sitting out
Seat 1: avstero ($99 in chips) 
Seat 2: D_style1905 ($79.98 in chips) 
Seat 3: mariofcd ($100 in chips) 
Seat 6: VahTang_89 ($100 in chips) 
avstero: posts small blind $0.50
D_style1905: posts big blind $1
easy_sarcasm: sits out 
*** HOLE CARDS ***
mariofcd: folds 
VahTang_89: folds 
avstero: raises $1.80 to $2.80
D_style1905: calls $1.80
*** FLOP *** [6c Qd 5h]
avstero: bets $2
D_style1905: calls $2
*** TURN *** [6c Qd 5h] [Kd]
avstero: checks 
D_style1905: checks 
*** RIVER *** [6c Qd 5h Kd] [5s]
avstero: checks 
D_style1905: checks 
*** SHOW DOWN ***
avstero: shows [Ts Tc] (two pair, Tens and Fives)
D_style1905: mucks hand 
avstero collected $9.12 from pot
*** SUMMARY ***
Total pot $9.60 | Rake $0.48 
Board [6c Qd 5h Kd 5s]
Seat 4: TCK2
Seat 5: easy_sarcasm
Seat 1: avstero (small blind) showed [Ts Tc] and won ($9.12) with two pair, Tens and Fives
Seat 2: D_style1905 (big blind) mucked
Seat 3: mariofcd folded before Flop (didn't bet)
Seat 6: VahTang_89 (button) folded before Flop (didn't bet)



PokerStars Hand #254626248863:  Hold'em No Limit ($0.50/$1.00 USD) - 2025/01/30 19:36:26 WET [2025/01/30 14:36:26 ET]
Table 'Troilus' 6-max Seat #1 is the button
Seat 4: TCK2 ($10 in chips) is sitting out
Seat 5: easy_sarcasm ($100 in chips) is sitting out
Seat 1: avstero ($103.32 in chips) 
Seat 2: D_style1905 ($75.18 in chips) 
Seat 3: mariofcd ($100 in chips) 
Seat 6: VahTang_89 ($100 in chips) 
D_style1905: posts small blind $0.50
mariofcd: posts big blind $1
easy_sarcasm: sits out 
*** HOLE CARDS ***
VahTang_89: folds 
avstero: raises $1.20 to $2.20
D_style1905: calls $1.70
mariofcd: folds 
*** FLOP *** [4c 2d Ks]
D_style1905: checks 
avstero: bets $1.54
D_style1905: calls $1.54
*** TURN *** [4c 2d Ks] [6h]
D_style1905: bets $4.03
avstero: folds 
Uncalled bet ($4.03) returned to D_style1905
D_style1905 collected $8.06 from pot
D_style1905: doesn't show hand 
*** SUMMARY ***
Total pot $8.48 | Rake $0.42 
Board [4c 2d Ks 6h]
Seat 4: TCK2
Seat 5: easy_sarcasm
Seat 1: avstero (button) folded on the Turn
Seat 2: D_style1905 (small blind) collected ($8.06)
Seat 3: mariofcd (big blind) folded before Flop
Seat 6: VahTang_89 folded before Flop (didn't bet)



PokerStars Hand #254626263973:  Hold'em No Limit ($0.50/$1.00 USD) - 2025/01/30 19:37:19 WET [2025/01/30 14:37:19 ET]
Table 'Troilus' 6-max Seat #2 is the button
Seat 4: TCK2 ($10 in chips) is sitting out
Seat 1: avstero ($99.58 in chips) 
Seat 2: D_style1905 ($79.50 in chips) 
Seat 3: mariofcd ($100 in chips) 
Seat 5: easy_sarcasm ($100 in chips) 
Seat 6: VahTang_89 ($100 in chips) 
mariofcd: posts small blind $0.50
easy_sarcasm: posts big blind $1
*** HOLE CARDS ***
VahTang_89: folds 
avstero: folds 
D_style1905: folds 
mariofcd: folds 
Uncalled bet ($0.50) returned to easy_sarcasm
easy_sarcasm collected $1 from pot
*** SUMMARY ***
Total pot $1 | Rake $0 
Seat 4: TCK2
Seat 1: avstero folded before Flop (didn't bet)
Seat 2: D_style1905 (button) folded before Flop (didn't bet)
Seat 3: mariofcd (small blind) folded before Flop
Seat 5: easy_sarcasm (big blind) collected ($1)
Seat 6: VahTang_89 folded before Flop (didn't bet)



PokerStars Hand #254626267209:  Hold'em No Limit ($0.50/$1.00 USD) - 2025/01/30 19:37:31 WET [2025/01/30 14:37:31 ET]
Table 'Troilus' 6-max Seat #3 is the button
Seat 4: TCK2 ($10 in chips) is sitting out
Seat 1: avstero ($99.58 in chips) 
Seat 2: D_style1905 ($79.50 in chips) 
Seat 3: mariofcd ($100 in chips) 
Seat 5: easy_sarcasm ($100.50 in chips) 
Seat 6: VahTang_89 ($100 in chips) 
easy_sarcasm: posts small blind $0.50
VahTang_89: posts big blind $1
*** HOLE CARDS ***
avstero: folds 
D_style1905: calls $1
mariofcd: raises $4 to $5
easy_sarcasm: calls $4.50
VahTang_89: folds 
D_style1905: folds 
*** FLOP *** [4c Tc 8h]
easy_sarcasm: checks 
mariofcd: bets $5.70
easy_sarcasm: folds 
Uncalled bet ($5.70) returned to mariofcd
mariofcd collected $11.40 from pot
mariofcd: doesn't show hand 
*** SUMMARY ***
Total pot $12 | Rake $0.60 
Board [4c Tc 8h]
Seat 4: TCK2
Seat 1: avstero folded before Flop (didn't bet)
Seat 2: D_style1905 folded before Flop
Seat 3: mariofcd (button) collected ($11.40)
Seat 5: easy_sarcasm (small blind) folded on the Flop
Seat 6: VahTang_89 (big blind) folded before Flop



PokerStars Hand #254626277256:  Hold'em No Limit ($0.50/$1.00 USD) - 2025/01/30 19:38:06 WET [2025/01/30 14:38:06 ET]
Table 'Troilus' 6-max Seat #5 is the button
Seat 4: TCK2 ($10 in chips) is sitting out
Seat 1: avstero ($99.58 in chips) 
Seat 2: D_style1905 ($78.50 in chips) 
Seat 3: mariofcd ($106.40 in chips) 
Seat 5: easy_sarcasm ($100 in chips) 
Seat 6: VahTang_89 ($100 in chips) 
VahTang_89: posts small blind $0.50
avstero: posts big blind $1
*** HOLE CARDS ***
D_style1905: folds 
mariofcd: folds 
easy_sarcasm: folds 
VahTang_89: folds 
Uncalled bet ($0.50) returned to avstero
avstero collected $1 from pot
avstero: doesn't show hand 
*** SUMMARY ***
Total pot $1 | Rake $0 
Seat 4: TCK2
Seat 1: avstero (big blind) collected ($1)
Seat 2: D_style1905 folded before Flop (didn't bet)
Seat 3: mariofcd folded before Flop (didn't bet)
Seat 5: easy_sarcasm (button) folded before Flop (didn't bet)
Seat 6: VahTang_89 (small blind) folded before Flop



PokerStars Hand #254626279606:  Hold'em No Limit ($0.50/$1.00 USD) - 2025/01/30 19:38:14 WET [2025/01/30 14:38:14 ET]
Table 'Troilus' 6-max Seat #6 is the button
Seat 4: TCK2 ($10 in chips) is sitting out
Seat 1: avstero ($100.08 in chips) 
Seat 2: D_style1905 ($78.50 in chips) 
Seat 3: mariofcd ($106.40 in chips) 
Seat 5: easy_sarcasm ($100 in chips) 
Seat 6: VahTang_89 ($100 in chips) 
avstero: posts small blind $0.50
D_style1905: posts big blind $1
TCK2: sits out 
*** HOLE CARDS ***
mariofcd: folds 
easy_sarcasm: raises $2 to $3
VahTang_89: folds 
avstero: folds 
D_style1905: calls $2
*** FLOP *** [9s 2h Ah]
D_style1905: checks 
easy_sarcasm: bets $2.04
D_style1905: folds 
Uncalled bet ($2.04) returned to easy_sarcasm
easy_sarcasm collected $6.18 from pot
*** SUMMARY ***
Total pot $6.50 | Rake $0.32 
Board [9s 2h Ah]
Seat 4: TCK2
Seat 1: avstero (small blind) folded before Flop
Seat 2: D_style1905 (big blind) folded on the Flop
Seat 3: mariofcd folded before Flop (didn't bet)
Seat 5: easy_sarcasm collected ($6.18)
Seat 6: VahTang_89 (button) folded before Flop (didn't bet)



PokerStars Hand #254626321396:  Hold'em No Limit ($0.50/$1.00 USD) - 2025/01/30 19:40:40 WET [2025/01/30 14:40:40 ET]
Table 'Troilus' 6-max Seat #3 is the button
Seat 1: avstero ($109.82 in chips) 
Seat 2: D_style1905 ($71.76 in chips) 
Seat 3: mariofcd ($104.90 in chips) 
Seat 4: TCK2 ($9 in chips) 
Seat 5: easy_sarcasm ($103.18 in chips) 
Seat 6: VahTang_89 ($100 in chips) 
TCK2: posts small blind $0.50
easy_sarcasm: posts big blind $1
*** HOLE CARDS ***
VahTang_89: folds 
avstero: folds 
D_style1905: calls $1
mariofcd: folds 
TCK2: calls $0.50
easy_sarcasm: checks 
*** FLOP *** [7h 6d Kh]
TCK2: checks 
easy_sarcasm: checks 
D_style1905: checks 
*** TURN *** [7h 6d Kh] [2d]
TCK2: checks 
easy_sarcasm: bets $1.43
D_style1905: folds 
TCK2: folds 
Uncalled bet ($1.43) returned to easy_sarcasm
easy_sarcasm collected $2.85 from pot
*** SUMMARY ***
Total pot $3 | Rake $0.15 
Board [7h 6d Kh 2d]
Seat 1: avstero folded before Flop (didn't bet)
Seat 2: D_style1905 folded on the Turn
Seat 3: mariofcd (button) folded before Flop (didn't bet)
Seat 4: TCK2 (small blind) folded on the Turn
Seat 5: easy_sarcasm (big blind) collected ($2.85)
Seat 6: VahTang_89 folded before Flop (didn't bet)



PokerStars Hand #254626335899:  Hold'em No Limit ($0.50/$1.00 USD) - 2025/01/30 19:41:31 WET [2025/01/30 14:41:31 ET]
Table 'Troilus' 6-max Seat #4 is the button
Seat 1: avstero ($109.82 in chips) 
Seat 2: D_style1905 ($70.76 in chips) 
Seat 3: mariofcd ($104.90 in chips) 
Seat 4: TCK2 ($8 in chips) 
Seat 5: easy_sarcasm ($105.03 in chips) 
Seat 6: VahTang_89 ($100 in chips) 
easy_sarcasm: posts small blind $0.50
VahTang_89: posts big blind $1
*** HOLE CARDS ***
avstero: folds 
D_style1905: folds 
mariofcd: folds 
TCK2: folds 
easy_sarcasm: raises $2 to $3
VahTang_89: calls $2
*** FLOP *** [5d Qh 4c]
easy_sarcasm: bets $2
VahTang_89: calls $2
*** TURN *** [5d Qh 4c] [Qc]
easy_sarcasm: bets $4.50
VahTang_89: calls $4.50
*** RIVER *** [5d Qh 4c Qc] [4s]
easy_sarcasm: checks 
VahTang_89: bets $9.03
easy_sarcasm: folds 
Uncalled bet ($9.03) returned to VahTang_89
VahTang_89 collected $18.05 from pot
VahTang_89: doesn't show hand 
*** SUMMARY ***
Total pot $19 | Rake $0.95 
Board [5d Qh 4c Qc 4s]
Seat 1: avstero folded before Flop (didn't bet)
Seat 2: D_style1905 folded before Flop (didn't bet)
Seat 3: mariofcd folded before Flop (didn't bet)
Seat 4: TCK2 (button) folded before Flop (didn't bet)
Seat 5: easy_sarcasm (small blind) folded on the River
Seat 6: VahTang_89 (big blind) collected ($18.05)



PokerStars Hand #254626352417:  Hold'em No Limit ($0.50/$1.00 USD) - 2025/01/30 19:42:29 WET [2025/01/30 14:42:29 ET]
Table 'Troilus' 6-max Seat #5 is the button
Seat 1: avstero ($109.82 in chips) 
Seat 2: D_style1905 ($70.76 in chips) 
Seat 3: mariofcd ($104.90 in chips) 
Seat 4: TCK2 ($8 in chips) 
Seat 5: easy_sarcasm ($100 in chips) 
Seat 6: VahTang_89 ($108.55 in chips) 
VahTang_89: posts small blind $0.50
avstero: posts big blind $1
*** HOLE CARDS ***
D_style1905: folds 
mariofcd: folds 
D_style1905 leaves the table
TCK2: folds 
easy_sarcasm: raises $1.20 to $2.20
VahTang_89: folds 
avstero: folds 
Uncalled bet ($1.20) returned to easy_sarcasm
easy_sarcasm collected $2.50 from pot
*** SUMMARY ***
Total pot $2.50 | Rake $0 
Seat 1: avstero (big blind) folded before Flop
Seat 2: D_style1905 folded before Flop (didn't bet)
Seat 3: mariofcd folded before Flop (didn't bet)
Seat 4: TCK2 folded before Flop (didn't bet)
Seat 5: easy_sarcasm (button) collected ($2.50)
Seat 6: VahTang_89 (small blind) folded before Flop



PokerStars Hand #254626359795:  Hold'em No Limit ($0.50/$1.00 USD) - 2025/01/30 19:42:54 WET [2025/01/30 14:42:54 ET]
Table 'Troilus' 6-max Seat #6 is the button
Seat 1: avstero ($108.82 in chips) 
Seat 3: mariofcd ($104.90 in chips) 
Seat 4: TCK2 ($8 in chips) 
Seat 5: easy_sarcasm ($101.50 in chips) 
Seat 6: VahTang_89 ($108.05 in chips) 
avstero: posts small blind $0.50
mariofcd: posts big blind $1
*** HOLE CARDS ***
TCK2: folds 
easy_sarcasm: folds 
VahTang_89: folds 
avstero: raises $1.80 to $2.80
mariofcd: calls $1.80
*** FLOP *** [8c 4d 2h]
rifle7474 joins the table at seat #2 
rifle7474 is disconnected 
avstero: checks 
mariofcd: bets $1.60
avstero: calls $1.60
*** TURN *** [8c 4d 2h] [6d]
avstero: checks 
mariofcd: bets $10
avstero: folds 
Uncalled bet ($10) returned to mariofcd
mariofcd collected $8.36 from pot
mariofcd: doesn't show hand 
*** SUMMARY ***
Total pot $8.80 | Rake $0.44 
Board [8c 4d 2h 6d]
Seat 1: avstero (small blind) folded on the Turn
Seat 3: mariofcd (big blind) collected ($8.36)
Seat 4: TCK2 folded before Flop (didn't bet)
Seat 5: easy_sarcasm folded before Flop (didn't bet)
Seat 6: VahTang_89 (button) folded before Flop (didn't bet)



PokerStars Hand #254626381334:  Hold'em No Limit ($0.50/$1.00 USD) - 2025/01/30 19:44:11 WET [2025/01/30 14:44:11 ET]
Table 'Troilus' 6-max Seat #4 is the button
Seat 2: rifle7474 ($22.29 in chips) is sitting out
Seat 3: mariofcd ($108.86 in chips) is sitting out
Seat 5: easy_sarcasm ($101.50 in chips) is sitting out
Seat 6: VahTang_89 ($108.05 in chips) is sitting out
Seat 1: avstero ($104.42 in chips) 
Seat 4: TCK2 ($8 in chips) 
TCK2: posts small blind $0.50
easy_sarcasm: is sitting out 
VahTang_89: is sitting out 
VahTang_89 leaves the table
avstero: posts big blind $1
*** HOLE CARDS ***
easy_sarcasm leaves the table
TCK2: calls $0.50
peak joker33 joins the table at seat #5 
avstero: checks 
*** FLOP *** [2s 7d 8s]
sta$igk joins the table at seat #6 
avstero: checks 
TCK2: checks 
*** TURN *** [2s 7d 8s] [Qd]
avstero: checks 
TCK2: checks 
*** RIVER *** [2s 7d 8s Qd] [7c]
avstero: bets $1.44
TCK2: folds 
Uncalled bet ($1.44) returned to avstero
avstero collected $1.90 from pot
avstero: doesn't show hand 
*** SUMMARY ***
Total pot $2 | Rake $0.10 
Board [2s 7d 8s Qd 7c]
Seat 2: rifle7474
Seat 3: mariofcd
Seat 5: easy_sarcasm
Seat 6: VahTang_89
Seat 1: avstero (big blind) collected ($1.90)
Seat 4: TCK2 (button) (small blind) folded on the River



PokerStars Hand #254626398679:  Hold'em No Limit ($0.50/$1.00 USD) - 2025/01/30 19:45:13 WET [2025/01/30 14:45:13 ET]
Table 'Troilus' 6-max Seat #1 is the button
Seat 2: rifle7474 ($22.29 in chips) is sitting out
Seat 3: mariofcd ($108.86 in chips) is sitting out
Seat 6: sta$igk ($100 in chips) is sitting out
Seat 1: avstero ($105.32 in chips) 
Seat 4: TCK2 ($7 in chips) 
Seat 5: peak joker33 ($100 in chips) 
TCK2: posts small blind $0.50
peak joker33: posts big blind $1
sta$igk: sits out 
*** HOLE CARDS ***
avstero: raises $1.20 to $2.20
rifle7474 leaves the table
TCK2: folds 
peak joker33: folds 
Uncalled bet ($1.20) returned to avstero
avstero collected $2.50 from pot
avstero: doesn't show hand 
*** SUMMARY ***
Total pot $2.50 | Rake $0 
Seat 2: rifle7474
Seat 3: mariofcd
Seat 6: sta$igk
Seat 1: avstero (button) collected ($2.50)
Seat 4: TCK2 (small blind) folded before Flop
Seat 5: peak joker33 (big blind) folded before Flop



PokerStars Hand #254626402636:  Hold'em No Limit ($0.50/$1.00 USD) - 2025/01/30 19:45:27 WET [2025/01/30 14:45:27 ET]
Table 'Troilus' 6-max Seat #4 is the button
Seat 3: mariofcd ($108.86 in chips) is sitting out
Seat 1: avstero ($106.82 in chips) 
Seat 4: TCK2 ($6.50 in chips) 
Seat 5: peak joker33 ($100 in chips) 
Seat 6: sta$igk ($100 in chips) 
peak joker33: posts small blind $0.50
sta$igk: posts big blind $1
*** HOLE CARDS ***
avstero: folds 
TCK2: folds 
peak joker33: raises $2 to $3
J0SHB0SH joins the table at seat #2 
sta$igk: folds 
Uncalled bet ($2) returned to peak joker33
peak joker33 collected $2 from pot
peak joker33: doesn't show hand 
*** SUMMARY ***
Total pot $2 | Rake $0 
Seat 3: mariofcd
Seat 1: avstero folded before Flop (didn't bet)
Seat 4: TCK2 (button) folded before Flop (didn't bet)
Seat 5: peak joker33 (small blind) collected ($2)
Seat 6: sta$igk (big blind) folded before Flop



PokerStars Hand #254626405466:  Hold'em No Limit ($0.50/$1.00 USD) - 2025/01/30 19:45:37 WET [2025/01/30 14:45:37 ET]
Table 'Troilus' 6-max Seat #5 is the button
Seat 2: J0SHB0SH ($100 in chips) is sitting out
Seat 3: mariofcd ($108.86 in chips) is sitting out
Seat 1: avstero ($106.82 in chips) 
Seat 4: TCK2 ($6.50 in chips) 
Seat 5: peak joker33 ($101 in chips) 
Seat 6: sta$igk ($100 in chips) 
sta$igk: posts small blind $0.50
avstero: posts big blind $1
J0SHB0SH: sits out 
*** HOLE CARDS ***
TCK2: raises $5.50 to $6.50 and is all-in
peak joker33: folds 
sta$igk: folds 
avstero: calls $5.50
*** FLOP *** [5c 2d 5h]
*** TURN *** [5c 2d 5h] [Kd]
*** RIVER *** [5c 2d 5h Kd] [3s]
*** SHOW DOWN ***
avstero: shows [As 5d] (three of a kind, Fives)
TCK2: shows [Kh Ah] (two pair, Kings and Fives)
avstero collected $12.82 from pot
*** SUMMARY ***
Total pot $13.50 | Rake $0.68 
Board [5c 2d 5h Kd 3s]
Seat 2: J0SHB0SH
Seat 3: mariofcd
Seat 1: avstero (big blind) showed [As 5d] and won ($12.82) with three of a kind, Fives
Seat 4: TCK2 showed [Kh Ah] and lost with two pair, Kings and Fives
Seat 5: peak joker33 (button) folded before Flop (didn't bet)
Seat 6: sta$igk (small blind) folded before Flop



PokerStars Hand #254626412166:  Hold'em No Limit ($0.50/$1.00 USD) - 2025/01/30 19:46:01 WET [2025/01/30 14:46:01 ET]
Table 'Troilus' 6-max Seat #6 is the button
Seat 3: mariofcd ($108.86 in chips) is sitting out
Seat 4: TCK2 ($0 in chips) is sitting out
Seat 1: avstero ($113.14 in chips) 
Seat 2: J0SHB0SH ($100 in chips) 
Seat 5: peak joker33 ($101 in chips) 
Seat 6: sta$igk ($100 in chips) 
avstero: posts small blind $0.50
J0SHB0SH: posts big blind $1
*** HOLE CARDS ***
peak joker33: folds 
sta$igk: folds 
avstero: folds 
Uncalled bet ($0.50) returned to J0SHB0SH
J0SHB0SH collected $1 from pot
J0SHB0SH: doesn't show hand 
*** SUMMARY ***
Total pot $1 | Rake $0 
Seat 3: mariofcd
Seat 4: TCK2
Seat 1: avstero (small blind) folded before Flop
Seat 2: J0SHB0SH (big blind) collected ($1)
Seat 5: peak joker33 folded before Flop (didn't bet)
Seat 6: sta$igk (button) folded before Flop (didn't bet)



PokerStars Hand #254626415449:  Hold'em No Limit ($0.50/$1.00 USD) - 2025/01/30 19:46:12 WET [2025/01/30 14:46:12 ET]
Table 'Troilus' 6-max Seat #1 is the button
Seat 3: mariofcd ($108.86 in chips) is sitting out
Seat 1: avstero ($112.64 in chips) 
Seat 2: J0SHB0SH ($100.50 in chips) 
Seat 4: TCK2 ($10 in chips) 
Seat 5: peak joker33 ($101 in chips) 
Seat 6: sta$igk ($100 in chips) 
J0SHB0SH: posts small blind $0.50
TCK2: posts big blind $1
*** HOLE CARDS ***
peak joker33: raises $1.50 to $2.50
sta$igk: folds 
avstero: folds 
J0SHB0SH: folds 
TCK2: folds 
Uncalled bet ($1.50) returned to peak joker33
peak joker33 collected $2.50 from pot
peak joker33: doesn't show hand 
*** SUMMARY ***
Total pot $2.50 | Rake $0 
Seat 3: mariofcd
Seat 1: avstero (button) folded before Flop (didn't bet)
Seat 2: J0SHB0SH (small blind) folded before Flop
Seat 4: TCK2 (big blind) folded before Flop
Seat 5: peak joker33 collected ($2.50)
Seat 6: sta$igk folded before Flop (didn't bet)



PokerStars Hand #254626420056:  Hold'em No Limit ($0.50/$1.00 USD) - 2025/01/30 19:46:29 WET [2025/01/30 14:46:29 ET]
Table 'Troilus' 6-max Seat #2 is the button
Seat 3: mariofcd ($108.86 in chips) is sitting out
Seat 5: peak joker33 ($102.50 in chips) is sitting out
Seat 1: avstero ($112.64 in chips) 
Seat 2: J0SHB0SH ($100 in chips) 
Seat 4: TCK2 ($9 in chips) 
Seat 6: sta$igk ($100 in chips) 
TCK2: posts small blind $0.50
peak joker33: is sitting out 
sta$igk: posts big blind $1
*** HOLE CARDS ***
peak joker33 leaves the table
avstero: raises $1.20 to $2.20
mariofcd leaves the table
J0SHB0SH: folds 
TCK2: folds 
sta$igk: folds 
Uncalled bet ($1.20) returned to avstero
avstero collected $2.50 from pot
avstero: doesn't show hand 
*** SUMMARY ***
Total pot $2.50 | Rake $0 
Seat 3: mariofcd
Seat 5: peak joker33
Seat 1: avstero collected ($2.50)
Seat 2: J0SHB0SH (button) folded before Flop (didn't bet)
Seat 4: TCK2 (small blind) folded before Flop
Seat 6: sta$igk (big blind) folded before Flop



PokerStars Hand #254626425423:  Hold'em No Limit ($0.50/$1.00 USD) - 2025/01/30 19:46:48 WET [2025/01/30 14:46:48 ET]
Table 'Troilus' 6-max Seat #4 is the button
Seat 1: avstero ($114.14 in chips) 
Seat 2: J0SHB0SH ($100 in chips) 
Seat 4: TCK2 ($8.50 in chips) 
Seat 6: sta$igk ($100 in chips) 
sta$igk: posts small blind $0.50
avstero: posts big blind $1
*** HOLE CARDS ***
J0SHB0SH: folds 
TCK2: folds 
sta$igk: raises $2 to $3
avstero: calls $2
*** FLOP *** [5c Jd 8h]
sta$igk: checks 
avstero: bets $2.90
sta$igk: calls $2.90
*** TURN *** [5c Jd 8h] [7d]
sta$igk: checks 
avstero: checks 
*** RIVER *** [5c Jd 8h 7d] [4h]
sta$igk: bets $12.89
IREQO joins the table at seat #3 
avstero: folds 
Uncalled bet ($12.89) returned to sta$igk
sta$igk collected $11.21 from pot
sta$igk: doesn't show hand 
*** SUMMARY ***
Total pot $11.80 | Rake $0.59 
Board [5c Jd 8h 7d 4h]
Seat 1: avstero (big blind) folded on the River
Seat 2: J0SHB0SH folded before Flop (didn't bet)
Seat 4: TCK2 (button) folded before Flop (didn't bet)
Seat 6: sta$igk (small blind) collected ($11.21)



PokerStars Hand #254626460162:  Hold'em No Limit ($0.50/$1.00 USD) - 2025/01/30 19:48:49 WET [2025/01/30 14:48:49 ET]
Table 'Troilus' 6-max Seat #6 is the button
Seat 3: IREQO ($100 in chips) is sitting out
Seat 1: avstero ($108.24 in chips) 
Seat 2: J0SHB0SH ($100 in chips) 
Seat 4: TCK2 ($8.50 in chips) 
Seat 6: sta$igk ($105.31 in chips) 
avstero: posts small blind $0.50
J0SHB0SH: posts big blind $1
IREQO has timed out
IREQO: is sitting out 
*** HOLE CARDS ***
TCK2: raises $7.50 to $8.50 and is all-in
sta$igk: folds 
IREQO is disconnected 
avstero: folds 
J0SHB0SH: calls $7.50
*** FLOP *** [7h 4c Ac]
*** TURN *** [7h 4c Ac] [Kd]
*** RIVER *** [7h 4c Ac Kd] [3c]
*** SHOW DOWN ***
J0SHB0SH: shows [Jc Ad] (a pair of Aces)
TCK2: shows [9s As] (a pair of Aces - lower kicker)
J0SHB0SH collected $16.62 from pot
TCK2 cashed out the hand for $5.15 | Cash Out Fee $0.10
*** SUMMARY ***
Total pot $17.50 | Rake $0.88 
Board [7h 4c Ac Kd 3c]
Seat 3: IREQO
Seat 1: avstero (small blind) folded before Flop
Seat 2: J0SHB0SH (big blind) showed [Jc Ad] and won ($16.62) with a pair of Aces
Seat 4: TCK2 showed [9s As] and lost with a pair of Aces (cashed out).
Seat 6: sta$igk (button) folded before Flop (didn't bet)



PokerStars Hand #254626472186:  Hold'em No Limit ($0.50/$1.00 USD) - 2025/01/30 19:49:31 WET [2025/01/30 14:49:31 ET]
Table 'Troilus' 6-max Seat #1 is the button
Seat 3: IREQO ($100 in chips) is sitting out
Seat 1: avstero ($107.74 in chips) 
Seat 2: J0SHB0SH ($108.12 in chips) 
Seat 4: TCK2 ($5.15 in chips) 
Seat 6: sta$igk ($105.31 in chips) 
J0SHB0SH: posts small blind $0.50
TCK2: posts big blind $1
*** HOLE CARDS ***
sta$igk: folds 
avstero: folds 
J0SHB0SH: raises $2 to $3
TCK2: raises $2.15 to $5.15 and is all-in
J0SHB0SH: calls $2.15
*** FLOP *** [Kc Ah 2h]
*** TURN *** [Kc Ah 2h] [Ts]
*** RIVER *** [Kc Ah 2h Ts] [Jd]
*** SHOW DOWN ***
J0SHB0SH: shows [Jc 9s] (a pair of Jacks)
TCK2: shows [3d Ad] (a pair of Aces)
TCK2 collected $9.78 from pot
*** SUMMARY ***
Total pot $10.30 | Rake $0.52 
Board [Kc Ah 2h Ts Jd]
Seat 3: IREQO
Seat 1: avstero (button) folded before Flop (didn't bet)
Seat 2: J0SHB0SH (small blind) showed [Jc 9s] and lost with a pair of Jacks
Seat 4: TCK2 (big blind) showed [3d Ad] and won ($9.78) with a pair of Aces
Seat 6: sta$igk folded before Flop (didn't bet)



PokerStars Hand #254626481287:  Hold'em No Limit ($0.50/$1.00 USD) - 2025/01/30 19:50:02 WET [2025/01/30 14:50:02 ET]
Table 'Troilus' 6-max Seat #2 is the button
Seat 3: IREQO ($100 in chips) is sitting out
Seat 6: sta$igk ($105.31 in chips) is sitting out
Seat 1: avstero ($107.74 in chips) 
Seat 2: J0SHB0SH ($102.97 in chips) 
Seat 4: TCK2 ($9.78 in chips) 
TCK2: posts small blind $0.50
sta$igk: is sitting out 
avstero: posts big blind $1
*** HOLE CARDS ***
sta$igk leaves the table
J0SHB0SH: raises $1.50 to $2.50
TCK2: raises $7.28 to $9.78 and is all-in
avstero: folds 
J0SHB0SH: calls $7.28
WatchTheBaby joins the table at seat #5 
*** FLOP *** [3d 2h 9s]
WatchTheBaby is disconnected 
*** TURN *** [3d 2h 9s] [2c]
Quahrino joins the table at seat #6 
*** RIVER *** [3d 2h 9s 2c] [8h]
*** SHOW DOWN ***
TCK2: shows [Ks Qs] (a pair of Deuces)
J0SHB0SH: shows [Js Tc] (a pair of Deuces - lower kicker)
TCK2 collected $19.56 from pot
*** SUMMARY ***
Total pot $20.56 | Rake $1 
Board [3d 2h 9s 2c 8h]
Seat 3: IREQO
Seat 6: sta$igk
Seat 1: avstero (big blind) folded before Flop
Seat 2: J0SHB0SH (button) showed [Js Tc] and lost with a pair of Deuces
Seat 4: TCK2 (small blind) showed [Ks Qs] and won ($19.56) with a pair of Deuces



PokerStars Hand #254626490081:  Hold'em No Limit ($0.50/$1.00 USD) - 2025/01/30 19:50:33 WET [2025/01/30 14:50:33 ET]
Table 'Troilus' 6-max Seat #4 is the button
Seat 3: IREQO ($100 in chips) is sitting out
Seat 5: WatchTheBaby ($100 in chips) is sitting out
Seat 6: Quahrino ($100 in chips) is sitting out
Seat 1: avstero ($106.74 in chips) 
Seat 2: J0SHB0SH ($100 in chips) 
Seat 4: TCK2 ($19.56 in chips) 
avstero: posts small blind $0.50
J0SHB0SH: posts big blind $1
IREQO: sits out 
*** HOLE CARDS ***
TCK2: folds 
avstero: raises $1.80 to $2.80
J0SHB0SH: calls $1.80
*** FLOP *** [Ah 4s As]
WatchTheBaby leaves the table
avstero: checks 
J0SHB0SH: checks 
*** TURN *** [Ah 4s As] [Jc]
avstero: checks 
J0SHB0SH: checks 
*** RIVER *** [Ah 4s As Jc] [Ac]
avstero: bets $5.56
J0SHB0SH: folds 
Uncalled bet ($5.56) returned to avstero
avstero collected $5.32 from pot
avstero: doesn't show hand 
*** SUMMARY ***
Total pot $5.60 | Rake $0.28 
Board [Ah 4s As Jc Ac]
Seat 3: IREQO
Seat 5: WatchTheBaby
Seat 6: Quahrino
Seat 1: avstero (small blind) collected ($5.32)
Seat 2: J0SHB0SH (big blind) folded on the River
Seat 4: TCK2 (button) folded before Flop (didn't bet)



PokerStars Hand #254626511773:  Hold'em No Limit ($0.50/$1.00 USD) - 2025/01/30 19:51:49 WET [2025/01/30 14:51:49 ET]
Table 'Troilus' 6-max Seat #1 is the button
Seat 6: Quahrino ($100 in chips) is sitting out
Seat 1: avstero ($109.26 in chips) 
Seat 2: J0SHB0SH ($100 in chips) 
Seat 3: IREQO ($100 in chips) 
Seat 4: TCK2 ($19.56 in chips) 
J0SHB0SH: posts small blind $0.50
IREQO: posts big blind $1
Quahrino: sits out 
*** HOLE CARDS ***
TCK2: folds 
avstero: folds 
EAroca joins the table at seat #5 
J0SHB0SH: folds 
Uncalled bet ($0.50) returned to IREQO
IREQO collected $1 from pot
IREQO: doesn't show hand 
*** SUMMARY ***
Total pot $1 | Rake $0 
Seat 6: Quahrino
Seat 1: avstero (button) folded before Flop (didn't bet)
Seat 2: J0SHB0SH (small blind) folded before Flop
Seat 3: IREQO (big blind) collected ($1)
Seat 4: TCK2 folded before Flop (didn't bet)



PokerStars Hand #254626522139:  Hold'em No Limit ($0.50/$1.00 USD) - 2025/01/30 19:52:25 WET [2025/01/30 14:52:25 ET]
Table 'Troilus' 6-max Seat #2 is the button
Seat 4: TCK2 ($19.56 in chips) is sitting out
Seat 6: Quahrino ($100 in chips) is sitting out
Seat 1: avstero ($109.26 in chips) 
Seat 2: J0SHB0SH ($100 in chips) 
Seat 3: IREQO ($100.50 in chips) 
Seat 5: EAroca ($100 in chips) 
IREQO: posts small blind $0.50
TCK2: is sitting out 
EAroca: posts big blind $1
Quahrino: sits out 
*** HOLE CARDS ***
avstero: folds 
J0SHB0SH: raises $1.50 to $2.50
IREQO: folds 
TCK2 leaves the table
EAroca: calls $1.50
*** FLOP *** [Qc Qh Kh]
EAroca: checks 
J0SHB0SH: bets $1.72
EAroca: folds 
Uncalled bet ($1.72) returned to J0SHB0SH
J0SHB0SH collected $5.22 from pot
J0SHB0SH: doesn't show hand 
*** SUMMARY ***
Total pot $5.50 | Rake $0.28 
Board [Qc Qh Kh]
Seat 4: TCK2
Seat 6: Quahrino
Seat 1: avstero folded before Flop (didn't bet)
Seat 2: J0SHB0SH (button) collected ($5.22)
Seat 3: IREQO (small blind) folded before Flop
Seat 5: EAroca (big blind) folded on the Flop



PokerStars Hand #254626537105:  Hold'em No Limit ($0.50/$1.00 USD) - 2025/01/30 19:53:17 WET [2025/01/30 14:53:17 ET]
Table 'Troilus' 6-max Seat #3 is the button
Seat 1: avstero ($109.26 in chips) 
Seat 2: J0SHB0SH ($102.72 in chips) 
Seat 3: IREQO ($100 in chips) 
Seat 5: EAroca ($100 in chips) 
Seat 6: Quahrino ($100 in chips) 
EAroca: posts small blind $0.50
Quahrino: posts big blind $1
*** HOLE CARDS ***
avstero: folds 
J0SHB0SH: folds 
IREQO: folds 
avstero leaves the table
EAroca: folds 
Uncalled bet ($0.50) returned to Quahrino
Quahrino collected $1 from pot
Quahrino: doesn't show hand 
*** SUMMARY ***
Total pot $1 | Rake $0 
Seat 1: avstero folded before Flop (didn't bet)
Seat 2: J0SHB0SH folded before Flop (didn't bet)
Seat 3: IREQO (button) folded before Flop (didn't bet)
Seat 5: EAroca (small blind) folded before Flop
Seat 6: Quahrino (big blind) collected ($1)



PokerStars Hand #254626540596:  Hold'em No Limit ($0.50/$1.00 USD) - 2025/01/30 19:53:30 WET [2025/01/30 14:53:30 ET]
Table 'Troilus' 6-max Seat #5 is the button
Seat 2: J0SHB0SH ($102.72 in chips) 
Seat 3: IREQO ($100 in chips) 
Seat 5: EAroca ($100 in chips) 
Seat 6: Quahrino ($100.50 in chips) 
Quahrino: posts small blind $0.50
J0SHB0SH: posts big blind $1
*** HOLE CARDS ***
IREQO: folds 
EAroca: folds 
IREQO leaves the table
Quahrino: raises $2 to $3
J0SHB0SH: folds 
Uncalled bet ($2) returned to Quahrino
Quahrino collected $2 from pot
Quahrino: doesn't show hand 
*** SUMMARY ***
Total pot $2 | Rake $0 
Seat 2: J0SHB0SH (big blind) folded before Flop
Seat 3: IREQO folded before Flop (didn't bet)
Seat 5: EAroca (button) folded before Flop (didn't bet)
Seat 6: Quahrino (small blind) collected ($2)



PokerStars Hand #254626544223:  Hold'em No Limit ($0.50/$1.00 USD) - 2025/01/30 19:53:42 WET [2025/01/30 14:53:42 ET]
Table 'Troilus' 6-max Seat #6 is the button
Seat 2: J0SHB0SH ($101.72 in chips) 
Seat 5: EAroca ($100 in chips) 
Seat 6: Quahrino ($101.50 in chips) 
J0SHB0SH: posts small blind $0.50
EAroca: posts big blind $1
*** HOLE CARDS ***
Quahrino: folds 
J0SHB0SH: folds 
Uncalled bet ($0.50) returned to EAroca
EAroca collected $1 from pot
EAroca: doesn't show hand 
*** SUMMARY ***
Total pot $1 | Rake $0 
Seat 2: J0SHB0SH (small blind) folded before Flop
Seat 5: EAroca (big blind) collected ($1)
Seat 6: Quahrino (button) folded before Flop (didn't bet)



PokerStars Hand #254626546379:  Hold'em No Limit ($0.50/$1.00 USD) - 2025/01/30 19:53:50 WET [2025/01/30 14:53:50 ET]
Table 'Troilus' 6-max Seat #2 is the button
Seat 2: J0SHB0SH ($101.22 in chips) 
Seat 5: EAroca ($100.50 in chips) 
Seat 6: Quahrino ($101.50 in chips) 
EAroca: posts small blind $0.50
Quahrino: posts big blind $1
*** HOLE CARDS ***
J0SHB0SH: folds 
EAroca: folds 
Uncalled bet ($0.50) returned to Quahrino
Quahrino collected $1 from pot
Quahrino: doesn't show hand 
*** SUMMARY ***
Total pot $1 | Rake $0 
Seat 2: J0SHB0SH (button) folded before Flop (didn't bet)
Seat 5: EAroca (small blind) folded before Flop
Seat 6: Quahrino (big blind) collected ($1)



PokerStars Hand #254626548711:  Hold'em No Limit ($0.50/$1.00 USD) - 2025/01/30 19:53:58 WET [2025/01/30 14:53:58 ET]
Table 'Troilus' 6-max Seat #6 is the button
Seat 2: J0SHB0SH ($101.22 in chips) is sitting out
Seat 5: EAroca ($100 in chips) 
Seat 6: Quahrino ($102 in chips) 
Quahrino: posts small blind $0.50
J0SHB0SH: is sitting out 
EAroca: posts big blind $1
*** HOLE CARDS ***
Quahrino: raises $1.50 to $2.50
EAroca: folds 
Uncalled bet ($1.50) returned to Quahrino
Quahrino collected $2 from pot
Quahrino: doesn't show hand 
*** SUMMARY ***
Total pot $2 | Rake $0 
Seat 2: J0SHB0SH
Seat 5: EAroca (big blind) folded before Flop
Seat 6: Quahrino (button) (small blind) collected ($2)



PokerStars Hand #254626551040:  Hold'em No Limit ($0.50/$1.00 USD) - 2025/01/30 19:54:06 WET [2025/01/30 14:54:06 ET]
Table 'Troilus' 6-max Seat #5 is the button
Seat 2: J0SHB0SH ($101.22 in chips) is sitting out
Seat 5: EAroca ($100 in chips) 
Seat 6: Quahrino ($103 in chips) 
EAroca: posts small blind $0.50
Quahrino: posts big blind $1
*** HOLE CARDS ***
EAroca: raises $1.30 to $2.30
Quahrino: calls $1.30
*** FLOP *** [Kd Th Ac]
Quahrino: checks 
EAroca: bets $2.19
Quahrino: folds 
Uncalled bet ($2.19) returned to EAroca
EAroca collected $4.37 from pot
EAroca: doesn't show hand 
*** SUMMARY ***
Total pot $4.60 | Rake $0.23 
Board [Kd Th Ac]
Seat 2: J0SHB0SH
Seat 5: EAroca (button) (small blind) collected ($4.37)
Seat 6: Quahrino (big blind) folded on the Flop



PokerStars Hand #254626599164:  Hold'em No Limit ($0.50/$1.00 USD) - 2025/01/30 19:57:37 WET [2025/01/30 14:57:37 ET]
Table 'Troilus' 6-max Seat #1 is the button
Seat 2: J0SHB0SH ($101.22 in chips) is sitting out
Seat 1: jockey6969 ($10 in chips) 
Seat 3: DL1B ($100 in chips) 
Seat 4: Manifestorr ($100 in chips) 
Seat 5: socito ($100 in chips) 
DL1B: posts small blind $0.50
Manifestorr: posts big blind $1
*** HOLE CARDS ***
socito: raises $1.50 to $2.50
jockey6969: folds 
DL1B: raises $9.50 to $12
Manifestorr: folds 
socito: calls $9.50
*** FLOP *** [2h 4s Jc]
DL1B: bets $7.92
socito: raises $16.37 to $24.29
DL1B: folds 
Uncalled bet ($16.37) returned to socito
socito collected $39.84 from pot
socito: doesn't show hand 
*** SUMMARY ***
Total pot $40.84 | Rake $1 
Board [2h 4s Jc]
Seat 2: J0SHB0SH
Seat 1: jockey6969 (button) folded before Flop (didn't bet)
Seat 3: DL1B (small blind) folded on the Flop
Seat 4: Manifestorr (big blind) folded before Flop
Seat 5: socito collected ($39.84)



PokerStars Hand #254626612947:  Hold'em No Limit ($0.50/$1.00 USD) - 2025/01/30 19:58:46 WET [2025/01/30 14:58:46 ET]
Table 'Troilus' 6-max Seat #3 is the button
Seat 2: J0SHB0SH ($101.22 in chips) is sitting out
Seat 1: jockey6969 ($10 in chips) 
Seat 3: DL1B ($100 in chips) 
Seat 4: Manifestorr ($100 in chips) 
Seat 5: socito ($119.92 in chips) 
Manifestorr: posts small blind $0.50
socito: posts big blind $1
J0SHB0SH: sits out 
*** HOLE CARDS ***
jockey6969: calls $1
DL1B: raises $2.50 to $3.50
Manifestorr: folds 
J0SHB0SH leaves the table
value_ftw joins the table at seat #2 
socito: folds 
J0SHB0SH joins the table at seat #6 
jockey6969: calls $2.50
*** FLOP *** [5h 3c Th]
jockey6969: checks 
DL1B: bets $7.14
jockey6969: folds 
Uncalled bet ($7.14) returned to DL1B
DL1B collected $8.08 from pot
DL1B: doesn't show hand 
*** SUMMARY ***
Total pot $8.50 | Rake $0.42 
Board [5h 3c Th]
Seat 2: J0SHB0SH
Seat 1: jockey6969 folded on the Flop
Seat 3: DL1B (button) collected ($8.08)
Seat 4: Manifestorr (small blind) folded before Flop
Seat 5: socito (big blind) folded before Flop



PokerStars Hand #254626619595:  Hold'em No Limit ($0.50/$1.00 USD) - 2025/01/30 19:59:19 WET [2025/01/30 14:59:19 ET]
Table 'Troilus' 6-max Seat #4 is the button
Seat 2: value_ftw ($100 in chips) is sitting out
Seat 1: jockey6969 ($6.50 in chips) 
Seat 3: DL1B ($104.58 in chips) 
Seat 4: Manifestorr ($100 in chips) 
Seat 5: socito ($118.92 in chips) 
Seat 6: J0SHB0SH ($101.22 in chips) 
socito: posts small blind $0.50
J0SHB0SH: posts big blind $1
value_ftw: sits out 
*** HOLE CARDS ***
jockey6969: folds 
DL1B: raises $1.50 to $2.50
Manifestorr: folds 
socito: folds 
J0SHB0SH: calls $1.50
*** FLOP *** [Kd Kh 7s]
J0SHB0SH: checks 
DL1B: bets $1.47
J0SHB0SH: raises $4.53 to $6
DL1B: calls $4.53
*** TURN *** [Kd Kh 7s] [6d]
J0SHB0SH: checks 
DL1B: bets $5.48
J0SHB0SH: calls $5.48
*** RIVER *** [Kd Kh 7s 6d] [3h]
J0SHB0SH: checks 
DL1B: bets $20.55
J0SHB0SH: folds 
Uncalled bet ($20.55) returned to DL1B
DL1B collected $27.04 from pot
DL1B: doesn't show hand 
*** SUMMARY ***
Total pot $28.46 | Rake $1.42 
Board [Kd Kh 7s 6d 3h]
Seat 2: value_ftw
Seat 1: jockey6969 folded before Flop (didn't bet)
Seat 3: DL1B collected ($27.04)
Seat 4: Manifestorr (button) folded before Flop (didn't bet)
Seat 5: socito (small blind) folded before Flop
Seat 6: J0SHB0SH (big blind) folded on the River



PokerStars Hand #254626642039:  Hold'em No Limit ($0.50/$1.00 USD) - 2025/01/30 20:01:06 WET [2025/01/30 15:01:06 ET]
Table 'Troilus' 6-max Seat #5 is the button
Seat 2: value_ftw ($100 in chips) is sitting out
Seat 1: jockey6969 ($6.50 in chips) 
Seat 3: DL1B ($117.64 in chips) 
Seat 4: Manifestorr ($100 in chips) 
Seat 5: socito ($118.42 in chips) 
Seat 6: J0SHB0SH ($100 in chips) 
J0SHB0SH: posts small blind $0.50
jockey6969: posts big blind $1
value_ftw: sits out 
*** HOLE CARDS ***
DL1B: raises $1 to $2
Manifestorr: folds 
socito: raises $5 to $7
J0SHB0SH: folds 
jockey6969: calls $5.50 and is all-in
DL1B: raises $17.50 to $24.50
socito: folds 
Uncalled bet ($17.50) returned to DL1B
*** FLOP *** [7d 2d 3h]
*** TURN *** [7d 2d 3h] [Kc]
*** RIVER *** [7d 2d 3h Kc] [5c]
*** SHOW DOWN ***
DL1B: shows [As Js] (high card Ace)
DL1B collected $0.95 from side pot
jockey6969: shows [8s 8h] (a pair of Eights)
jockey6969 collected $19 from main pot
*** SUMMARY ***
Total pot $21 Main pot $19. Side pot $0.95. | Rake $1.05 
Board [7d 2d 3h Kc 5c]
Seat 2: value_ftw
Seat 1: jockey6969 (big blind) showed [8s 8h] and won ($19) with a pair of Eights
Seat 3: DL1B showed [As Js] and won ($0.95) with high card Ace
Seat 4: Manifestorr folded before Flop (didn't bet)
Seat 5: socito (button) folded before Flop
Seat 6: J0SHB0SH (small blind) folded before Flop



PokerStars Hand #254626654398:  Hold'em No Limit ($0.50/$1.00 USD) - 2025/01/30 20:01:56 WET [2025/01/30 15:01:56 ET]
Table 'Troilus' 6-max Seat #6 is the button
Seat 1: jockey6969 ($19 in chips) 
Seat 2: value_ftw ($100 in chips) 
Seat 3: DL1B ($111.59 in chips) 
Seat 4: Manifestorr ($100 in chips) 
Seat 5: socito ($111.42 in chips) 
Seat 6: J0SHB0SH ($100 in chips) 
jockey6969: posts small blind $0.50
value_ftw: posts big blind $1
*** HOLE CARDS ***
DL1B: folds 
Manifestorr: folds 
socito: raises $1.50 to $2.50
J0SHB0SH: folds 
jockey6969: calls $2
value_ftw: folds 
*** FLOP *** [6d 2s Ad]
jockey6969: checks 
socito: bets $1.43
jockey6969: calls $1.43
*** TURN *** [6d 2s Ad] [Tc]
jockey6969: checks 
socito: checks 
*** RIVER *** [6d 2s Ad Tc] [Th]
jockey6969: checks 
socito: checks 
*** SHOW DOWN ***
jockey6969: shows [9h 2h] (two pair, Tens and Deuces)
socito: shows [5c 6c] (two pair, Tens and Sixes)
socito collected $8.42 from pot
*** SUMMARY ***
Total pot $8.86 | Rake $0.44 
Board [6d 2s Ad Tc Th]
Seat 1: jockey6969 (small blind) showed [9h 2h] and lost with two pair, Tens and Deuces
Seat 2: value_ftw (big blind) folded before Flop
Seat 3: DL1B folded before Flop (didn't bet)
Seat 4: Manifestorr folded before Flop (didn't bet)
Seat 5: socito showed [5c 6c] and won ($8.42) with two pair, Tens and Sixes
Seat 6: J0SHB0SH (button) folded before Flop (didn't bet)



PokerStars Hand #254626668127:  Hold'em No Limit ($0.50/$1.00 USD) - 2025/01/30 20:02:48 WET [2025/01/30 15:02:48 ET]
Table 'Troilus' 6-max Seat #1 is the button
Seat 1: jockey6969 ($15.07 in chips) 
Seat 2: value_ftw ($100 in chips) 
Seat 3: DL1B ($111.59 in chips) 
Seat 4: Manifestorr ($100 in chips) 
Seat 5: socito ($115.91 in chips) 
Seat 6: J0SHB0SH ($100 in chips) 
value_ftw: posts small blind $0.50
DL1B: posts big blind $1
*** HOLE CARDS ***
Manifestorr: folds 
socito: folds 
J0SHB0SH: folds 
jockey6969: folds 
value_ftw: folds 
Uncalled bet ($0.50) returned to DL1B
DL1B collected $1 from pot
DL1B: doesn't show hand 
*** SUMMARY ***
Total pot $1 | Rake $0 
Seat 1: jockey6969 (button) folded before Flop (didn't bet)
Seat 2: value_ftw (small blind) folded before Flop
Seat 3: DL1B (big blind) collected ($1)
Seat 4: Manifestorr folded before Flop (didn't bet)
Seat 5: socito folded before Flop (didn't bet)
Seat 6: J0SHB0SH folded before Flop (didn't bet)



PokerStars Hand #254626671025:  Hold'em No Limit ($0.50/$1.00 USD) - 2025/01/30 20:02:58 WET [2025/01/30 15:02:58 ET]
Table 'Troilus' 6-max Seat #2 is the button
Seat 1: jockey6969 ($15.07 in chips) 
Seat 2: value_ftw ($100 in chips) 
Seat 3: DL1B ($112.09 in chips) 
Seat 4: Manifestorr ($100 in chips) 
Seat 5: socito ($115.91 in chips) 
Seat 6: J0SHB0SH ($100 in chips) 
DL1B: posts small blind $0.50
Manifestorr: posts big blind $1
*** HOLE CARDS ***
socito: folds 
J0SHB0SH: raises $1 to $2
jockey6969: folds 
value_ftw: folds 
DL1B: folds 
Manifestorr: folds 
Uncalled bet ($1) returned to J0SHB0SH
J0SHB0SH collected $2.50 from pot
J0SHB0SH: doesn't show hand 
*** SUMMARY ***
Total pot $2.50 | Rake $0 
Seat 1: jockey6969 folded before Flop (didn't bet)
Seat 2: value_ftw (button) folded before Flop (didn't bet)
Seat 3: DL1B (small blind) folded before Flop
Seat 4: Manifestorr (big blind) folded before Flop
Seat 5: socito folded before Flop (didn't bet)
Seat 6: J0SHB0SH collected ($2.50)



PokerStars Hand #254626680665:  Hold'em No Limit ($0.50/$1.00 USD) - 2025/01/30 20:03:33 WET [2025/01/30 15:03:33 ET]
Table 'Troilus' 6-max Seat #3 is the button
Seat 1: jockey6969 ($15.07 in chips) 
Seat 2: value_ftw ($100 in chips) 
Seat 3: DL1B ($111.59 in chips) 
Seat 4: Manifestorr ($100 in chips) 
Seat 5: socito ($115.91 in chips) 
Seat 6: J0SHB0SH ($101.50 in chips) 
Manifestorr: posts small blind $0.50
socito: posts big blind $1
*** HOLE CARDS ***
J0SHB0SH: folds 
jockey6969: folds 
value_ftw: folds 
DL1B: folds 
Manifestorr: raises $2 to $3
socito: raises $6 to $9
Manifestorr: calls $6
*** FLOP *** [3c 7h 4d]
Manifestorr: checks 
socito: checks 
*** TURN *** [3c 7h 4d] [4h]
Manifestorr: checks 
socito: checks 
*** RIVER *** [3c 7h 4d 4h] [3h]
Manifestorr: checks 
socito: bets $8.55
Manifestorr: calls $8.55
*** SHOW DOWN ***
socito: shows [Td As] (two pair, Fours and Threes)
Manifestorr: mucks hand 
socito collected $33.34 from pot
*** SUMMARY ***
Total pot $35.10 | Rake $1.76 
Board [3c 7h 4d 4h 3h]
Seat 1: jockey6969 folded before Flop (didn't bet)
Seat 2: value_ftw folded before Flop (didn't bet)
Seat 3: DL1B (button) folded before Flop (didn't bet)
Seat 4: Manifestorr (small blind) mucked
Seat 5: socito (big blind) showed [Td As] and won ($33.34) with two pair, Fours and Threes
Seat 6: J0SHB0SH folded before Flop (didn't bet)



PokerStars Hand #254626705567:  Hold'em No Limit ($0.50/$1.00 USD) - 2025/01/30 20:04:59 WET [2025/01/30 15:04:59 ET]
Table 'Troilus' 6-max Seat #4 is the button
Seat 1: jockey6969 ($15.07 in chips) 
Seat 2: value_ftw ($100 in chips) 
Seat 3: DL1B ($111.59 in chips) 
Seat 4: Manifestorr ($100 in chips) 
Seat 5: socito ($131.70 in chips) 
Seat 6: J0SHB0SH ($101.50 in chips) 
socito: posts small blind $0.50
J0SHB0SH: posts big blind $1
*** HOLE CARDS ***
jockey6969: calls $1
value_ftw: folds 
DL1B: folds 
Manifestorr: folds 
socito: raises $3.50 to $4.50
J0SHB0SH: folds 
jockey6969: calls $3.50
*** FLOP *** [Qs Qc Kc]
socito: checks 
jockey6969: bets $9.50
socito: raises $9.50 to $19
jockey6969: calls $1.07 and is all-in
Uncalled bet ($8.43) returned to socito
*** TURN *** [Qs Qc Kc] [Th]
*** RIVER *** [Qs Qc Kc Th] [3c]
*** SHOW DOWN ***
socito: shows [Ah Jd] (a straight, Ten to Ace)
jockey6969: shows [Kd 9c] (two pair, Kings and Queens)
socito collected $29.58 from pot
*** SUMMARY ***
Total pot $31.14 | Rake $1.56 
Board [Qs Qc Kc Th 3c]
Seat 1: jockey6969 showed [Kd 9c] and lost with two pair, Kings and Queens
Seat 2: value_ftw folded before Flop (didn't bet)
Seat 3: DL1B folded before Flop (didn't bet)
Seat 4: Manifestorr (button) folded before Flop (didn't bet)
Seat 5: socito (small blind) showed [Ah Jd] and won ($29.58) with a straight, Ten to Ace
Seat 6: J0SHB0SH (big blind) folded before Flop



PokerStars Hand #254626725820:  Hold'em No Limit ($0.50/$1.00 USD) - 2025/01/30 20:06:08 WET [2025/01/30 15:06:08 ET]
Table 'Troilus' 6-max Seat #5 is the button
Seat 1: jockey6969 ($0 in chips) is sitting out
Seat 2: value_ftw ($100 in chips) is sitting out
Seat 3: DL1B ($111.59 in chips) 
Seat 4: Manifestorr ($100 in chips) 
Seat 5: socito ($146.21 in chips) 
Seat 6: J0SHB0SH ($100.50 in chips) 
J0SHB0SH: posts small blind $0.50
value_ftw: is sitting out 
DL1B: posts big blind $1
*** HOLE CARDS ***
Manifestorr: folds 
socito: folds 
J0SHB0SH: folds 
Uncalled bet ($0.50) returned to DL1B
DL1B collected $1 from pot
DL1B: doesn't show hand 
*** SUMMARY ***
Total pot $1 | Rake $0 
Seat 1: jockey6969
Seat 2: value_ftw
Seat 3: DL1B (big blind) collected ($1)
Seat 4: Manifestorr folded before Flop (didn't bet)
Seat 5: socito (button) folded before Flop (didn't bet)
Seat 6: J0SHB0SH (small blind) folded before Flop



PokerStars Hand #254626729827:  Hold'em No Limit ($0.50/$1.00 USD) - 2025/01/30 20:06:22 WET [2025/01/30 15:06:22 ET]
Table 'Troilus' 6-max Seat #6 is the button
Seat 1: jockey6969 ($40 in chips) is sitting out
Seat 2: value_ftw ($100 in chips) is sitting out
Seat 3: DL1B ($112.09 in chips) 
Seat 4: Manifestorr ($100 in chips) 
Seat 5: socito ($146.21 in chips) 
Seat 6: J0SHB0SH ($100 in chips) 
DL1B: posts small blind $0.50
Manifestorr: posts big blind $1
*** HOLE CARDS ***
socito: folds 
J0SHB0SH: raises $1.50 to $2.50
DL1B: folds 
Manifestorr: folds 
Uncalled bet ($1.50) returned to J0SHB0SH
J0SHB0SH collected $2.50 from pot
J0SHB0SH: doesn't show hand 
*** SUMMARY ***
Total pot $2.50 | Rake $0 
Seat 1: jockey6969
Seat 2: value_ftw
Seat 3: DL1B (small blind) folded before Flop
Seat 4: Manifestorr (big blind) folded before Flop
Seat 5: socito folded before Flop (didn't bet)
Seat 6: J0SHB0SH (button) collected ($2.50)



PokerStars Hand #254626733184:  Hold'em No Limit ($0.50/$1.00 USD) - 2025/01/30 20:06:33 WET [2025/01/30 15:06:33 ET]
Table 'Troilus' 6-max Seat #3 is the button
Seat 2: value_ftw ($100 in chips) is sitting out
Seat 1: jockey6969 ($40 in chips) 
Seat 3: DL1B ($111.59 in chips) 
Seat 4: Manifestorr ($100 in chips) 
Seat 5: socito ($146.21 in chips) 
Seat 6: J0SHB0SH ($101.50 in chips) 
Manifestorr: posts small blind $0.50
socito: posts big blind $1
jockey6969: posts small & big blinds $1.50
value_ftw: sits out 
*** HOLE CARDS ***
J0SHB0SH: raises $3 to $4
jockey6969: calls $3
DL1B: folds 
Manifestorr: folds 
socito: folds 
*** FLOP *** [As Tc 6d]
J0SHB0SH: checks 
jockey6969: checks 
*** TURN *** [As Tc 6d] [4d]
J0SHB0SH: checks 
jockey6969: checks 
*** RIVER *** [As Tc 6d 4d] [7c]
J0SHB0SH: bets $6.27
jockey6969: folds 
Uncalled bet ($6.27) returned to J0SHB0SH
J0SHB0SH collected $9.50 from pot
J0SHB0SH: doesn't show hand 
*** SUMMARY ***
Total pot $10 | Rake $0.50 
Board [As Tc 6d 4d 7c]
Seat 2: value_ftw
Seat 1: jockey6969 folded on the River
Seat 3: DL1B (button) folded before Flop (didn't bet)
Seat 4: Manifestorr (small blind) folded before Flop
Seat 5: socito (big blind) folded before Flop
Seat 6: J0SHB0SH collected ($9.50)



PokerStars Hand #254626746476:  Hold'em No Limit ($0.50/$1.00 USD) - 2025/01/30 20:07:18 WET [2025/01/30 15:07:18 ET]
Table 'Troilus' 6-max Seat #4 is the button
Seat 2: value_ftw ($100 in chips) is sitting out
Seat 1: jockey6969 ($35.50 in chips) 
Seat 3: DL1B ($111.59 in chips) 
Seat 4: Manifestorr ($100 in chips) 
Seat 5: socito ($145.21 in chips) 
Seat 6: J0SHB0SH ($107 in chips) 
socito: posts small blind $0.50
J0SHB0SH: posts big blind $1
value_ftw: sits out 
*** HOLE CARDS ***
jockey6969: folds 
DL1B: folds 
Manifestorr: raises $1.20 to $2.20
socito: folds 
J0SHB0SH: folds 
Uncalled bet ($1.20) returned to Manifestorr
Manifestorr collected $2.50 from pot
*** SUMMARY ***
Total pot $2.50 | Rake $0 
Seat 2: value_ftw
Seat 1: jockey6969 folded before Flop (didn't bet)
Seat 3: DL1B folded before Flop (didn't bet)
Seat 4: Manifestorr (button) collected ($2.50)
Seat 5: socito (small blind) folded before Flop
Seat 6: J0SHB0SH (big blind) folded before Flop



PokerStars Hand #254626752749:  Hold'em No Limit ($0.50/$1.00 USD) - 2025/01/30 20:07:39 WET [2025/01/30 15:07:39 ET]
Table 'Troilus' 6-max Seat #5 is the button
Seat 2: value_ftw ($100 in chips) is sitting out
Seat 1: jockey6969 ($35.50 in chips) 
Seat 3: DL1B ($111.59 in chips) 
Seat 4: Manifestorr ($101.50 in chips) 
Seat 5: socito ($144.71 in chips) 
Seat 6: J0SHB0SH ($106 in chips) 
J0SHB0SH: posts small blind $0.50
jockey6969: posts big blind $1
value_ftw: sits out 
*** HOLE CARDS ***
DL1B: folds 
Manifestorr: folds 
socito: folds 
J0SHB0SH: raises $2 to $3
jockey6969: folds 
Uncalled bet ($2) returned to J0SHB0SH
J0SHB0SH collected $2 from pot
J0SHB0SH: doesn't show hand 
*** SUMMARY ***
Total pot $2 | Rake $0 
Seat 2: value_ftw
Seat 1: jockey6969 (big blind) folded before Flop
Seat 3: DL1B folded before Flop (didn't bet)
Seat 4: Manifestorr folded before Flop (didn't bet)
Seat 5: socito (button) folded before Flop (didn't bet)
Seat 6: J0SHB0SH (small blind) collected ($2)



PokerStars Hand #254626756701:  Hold'em No Limit ($0.50/$1.00 USD) - 2025/01/30 20:07:52 WET [2025/01/30 15:07:52 ET]
Table 'Troilus' 6-max Seat #6 is the button
Seat 1: jockey6969 ($34.50 in chips) 
Seat 2: value_ftw ($100 in chips) 
Seat 3: DL1B ($111.59 in chips) 
Seat 4: Manifestorr ($101.50 in chips) 
Seat 5: socito ($144.71 in chips) 
Seat 6: J0SHB0SH ($107 in chips) 
jockey6969: posts small blind $0.50
value_ftw: posts big blind $1
*** HOLE CARDS ***
DL1B: raises $1 to $2
Manifestorr: folds 
socito: folds 
J0SHB0SH: folds 
jockey6969: folds 
value_ftw: raises $8 to $10
DL1B: folds 
Uncalled bet ($8) returned to value_ftw
value_ftw collected $4.50 from pot
value_ftw: doesn't show hand 
DL1B leaves the table
*** SUMMARY ***
Total pot $4.50 | Rake $0 
Seat 1: jockey6969 (small blind) folded before Flop
Seat 2: value_ftw (big blind) collected ($4.50)
Seat 3: DL1B folded before Flop
Seat 4: Manifestorr folded before Flop (didn't bet)
Seat 5: socito folded before Flop (didn't bet)
Seat 6: J0SHB0SH (button) folded before Flop (didn't bet)



PokerStars Hand #254626793891:  Hold'em No Limit ($0.50/$1.00 USD) - 2025/01/30 20:09:58 WET [2025/01/30 15:09:58 ET]
Table 'Troilus' 6-max Seat #4 is the button
Seat 3: tintin641 ($100 in chips) is sitting out
Seat 1: jockey6969 ($35.38 in chips) 
Seat 2: value_ftw ($126.45 in chips) 
Seat 4: Manifestorr ($100 in chips) 
Seat 5: socito ($143.71 in chips) 
Seat 6: J0SHB0SH ($107 in chips) 
socito: posts small blind $0.50
J0SHB0SH: posts big blind $1
tintin641: sits out 
*** HOLE CARDS ***
jockey6969: raises $1 to $2
value_ftw: folds 
Manifestorr: folds 
socito: folds 
J0SHB0SH: folds 
Uncalled bet ($1) returned to jockey6969
jockey6969 collected $2.50 from pot
jockey6969: doesn't show hand 
*** SUMMARY ***
Total pot $2.50 | Rake $0 
Seat 3: tintin641
Seat 1: jockey6969 collected ($2.50)
Seat 2: value_ftw folded before Flop (didn't bet)
Seat 4: Manifestorr (button) folded before Flop (didn't bet)
Seat 5: socito (small blind) folded before Flop
Seat 6: J0SHB0SH (big blind) folded before Flop



PokerStars Hand #254626800267:  Hold'em No Limit ($0.50/$1.00 USD) - 2025/01/30 20:10:20 WET [2025/01/30 15:10:20 ET]
Table 'Troilus' 6-max Seat #5 is the button
Seat 3: tintin641 ($100 in chips) is sitting out
Seat 1: jockey6969 ($36.88 in chips) 
Seat 2: value_ftw ($126.45 in chips) 
Seat 4: Manifestorr ($100 in chips) 
Seat 5: socito ($143.21 in chips) 
Seat 6: J0SHB0SH ($106 in chips) 
J0SHB0SH: posts small blind $0.50
jockey6969: posts big blind $1
tintin641: sits out 
*** HOLE CARDS ***
value_ftw: folds 
Manifestorr: raises $1.20 to $2.20
socito: folds 
J0SHB0SH: folds 
jockey6969: folds 
Uncalled bet ($1.20) returned to Manifestorr
Manifestorr collected $2.50 from pot
*** SUMMARY ***
Total pot $2.50 | Rake $0 
Seat 3: tintin641
Seat 1: jockey6969 (big blind) folded before Flop
Seat 2: value_ftw folded before Flop (didn't bet)
Seat 4: Manifestorr collected ($2.50)
Seat 5: socito (button) folded before Flop (didn't bet)
Seat 6: J0SHB0SH (small blind) folded before Flop



PokerStars Hand #254626804919:  Hold'em No Limit ($0.50/$1.00 USD) - 2025/01/30 20:10:35 WET [2025/01/30 15:10:35 ET]
Table 'Troilus' 6-max Seat #6 is the button
Seat 3: tintin641 ($100 in chips) is sitting out
Seat 1: jockey6969 ($35.88 in chips) 
Seat 2: value_ftw ($126.45 in chips) 
Seat 4: Manifestorr ($101.50 in chips) 
Seat 5: socito ($143.21 in chips) 
Seat 6: J0SHB0SH ($105.50 in chips) 
jockey6969: posts small blind $0.50
value_ftw: posts big blind $1
tintin641: sits out 
*** HOLE CARDS ***
Manifestorr: folds 
socito: raises $1.50 to $2.50
J0SHB0SH: folds 
jockey6969: folds 
value_ftw: folds 
Uncalled bet ($1.50) returned to socito
socito collected $2.50 from pot
socito: doesn't show hand 
*** SUMMARY ***
Total pot $2.50 | Rake $0 
Seat 3: tintin641
Seat 1: jockey6969 (small blind) folded before Flop
Seat 2: value_ftw (big blind) folded before Flop
Seat 4: Manifestorr folded before Flop (didn't bet)
Seat 5: socito collected ($2.50)
Seat 6: J0SHB0SH (button) folded before Flop (didn't bet)



PokerStars Hand #254626811290:  Hold'em No Limit ($0.50/$1.00 USD) - 2025/01/30 20:10:57 WET [2025/01/30 15:10:57 ET]
Table 'Troilus' 6-max Seat #1 is the button
Seat 1: jockey6969 ($35.38 in chips) 
Seat 2: value_ftw ($125.45 in chips) 
Seat 3: tintin641 ($100 in chips) 
Seat 4: Manifestorr ($101.50 in chips) 
Seat 5: socito ($144.71 in chips) 
Seat 6: J0SHB0SH ($105.50 in chips) 
value_ftw: posts small blind $0.50
tintin641: posts big blind $1
*** HOLE CARDS ***
Manifestorr: folds 
socito: raises $1.50 to $2.50
J0SHB0SH: folds 
jockey6969: folds 
value_ftw: folds 
tintin641: calls $1.50
*** FLOP *** [Js 2h 6d]
tintin641: checks 
socito: bets $1.72
tintin641: raises $4.33 to $6.05
socito: folds 
Uncalled bet ($4.33) returned to tintin641
tintin641 collected $8.49 from pot
tintin641: doesn't show hand 
*** SUMMARY ***
Total pot $8.94 | Rake $0.45 
Board [Js 2h 6d]
Seat 1: jockey6969 (button) folded before Flop (didn't bet)
Seat 2: value_ftw (small blind) folded before Flop
Seat 3: tintin641 (big blind) collected ($8.49)
Seat 4: Manifestorr folded before Flop (didn't bet)
Seat 5: socito folded on the Flop
Seat 6: J0SHB0SH folded before Flop (didn't bet)



PokerStars Hand #254626830266:  Hold'em No Limit ($0.50/$1.00 USD) - 2025/01/30 20:12:02 WET [2025/01/30 15:12:02 ET]
Table 'Troilus' 6-max Seat #2 is the button
Seat 1: jockey6969 ($35.38 in chips) 
Seat 2: value_ftw ($124.95 in chips) 
Seat 3: tintin641 ($104.27 in chips) 
Seat 4: Manifestorr ($101.50 in chips) 
Seat 5: socito ($140.49 in chips) 
Seat 6: J0SHB0SH ($105.50 in chips) 
tintin641: posts small blind $0.50
Manifestorr: posts big blind $1
*** HOLE CARDS ***
socito: folds 
J0SHB0SH: folds 
jockey6969: folds 
value_ftw: raises $1.50 to $2.50
tintin641: folds 
Manifestorr: raises $9.50 to $12
value_ftw: folds 
Uncalled bet ($9.50) returned to Manifestorr
Manifestorr collected $5.50 from pot
*** SUMMARY ***
Total pot $5.50 | Rake $0 
Seat 1: jockey6969 folded before Flop (didn't bet)
Seat 2: value_ftw (button) folded before Flop
Seat 3: tintin641 (small blind) folded before Flop
Seat 4: Manifestorr (big blind) collected ($5.50)
Seat 5: socito folded before Flop (didn't bet)
Seat 6: J0SHB0SH folded before Flop (didn't bet)



PokerStars Hand #254626836959:  Hold'em No Limit ($0.50/$1.00 USD) - 2025/01/30 20:12:25 WET [2025/01/30 15:12:25 ET]
Table 'Troilus' 6-max Seat #3 is the button
Seat 1: jockey6969 ($35.38 in chips) 
Seat 2: value_ftw ($122.45 in chips) 
Seat 3: tintin641 ($103.77 in chips) 
Seat 4: Manifestorr ($104.50 in chips) 
Seat 5: socito ($140.49 in chips) 
Seat 6: J0SHB0SH ($105.50 in chips) 
Manifestorr: posts small blind $0.50
socito: posts big blind $1
*** HOLE CARDS ***
J0SHB0SH: raises $1 to $2
jockey6969: calls $2
value_ftw: folds 
tintin641: folds 
Manifestorr: folds 
socito: raises $9 to $11
J0SHB0SH: folds 
jockey6969: calls $9
*** FLOP *** [7c 2c 9c]
socito: checks 
jockey6969: bets $23.28
socito: raises $23.28 to $46.56
jockey6969: calls $1.10 and is all-in
Uncalled bet ($22.18) returned to socito
*** TURN *** [7c 2c 9c] [7d]
*** RIVER *** [7c 2c 9c 7d] [4c]
*** SHOW DOWN ***
socito: shows [Kc Ah] (a flush, King high)
jockey6969: shows [5s 5h] (two pair, Sevens and Fives)
socito collected $70.76 from pot
*** SUMMARY ***
Total pot $73.26 | Rake $2.50 
Board [7c 2c 9c 7d 4c]
Seat 1: jockey6969 showed [5s 5h] and lost with two pair, Sevens and Fives
Seat 2: value_ftw folded before Flop (didn't bet)
Seat 3: tintin641 (button) folded before Flop (didn't bet)
Seat 4: Manifestorr (small blind) folded before Flop
Seat 5: socito (big blind) showed [Kc Ah] and won ($70.76) with a flush, King high
Seat 6: J0SHB0SH folded before Flop



PokerStars Hand #254626853479:  Hold'em No Limit ($0.50/$1.00 USD) - 2025/01/30 20:13:20 WET [2025/01/30 15:13:20 ET]
Table 'Troilus' 6-max Seat #4 is the button
Seat 1: jockey6969 ($0 in chips) is sitting out
Seat 2: value_ftw ($122.45 in chips) 
Seat 3: tintin641 ($103.77 in chips) 
Seat 4: Manifestorr ($104 in chips) 
Seat 5: socito ($175.87 in chips) 
Seat 6: J0SHB0SH ($103.50 in chips) 
socito: posts small blind $0.50
J0SHB0SH: posts big blind $1
*** HOLE CARDS ***
value_ftw: raises $1.20 to $2.20
tintin641: folds 
Manifestorr: folds 
socito: folds 
J0SHB0SH: folds 
Uncalled bet ($1.20) returned to value_ftw
value_ftw collected $2.50 from pot
value_ftw: doesn't show hand 
*** SUMMARY ***
Total pot $2.50 | Rake $0 
Seat 1: jockey6969
Seat 2: value_ftw collected ($2.50)
Seat 3: tintin641 folded before Flop (didn't bet)
Seat 4: Manifestorr (button) folded before Flop (didn't bet)
Seat 5: socito (small blind) folded before Flop
Seat 6: J0SHB0SH (big blind) folded before Flop



PokerStars Hand #254626858683:  Hold'em No Limit ($0.50/$1.00 USD) - 2025/01/30 20:13:38 WET [2025/01/30 15:13:38 ET]
Table 'Troilus' 6-max Seat #5 is the button
Seat 1: jockey6969 ($0 in chips) is sitting out
Seat 2: value_ftw ($123.95 in chips) 
Seat 3: tintin641 ($103.77 in chips) 
Seat 4: Manifestorr ($104 in chips) 
Seat 5: socito ($175.37 in chips) 
Seat 6: J0SHB0SH ($102.50 in chips) 
J0SHB0SH: posts small blind $0.50
value_ftw: posts big blind $1
*** HOLE CARDS ***
tintin641: raises $1.50 to $2.50
Manifestorr: raises $5.50 to $8
socito: folds 
J0SHB0SH: folds 
value_ftw: folds 
tintin641: raises $14 to $22
Manifestorr: raises $82 to $104 and is all-in
tintin641: calls $81.77 and is all-in
Uncalled bet ($0.23) returned to Manifestorr
*** FIRST FLOP *** [2d Td 6h]
*** FIRST TURN *** [2d Td 6h] [4c]
*** FIRST RIVER *** [2d Td 6h 4c] [Qs]
*** SECOND FLOP *** [7d Kd Qh]
*** SECOND TURN *** [7d Kd Qh] [7s]
*** SECOND RIVER *** [7d Kd Qh 7s] [4s]
*** FIRST SHOW DOWN ***
tintin641: shows [Qc Qd] (three of a kind, Queens)
Manifestorr: shows [As Ah] (a pair of Aces)
tintin641 collected $103.27 from pot
*** SECOND SHOW DOWN ***
tintin641: shows [Qc Qd] (a full house, Queens full of Sevens)
Manifestorr: shows [As Ah] (two pair, Aces and Sevens)
tintin641 collected $103.27 from pot
*** SUMMARY ***
Total pot $209.04 | Rake $2.50 
Hand was run twice
FIRST Board [2d Td 6h 4c Qs]
SECOND Board [7d Kd Qh 7s 4s]
Seat 1: jockey6969
Seat 2: value_ftw (big blind) folded before Flop
Seat 3: tintin641 showed [Qc Qd] and won ($103.27) with three of a kind, Queens, and won ($103.27) with a full house, Queens full of Sevens
Seat 4: Manifestorr showed [As Ah] and lost with a pair of Aces, and lost with two pair, Aces and Sevens
Seat 5: socito (button) folded before Flop (didn't bet)
Seat 6: J0SHB0SH (small blind) folded before Flop



PokerStars Hand #254626871804:  Hold'em No Limit ($0.50/$1.00 USD) - 2025/01/30 20:14:22 WET [2025/01/30 15:14:22 ET]
Table 'Troilus' 6-max Seat #6 is the button
Seat 1: jockey6969 ($20 in chips) is sitting out
Seat 2: value_ftw ($122.95 in chips) 
Seat 3: tintin641 ($206.54 in chips) 
Seat 4: Manifestorr ($100 in chips) 
Seat 5: socito ($175.37 in chips) 
Seat 6: J0SHB0SH ($102 in chips) 
value_ftw: posts small blind $0.50
tintin641: posts big blind $1
*** HOLE CARDS ***
Manifestorr: folds 
socito: folds 
J0SHB0SH: raises $1.50 to $2.50
value_ftw: folds 
tintin641: folds 
Uncalled bet ($1.50) returned to J0SHB0SH
J0SHB0SH collected $2.50 from pot
J0SHB0SH: doesn't show hand 
*** SUMMARY ***
Total pot $2.50 | Rake $0 
Seat 1: jockey6969
Seat 2: value_ftw (small blind) folded before Flop
Seat 3: tintin641 (big blind) folded before Flop
Seat 4: Manifestorr folded before Flop (didn't bet)
Seat 5: socito folded before Flop (didn't bet)
Seat 6: J0SHB0SH (button) collected ($2.50)



PokerStars Hand #254626875552:  Hold'em No Limit ($0.50/$1.00 USD) - 2025/01/30 20:14:34 WET [2025/01/30 15:14:34 ET]
Table 'Troilus' 6-max Seat #2 is the button
Seat 1: jockey6969 ($20 in chips) 
Seat 2: value_ftw ($122.45 in chips) 
Seat 3: tintin641 ($205.54 in chips) 
Seat 4: Manifestorr ($100 in chips) 
Seat 5: socito ($175.37 in chips) 
Seat 6: J0SHB0SH ($103.50 in chips) 
tintin641: posts small blind $0.50
Manifestorr: posts big blind $1
jockey6969: posts small & big blinds $1.50
*** HOLE CARDS ***
socito: folds 
J0SHB0SH: raises $3 to $4
jockey6969: folds 
value_ftw: folds 
tintin641: folds 
Manifestorr: folds 
Uncalled bet ($3) returned to J0SHB0SH
J0SHB0SH collected $4 from pot
J0SHB0SH: doesn't show hand 
*** SUMMARY ***
Total pot $4 | Rake $0 
Seat 1: jockey6969 folded before Flop (didn't bet)
Seat 2: value_ftw (button) folded before Flop (didn't bet)
Seat 3: tintin641 (small blind) folded before Flop
Seat 4: Manifestorr (big blind) folded before Flop
Seat 5: socito folded before Flop (didn't bet)
Seat 6: J0SHB0SH collected ($4)



PokerStars Hand #254626881822:  Hold'em No Limit ($0.50/$1.00 USD) - 2025/01/30 20:14:55 WET [2025/01/30 15:14:55 ET]
Table 'Troilus' 6-max Seat #3 is the button
Seat 1: jockey6969 ($18.50 in chips) 
Seat 2: value_ftw ($122.45 in chips) 
Seat 3: tintin641 ($205.04 in chips) 
Seat 4: Manifestorr ($100 in chips) 
Seat 5: socito ($175.37 in chips) 
Seat 6: J0SHB0SH ($106.50 in chips) 
Manifestorr: posts small blind $0.50
socito: posts big blind $1
*** HOLE CARDS ***
J0SHB0SH: folds 
jockey6969: folds 
value_ftw: folds 
tintin641: folds 
Manifestorr: raises $2 to $3
socito: raises $6 to $9
Manifestorr: raises $15 to $24
socito: folds 
Uncalled bet ($15) returned to Manifestorr
Manifestorr collected $18 from pot
*** SUMMARY ***
Total pot $18 | Rake $0 
Seat 1: jockey6969 folded before Flop (didn't bet)
Seat 2: value_ftw folded before Flop (didn't bet)
Seat 3: tintin641 (button) folded before Flop (didn't bet)
Seat 4: Manifestorr (small blind) collected ($18)
Seat 5: socito (big blind) folded before Flop
Seat 6: J0SHB0SH folded before Flop (didn't bet)



PokerStars Hand #254626895293:  Hold'em No Limit ($0.50/$1.00 USD) - 2025/01/30 20:15:40 WET [2025/01/30 15:15:40 ET]
Table 'Troilus' 6-max Seat #4 is the button
Seat 1: jockey6969 ($18.50 in chips) 
Seat 2: value_ftw ($122.45 in chips) 
Seat 3: tintin641 ($205.04 in chips) 
Seat 4: Manifestorr ($109 in chips) 
Seat 5: socito ($166.37 in chips) 
Seat 6: J0SHB0SH ($106.50 in chips) 
socito: posts small blind $0.50
J0SHB0SH: posts big blind $1
*** HOLE CARDS ***
jockey6969: calls $1
value_ftw: folds 
tintin641: folds 
Manifestorr: folds 
socito: calls $0.50
J0SHB0SH: raises $5 to $6
jockey6969: calls $5
socito: folds 
*** FLOP *** [8d Td 5c]
J0SHB0SH: bets $18.53
jockey6969: calls $12.50 and is all-in
Uncalled bet ($6.03) returned to J0SHB0SH
*** TURN *** [8d Td 5c] [Kd]
*** RIVER *** [8d Td 5c Kd] [Qh]
*** SHOW DOWN ***
J0SHB0SH: shows [Ad Th] (a pair of Tens)
jockey6969: shows [Ts Qc] (two pair, Queens and Tens)
jockey6969 collected $36.10 from pot
*** SUMMARY ***
Total pot $38 | Rake $1.90 
Board [8d Td 5c Kd Qh]
Seat 1: jockey6969 showed [Ts Qc] and won ($36.10) with two pair, Queens and Tens
Seat 2: value_ftw folded before Flop (didn't bet)
Seat 3: tintin641 folded before Flop (didn't bet)
Seat 4: Manifestorr (button) folded before Flop (didn't bet)
Seat 5: socito (small blind) folded before Flop
Seat 6: J0SHB0SH (big blind) showed [Ad Th] and lost with a pair of Tens



PokerStars Hand #254626911056:  Hold'em No Limit ($0.50/$1.00 USD) - 2025/01/30 20:16:33 WET [2025/01/30 15:16:33 ET]
Table 'Troilus' 6-max Seat #5 is the button
Seat 1: jockey6969 ($36.10 in chips) 
Seat 2: value_ftw ($122.45 in chips) 
Seat 3: tintin641 ($205.04 in chips) 
Seat 4: Manifestorr ($109 in chips) 
Seat 5: socito ($165.37 in chips) 
Seat 6: J0SHB0SH ($100 in chips) 
J0SHB0SH: posts small blind $0.50
jockey6969: posts big blind $1
*** HOLE CARDS ***
value_ftw: folds 
tintin641: folds 
Manifestorr: raises $1.20 to $2.20
socito: folds 
J0SHB0SH: folds 
jockey6969: folds 
Uncalled bet ($1.20) returned to Manifestorr
Manifestorr collected $2.50 from pot
*** SUMMARY ***
Total pot $2.50 | Rake $0 
Seat 1: jockey6969 (big blind) folded before Flop
Seat 2: value_ftw folded before Flop (didn't bet)
Seat 3: tintin641 folded before Flop (didn't bet)
Seat 4: Manifestorr collected ($2.50)
Seat 5: socito (button) folded before Flop (didn't bet)
Seat 6: J0SHB0SH (small blind) folded before Flop



PokerStars Hand #254626914826:  Hold'em No Limit ($0.50/$1.00 USD) - 2025/01/30 20:16:45 WET [2025/01/30 15:16:45 ET]
Table 'Troilus' 6-max Seat #6 is the button
Seat 1: jockey6969 ($35.10 in chips) 
Seat 2: value_ftw ($122.45 in chips) 
Seat 3: tintin641 ($205.04 in chips) 
Seat 4: Manifestorr ($110.50 in chips) 
Seat 5: socito ($165.37 in chips) 
Seat 6: J0SHB0SH ($100 in chips) 
jockey6969: posts small blind $0.50
value_ftw: posts big blind $1
*** HOLE CARDS ***
tintin641: folds 
Manifestorr: folds 
socito: folds 
J0SHB0SH: raises $1.50 to $2.50
jockey6969: folds 
value_ftw: calls $1.50
*** FLOP *** [2h 3h 6h]
value_ftw: checks 
J0SHB0SH: checks 
*** TURN *** [2h 3h 6h] [Jd]
value_ftw: bets $1.72
J0SHB0SH: folds 
Uncalled bet ($1.72) returned to value_ftw
value_ftw collected $5.22 from pot
value_ftw: doesn't show hand 
*** SUMMARY ***
Total pot $5.50 | Rake $0.28 
Board [2h 3h 6h Jd]
Seat 1: jockey6969 (small blind) folded before Flop
Seat 2: value_ftw (big blind) collected ($5.22)
Seat 3: tintin641 folded before Flop (didn't bet)
Seat 4: Manifestorr folded before Flop (didn't bet)
Seat 5: socito folded before Flop (didn't bet)
Seat 6: J0SHB0SH (button) folded on the Turn



PokerStars Hand #254626928655:  Hold'em No Limit ($0.50/$1.00 USD) - 2025/01/30 20:17:31 WET [2025/01/30 15:17:31 ET]
Table 'Troilus' 6-max Seat #1 is the button
Seat 1: jockey6969 ($34.60 in chips) 
Seat 2: value_ftw ($125.17 in chips) 
Seat 3: tintin641 ($205.04 in chips) 
Seat 4: Manifestorr ($110.50 in chips) 
Seat 5: socito ($165.37 in chips) 
Seat 6: J0SHB0SH ($100 in chips) 
value_ftw: posts small blind $0.50
tintin641: posts big blind $1
*** HOLE CARDS ***
Manifestorr: folds 
socito: raises $1.50 to $2.50
J0SHB0SH: folds 
jockey6969: calls $2.50
value_ftw: folds 
tintin641: folds 
*** FLOP *** [Td Kh Ts]
socito: bets $1.55
jockey6969: folds 
Uncalled bet ($1.55) returned to socito
socito collected $6.18 from pot
socito: doesn't show hand 
*** SUMMARY ***
Total pot $6.50 | Rake $0.32 
Board [Td Kh Ts]
Seat 1: jockey6969 (button) folded on the Flop
Seat 2: value_ftw (small blind) folded before Flop
Seat 3: tintin641 (big blind) folded before Flop
Seat 4: Manifestorr folded before Flop (didn't bet)
Seat 5: socito collected ($6.18)
Seat 6: J0SHB0SH folded before Flop (didn't bet)



PokerStars Hand #254626938259:  Hold'em No Limit ($0.50/$1.00 USD) - 2025/01/30 20:18:04 WET [2025/01/30 15:18:04 ET]
Table 'Troilus' 6-max Seat #2 is the button
Seat 5: socito ($169.05 in chips) is sitting out
Seat 1: jockey6969 ($32.10 in chips) 
Seat 2: value_ftw ($124.67 in chips) 
Seat 3: tintin641 ($204.04 in chips) 
Seat 4: Manifestorr ($110.50 in chips) 
Seat 6: J0SHB0SH ($100 in chips) 
tintin641: posts small blind $0.50
Manifestorr: posts big blind $1
*** HOLE CARDS ***
socito leaves the table
J0SHB0SH: raises $1 to $2
jockey6969: folds 
kvcsszblcs joins the table at seat #5 
value_ftw: folds 
tintin641: folds 
Manifestorr: calls $1
*** FLOP *** [Ah 8s 5c]
Manifestorr: checks 
J0SHB0SH: bets $1.41
Manifestorr: folds 
Uncalled bet ($1.41) returned to J0SHB0SH
J0SHB0SH collected $4.28 from pot
J0SHB0SH: doesn't show hand 
*** SUMMARY ***
Total pot $4.50 | Rake $0.22 
Board [Ah 8s 5c]
Seat 5: socito
Seat 1: jockey6969 folded before Flop (didn't bet)
Seat 2: value_ftw (button) folded before Flop (didn't bet)
Seat 3: tintin641 (small blind) folded before Flop
Seat 4: Manifestorr (big blind) folded on the Flop
Seat 6: J0SHB0SH collected ($4.28)



PokerStars Hand #254626948313:  Hold'em No Limit ($0.50/$1.00 USD) - 2025/01/30 20:18:37 WET [2025/01/30 15:18:37 ET]
Table 'Troilus' 6-max Seat #3 is the button
Seat 1: jockey6969 ($32.10 in chips) 
Seat 2: value_ftw ($124.67 in chips) 
Seat 3: tintin641 ($203.54 in chips) 
Seat 4: Manifestorr ($108.50 in chips) 
Seat 5: kvcsszblcs ($100 in chips) 
Seat 6: J0SHB0SH ($102.28 in chips) 
Manifestorr: posts small blind $0.50
kvcsszblcs: posts big blind $1
*** HOLE CARDS ***
J0SHB0SH: folds 
jockey6969: folds 
value_ftw: folds 
tintin641: raises $1.50 to $2.50
Manifestorr: folds 
kvcsszblcs: folds 
Uncalled bet ($1.50) returned to tintin641
tintin641 collected $2.50 from pot
tintin641: doesn't show hand 
*** SUMMARY ***
Total pot $2.50 | Rake $0 
Seat 1: jockey6969 folded before Flop (didn't bet)
Seat 2: value_ftw folded before Flop (didn't bet)
Seat 3: tintin641 (button) collected ($2.50)
Seat 4: Manifestorr (small blind) folded before Flop
Seat 5: kvcsszblcs (big blind) folded before Flop
Seat 6: J0SHB0SH folded before Flop (didn't bet)



PokerStars Hand #254626954722:  Hold'em No Limit ($0.50/$1.00 USD) - 2025/01/30 20:18:58 WET [2025/01/30 15:18:58 ET]
Table 'Troilus' 6-max Seat #4 is the button
Seat 1: jockey6969 ($32.10 in chips) 
Seat 2: value_ftw ($124.67 in chips) 
Seat 3: tintin641 ($205.04 in chips) 
Seat 4: Manifestorr ($108 in chips) 
Seat 5: kvcsszblcs ($100 in chips) 
Seat 6: J0SHB0SH ($102.28 in chips) 
kvcsszblcs: posts small blind $0.50
J0SHB0SH: posts big blind $1
*** HOLE CARDS ***
jockey6969: folds 
value_ftw: raises $1.20 to $2.20
tintin641: folds 
Manifestorr: folds 
kvcsszblcs: folds 
J0SHB0SH: folds 
Uncalled bet ($1.20) returned to value_ftw
value_ftw collected $2.50 from pot
value_ftw: doesn't show hand 
*** SUMMARY ***
Total pot $2.50 | Rake $0 
Seat 1: jockey6969 folded before Flop (didn't bet)
Seat 2: value_ftw collected ($2.50)
Seat 3: tintin641 folded before Flop (didn't bet)
Seat 4: Manifestorr (button) folded before Flop (didn't bet)
Seat 5: kvcsszblcs (small blind) folded before Flop
Seat 6: J0SHB0SH (big blind) folded before Flop



PokerStars Hand #254626960038:  Hold'em No Limit ($0.50/$1.00 USD) - 2025/01/30 20:19:16 WET [2025/01/30 15:19:16 ET]
Table 'Troilus' 6-max Seat #5 is the button
Seat 1: jockey6969 ($32.10 in chips) 
Seat 2: value_ftw ($126.17 in chips) 
Seat 3: tintin641 ($205.04 in chips) 
Seat 4: Manifestorr ($108 in chips) 
Seat 5: kvcsszblcs ($100 in chips) 
Seat 6: J0SHB0SH ($101.28 in chips) 
J0SHB0SH: posts small blind $0.50
jockey6969: posts big blind $1
*** HOLE CARDS ***
value_ftw: folds 
tintin641: folds 
Manifestorr: folds 
kvcsszblcs: raises $1.25 to $2.25
J0SHB0SH: folds 
jockey6969: calls $1.25
*** FLOP *** [5h 3h Kh]
jockey6969: checks 
kvcsszblcs: bets $1.19
jockey6969: folds 
Uncalled bet ($1.19) returned to kvcsszblcs
kvcsszblcs collected $4.75 from pot
kvcsszblcs: doesn't show hand 
*** SUMMARY ***
Total pot $5 | Rake $0.25 
Board [5h 3h Kh]
Seat 1: jockey6969 (big blind) folded on the Flop
Seat 2: value_ftw folded before Flop (didn't bet)
Seat 3: tintin641 folded before Flop (didn't bet)
Seat 4: Manifestorr folded before Flop (didn't bet)
Seat 5: kvcsszblcs (button) collected ($4.75)
Seat 6: J0SHB0SH (small blind) folded before Flop



PokerStars Hand #254626972573:  Hold'em No Limit ($0.50/$1.00 USD) - 2025/01/30 20:19:58 WET [2025/01/30 15:19:58 ET]
Table 'Troilus' 6-max Seat #6 is the button
Seat 1: jockey6969 ($29.85 in chips) 
Seat 2: value_ftw ($126.17 in chips) 
Seat 3: tintin641 ($205.04 in chips) 
Seat 4: Manifestorr ($108 in chips) 
Seat 5: kvcsszblcs ($102.50 in chips) 
Seat 6: J0SHB0SH ($100.78 in chips) 
jockey6969: posts small blind $0.50
value_ftw: posts big blind $1
*** HOLE CARDS ***
tintin641: folds 
Manifestorr: folds 
kvcsszblcs: folds 
J0SHB0SH: raises $1.50 to $2.50
jockey6969: folds 
value_ftw: folds 
Uncalled bet ($1.50) returned to J0SHB0SH
J0SHB0SH collected $2.50 from pot
J0SHB0SH: doesn't show hand 
*** SUMMARY ***
Total pot $2.50 | Rake $0 
Seat 1: jockey6969 (small blind) folded before Flop
Seat 2: value_ftw (big blind) folded before Flop
Seat 3: tintin641 folded before Flop (didn't bet)
Seat 4: Manifestorr folded before Flop (didn't bet)
Seat 5: kvcsszblcs folded before Flop (didn't bet)
Seat 6: J0SHB0SH (button) collected ($2.50)



PokerStars Hand #254626977678:  Hold'em No Limit ($0.50/$1.00 USD) - 2025/01/30 20:20:15 WET [2025/01/30 15:20:15 ET]
Table 'Troilus' 6-max Seat #1 is the button
Seat 1: jockey6969 ($29.35 in chips) 
Seat 2: value_ftw ($125.17 in chips) 
Seat 3: tintin641 ($205.04 in chips) 
Seat 4: Manifestorr ($108 in chips) 
Seat 5: kvcsszblcs ($102.50 in chips) 
Seat 6: J0SHB0SH ($102.28 in chips) 
value_ftw: posts small blind $0.50
tintin641: posts big blind $1
*** HOLE CARDS ***
Manifestorr: folds 
kvcsszblcs: raises $1 to $2
J0SHB0SH: folds 
jockey6969: folds 
value_ftw: folds 
tintin641: calls $1
*** FLOP *** [Qh 7h 5s]
tintin641: checks 
kvcsszblcs: bets $1.41
tintin641: raises $3.55 to $4.96
kvcsszblcs: calls $3.55
*** TURN *** [Qh 7h 5s] [7d]
tintin641: checks 
kvcsszblcs: bets $4.52
tintin641: folds 
Uncalled bet ($4.52) returned to kvcsszblcs
kvcsszblcs collected $13.70 from pot
kvcsszblcs: doesn't show hand 
*** SUMMARY ***
Total pot $14.42 | Rake $0.72 
Board [Qh 7h 5s 7d]
Seat 1: jockey6969 (button) folded before Flop (didn't bet)
Seat 2: value_ftw (small blind) folded before Flop
Seat 3: tintin641 (big blind) folded on the Turn
Seat 4: Manifestorr folded before Flop (didn't bet)
Seat 5: kvcsszblcs collected ($13.70)
Seat 6: J0SHB0SH folded before Flop (didn't bet)



PokerStars Hand #254627004421:  Hold'em No Limit ($0.50/$1.00 USD) - 2025/01/30 20:21:44 WET [2025/01/30 15:21:44 ET]
Table 'Troilus' 6-max Seat #2 is the button
Seat 1: jockey6969 ($29.35 in chips) 
Seat 2: value_ftw ($124.67 in chips) 
Seat 3: tintin641 ($198.08 in chips) 
Seat 4: Manifestorr ($108 in chips) 
Seat 5: kvcsszblcs ($109.24 in chips) 
Seat 6: J0SHB0SH ($102.28 in chips) 
tintin641: posts small blind $0.50
Manifestorr: posts big blind $1
*** HOLE CARDS ***
kvcsszblcs: folds 
J0SHB0SH: folds 
jockey6969: folds 
value_ftw: raises $1.50 to $2.50
tintin641: folds 
Manifestorr: folds 
Uncalled bet ($1.50) returned to value_ftw
value_ftw collected $2.50 from pot
value_ftw: doesn't show hand 
*** SUMMARY ***
Total pot $2.50 | Rake $0 
Seat 1: jockey6969 folded before Flop (didn't bet)
Seat 2: value_ftw (button) collected ($2.50)
Seat 3: tintin641 (small blind) folded before Flop
Seat 4: Manifestorr (big blind) folded before Flop
Seat 5: kvcsszblcs folded before Flop (didn't bet)
Seat 6: J0SHB0SH folded before Flop (didn't bet)



PokerStars Hand #254627008681:  Hold'em No Limit ($0.50/$1.00 USD) - 2025/01/30 20:21:58 WET [2025/01/30 15:21:58 ET]
Table 'Troilus' 6-max Seat #3 is the button
Seat 1: jockey6969 ($29.35 in chips) 
Seat 2: value_ftw ($126.17 in chips) 
Seat 3: tintin641 ($197.58 in chips) 
Seat 4: Manifestorr ($107 in chips) 
Seat 5: kvcsszblcs ($109.24 in chips) 
Seat 6: J0SHB0SH ($102.28 in chips) 
Manifestorr: posts small blind $0.50
kvcsszblcs: posts big blind $1
*** HOLE CARDS ***
J0SHB0SH: folds 
jockey6969: folds 
value_ftw: raises $1.20 to $2.20
tintin641: folds 
Manifestorr: folds 
kvcsszblcs: calls $1.20
*** FLOP *** [7h 9h Tc]
kvcsszblcs: checks 
value_ftw: bets $3.50
kvcsszblcs: calls $3.50
*** TURN *** [7h 9h Tc] [Ah]
kvcsszblcs: checks 
value_ftw: bets $8.48
kvcsszblcs: calls $8.48
*** RIVER *** [7h 9h Tc Ah] [4d]
kvcsszblcs: checks 
value_ftw: bets $9.05
kvcsszblcs: calls $9.05
*** SHOW DOWN ***
value_ftw: shows [6h 8h] (a flush, Ace high)
kvcsszblcs: mucks hand 
value_ftw collected $44.61 from pot
*** SUMMARY ***
Total pot $46.96 | Rake $2.35 
Board [7h 9h Tc Ah 4d]
Seat 1: jockey6969 folded before Flop (didn't bet)
Seat 2: value_ftw showed [6h 8h] and won ($44.61) with a flush, Ace high
Seat 3: tintin641 (button) folded before Flop (didn't bet)
Seat 4: Manifestorr (small blind) folded before Flop
Seat 5: kvcsszblcs (big blind) mucked
Seat 6: J0SHB0SH folded before Flop (didn't bet)



PokerStars Hand #254627036516:  Hold'em No Limit ($0.50/$1.00 USD) - 2025/01/30 20:23:30 WET [2025/01/30 15:23:30 ET]
Table 'Troilus' 6-max Seat #4 is the button
Seat 1: jockey6969 ($29.35 in chips) 
Seat 2: value_ftw ($147.55 in chips) 
Seat 3: tintin641 ($197.58 in chips) 
Seat 4: Manifestorr ($106.50 in chips) 
Seat 5: kvcsszblcs ($100 in chips) 
Seat 6: J0SHB0SH ($102.28 in chips) 
kvcsszblcs: posts small blind $0.50
J0SHB0SH: posts big blind $1
*** HOLE CARDS ***
jockey6969: folds 
value_ftw: raises $1.20 to $2.20
tintin641: folds 
Manifestorr: folds 
kvcsszblcs: folds 
J0SHB0SH: raises $9.80 to $12
value_ftw: raises $12 to $24
J0SHB0SH: raises $78.28 to $102.28 and is all-in
value_ftw: calls $78.28
*** FIRST FLOP *** [2s 2h Jh]
*** FIRST TURN *** [2s 2h Jh] [6c]
*** FIRST RIVER *** [2s 2h Jh 6c] [8c]
*** SECOND FLOP *** [Ah 5h 2d]
*** SECOND TURN *** [Ah 5h 2d] [8s]
*** SECOND RIVER *** [Ah 5h 2d 8s] [3c]
*** FIRST SHOW DOWN ***
J0SHB0SH: shows [Ac Ks] (a pair of Deuces)
value_ftw: shows [Qh Qs] (two pair, Queens and Deuces)
value_ftw collected $101.28 from pot
*** SECOND SHOW DOWN ***
J0SHB0SH: shows [Ac Ks] (a pair of Aces)
value_ftw: shows [Qh Qs] (a pair of Queens)
J0SHB0SH collected $101.28 from pot
*** SUMMARY ***
Total pot $205.06 | Rake $2.50 
Hand was run twice
FIRST Board [2s 2h Jh 6c 8c]
SECOND Board [Ah 5h 2d 8s 3c]
Seat 1: jockey6969 folded before Flop (didn't bet)
Seat 2: value_ftw showed [Qh Qs] and won ($101.28) with two pair, Queens and Deuces, and lost with a pair of Queens
Seat 3: tintin641 folded before Flop (didn't bet)
Seat 4: Manifestorr (button) folded before Flop (didn't bet)
Seat 5: kvcsszblcs (small blind) folded before Flop
Seat 6: J0SHB0SH (big blind) showed [Ac Ks] and lost with a pair of Deuces, and won ($101.28) with a pair of Aces



PokerStars Hand #254627047972:  Hold'em No Limit ($0.50/$1.00 USD) - 2025/01/30 20:24:08 WET [2025/01/30 15:24:08 ET]
Table 'Troilus' 6-max Seat #5 is the button
Seat 1: jockey6969 ($29.35 in chips) 
Seat 2: value_ftw ($146.55 in chips) 
Seat 3: tintin641 ($197.58 in chips) 
Seat 4: Manifestorr ($106.50 in chips) 
Seat 5: kvcsszblcs ($100 in chips) 
Seat 6: J0SHB0SH ($101.28 in chips) 
J0SHB0SH: posts small blind $0.50
jockey6969: posts big blind $1
*** HOLE CARDS ***
value_ftw: folds 
tintin641: raises $1.50 to $2.50
Manifestorr: raises $5.50 to $8
kvcsszblcs: folds 
J0SHB0SH: folds 
jockey6969: folds 
tintin641: folds 
Uncalled bet ($5.50) returned to Manifestorr
Manifestorr collected $6.50 from pot
*** SUMMARY ***
Total pot $6.50 | Rake $0 
Seat 1: jockey6969 (big blind) folded before Flop
Seat 2: value_ftw folded before Flop (didn't bet)
Seat 3: tintin641 folded before Flop
Seat 4: Manifestorr collected ($6.50)
Seat 5: kvcsszblcs (button) folded before Flop (didn't bet)
Seat 6: J0SHB0SH (small blind) folded before Flop



PokerStars Hand #254627058274:  Hold'em No Limit ($0.50/$1.00 USD) - 2025/01/30 20:24:42 WET [2025/01/30 15:24:42 ET]
Table 'Troilus' 6-max Seat #6 is the button
Seat 1: jockey6969 ($28.35 in chips) 
Seat 2: value_ftw ($146.55 in chips) 
Seat 3: tintin641 ($195.08 in chips) 
Seat 4: Manifestorr ($110.50 in chips) 
Seat 5: kvcsszblcs ($100 in chips) 
Seat 6: J0SHB0SH ($100.78 in chips) 
jockey6969: posts small blind $0.50
value_ftw: posts big blind $1
*** HOLE CARDS ***
tintin641: folds 
Manifestorr: folds 
kvcsszblcs: folds 
J0SHB0SH: raises $1.50 to $2.50
jockey6969: calls $2
value_ftw: raises $11.50 to $14
J0SHB0SH: folds 
jockey6969: folds 
Uncalled bet ($11.50) returned to value_ftw
value_ftw collected $7.50 from pot
value_ftw: doesn't show hand 
*** SUMMARY ***
Total pot $7.50 | Rake $0 
Seat 1: jockey6969 (small blind) folded before Flop
Seat 2: value_ftw (big blind) collected ($7.50)
Seat 3: tintin641 folded before Flop (didn't bet)
Seat 4: Manifestorr folded before Flop (didn't bet)
Seat 5: kvcsszblcs folded before Flop (didn't bet)
Seat 6: J0SHB0SH (button) folded before Flop



PokerStars Hand #254627066342:  Hold'em No Limit ($0.50/$1.00 USD) - 2025/01/30 20:25:09 WET [2025/01/30 15:25:09 ET]
Table 'Troilus' 6-max Seat #1 is the button
Seat 1: jockey6969 ($25.85 in chips) 
Seat 2: value_ftw ($151.55 in chips) 
Seat 3: tintin641 ($195.08 in chips) 
Seat 4: Manifestorr ($110.50 in chips) 
Seat 5: kvcsszblcs ($100 in chips) 
Seat 6: J0SHB0SH ($100 in chips) 
value_ftw: posts small blind $0.50
tintin641: posts big blind $1
*** HOLE CARDS ***
Manifestorr: raises $1.20 to $2.20
kvcsszblcs: folds 
J0SHB0SH: folds 
jockey6969: folds 
value_ftw: folds 
tintin641: folds 
Uncalled bet ($1.20) returned to Manifestorr
Manifestorr collected $2.50 from pot
*** SUMMARY ***
Total pot $2.50 | Rake $0 
Seat 1: jockey6969 (button) folded before Flop (didn't bet)
Seat 2: value_ftw (small blind) folded before Flop
Seat 3: tintin641 (big blind) folded before Flop
Seat 4: Manifestorr collected ($2.50)
Seat 5: kvcsszblcs folded before Flop (didn't bet)
Seat 6: J0SHB0SH folded before Flop (didn't bet)



PokerStars Hand #254627069866:  Hold'em No Limit ($0.50/$1.00 USD) - 2025/01/30 20:25:21 WET [2025/01/30 15:25:21 ET]
Table 'Troilus' 6-max Seat #2 is the button
Seat 1: jockey6969 ($25.85 in chips) 
Seat 2: value_ftw ($151.05 in chips) 
Seat 3: tintin641 ($194.08 in chips) 
Seat 4: Manifestorr ($112 in chips) 
Seat 5: kvcsszblcs ($100 in chips) 
Seat 6: J0SHB0SH ($100 in chips) 
tintin641: posts small blind $0.50
Manifestorr: posts big blind $1
*** HOLE CARDS ***
kvcsszblcs: folds 
J0SHB0SH: raises $1 to $2
jockey6969: folds 
value_ftw: folds 
tintin641: folds 
Manifestorr: folds 
Uncalled bet ($1) returned to J0SHB0SH
J0SHB0SH collected $2.50 from pot
J0SHB0SH: doesn't show hand 
*** SUMMARY ***
Total pot $2.50 | Rake $0 
Seat 1: jockey6969 folded before Flop (didn't bet)
Seat 2: value_ftw (button) folded before Flop (didn't bet)
Seat 3: tintin641 (small blind) folded before Flop
Seat 4: Manifestorr (big blind) folded before Flop
Seat 5: kvcsszblcs folded before Flop (didn't bet)
Seat 6: J0SHB0SH collected ($2.50)



PokerStars Hand #254627074882:  Hold'em No Limit ($0.50/$1.00 USD) - 2025/01/30 20:25:38 WET [2025/01/30 15:25:38 ET]
Table 'Troilus' 6-max Seat #3 is the button
Seat 1: jockey6969 ($25.85 in chips) 
Seat 2: value_ftw ($151.05 in chips) 
Seat 3: tintin641 ($193.58 in chips) 
Seat 4: Manifestorr ($111 in chips) 
Seat 5: kvcsszblcs ($100 in chips) 
Seat 6: J0SHB0SH ($101.50 in chips) 
Manifestorr: posts small blind $0.50
kvcsszblcs: posts big blind $1
*** HOLE CARDS ***
J0SHB0SH: raises $1 to $2
jockey6969: folds 
value_ftw: folds 
tintin641: folds 
Manifestorr: folds 
kvcsszblcs: calls $1
*** FLOP *** [6d Qc 5h]
kvcsszblcs: checks 
J0SHB0SH: bets $1.41
kvcsszblcs: calls $1.41
*** TURN *** [6d Qc 5h] [5d]
kvcsszblcs: checks 
J0SHB0SH: bets $5.21
kvcsszblcs: calls $5.21
*** RIVER *** [6d Qc 5h 5d] [Ad]
kvcsszblcs: bets $4.21
J0SHB0SH: raises $88.67 to $92.88 and is all-in
kvcsszblcs: folds 
Uncalled bet ($88.67) returned to J0SHB0SH
J0SHB0SH collected $24.85 from pot
J0SHB0SH: doesn't show hand 
*** SUMMARY ***
Total pot $26.16 | Rake $1.31 
Board [6d Qc 5h 5d Ad]
Seat 1: jockey6969 folded before Flop (didn't bet)
Seat 2: value_ftw folded before Flop (didn't bet)
Seat 3: tintin641 (button) folded before Flop (didn't bet)
Seat 4: Manifestorr (small blind) folded before Flop
Seat 5: kvcsszblcs (big blind) folded on the River
Seat 6: J0SHB0SH collected ($24.85)



PokerStars Hand #254627106929:  Hold'em No Limit ($0.50/$1.00 USD) - 2025/01/30 20:27:24 WET [2025/01/30 15:27:24 ET]
Table 'Troilus' 6-max Seat #4 is the button
Seat 1: jockey6969 ($25.85 in chips) 
Seat 2: value_ftw ($151.05 in chips) 
Seat 3: tintin641 ($193.58 in chips) 
Seat 4: Manifestorr ($110.50 in chips) 
Seat 5: kvcsszblcs ($100 in chips) 
Seat 6: J0SHB0SH ($113.52 in chips) 
kvcsszblcs: posts small blind $0.50
J0SHB0SH: posts big blind $1
*** HOLE CARDS ***
jockey6969 has timed out
jockey6969: folds 
value_ftw: folds 
tintin641: raises $1.50 to $2.50
Manifestorr: folds 
kvcsszblcs: folds 
J0SHB0SH: raises $9.50 to $12
tintin641: folds 
Uncalled bet ($9.50) returned to J0SHB0SH
J0SHB0SH collected $5.50 from pot
J0SHB0SH: doesn't show hand 
*** SUMMARY ***
Total pot $5.50 | Rake $0 
Seat 1: jockey6969 folded before Flop (didn't bet)
Seat 2: value_ftw folded before Flop (didn't bet)
Seat 3: tintin641 folded before Flop
Seat 4: Manifestorr (button) folded before Flop (didn't bet)
Seat 5: kvcsszblcs (small blind) folded before Flop
Seat 6: J0SHB0SH (big blind) collected ($5.50)



PokerStars Hand #254627116768:  Hold'em No Limit ($0.50/$1.00 USD) - 2025/01/30 20:27:57 WET [2025/01/30 15:27:57 ET]
Table 'Troilus' 6-max Seat #5 is the button
Seat 1: jockey6969 ($25.85 in chips) 
Seat 2: value_ftw ($151.05 in chips) 
Seat 3: tintin641 ($191.08 in chips) 
Seat 4: Manifestorr ($110.50 in chips) 
Seat 5: kvcsszblcs ($100 in chips) 
Seat 6: J0SHB0SH ($116.52 in chips) 
J0SHB0SH: posts small blind $0.50
jockey6969: posts big blind $1
*** HOLE CARDS ***
value_ftw: folds 
tintin641: raises $1.50 to $2.50
Manifestorr: folds 
kvcsszblcs: folds 
J0SHB0SH: raises $9.50 to $12
jockey6969: folds 
tintin641: folds 
Uncalled bet ($9.50) returned to J0SHB0SH
J0SHB0SH collected $6 from pot
J0SHB0SH: doesn't show hand 
*** SUMMARY ***
Total pot $6 | Rake $0 
Seat 1: jockey6969 (big blind) folded before Flop
Seat 2: value_ftw folded before Flop (didn't bet)
Seat 3: tintin641 folded before Flop
Seat 4: Manifestorr folded before Flop (didn't bet)
Seat 5: kvcsszblcs (button) folded before Flop (didn't bet)
Seat 6: J0SHB0SH (small blind) collected ($6)



PokerStars Hand #254627124007:  Hold'em No Limit ($0.50/$1.00 USD) - 2025/01/30 20:28:21 WET [2025/01/30 15:28:21 ET]
Table 'Troilus' 6-max Seat #6 is the button
Seat 1: jockey6969 ($24.85 in chips) 
Seat 2: value_ftw ($151.05 in chips) 
Seat 3: tintin641 ($188.58 in chips) 
Seat 4: Manifestorr ($110.50 in chips) 
Seat 5: kvcsszblcs ($100 in chips) 
Seat 6: J0SHB0SH ($120.02 in chips) 
jockey6969: posts small blind $0.50
value_ftw: posts big blind $1
*** HOLE CARDS ***
tintin641: folds 
Manifestorr: folds 
kvcsszblcs: raises $1 to $2
J0SHB0SH: folds 
jockey6969: folds 
value_ftw: folds 
Uncalled bet ($1) returned to kvcsszblcs
kvcsszblcs collected $2.50 from pot
kvcsszblcs: doesn't show hand 
*** SUMMARY ***
Total pot $2.50 | Rake $0 
Seat 1: jockey6969 (small blind) folded before Flop
Seat 2: value_ftw (big blind) folded before Flop
Seat 3: tintin641 folded before Flop (didn't bet)
Seat 4: Manifestorr folded before Flop (didn't bet)
Seat 5: kvcsszblcs collected ($2.50)
Seat 6: J0SHB0SH (button) folded before Flop (didn't bet)



PokerStars Hand #254627128490:  Hold'em No Limit ($0.50/$1.00 USD) - 2025/01/30 20:28:36 WET [2025/01/30 15:28:36 ET]
Table 'Troilus' 6-max Seat #1 is the button
Seat 3: tintin641 ($188.58 in chips) is sitting out
Seat 1: jockey6969 ($24.35 in chips) 
Seat 2: value_ftw ($150.05 in chips) 
Seat 4: Manifestorr ($110.50 in chips) 
Seat 5: kvcsszblcs ($101.50 in chips) 
Seat 6: J0SHB0SH ($120.02 in chips) 
value_ftw: posts small blind $0.50
tintin641: is sitting out 
Manifestorr: posts big blind $1
*** HOLE CARDS ***
tintin641 leaves the table
kvcsszblcs: folds 
J0SHB0SH: raises $1.50 to $2.50
jockey6969: folds 
value_ftw: folds 
Manifestorr: folds 
Uncalled bet ($1.50) returned to J0SHB0SH
J0SHB0SH collected $2.50 from pot
J0SHB0SH: doesn't show hand 
*** SUMMARY ***
Total pot $2.50 | Rake $0 
Seat 3: tintin641
Seat 1: jockey6969 (button) folded before Flop (didn't bet)
Seat 2: value_ftw (small blind) folded before Flop
Seat 4: Manifestorr (big blind) folded before Flop
Seat 5: kvcsszblcs folded before Flop (didn't bet)
Seat 6: J0SHB0SH collected ($2.50)



PokerStars Hand #254627135360:  Hold'em No Limit ($0.50/$1.00 USD) - 2025/01/30 20:28:59 WET [2025/01/30 15:28:59 ET]
Table 'Troilus' 6-max Seat #2 is the button
Seat 1: jockey6969 ($24.35 in chips) 
Seat 2: value_ftw ($149.55 in chips) 
Seat 4: Manifestorr ($109.50 in chips) 
Seat 5: kvcsszblcs ($101.50 in chips) 
Seat 6: J0SHB0SH ($121.52 in chips) 
Manifestorr: posts small blind $0.50
kvcsszblcs: posts big blind $1
*** HOLE CARDS ***
J0SHB0SH: folds 
jockey6969: folds 
value_ftw: raises $1.50 to $2.50
Manifestorr: raises $8.50 to $11
kvcsszblcs: folds 
value_ftw: raises $12.10 to $23.10
Manifestorr: folds 
Uncalled bet ($12.10) returned to value_ftw
value_ftw collected $23 from pot
value_ftw: doesn't show hand 
*** SUMMARY ***
Total pot $23 | Rake $0 
Seat 1: jockey6969 folded before Flop (didn't bet)
Seat 2: value_ftw (button) collected ($23)
Seat 4: Manifestorr (small blind) folded before Flop
Seat 5: kvcsszblcs (big blind) folded before Flop
Seat 6: J0SHB0SH folded before Flop (didn't bet)



PokerStars Hand #254627146374:  Hold'em No Limit ($0.50/$1.00 USD) - 2025/01/30 20:29:36 WET [2025/01/30 15:29:36 ET]
Table 'Troilus' 6-max Seat #4 is the button
Seat 1: jockey6969 ($24.35 in chips) 
Seat 2: value_ftw ($161.55 in chips) 
Seat 4: Manifestorr ($100 in chips) 
Seat 5: kvcsszblcs ($100.50 in chips) 
Seat 6: J0SHB0SH ($121.52 in chips) 
kvcsszblcs: posts small blind $0.50
J0SHB0SH: posts big blind $1
*** HOLE CARDS ***
socito joins the table at seat #3 
jockey6969: calls $1
value_ftw: folds 
Manifestorr: folds 
kvcsszblcs: raises $2.50 to $3.50
J0SHB0SH: folds 
jockey6969: calls $2.50
*** FLOP *** [9s 5h 7s]
kvcsszblcs: checks 
jockey6969: checks 
*** TURN *** [9s 5h 7s] [Ad]
kvcsszblcs: bets $3.04
jockey6969: folds 
Uncalled bet ($3.04) returned to kvcsszblcs
kvcsszblcs collected $7.60 from pot
kvcsszblcs: doesn't show hand 
*** SUMMARY ***
Total pot $8 | Rake $0.40 
Board [9s 5h 7s Ad]
Seat 1: jockey6969 folded on the Turn
Seat 2: value_ftw folded before Flop (didn't bet)
Seat 4: Manifestorr (button) folded before Flop (didn't bet)
Seat 5: kvcsszblcs (small blind) collected ($7.60)
Seat 6: J0SHB0SH (big blind) folded before Flop



PokerStars Hand #254627161952:  Hold'em No Limit ($0.50/$1.00 USD) - 2025/01/30 20:30:29 WET [2025/01/30 15:30:29 ET]
Table 'Troilus' 6-max Seat #5 is the button
Seat 3: socito ($169.05 in chips) is sitting out
Seat 1: jockey6969 ($20.85 in chips) 
Seat 2: value_ftw ($161.55 in chips) 
Seat 4: Manifestorr ($100 in chips) 
Seat 5: kvcsszblcs ($104.60 in chips) 
Seat 6: J0SHB0SH ($120.52 in chips) 
J0SHB0SH: posts small blind $0.50
jockey6969: posts big blind $1
socito: sits out 
*** HOLE CARDS ***
value_ftw: folds 
Manifestorr: folds 
kvcsszblcs: folds 
J0SHB0SH: folds 
Uncalled bet ($0.50) returned to jockey6969
jockey6969 collected $1 from pot
jockey6969: doesn't show hand 
*** SUMMARY ***
Total pot $1 | Rake $0 
Seat 3: socito
Seat 1: jockey6969 (big blind) collected ($1)
Seat 2: value_ftw folded before Flop (didn't bet)
Seat 4: Manifestorr folded before Flop (didn't bet)
Seat 5: kvcsszblcs (button) folded before Flop (didn't bet)
Seat 6: J0SHB0SH (small blind) folded before Flop



PokerStars Hand #254627165517:  Hold'em No Limit ($0.50/$1.00 USD) - 2025/01/30 20:30:41 WET [2025/01/30 15:30:41 ET]
Table 'Troilus' 6-max Seat #6 is the button
Seat 3: socito ($169.05 in chips) is sitting out
Seat 1: jockey6969 ($21.35 in chips) 
Seat 2: value_ftw ($161.55 in chips) 
Seat 4: Manifestorr ($100 in chips) 
Seat 5: kvcsszblcs ($104.60 in chips) 
Seat 6: J0SHB0SH ($120.02 in chips) 
jockey6969: posts small blind $0.50
value_ftw: posts big blind $1
socito: sits out 
*** HOLE CARDS ***
Manifestorr: folds 
kvcsszblcs: folds 
J0SHB0SH: folds 
jockey6969: calls $0.50
value_ftw: checks 
*** FLOP *** [7d Ah Kh]
jockey6969: checks 
value_ftw: checks 
*** TURN *** [7d Ah Kh] [5h]
jockey6969: bets $1
value_ftw: calls $1
*** RIVER *** [7d Ah Kh 5h] [Th]
jockey6969: checks 
value_ftw: bets $2.85
jockey6969: folds 
Uncalled bet ($2.85) returned to value_ftw
value_ftw collected $3.80 from pot
value_ftw: doesn't show hand 
*** SUMMARY ***
Total pot $4 | Rake $0.20 
Board [7d Ah Kh 5h Th]
Seat 3: socito
Seat 1: jockey6969 (small blind) folded on the River
Seat 2: value_ftw (big blind) collected ($3.80)
Seat 4: Manifestorr folded before Flop (didn't bet)
Seat 5: kvcsszblcs folded before Flop (didn't bet)
Seat 6: J0SHB0SH (button) folded before Flop (didn't bet)



PokerStars Hand #254627177659:  Hold'em No Limit ($0.50/$1.00 USD) - 2025/01/30 20:31:21 WET [2025/01/30 15:31:21 ET]
Table 'Troilus' 6-max Seat #1 is the button
Seat 1: jockey6969 ($19.35 in chips) 
Seat 2: value_ftw ($163.35 in chips) 
Seat 3: socito ($169.05 in chips) 
Seat 4: Manifestorr ($100 in chips) 
Seat 5: kvcsszblcs ($104.60 in chips) 
Seat 6: J0SHB0SH ($120.02 in chips) 
value_ftw: posts small blind $0.50
socito: posts big blind $1
*** HOLE CARDS ***
Manifestorr: raises $1.20 to $2.20
kvcsszblcs: folds 
J0SHB0SH: folds 
jockey6969: calls $2.20
value_ftw: folds 
socito: folds 
*** FLOP *** [9c 3h Qc]
Manifestorr: checks 
jockey6969: bets $1
Manifestorr: calls $1
*** TURN *** [9c 3h Qc] [3c]
Manifestorr: checks 
jockey6969: bets $5
Manifestorr: folds 
Uncalled bet ($5) returned to jockey6969
jockey6969 collected $7.50 from pot
jockey6969: doesn't show hand 
*** SUMMARY ***
Total pot $7.90 | Rake $0.40 
Board [9c 3h Qc 3c]
Seat 1: jockey6969 (button) collected ($7.50)
Seat 2: value_ftw (small blind) folded before Flop
Seat 3: socito (big blind) folded before Flop
Seat 4: Manifestorr folded on the Turn
Seat 5: kvcsszblcs folded before Flop (didn't bet)
Seat 6: J0SHB0SH folded before Flop (didn't bet)



PokerStars Hand #254627186720:  Hold'em No Limit ($0.50/$1.00 USD) - 2025/01/30 20:31:51 WET [2025/01/30 15:31:51 ET]
Table 'Troilus' 6-max Seat #2 is the button
Seat 1: jockey6969 ($23.65 in chips) 
Seat 2: value_ftw ($162.85 in chips) 
Seat 3: socito ($168.05 in chips) 
Seat 4: Manifestorr ($100 in chips) 
Seat 5: kvcsszblcs ($104.60 in chips) 
Seat 6: J0SHB0SH ($120.02 in chips) 
socito: posts small blind $0.50
Manifestorr: posts big blind $1
*** HOLE CARDS ***
kvcsszblcs: folds 
J0SHB0SH: folds 
jockey6969: calls $1
value_ftw: folds 
socito: folds 
Manifestorr: checks 
*** FLOP *** [8d 3d 2c]
Manifestorr: bets $1.19
jockey6969: calls $1.19
*** TURN *** [8d 3d 2c] [Ts]
Manifestorr: bets $6.26
jockey6969: calls $6.26
*** RIVER *** [8d 3d 2c Ts] [3s]
Manifestorr: checks 
jockey6969: checks 
*** SHOW DOWN ***
Manifestorr: shows [6d Qd] (a pair of Threes)
jockey6969: shows [9d Th] (two pair, Tens and Threes)
jockey6969 collected $16.53 from pot
*** SUMMARY ***
Total pot $17.40 | Rake $0.87 
Board [8d 3d 2c Ts 3s]
Seat 1: jockey6969 showed [9d Th] and won ($16.53) with two pair, Tens and Threes
Seat 2: value_ftw (button) folded before Flop (didn't bet)
Seat 3: socito (small blind) folded before Flop
Seat 4: Manifestorr (big blind) showed [6d Qd] and lost with a pair of Threes
Seat 5: kvcsszblcs folded before Flop (didn't bet)
Seat 6: J0SHB0SH folded before Flop (didn't bet)



PokerStars Hand #254627197586:  Hold'em No Limit ($0.50/$1.00 USD) - 2025/01/30 20:32:28 WET [2025/01/30 15:32:28 ET]
Table 'Troilus' 6-max Seat #3 is the button
Seat 1: jockey6969 ($31.73 in chips) 
Seat 2: value_ftw ($162.85 in chips) 
Seat 3: socito ($167.55 in chips) 
Seat 4: Manifestorr ($100 in chips) 
Seat 5: kvcsszblcs ($104.60 in chips) 
Seat 6: J0SHB0SH ($120.02 in chips) 
Manifestorr: posts small blind $0.50
kvcsszblcs: posts big blind $1
*** HOLE CARDS ***
J0SHB0SH: raises $1 to $2
jockey6969: folds 
value_ftw: folds 
socito: raises $5 to $7
Manifestorr: folds 
kvcsszblcs: folds 
J0SHB0SH: folds 
Uncalled bet ($5) returned to socito
socito collected $5.50 from pot
socito: doesn't show hand 
*** SUMMARY ***
Total pot $5.50 | Rake $0 
Seat 1: jockey6969 folded before Flop (didn't bet)
Seat 2: value_ftw folded before Flop (didn't bet)
Seat 3: socito (button) collected ($5.50)
Seat 4: Manifestorr (small blind) folded before Flop
Seat 5: kvcsszblcs (big blind) folded before Flop
Seat 6: J0SHB0SH folded before Flop



PokerStars Hand #254627205573:  Hold'em No Limit ($0.50/$1.00 USD) - 2025/01/30 20:32:55 WET [2025/01/30 15:32:55 ET]
Table 'Troilus' 6-max Seat #4 is the button
Seat 1: jockey6969 ($31.73 in chips) 
Seat 2: value_ftw ($162.85 in chips) 
Seat 3: socito ($171.05 in chips) 
Seat 4: Manifestorr ($100 in chips) 
Seat 5: kvcsszblcs ($103.60 in chips) 
Seat 6: J0SHB0SH ($118.02 in chips) 
kvcsszblcs: posts small blind $0.50
J0SHB0SH: posts big blind $1
*** HOLE CARDS ***
jockey6969: folds 
value_ftw: folds 
socito: folds 
Manifestorr: raises $1.20 to $2.20
kvcsszblcs: folds 
J0SHB0SH: calls $1.20
*** FLOP *** [Js 7h 3c]
J0SHB0SH: checks 
Manifestorr: bets $2.33
J0SHB0SH: calls $2.33
*** TURN *** [Js 7h 3c] [3d]
J0SHB0SH: checks 
Manifestorr: bets $6.81
J0SHB0SH: calls $6.81
*** RIVER *** [Js 7h 3c 3d] [As]
J0SHB0SH: checks 
Manifestorr: bets $17.02
J0SHB0SH: folds 
Uncalled bet ($17.02) returned to Manifestorr
Manifestorr collected $22.02 from pot
*** SUMMARY ***
Total pot $23.18 | Rake $1.16 
Board [Js 7h 3c 3d As]
Seat 1: jockey6969 folded before Flop (didn't bet)
Seat 2: value_ftw folded before Flop (didn't bet)
Seat 3: socito folded before Flop (didn't bet)
Seat 4: Manifestorr (button) collected ($22.02)
Seat 5: kvcsszblcs (small blind) folded before Flop
Seat 6: J0SHB0SH (big blind) folded on the River



PokerStars Hand #254627223840:  Hold'em No Limit ($0.50/$1.00 USD) - 2025/01/30 20:33:56 WET [2025/01/30 15:33:56 ET]
Table 'Troilus' 6-max Seat #5 is the button
Seat 1: jockey6969 ($31.73 in chips) 
Seat 2: value_ftw ($162.85 in chips) 
Seat 3: socito ($171.05 in chips) 
Seat 4: Manifestorr ($110.68 in chips) 
Seat 5: kvcsszblcs ($103.10 in chips) 
Seat 6: J0SHB0SH ($106.68 in chips) 
J0SHB0SH: posts small blind $0.50
jockey6969: posts big blind $1
*** HOLE CARDS ***
value_ftw: raises $1.20 to $2.20
socito: folds 
Manifestorr: raises $4.80 to $7
kvcsszblcs: folds 
J0SHB0SH: raises $12 to $19
jockey6969: folds 
value_ftw: folds 
Manifestorr: folds 
Uncalled bet ($12) returned to J0SHB0SH
J0SHB0SH collected $17.20 from pot
J0SHB0SH: doesn't show hand 
*** SUMMARY ***
Total pot $17.20 | Rake $0 
Seat 1: jockey6969 (big blind) folded before Flop
Seat 2: value_ftw folded before Flop
Seat 3: socito folded before Flop (didn't bet)
Seat 4: Manifestorr folded before Flop
Seat 5: kvcsszblcs (button) folded before Flop (didn't bet)
Seat 6: J0SHB0SH (small blind) collected ($17.20)



PokerStars Hand #254627235078:  Hold'em No Limit ($0.50/$1.00 USD) - 2025/01/30 20:34:34 WET [2025/01/30 15:34:34 ET]
Table 'Troilus' 6-max Seat #6 is the button
Seat 1: jockey6969 ($30.73 in chips) 
Seat 2: value_ftw ($160.65 in chips) 
Seat 3: socito ($171.05 in chips) 
Seat 4: Manifestorr ($103.68 in chips) 
Seat 5: kvcsszblcs ($103.10 in chips) 
Seat 6: J0SHB0SH ($116.88 in chips) 
jockey6969: posts small blind $0.50
value_ftw: posts big blind $1
*** HOLE CARDS ***
socito: folds 
Manifestorr: raises $1.20 to $2.20
kvcsszblcs: folds 
J0SHB0SH: folds 
jockey6969: folds 
value_ftw: folds 
Uncalled bet ($1.20) returned to Manifestorr
Manifestorr collected $2.50 from pot
*** SUMMARY ***
Total pot $2.50 | Rake $0 
Seat 1: jockey6969 (small blind) folded before Flop
Seat 2: value_ftw (big blind) folded before Flop
Seat 3: socito folded before Flop (didn't bet)
Seat 4: Manifestorr collected ($2.50)
Seat 5: kvcsszblcs folded before Flop (didn't bet)
Seat 6: J0SHB0SH (button) folded before Flop (didn't bet)



PokerStars Hand #254627240830:  Hold'em No Limit ($0.50/$1.00 USD) - 2025/01/30 20:34:53 WET [2025/01/30 15:34:53 ET]
Table 'Troilus' 6-max Seat #1 is the button
Seat 1: jockey6969 ($30.23 in chips) 
Seat 2: value_ftw ($159.65 in chips) 
Seat 3: socito ($171.05 in chips) 
Seat 4: Manifestorr ($105.18 in chips) 
Seat 5: kvcsszblcs ($103.10 in chips) 
Seat 6: J0SHB0SH ($116.88 in chips) 
value_ftw: posts small blind $0.50
socito: posts big blind $1
*** HOLE CARDS ***
Manifestorr: folds 
kvcsszblcs: folds 
J0SHB0SH: folds 
jockey6969: calls $1
value_ftw: raises $4 to $5
socito: folds 
jockey6969: calls $4
*** FLOP *** [2d Kd 4d]
value_ftw: checks 
jockey6969: bets $5
value_ftw: folds 
Uncalled bet ($5) returned to jockey6969
jockey6969 collected $10.45 from pot
jockey6969: doesn't show hand 
*** SUMMARY ***
Total pot $11 | Rake $0.55 
Board [2d Kd 4d]
Seat 1: jockey6969 (button) collected ($10.45)
Seat 2: value_ftw (small blind) folded on the Flop
Seat 3: socito (big blind) folded before Flop
Seat 4: Manifestorr folded before Flop (didn't bet)
Seat 5: kvcsszblcs folded before Flop (didn't bet)
Seat 6: J0SHB0SH folded before Flop (didn't bet)



PokerStars Hand #254627253186:  Hold'em No Limit ($0.50/$1.00 USD) - 2025/01/30 20:35:34 WET [2025/01/30 15:35:34 ET]
Table 'Troilus' 6-max Seat #2 is the button
Seat 1: jockey6969 ($35.68 in chips) 
Seat 2: value_ftw ($154.65 in chips) 
Seat 3: socito ($170.05 in chips) 
Seat 4: Manifestorr ($105.18 in chips) 
Seat 5: kvcsszblcs ($103.10 in chips) 
Seat 6: J0SHB0SH ($116.88 in chips) 
socito: posts small blind $0.50
Manifestorr: posts big blind $1
*** HOLE CARDS ***
kvcsszblcs: folds 
J0SHB0SH: raises $1 to $2
jockey6969: folds 
value_ftw: folds 
socito: raises $8 to $10
Manifestorr: folds 
J0SHB0SH: folds 
Uncalled bet ($8) returned to socito
socito collected $5 from pot
socito: doesn't show hand 
*** SUMMARY ***
Total pot $5 | Rake $0 
Seat 1: jockey6969 folded before Flop (didn't bet)
Seat 2: value_ftw (button) folded before Flop (didn't bet)
Seat 3: socito (small blind) collected ($5)
Seat 4: Manifestorr (big blind) folded before Flop
Seat 5: kvcsszblcs folded before Flop (didn't bet)
Seat 6: J0SHB0SH folded before Flop



PokerStars Hand #254627262193:  Hold'em No Limit ($0.50/$1.00 USD) - 2025/01/30 20:36:05 WET [2025/01/30 15:36:05 ET]
Table 'Troilus' 6-max Seat #3 is the button
Seat 1: jockey6969 ($35.68 in chips) 
Seat 2: value_ftw ($154.65 in chips) 
Seat 3: socito ($173.05 in chips) 
Seat 4: Manifestorr ($104.18 in chips) 
Seat 5: kvcsszblcs ($103.10 in chips) 
Seat 6: J0SHB0SH ($114.88 in chips) 
Manifestorr: posts small blind $0.50
kvcsszblcs: posts big blind $1
*** HOLE CARDS ***
J0SHB0SH: folds 
jockey6969: folds 
value_ftw: raises $1.20 to $2.20
socito: raises $4.80 to $7
Manifestorr: folds 
kvcsszblcs: folds 
value_ftw: raises $15 to $22
socito: folds 
Uncalled bet ($15) returned to value_ftw
value_ftw collected $15.50 from pot
value_ftw: doesn't show hand 
*** SUMMARY ***
Total pot $15.50 | Rake $0 
Seat 1: jockey6969 folded before Flop (didn't bet)
Seat 2: value_ftw collected ($15.50)
Seat 3: socito (button) folded before Flop
Seat 4: Manifestorr (small blind) folded before Flop
Seat 5: kvcsszblcs (big blind) folded before Flop
Seat 6: J0SHB0SH folded before Flop (didn't bet)



PokerStars Hand #254627272156:  Hold'em No Limit ($0.50/$1.00 USD) - 2025/01/30 20:36:38 WET [2025/01/30 15:36:38 ET]
Table 'Troilus' 6-max Seat #4 is the button
Seat 1: jockey6969 ($35.68 in chips) 
Seat 2: value_ftw ($163.15 in chips) 
Seat 3: socito ($166.05 in chips) 
Seat 4: Manifestorr ($103.68 in chips) 
Seat 5: kvcsszblcs ($102.10 in chips) 
Seat 6: J0SHB0SH ($114.88 in chips) 
kvcsszblcs: posts small blind $0.50
J0SHB0SH: posts big blind $1
*** HOLE CARDS ***
jockey6969: folds 
value_ftw: folds 
socito: folds 
Manifestorr: raises $1.20 to $2.20
kvcsszblcs: folds 
J0SHB0SH: folds 
Uncalled bet ($1.20) returned to Manifestorr
Manifestorr collected $2.50 from pot
*** SUMMARY ***
Total pot $2.50 | Rake $0 
Seat 1: jockey6969 folded before Flop (didn't bet)
Seat 2: value_ftw folded before Flop (didn't bet)
Seat 3: socito folded before Flop (didn't bet)
Seat 4: Manifestorr (button) collected ($2.50)
Seat 5: kvcsszblcs (small blind) folded before Flop
Seat 6: J0SHB0SH (big blind) folded before Flop



PokerStars Hand #254627280498:  Hold'em No Limit ($0.50/$1.00 USD) - 2025/01/30 20:37:06 WET [2025/01/30 15:37:06 ET]
Table 'Troilus' 6-max Seat #5 is the button
Seat 1: jockey6969 ($35.68 in chips) 
Seat 2: value_ftw ($163.15 in chips) 
Seat 3: socito ($166.05 in chips) 
Seat 4: Manifestorr ($105.18 in chips) 
Seat 5: kvcsszblcs ($101.60 in chips) 
Seat 6: J0SHB0SH ($113.88 in chips) 
J0SHB0SH: posts small blind $0.50
jockey6969: posts big blind $1
*** HOLE CARDS ***
value_ftw: folds 
socito: folds 
Manifestorr: raises $1.20 to $2.20
kvcsszblcs: folds 
J0SHB0SH: folds 
jockey6969: calls $1.20
*** FLOP *** [Kc 7c 9h]
jockey6969: checks 
Manifestorr: checks 
*** TURN *** [Kc 7c 9h] [Jd]
jockey6969: checks 
Manifestorr: checks 
*** RIVER *** [Kc 7c 9h Jd] [5h]
jockey6969: checks 
Manifestorr: checks 
*** SHOW DOWN ***
jockey6969: shows [6c Tc] (high card King)
Manifestorr: shows [Ah 2h] (high card Ace)
Manifestorr collected $4.66 from pot
*** SUMMARY ***
Total pot $4.90 | Rake $0.24 
Board [Kc 7c 9h Jd 5h]
Seat 1: jockey6969 (big blind) showed [6c Tc] and lost with high card King
Seat 2: value_ftw folded before Flop (didn't bet)
Seat 3: socito folded before Flop (didn't bet)
Seat 4: Manifestorr showed [Ah 2h] and won ($4.66) with high card Ace
Seat 5: kvcsszblcs (button) folded before Flop (didn't bet)
Seat 6: J0SHB0SH (small blind) folded before Flop



PokerStars Hand #254627291023:  Hold'em No Limit ($0.50/$1.00 USD) - 2025/01/30 20:37:41 WET [2025/01/30 15:37:41 ET]
Table 'Troilus' 6-max Seat #6 is the button
Seat 1: jockey6969 ($33.48 in chips) 
Seat 2: value_ftw ($163.15 in chips) 
Seat 3: socito ($166.05 in chips) 
Seat 4: Manifestorr ($107.64 in chips) 
Seat 5: kvcsszblcs ($101.60 in chips) 
Seat 6: J0SHB0SH ($113.38 in chips) 
jockey6969: posts small blind $0.50
value_ftw: posts big blind $1
*** HOLE CARDS ***
socito: folds 
Manifestorr: raises $1.20 to $2.20
kvcsszblcs: folds 
J0SHB0SH: folds 
jockey6969: calls $1.70
value_ftw: calls $1.20
*** FLOP *** [Tc Ac Ts]
jockey6969: checks 
value_ftw: checks 
Manifestorr: checks 
*** TURN *** [Tc Ac Ts] [5d]
jockey6969: checks 
value_ftw: checks 
Manifestorr: bets $2.07
jockey6969: calls $2.07
value_ftw: calls $2.07
*** RIVER *** [Tc Ac Ts 5d] [6h]
jockey6969: checks 
value_ftw: checks 
Manifestorr: checks 
*** SHOW DOWN ***
jockey6969: shows [3c 3d] (two pair, Tens and Threes)
value_ftw: shows [8s As] (two pair, Aces and Tens)
Manifestorr: mucks hand 
value_ftw collected $12.17 from pot
*** SUMMARY ***
Total pot $12.81 | Rake $0.64 
Board [Tc Ac Ts 5d 6h]
Seat 1: jockey6969 (small blind) showed [3c 3d] and lost with two pair, Tens and Threes
Seat 2: value_ftw (big blind) showed [8s As] and won ($12.17) with two pair, Aces and Tens
Seat 3: socito folded before Flop (didn't bet)
Seat 4: Manifestorr mucked
Seat 5: kvcsszblcs folded before Flop (didn't bet)
Seat 6: J0SHB0SH (button) folded before Flop (didn't bet)



PokerStars Hand #254627307854:  Hold'em No Limit ($0.50/$1.00 USD) - 2025/01/30 20:38:37 WET [2025/01/30 15:38:37 ET]
Table 'Troilus' 6-max Seat #1 is the button
Seat 1: jockey6969 ($29.21 in chips) 
Seat 2: value_ftw ($171.05 in chips) 
Seat 3: socito ($166.05 in chips) 
Seat 4: Manifestorr ($103.37 in chips) 
Seat 5: kvcsszblcs ($101.60 in chips) 
Seat 6: J0SHB0SH ($113.38 in chips) 
value_ftw: posts small blind $0.50
socito: posts big blind $1
*** HOLE CARDS ***
Manifestorr: raises $1.20 to $2.20
kvcsszblcs: folds 
J0SHB0SH: folds 
jockey6969: calls $2.20
value_ftw: folds 
socito: calls $1.20
*** FLOP *** [6h Qd 3h]
socito: checks 
Manifestorr: checks 
jockey6969: bets $2
socito: folds 
Manifestorr: folds 
Uncalled bet ($2) returned to jockey6969
jockey6969 collected $6.74 from pot
jockey6969: doesn't show hand 
*** SUMMARY ***
Total pot $7.10 | Rake $0.36 
Board [6h Qd 3h]
Seat 1: jockey6969 (button) collected ($6.74)
Seat 2: value_ftw (small blind) folded before Flop
Seat 3: socito (big blind) folded on the Flop
Seat 4: Manifestorr folded on the Flop
Seat 5: kvcsszblcs folded before Flop (didn't bet)
Seat 6: J0SHB0SH folded before Flop (didn't bet)



PokerStars Hand #254627319952:  Hold'em No Limit ($0.50/$1.00 USD) - 2025/01/30 20:39:17 WET [2025/01/30 15:39:17 ET]
Table 'Troilus' 6-max Seat #2 is the button
Seat 1: jockey6969 ($33.75 in chips) 
Seat 2: value_ftw ($170.55 in chips) 
Seat 3: socito ($163.85 in chips) 
Seat 4: Manifestorr ($101.17 in chips) 
Seat 5: kvcsszblcs ($101.60 in chips) 
Seat 6: J0SHB0SH ($113.38 in chips) 
socito: posts small blind $0.50
Manifestorr: posts big blind $1
*** HOLE CARDS ***
kvcsszblcs: folds 
J0SHB0SH: folds 
jockey6969: calls $1
value_ftw: folds 
socito: folds 
Manifestorr: raises $4 to $5
jockey6969: calls $4
*** FLOP *** [Jd Jh 3h]
Manifestorr: bets $4.99
jockey6969: folds 
Uncalled bet ($4.99) returned to Manifestorr
Manifestorr collected $9.98 from pot
*** SUMMARY ***
Total pot $10.50 | Rake $0.52 
Board [Jd Jh 3h]
Seat 1: jockey6969 folded on the Flop
Seat 2: value_ftw (button) folded before Flop (didn't bet)
Seat 3: socito (small blind) folded before Flop
Seat 4: Manifestorr (big blind) collected ($9.98)
Seat 5: kvcsszblcs folded before Flop (didn't bet)
Seat 6: J0SHB0SH folded before Flop (didn't bet)



PokerStars Hand #254627328218:  Hold'em No Limit ($0.50/$1.00 USD) - 2025/01/30 20:39:45 WET [2025/01/30 15:39:45 ET]
Table 'Troilus' 6-max Seat #3 is the button
Seat 1: jockey6969 ($28.75 in chips) 
Seat 2: value_ftw ($170.55 in chips) 
Seat 3: socito ($163.35 in chips) 
Seat 4: Manifestorr ($106.15 in chips) 
Seat 5: kvcsszblcs ($101.60 in chips) 
Seat 6: J0SHB0SH ($113.38 in chips) 
Manifestorr: posts small blind $0.50
kvcsszblcs: posts big blind $1
*** HOLE CARDS ***
J0SHB0SH: folds 
jockey6969: folds 
value_ftw: raises $1.20 to $2.20
socito: folds 
Manifestorr: folds 
kvcsszblcs: calls $1.20
*** FLOP *** [2h 4s Jd]
kvcsszblcs: checks 
value_ftw: bets $1.54
kvcsszblcs: folds 
Uncalled bet ($1.54) returned to value_ftw
value_ftw collected $4.66 from pot
value_ftw: doesn't show hand 
*** SUMMARY ***
Total pot $4.90 | Rake $0.24 
Board [2h 4s Jd]
Seat 1: jockey6969 folded before Flop (didn't bet)
Seat 2: value_ftw collected ($4.66)
Seat 3: socito (button) folded before Flop (didn't bet)
Seat 4: Manifestorr (small blind) folded before Flop
Seat 5: kvcsszblcs (big blind) folded on the Flop
Seat 6: J0SHB0SH folded before Flop (didn't bet)



PokerStars Hand #254627340349:  Hold'em No Limit ($0.50/$1.00 USD) - 2025/01/30 20:40:25 WET [2025/01/30 15:40:25 ET]
Table 'Troilus' 6-max Seat #4 is the button
Seat 1: jockey6969 ($28.75 in chips) 
Seat 2: value_ftw ($173.01 in chips) 
Seat 3: socito ($163.35 in chips) 
Seat 4: Manifestorr ($105.65 in chips) 
Seat 5: kvcsszblcs ($100 in chips) 
Seat 6: J0SHB0SH ($113.38 in chips) 
kvcsszblcs: posts small blind $0.50
J0SHB0SH: posts big blind $1
*** HOLE CARDS ***
jockey6969: folds 
value_ftw: raises $1.20 to $2.20
socito: folds 
Manifestorr: folds 
kvcsszblcs: folds 
J0SHB0SH: folds 
Uncalled bet ($1.20) returned to value_ftw
value_ftw collected $2.50 from pot
value_ftw: doesn't show hand 
*** SUMMARY ***
Total pot $2.50 | Rake $0 
Seat 1: jockey6969 folded before Flop (didn't bet)
Seat 2: value_ftw collected ($2.50)
Seat 3: socito folded before Flop (didn't bet)
Seat 4: Manifestorr (button) folded before Flop (didn't bet)
Seat 5: kvcsszblcs (small blind) folded before Flop
Seat 6: J0SHB0SH (big blind) folded before Flop



PokerStars Hand #254627346227:  Hold'em No Limit ($0.50/$1.00 USD) - 2025/01/30 20:40:45 WET [2025/01/30 15:40:45 ET]
Table 'Troilus' 6-max Seat #5 is the button
Seat 1: jockey6969 ($28.75 in chips) is sitting out
Seat 2: value_ftw ($174.51 in chips) 
Seat 3: socito ($163.35 in chips) 
Seat 4: Manifestorr ($105.65 in chips) 
Seat 5: kvcsszblcs ($100 in chips) 
Seat 6: J0SHB0SH ($112.38 in chips) 
J0SHB0SH: posts small blind $0.50
value_ftw: posts big blind $1
*** HOLE CARDS ***
socito: raises $1.50 to $2.50
Manifestorr: folds 
kvcsszblcs: folds 
J0SHB0SH: raises $9.50 to $12
value_ftw: folds 
socito: calls $9.50
*** FLOP *** [6c 8s 4c]
J0SHB0SH: bets $12
socito: calls $12
*** TURN *** [6c 8s 4c] [4h]
J0SHB0SH: bets $17
socito: calls $17
*** RIVER *** [6c 8s 4c 4h] [7c]
J0SHB0SH: bets $71.38 and is all-in
socito: folds 
Uncalled bet ($71.38) returned to J0SHB0SH
J0SHB0SH collected $80.50 from pot
J0SHB0SH: doesn't show hand 
*** SUMMARY ***
Total pot $83 | Rake $2.50 
Board [6c 8s 4c 4h 7c]
Seat 1: jockey6969
Seat 2: value_ftw (big blind) folded before Flop
Seat 3: socito folded on the River
Seat 4: Manifestorr folded before Flop (didn't bet)
Seat 5: kvcsszblcs (button) folded before Flop (didn't bet)
Seat 6: J0SHB0SH (small blind) collected ($80.50)



PokerStars Hand #254627377858:  Hold'em No Limit ($0.50/$1.00 USD) - 2025/01/30 20:42:30 WET [2025/01/30 15:42:30 ET]
Table 'Troilus' 6-max Seat #6 is the button
Seat 1: jockey6969 ($28.75 in chips) is sitting out
Seat 2: value_ftw ($173.51 in chips) 
Seat 3: socito ($122.35 in chips) 
Seat 4: Manifestorr ($105.65 in chips) 
Seat 5: kvcsszblcs ($100 in chips) 
Seat 6: J0SHB0SH ($151.88 in chips) 
value_ftw: posts small blind $0.50
socito: posts big blind $1
*** HOLE CARDS ***
Manifestorr: raises $1.20 to $2.20
kvcsszblcs: raises $5.30 to $7.50
J0SHB0SH: folds 
value_ftw: folds 
socito: folds 
Manifestorr: calls $5.30
*** FLOP *** [7h Kh Ad]
Manifestorr: checks 
kvcsszblcs: bets $3.92
Manifestorr: folds 
Uncalled bet ($3.92) returned to kvcsszblcs
kvcsszblcs collected $15.68 from pot
kvcsszblcs: doesn't show hand 
*** SUMMARY ***
Total pot $16.50 | Rake $0.82 
Board [7h Kh Ad]
Seat 1: jockey6969
Seat 2: value_ftw (small blind) folded before Flop
Seat 3: socito (big blind) folded before Flop
Seat 4: Manifestorr folded on the Flop
Seat 5: kvcsszblcs collected ($15.68)
Seat 6: J0SHB0SH (button) folded before Flop (didn't bet)



PokerStars Hand #254627389465:  Hold'em No Limit ($0.50/$1.00 USD) - 2025/01/30 20:43:09 WET [2025/01/30 15:43:09 ET]
Table 'Troilus' 6-max Seat #2 is the button
Seat 1: jockey6969 ($28.75 in chips) is sitting out
Seat 2: value_ftw ($173.01 in chips) 
Seat 3: socito ($121.35 in chips) 
Seat 4: Manifestorr ($100 in chips) 
Seat 5: kvcsszblcs ($108.18 in chips) 
Seat 6: J0SHB0SH ($151.88 in chips) 
socito: posts small blind $0.50
Manifestorr: posts big blind $1
*** HOLE CARDS ***
kvcsszblcs: folds 
J0SHB0SH: folds 
value_ftw: raises $1.50 to $2.50
socito: folds 
Manifestorr: calls $1.50
*** FLOP *** [4s 3s Qh]
Manifestorr: checks 
value_ftw: checks 
*** TURN *** [4s 3s Qh] [3c]
Manifestorr: bets $7.05
value_ftw: calls $7.05
*** RIVER *** [4s 3s Qh 3c] [8c]
Manifestorr: checks 
value_ftw: checks 
*** SHOW DOWN ***
Manifestorr: shows [5s Ad] (a pair of Threes)
value_ftw: shows [7h 7c] (two pair, Sevens and Threes)
value_ftw collected $18.62 from pot
*** SUMMARY ***
Total pot $19.60 | Rake $0.98 
Board [4s 3s Qh 3c 8c]
Seat 1: jockey6969
Seat 2: value_ftw (button) showed [7h 7c] and won ($18.62) with two pair, Sevens and Threes
Seat 3: socito (small blind) folded before Flop
Seat 4: Manifestorr (big blind) showed [5s Ad] and lost with a pair of Threes
Seat 5: kvcsszblcs folded before Flop (didn't bet)
Seat 6: J0SHB0SH folded before Flop (didn't bet)



PokerStars Hand #254627402849:  Hold'em No Limit ($0.50/$1.00 USD) - 2025/01/30 20:43:54 WET [2025/01/30 15:43:54 ET]
Table 'Troilus' 6-max Seat #3 is the button
Seat 1: jockey6969 ($28.75 in chips) is sitting out
Seat 2: value_ftw ($182.08 in chips) 
Seat 3: socito ($120.85 in chips) 
Seat 4: Manifestorr ($100 in chips) 
Seat 5: kvcsszblcs ($108.18 in chips) 
Seat 6: J0SHB0SH ($151.88 in chips) 
Manifestorr: posts small blind $0.50
kvcsszblcs: posts big blind $1
*** HOLE CARDS ***
J0SHB0SH: raises $1 to $2
value_ftw: folds 
socito: folds 
Manifestorr: folds 
kvcsszblcs: folds 
Uncalled bet ($1) returned to J0SHB0SH
J0SHB0SH collected $2.50 from pot
J0SHB0SH: doesn't show hand 
*** SUMMARY ***
Total pot $2.50 | Rake $0 
Seat 1: jockey6969
Seat 2: value_ftw folded before Flop (didn't bet)
Seat 3: socito (button) folded before Flop (didn't bet)
Seat 4: Manifestorr (small blind) folded before Flop
Seat 5: kvcsszblcs (big blind) folded before Flop
Seat 6: J0SHB0SH collected ($2.50)



PokerStars Hand #254627408743:  Hold'em No Limit ($0.50/$1.00 USD) - 2025/01/30 20:44:14 WET [2025/01/30 15:44:14 ET]
Table 'Troilus' 6-max Seat #4 is the button
Seat 1: jockey6969 ($28.75 in chips) is sitting out
Seat 2: value_ftw ($182.08 in chips) 
Seat 3: socito ($120.85 in chips) 
Seat 4: Manifestorr ($100 in chips) 
Seat 5: kvcsszblcs ($107.18 in chips) 
Seat 6: J0SHB0SH ($153.38 in chips) 
kvcsszblcs: posts small blind $0.50
J0SHB0SH: posts big blind $1
*** HOLE CARDS ***
value_ftw: raises $1.20 to $2.20
socito: folds 
Manifestorr: folds 
kvcsszblcs: folds 
J0SHB0SH: folds 
Uncalled bet ($1.20) returned to value_ftw
value_ftw collected $2.50 from pot
value_ftw: doesn't show hand 
*** SUMMARY ***
Total pot $2.50 | Rake $0 
Seat 1: jockey6969
Seat 2: value_ftw collected ($2.50)
Seat 3: socito folded before Flop (didn't bet)
Seat 4: Manifestorr (button) folded before Flop (didn't bet)
Seat 5: kvcsszblcs (small blind) folded before Flop
Seat 6: J0SHB0SH (big blind) folded before Flop



PokerStars Hand #254627413340:  Hold'em No Limit ($0.50/$1.00 USD) - 2025/01/30 20:44:30 WET [2025/01/30 15:44:30 ET]
Table 'Troilus' 6-max Seat #5 is the button
Seat 1: jockey6969 ($28.75 in chips) is sitting out
Seat 2: value_ftw ($183.58 in chips) 
Seat 3: socito ($120.85 in chips) 
Seat 4: Manifestorr ($100 in chips) 
Seat 5: kvcsszblcs ($106.68 in chips) 
Seat 6: J0SHB0SH ($152.38 in chips) 
J0SHB0SH: posts small blind $0.50
value_ftw: posts big blind $1
*** HOLE CARDS ***
socito: folds 
Manifestorr: raises $1.20 to $2.20
kvcsszblcs: raises $5.80 to $8
J0SHB0SH: folds 
value_ftw: folds 
Manifestorr: folds 
Uncalled bet ($5.80) returned to kvcsszblcs
kvcsszblcs collected $5.90 from pot
kvcsszblcs: doesn't show hand 
*** SUMMARY ***
Total pot $5.90 | Rake $0 
Seat 1: jockey6969
Seat 2: value_ftw (big blind) folded before Flop
Seat 3: socito folded before Flop (didn't bet)
Seat 4: Manifestorr folded before Flop
Seat 5: kvcsszblcs (button) collected ($5.90)
Seat 6: J0SHB0SH (small blind) folded before Flop



PokerStars Hand #254627420440:  Hold'em No Limit ($0.50/$1.00 USD) - 2025/01/30 20:44:54 WET [2025/01/30 15:44:54 ET]
Table 'Troilus' 6-max Seat #6 is the button
Seat 1: jockey6969 ($28.75 in chips) is sitting out
Seat 2: value_ftw ($182.58 in chips) 
Seat 3: socito ($120.85 in chips) 
Seat 4: Manifestorr ($100 in chips) 
Seat 5: kvcsszblcs ($110.38 in chips) 
Seat 6: J0SHB0SH ($151.88 in chips) 
value_ftw: posts small blind $0.50
socito: posts big blind $1
*** HOLE CARDS ***
Manifestorr: raises $1.20 to $2.20
kvcsszblcs: raises $5.30 to $7.50
J0SHB0SH: folds 
value_ftw: folds 
socito: folds 
Manifestorr: calls $5.30
*** FLOP *** [4c Jc Ks]
Manifestorr: checks 
kvcsszblcs: bets $5.18
Manifestorr: folds 
Uncalled bet ($5.18) returned to kvcsszblcs
kvcsszblcs collected $15.68 from pot
kvcsszblcs: doesn't show hand 
*** SUMMARY ***
Total pot $16.50 | Rake $0.82 
Board [4c Jc Ks]
Seat 1: jockey6969
Seat 2: value_ftw (small blind) folded before Flop
Seat 3: socito (big blind) folded before Flop
Seat 4: Manifestorr folded on the Flop
Seat 5: kvcsszblcs collected ($15.68)
Seat 6: J0SHB0SH (button) folded before Flop (didn't bet)



PokerStars Hand #254627436665:  Hold'em No Limit ($0.50/$1.00 USD) - 2025/01/30 20:45:48 WET [2025/01/30 15:45:48 ET]
Table 'Troilus' 6-max Seat #2 is the button
Seat 1: jockey6969 ($28.75 in chips) is sitting out
Seat 2: value_ftw ($182.08 in chips) 
Seat 3: socito ($119.85 in chips) 
Seat 4: Manifestorr ($100 in chips) 
Seat 5: kvcsszblcs ($118.56 in chips) 
Seat 6: J0SHB0SH ($151.88 in chips) 
socito: posts small blind $0.50
Manifestorr: posts big blind $1
*** HOLE CARDS ***
kvcsszblcs: folds 
J0SHB0SH: folds 
value_ftw: folds 
socito: folds 
Uncalled bet ($0.50) returned to Manifestorr
Manifestorr collected $1 from pot
*** SUMMARY ***
Total pot $1 | Rake $0 
Seat 1: jockey6969
Seat 2: value_ftw (button) folded before Flop (didn't bet)
Seat 3: socito (small blind) folded before Flop
Seat 4: Manifestorr (big blind) collected ($1)
Seat 5: kvcsszblcs folded before Flop (didn't bet)
Seat 6: J0SHB0SH folded before Flop (didn't bet)



PokerStars Hand #254627441421:  Hold'em No Limit ($0.50/$1.00 USD) - 2025/01/30 20:46:04 WET [2025/01/30 15:46:04 ET]
Table 'Troilus' 6-max Seat #3 is the button
Seat 1: jockey6969 ($28.75 in chips) is sitting out
Seat 2: value_ftw ($182.08 in chips) 
Seat 3: socito ($119.35 in chips) 
Seat 4: Manifestorr ($100.50 in chips) 
Seat 5: kvcsszblcs ($118.56 in chips) 
Seat 6: J0SHB0SH ($151.88 in chips) 
Manifestorr: posts small blind $0.50
kvcsszblcs: posts big blind $1
*** HOLE CARDS ***
J0SHB0SH: folds 
value_ftw: folds 
socito: raises $1.50 to $2.50
Manifestorr: folds 
kvcsszblcs: raises $9.50 to $12
socito: folds 
Uncalled bet ($9.50) returned to kvcsszblcs
kvcsszblcs collected $5.50 from pot
kvcsszblcs: doesn't show hand 
*** SUMMARY ***
Total pot $5.50 | Rake $0 
Seat 1: jockey6969
Seat 2: value_ftw folded before Flop (didn't bet)
Seat 3: socito (button) folded before Flop
Seat 4: Manifestorr (small blind) folded before Flop
Seat 5: kvcsszblcs (big blind) collected ($5.50)
Seat 6: J0SHB0SH folded before Flop (didn't bet)



PokerStars Hand #254627451895:  Hold'em No Limit ($0.50/$1.00 USD) - 2025/01/30 20:46:39 WET [2025/01/30 15:46:39 ET]
Table 'Troilus' 6-max Seat #4 is the button
Seat 1: jockey6969 ($28.75 in chips) is sitting out
Seat 2: value_ftw ($182.08 in chips) 
Seat 3: socito ($116.85 in chips) 
Seat 4: Manifestorr ($100 in chips) 
Seat 5: kvcsszblcs ($121.56 in chips) 
Seat 6: J0SHB0SH ($151.88 in chips) 
kvcsszblcs: posts small blind $0.50
J0SHB0SH: posts big blind $1
*** HOLE CARDS ***
value_ftw: folds 
socito: folds 
Manifestorr: raises $1.20 to $2.20
kvcsszblcs: folds 
J0SHB0SH: raises $9.80 to $12
Manifestorr: calls $9.80
*** FLOP *** [Kd Tc Qd]
J0SHB0SH: bets $7.68
Manifestorr: folds 
Uncalled bet ($7.68) returned to J0SHB0SH
J0SHB0SH collected $23.28 from pot
J0SHB0SH: doesn't show hand 
*** SUMMARY ***
Total pot $24.50 | Rake $1.22 
Board [Kd Tc Qd]
Seat 1: jockey6969
Seat 2: value_ftw folded before Flop (didn't bet)
Seat 3: socito folded before Flop (didn't bet)
Seat 4: Manifestorr (button) folded on the Flop
Seat 5: kvcsszblcs (small blind) folded before Flop
Seat 6: J0SHB0SH (big blind) collected ($23.28)



PokerStars Hand #254627465758:  Hold'em No Limit ($0.50/$1.00 USD) - 2025/01/30 20:47:25 WET [2025/01/30 15:47:25 ET]
Table 'Troilus' 6-max Seat #5 is the button
Seat 1: jockey6969 ($28.75 in chips) is sitting out
Seat 2: value_ftw ($182.08 in chips) 
Seat 3: socito ($116.85 in chips) 
Seat 4: Manifestorr ($100 in chips) 
Seat 5: kvcsszblcs ($121.06 in chips) 
Seat 6: J0SHB0SH ($163.16 in chips) 
J0SHB0SH: posts small blind $0.50
value_ftw: posts big blind $1
*** HOLE CARDS ***
socito: folds 
Manifestorr: folds 
kvcsszblcs: folds 
J0SHB0SH: raises $2 to $3
value_ftw: folds 
Uncalled bet ($2) returned to J0SHB0SH
J0SHB0SH collected $2 from pot
J0SHB0SH: doesn't show hand 
*** SUMMARY ***
Total pot $2 | Rake $0 
Seat 1: jockey6969
Seat 2: value_ftw (big blind) folded before Flop
Seat 3: socito folded before Flop (didn't bet)
Seat 4: Manifestorr folded before Flop (didn't bet)
Seat 5: kvcsszblcs (button) folded before Flop (didn't bet)
Seat 6: J0SHB0SH (small blind) collected ($2)



PokerStars Hand #254627471463:  Hold'em No Limit ($0.50/$1.00 USD) - 2025/01/30 20:47:44 WET [2025/01/30 15:47:44 ET]
Table 'Troilus' 6-max Seat #6 is the button
Seat 1: jockey6969 ($28.75 in chips) is sitting out
Seat 3: socito ($116.85 in chips) is sitting out
Seat 2: value_ftw ($181.08 in chips) 
Seat 4: Manifestorr ($100 in chips) 
Seat 5: kvcsszblcs ($121.06 in chips) 
Seat 6: J0SHB0SH ($164.16 in chips) 
value_ftw: posts small blind $0.50
socito: is sitting out 
Manifestorr: posts big blind $1
*** HOLE CARDS ***
kvcsszblcs: folds 
J0SHB0SH: folds 
value_ftw: raises $2 to $3
Manifestorr: raises $6 to $9
value_ftw: calls $6
*** FLOP *** [7h 6c 5h]
value_ftw: checks 
Manifestorr: checks 
*** TURN *** [7h 6c 5h] [Td]
value_ftw: checks 
Manifestorr: bets $8.55
value_ftw: calls $8.55
*** RIVER *** [7h 6c 5h Td] [3c]
value_ftw: checks 
Manifestorr: bets $26
value_ftw: calls $26
*** SHOW DOWN ***
Manifestorr: shows [Ac 4s] (a straight, Three to Seven)
value_ftw: mucks hand 
Manifestorr collected $86.10 from pot
*** SUMMARY ***
Total pot $87.10 | Rake $1 
Board [7h 6c 5h Td 3c]
Seat 1: jockey6969
Seat 3: socito
Seat 2: value_ftw (small blind) mucked
Seat 4: Manifestorr (big blind) showed [Ac 4s] and won ($86.10) with a straight, Three to Seven
Seat 5: kvcsszblcs folded before Flop (didn't bet)
Seat 6: J0SHB0SH (button) folded before Flop (didn't bet)



PokerStars Hand #254627486824:  Hold'em No Limit ($0.50/$1.00 USD) - 2025/01/30 20:48:35 WET [2025/01/30 15:48:35 ET]
Table 'Troilus' 6-max Seat #2 is the button
Seat 1: jockey6969 ($28.75 in chips) is sitting out
Seat 3: socito ($116.85 in chips) is sitting out
Seat 2: value_ftw ($137.53 in chips) 
Seat 4: Manifestorr ($142.55 in chips) 
Seat 5: kvcsszblcs ($121.06 in chips) 
Seat 6: J0SHB0SH ($164.16 in chips) 
Manifestorr: posts small blind $0.50
kvcsszblcs: posts big blind $1
*** HOLE CARDS ***
J0SHB0SH: folds 
value_ftw: folds 
Manifestorr: folds 
Uncalled bet ($0.50) returned to kvcsszblcs
kvcsszblcs collected $1 from pot
kvcsszblcs: doesn't show hand 
*** SUMMARY ***
Total pot $1 | Rake $0 
Seat 1: jockey6969
Seat 3: socito
Seat 2: value_ftw (button) folded before Flop (didn't bet)
Seat 4: Manifestorr (small blind) folded before Flop
Seat 5: kvcsszblcs (big blind) collected ($1)
Seat 6: J0SHB0SH folded before Flop (didn't bet)



PokerStars Hand #254627488987:  Hold'em No Limit ($0.50/$1.00 USD) - 2025/01/30 20:48:43 WET [2025/01/30 15:48:43 ET]
Table 'Troilus' 6-max Seat #4 is the button
Seat 1: jockey6969 ($28.75 in chips) is sitting out
Seat 3: socito ($116.85 in chips) is sitting out
Seat 2: value_ftw ($137.53 in chips) 
Seat 4: Manifestorr ($142.05 in chips) 
Seat 5: kvcsszblcs ($121.56 in chips) 
Seat 6: J0SHB0SH ($164.16 in chips) 
kvcsszblcs: posts small blind $0.50
J0SHB0SH: posts big blind $1
socito: sits out 
*** HOLE CARDS ***
value_ftw: folds 
Manifestorr: raises $1.20 to $2.20
kvcsszblcs: folds 
J0SHB0SH: folds 
Uncalled bet ($1.20) returned to Manifestorr
Manifestorr collected $2.50 from pot
*** SUMMARY ***
Total pot $2.50 | Rake $0 
Seat 1: jockey6969
Seat 3: socito
Seat 2: value_ftw folded before Flop (didn't bet)
Seat 4: Manifestorr (button) collected ($2.50)
Seat 5: kvcsszblcs (small blind) folded before Flop
Seat 6: J0SHB0SH (big blind) folded before Flop



PokerStars Hand #254627492567:  Hold'em No Limit ($0.50/$1.00 USD) - 2025/01/30 20:48:55 WET [2025/01/30 15:48:55 ET]
Table 'Troilus' 6-max Seat #5 is the button
Seat 1: jockey6969 ($28.75 in chips) is sitting out
Seat 3: socito ($116.85 in chips) is sitting out
Seat 2: value_ftw ($137.53 in chips) 
Seat 4: Manifestorr ($143.55 in chips) 
Seat 5: kvcsszblcs ($121.06 in chips) 
Seat 6: J0SHB0SH ($163.16 in chips) 
J0SHB0SH: posts small blind $0.50
value_ftw: posts big blind $1
socito: sits out 
*** HOLE CARDS ***
socito leaves the table
Manifestorr: folds 
kvcsszblcs: raises $1.25 to $2.25
J0SHB0SH: folds 
value_ftw: calls $1.25
*** FLOP *** [8h 3d Tc]
value_ftw: checks 
kvcsszblcs: bets $2.38
value_ftw: calls $2.38
*** TURN *** [8h 3d Tc] [3s]
value_ftw: checks 
kvcsszblcs: checks 
*** RIVER *** [8h 3d Tc 3s] [9d]
value_ftw: bets $3.06
kvcsszblcs: calls $3.06
*** SHOW DOWN ***
value_ftw: shows [Td 5d] (two pair, Tens and Threes)
kvcsszblcs: mucks hand 
value_ftw collected $15.09 from pot
jockey6969 leaves the table
*** SUMMARY ***
Total pot $15.88 | Rake $0.79 
Board [8h 3d Tc 3s 9d]
Seat 1: jockey6969
Seat 3: socito
Seat 2: value_ftw (big blind) showed [Td 5d] and won ($15.09) with two pair, Tens and Threes
Seat 4: Manifestorr folded before Flop (didn't bet)
Seat 5: kvcsszblcs (button) mucked
Seat 6: J0SHB0SH (small blind) folded before Flop



PokerStars Hand #254627508556:  Hold'em No Limit ($0.50/$1.00 USD) - 2025/01/30 20:49:48 WET [2025/01/30 15:49:48 ET]
Table 'Troilus' 6-max Seat #6 is the button
Seat 4: Manifestorr ($143.55 in chips) is sitting out
Seat 2: value_ftw ($144.93 in chips) 
Seat 5: kvcsszblcs ($113.37 in chips) 
Seat 6: J0SHB0SH ($162.66 in chips) 
value_ftw: posts small blind $0.50
Manifestorr: is sitting out 
kvcsszblcs: posts big blind $1
*** HOLE CARDS ***
Manifestorr leaves the table
kel3vr4_23 joins the table at seat #3 
kel3vr4_23 is disconnected 
J0SHB0SH: raises $1.50 to $2.50
value_ftw: raises $8 to $10.50
kvcsszblcs: folds 
J0SHB0SH: calls $8
*** FLOP *** [4s 8h 2h]
value_ftw: bets $10.50
J0SHB0SH: folds 
Uncalled bet ($10.50) returned to value_ftw
value_ftw collected $21 from pot
value_ftw: doesn't show hand 
*** SUMMARY ***
Total pot $22 | Rake $1 
Board [4s 8h 2h]
Seat 4: Manifestorr
Seat 2: value_ftw (small blind) collected ($21)
Seat 5: kvcsszblcs (big blind) folded before Flop
Seat 6: J0SHB0SH (button) folded on the Flop



PokerStars Hand #254627517712:  Hold'em No Limit ($0.50/$1.00 USD) - 2025/01/30 20:50:19 WET [2025/01/30 15:50:19 ET]
Table 'Troilus' 6-max Seat #2 is the button
Seat 3: kel3vr4_23 ($10 in chips) is sitting out
Seat 2: value_ftw ($155.43 in chips) 
Seat 5: kvcsszblcs ($112.37 in chips) 
Seat 6: J0SHB0SH ($152.16 in chips) 
kvcsszblcs: posts small blind $0.50
J0SHB0SH: posts big blind $1
*** HOLE CARDS ***
value_ftw: raises $1.50 to $2.50
kvcsszblcs: folds 
J0SHB0SH: folds 
Uncalled bet ($1.50) returned to value_ftw
value_ftw collected $2.50 from pot
value_ftw: doesn't show hand 
*** SUMMARY ***
Total pot $2.50 | Rake $0 
Seat 3: kel3vr4_23
Seat 2: value_ftw (button) collected ($2.50)
Seat 5: kvcsszblcs (small blind) folded before Flop
Seat 6: J0SHB0SH (big blind) folded before Flop



PokerStars Hand #254627521676:  Hold'em No Limit ($0.50/$1.00 USD) - 2025/01/30 20:50:32 WET [2025/01/30 15:50:32 ET]
Table 'Troilus' 6-max Seat #5 is the button
Seat 2: value_ftw ($156.93 in chips) is sitting out
Seat 3: kel3vr4_23 ($10 in chips) 
Seat 5: kvcsszblcs ($111.87 in chips) 
Seat 6: J0SHB0SH ($151.16 in chips) 
J0SHB0SH: posts small blind $0.50
value_ftw: is sitting out 
kel3vr4_23: posts big blind $1
*** HOLE CARDS ***
kvcsszblcs: raises $1.25 to $2.25
J0SHB0SH: folds 
kel3vr4_23: folds 
Uncalled bet ($1.25) returned to kvcsszblcs
value_ftw leaves the table
kvcsszblcs collected $2.50 from pot
kvcsszblcs: doesn't show hand 
*** SUMMARY ***
Total pot $2.50 | Rake $0 
Seat 2: value_ftw
Seat 3: kel3vr4_23 (big blind) folded before Flop
Seat 5: kvcsszblcs (button) collected ($2.50)
Seat 6: J0SHB0SH (small blind) folded before Flop



PokerStars Hand #254627524747:  Hold'em No Limit ($0.50/$1.00 USD) - 2025/01/30 20:50:42 WET [2025/01/30 15:50:42 ET]
Table 'Troilus' 6-max Seat #6 is the button
Seat 3: kel3vr4_23 ($9 in chips) 
Seat 5: kvcsszblcs ($113.37 in chips) 
Seat 6: J0SHB0SH ($150.66 in chips) 
kel3vr4_23: posts small blind $0.50
kvcsszblcs: posts big blind $1
*** HOLE CARDS ***
J0SHB0SH: folds 
kel3vr4_23: folds 
Uncalled bet ($0.50) returned to kvcsszblcs
kvcsszblcs collected $1 from pot
kvcsszblcs: doesn't show hand 
*** SUMMARY ***
Total pot $1 | Rake $0 
Seat 3: kel3vr4_23 (small blind) folded before Flop
Seat 5: kvcsszblcs (big blind) collected ($1)
Seat 6: J0SHB0SH (button) folded before Flop (didn't bet)



PokerStars Hand #254627529340:  Hold'em No Limit ($0.50/$1.00 USD) - 2025/01/30 20:50:58 WET [2025/01/30 15:50:58 ET]
Table 'Troilus' 6-max Seat #5 is the button
Seat 6: J0SHB0SH ($150.66 in chips) is sitting out
Seat 3: kel3vr4_23 ($8.50 in chips) 
Seat 5: kvcsszblcs ($113.87 in chips) 
kvcsszblcs: posts small blind $0.50
J0SHB0SH: is sitting out 
kel3vr4_23: posts big blind $1
*** HOLE CARDS ***
J0SHB0SH leaves the table
kvcsszblcs: calls $0.50
kel3vr4_23: raises $2 to $3
kvcsszblcs: folds 
Uncalled bet ($2) returned to kel3vr4_23
kel3vr4_23 collected $2 from pot
*** SUMMARY ***
Total pot $2 | Rake $0 
Seat 6: J0SHB0SH
Seat 3: kel3vr4_23 (big blind) collected ($2)
Seat 5: kvcsszblcs (button) (small blind) folded before Flop



PokerStars Hand #254627534048:  Hold'em No Limit ($0.50/$1.00 USD) - 2025/01/30 20:51:14 WET [2025/01/30 15:51:14 ET]
Table 'Troilus' 6-max Seat #3 is the button
Seat 3: kel3vr4_23 ($9.50 in chips) 
Seat 5: kvcsszblcs ($112.87 in chips) 
kel3vr4_23: posts small blind $0.50
kvcsszblcs: posts big blind $1
*** HOLE CARDS ***
kel3vr4_23: raises $1 to $2
kvcsszblcs: calls $1
*** FLOP *** [5s Ks 4h]
kvcsszblcs: checks 
kel3vr4_23: checks 
*** TURN *** [5s Ks 4h] [3s]
kvcsszblcs: bets $1.50
kel3vr4_23: calls $1.50
*** RIVER *** [5s Ks 4h 3s] [5h]
kvcsszblcs: checks 
kel3vr4_23: checks 
*** SHOW DOWN ***
kvcsszblcs: shows [8d 6s] (a pair of Fives)
kel3vr4_23: shows [7d Qs] (a pair of Fives - King+Queen kicker)
kel3vr4_23 collected $6.65 from pot
*** SUMMARY ***
Total pot $7 | Rake $0.35 
Board [5s Ks 4h 3s 5h]
Seat 3: kel3vr4_23 (button) (small blind) showed [7d Qs] and won ($6.65) with a pair of Fives
Seat 5: kvcsszblcs (big blind) showed [8d 6s] and lost with a pair of Fives



PokerStars Hand #254627550591:  Hold'em No Limit ($0.50/$1.00 USD) - 2025/01/30 20:52:09 WET [2025/01/30 15:52:09 ET]
Table 'Troilus' 6-max Seat #5 is the button
Seat 3: kel3vr4_23 ($12.65 in chips) 
Seat 5: kvcsszblcs ($109.37 in chips) 
kvcsszblcs: posts small blind $0.50
kel3vr4_23: posts big blind $1
*** HOLE CARDS ***
kvcsszblcs: raises $1 to $2
kel3vr4_23: folds 
Uncalled bet ($1) returned to kvcsszblcs
AAmel85 joins the table at seat #4 
kvcsszblcs collected $2 from pot
kvcsszblcs: doesn't show hand 
AAmel85 is disconnected 
*** SUMMARY ***
Total pot $2 | Rake $0 
Seat 3: kel3vr4_23 (big blind) folded before Flop
Seat 5: kvcsszblcs (button) (small blind) collected ($2)



PokerStars Hand #254627553801:  Hold'em No Limit ($0.50/$1.00 USD) - 2025/01/30 20:52:20 WET [2025/01/30 15:52:20 ET]
Table 'Troilus' 6-max Seat #5 is the button
Seat 3: kel3vr4_23 ($11.65 in chips) 
Seat 4: AAmel85 ($67.13 in chips) 
Seat 5: kvcsszblcs ($110.37 in chips) 
kel3vr4_23: posts small blind $0.50
AAmel85: posts big blind $1
*** HOLE CARDS ***
Espada Fish joins the table at seat #6 
Alinyr joins the table at seat #2 
KidBoo99k joins the table at seat #1 
kvcsszblcs: folds 
kel3vr4_23: raises $2 to $3
AAmel85: raises $2 to $5
kel3vr4_23: raises $6.65 to $11.65 and is all-in
AAmel85: calls $6.65
*** FLOP *** [9h Td 2s]
*** TURN *** [9h Td 2s] [6h]
*** RIVER *** [9h Td 2s 6h] [4c]
*** SHOW DOWN ***
kel3vr4_23: shows [Jc Qc] (high card Queen)
AAmel85: shows [Js Ks] (high card King)
AAmel85 collected $22.30 from pot
*** SUMMARY ***
Total pot $23.30 | Rake $1 
Board [9h Td 2s 6h 4c]
Seat 3: kel3vr4_23 (small blind) showed [Jc Qc] and lost with high card Queen
Seat 4: AAmel85 (big blind) showed [Js Ks] and won ($22.30) with high card King
Seat 5: kvcsszblcs (button) folded before Flop (didn't bet)



PokerStars Hand #254627562265:  Hold'em No Limit ($0.50/$1.00 USD) - 2025/01/30 20:52:48 WET [2025/01/30 15:52:48 ET]
Table 'Troilus' 6-max Seat #4 is the button
Seat 2: Alinyr ($100 in chips) is sitting out
Seat 3: kel3vr4_23 ($0 in chips) is sitting out
Seat 1: KidBoo99k ($16.48 in chips) 
Seat 4: AAmel85 ($77.78 in chips) 
Seat 5: kvcsszblcs ($110.37 in chips) 
Seat 6: Espada Fish ($100 in chips) 
kvcsszblcs: posts small blind $0.50
Espada Fish: posts big blind $1
KidBoo99k: posts big blind $1
Alinyr: sits out 
*** HOLE CARDS ***
KidBoo99k: checks 
AAmel85: calls $1
kvcsszblcs: calls $0.50
Espada Fish has timed out
Espada Fish: checks 
*** FLOP *** [Qd Kc 4c]
kvcsszblcs: checks 
Espada Fish: checks 
KidBoo99k: bets $1.90
AAmel85: folds 
kvcsszblcs: folds 
Espada Fish: folds 
Uncalled bet ($1.90) returned to KidBoo99k
KidBoo99k collected $3.75 from pot
KidBoo99k: doesn't show hand 
*** SUMMARY ***
Total pot $4 | Rake $0.25 
Board [Qd Kc 4c]
Seat 2: Alinyr
Seat 3: kel3vr4_23
Seat 1: KidBoo99k collected ($3.75)
Seat 4: AAmel85 (button) folded on the Flop
Seat 5: kvcsszblcs (small blind) folded on the Flop
Seat 6: Espada Fish (big blind) folded on the Flop



PokerStars Hand #254627581908:  Hold'em No Limit ($0.50/$1.00 USD) - 2025/01/30 20:53:55 WET [2025/01/30 15:53:55 ET]
Table 'Troilus' 6-max Seat #5 is the button
Seat 2: Alinyr ($100 in chips) is sitting out
Seat 1: KidBoo99k ($19.23 in chips) 
Seat 3: kel3vr4_23 ($10 in chips) 
Seat 4: AAmel85 ($76.78 in chips) 
Seat 5: kvcsszblcs ($109.37 in chips) 
Seat 6: Espada Fish ($100 in chips) 
Espada Fish: posts small blind $0.50
KidBoo99k: posts big blind $1
Alinyr: sits out 
*** HOLE CARDS ***
kel3vr4_23: folds 
AAmel85: raises $1 to $2
kvcsszblcs: raises $5.50 to $7.50
Espada Fish: folds 
KidBoo99k: folds 
AAmel85: raises $5.50 to $13
kvcsszblcs: calls $5.50
*** FLOP *** [6d 6s 6c]
AAmel85: bets $63.78 and is all-in
kvcsszblcs: folds 
Uncalled bet ($63.78) returned to AAmel85
AAmel85 collected $26.12 from pot
*** SUMMARY ***
Total pot $27.50 | Rake $1.38 
Board [6d 6s 6c]
Seat 2: Alinyr
Seat 1: KidBoo99k (big blind) folded before Flop
Seat 3: kel3vr4_23 folded before Flop (didn't bet)
Seat 4: AAmel85 collected ($26.12)
Seat 5: kvcsszblcs (button) folded on the Flop
Seat 6: Espada Fish (small blind) folded before Flop



PokerStars Hand #254627596390:  Hold'em No Limit ($0.50/$1.00 USD) - 2025/01/30 20:54:43 WET [2025/01/30 15:54:43 ET]
Table 'Troilus' 6-max Seat #6 is the button
Seat 1: KidBoo99k ($18.23 in chips) 
Seat 2: Alinyr ($100 in chips) 
Seat 3: kel3vr4_23 ($10 in chips) 
Seat 4: AAmel85 ($89.90 in chips) 
Seat 5: kvcsszblcs ($100 in chips) 
Seat 6: Espada Fish ($100 in chips) 
KidBoo99k: posts small blind $0.50
Alinyr: posts big blind $1
*** HOLE CARDS ***
kel3vr4_23: folds 
AAmel85: folds 
kvcsszblcs: folds 
Espada Fish: folds 
KidBoo99k: folds 
Uncalled bet ($0.50) returned to Alinyr
Alinyr collected $1 from pot
Alinyr: doesn't show hand 
*** SUMMARY ***
Total pot $1 | Rake $0 
Seat 1: KidBoo99k (small blind) folded before Flop
Seat 2: Alinyr (big blind) collected ($1)
Seat 3: kel3vr4_23 folded before Flop (didn't bet)
Seat 4: AAmel85 folded before Flop (didn't bet)
Seat 5: kvcsszblcs folded before Flop (didn't bet)
Seat 6: Espada Fish (button) folded before Flop (didn't bet)



PokerStars Hand #254627602514:  Hold'em No Limit ($0.50/$1.00 USD) - 2025/01/30 20:55:04 WET [2025/01/30 15:55:04 ET]
Table 'Troilus' 6-max Seat #1 is the button
Seat 1: KidBoo99k ($17.73 in chips) 
Seat 2: Alinyr ($100.50 in chips) 
Seat 3: kel3vr4_23 ($10 in chips) 
Seat 4: AAmel85 ($89.90 in chips) 
Seat 5: kvcsszblcs ($100 in chips) 
Seat 6: Espada Fish ($100 in chips) 
Alinyr: posts small blind $0.50
kel3vr4_23: posts big blind $1
*** HOLE CARDS ***
AAmel85: folds 
kvcsszblcs: raises $1 to $2
Espada Fish: folds 
KidBoo99k: folds 
KidBoo99k leaves the table
Alinyr: folds 
kel3vr4_23: folds 
Uncalled bet ($1) returned to kvcsszblcs
kvcsszblcs collected $2.50 from pot
kvcsszblcs: doesn't show hand 
*** SUMMARY ***
Total pot $2.50 | Rake $0 
Seat 1: KidBoo99k (button) folded before Flop (didn't bet)
Seat 2: Alinyr (small blind) folded before Flop
Seat 3: kel3vr4_23 (big blind) folded before Flop
Seat 4: AAmel85 folded before Flop (didn't bet)
Seat 5: kvcsszblcs collected ($2.50)
Seat 6: Espada Fish folded before Flop (didn't bet)



PokerStars Hand #254627607026:  Hold'em No Limit ($0.50/$1.00 USD) - 2025/01/30 20:55:21 WET [2025/01/30 15:55:21 ET]
Table 'Troilus' 6-max Seat #2 is the button
Seat 2: Alinyr ($100 in chips) 
Seat 3: kel3vr4_23 ($9 in chips) 
Seat 4: AAmel85 ($89.90 in chips) 
Seat 5: kvcsszblcs ($101.50 in chips) 
Seat 6: Espada Fish ($100 in chips) 
kel3vr4_23: posts small blind $0.50
AAmel85: posts big blind $1
*** HOLE CARDS ***
kvcsszblcs: raises $1 to $2
Espada Fish: folds 
Alinyr: folds 
kel3vr4_23: folds 
AAmel85: calls $1
*** FLOP *** [9c 9s 7d]
AAmel85: checks 
kvcsszblcs: bets $1.07
AAmel85: calls $1.07
*** TURN *** [9c 9s 7d] [4c]
AAmel85: checks 
kvcsszblcs: bets $4.16
AAmel85: folds 
Uncalled bet ($4.16) returned to kvcsszblcs
kvcsszblcs collected $6.31 from pot
kvcsszblcs: doesn't show hand 
*** SUMMARY ***
Total pot $6.64 | Rake $0.33 
Board [9c 9s 7d 4c]
Seat 2: Alinyr (button) folded before Flop (didn't bet)
Seat 3: kel3vr4_23 (small blind) folded before Flop
Seat 4: AAmel85 (big blind) folded on the Turn
Seat 5: kvcsszblcs collected ($6.31)
Seat 6: Espada Fish folded before Flop (didn't bet)



PokerStars Hand #254627615644:  Hold'em No Limit ($0.50/$1.00 USD) - 2025/01/30 20:56:03 WET [2025/01/30 15:56:03 ET]
Table 'Troilus' 6-max Seat #3 is the button
Seat 5: kvcsszblcs ($104.74 in chips) is sitting out
Seat 2: Alinyr ($100 in chips) 
Seat 3: kel3vr4_23 ($8.50 in chips) 
Seat 4: AAmel85 ($86.83 in chips) 
Seat 6: Espada Fish ($100 in chips) 
AAmel85: posts small blind $0.50
kvcsszblcs: is sitting out 
Espada Fish: posts big blind $1
*** HOLE CARDS ***
Alinyr: raises $1.28 to $2.28
kel3vr4_23: folds 
AAmel85: folds 
Espada Fish: folds 
Uncalled bet ($1.28) returned to Alinyr
Alinyr collected $2.50 from pot
Alinyr: doesn't show hand 
*** SUMMARY ***
Total pot $2.50 | Rake $0 
Seat 5: kvcsszblcs
Seat 2: Alinyr collected ($2.50)
Seat 3: kel3vr4_23 (button) folded before Flop (didn't bet)
Seat 4: AAmel85 (small blind) folded before Flop
Seat 6: Espada Fish (big blind) folded before Flop



PokerStars Hand #254627619347:  Hold'em No Limit ($0.50/$1.00 USD) - 2025/01/30 20:56:21 WET [2025/01/30 15:56:21 ET]
Table 'Troilus' 6-max Seat #4 is the button
Seat 2: Alinyr ($101.50 in chips) is sitting out
Seat 5: kvcsszblcs ($104.74 in chips) is sitting out
Seat 3: kel3vr4_23 ($8.50 in chips) 
Seat 4: AAmel85 ($86.33 in chips) 
Seat 6: Espada Fish ($100 in chips) 
Espada Fish: posts small blind $0.50
Alinyr: is sitting out 
kel3vr4_23: posts big blind $1
*** HOLE CARDS ***
AAmel85: folds 
Alinyr leaves the table
sta$igk joins the table at seat #2 
Espada Fish: raises $2 to $3
kel3vr4_23: calls $2
*** FLOP *** [4h 9d Td]
XneferX joins the table at seat #1 
Espada Fish: checks 
kel3vr4_23: checks 
*** TURN *** [4h 9d Td] [Jh]
Espada Fish: bets $6.50
kel3vr4_23: calls $5.50 and is all-in
Uncalled bet ($1) returned to Espada Fish
*** RIVER *** [4h 9d Td Jh] [8c]
*** SHOW DOWN ***
Espada Fish: shows [As Th] (a pair of Tens)
kel3vr4_23: shows [5h Qh] (a straight, Eight to Queen)
kel3vr4_23 collected $16.15 from pot
*** SUMMARY ***
Total pot $17 | Rake $0.85 
Board [4h 9d Td Jh 8c]
Seat 2: Alinyr
Seat 5: kvcsszblcs
Seat 3: kel3vr4_23 (big blind) showed [5h Qh] and won ($16.15) with a straight, Eight to Queen
Seat 4: AAmel85 (button) folded before Flop (didn't bet)
Seat 6: Espada Fish (small blind) showed [As Th] and lost with a pair of Tens



PokerStars Hand #254627627066:  Hold'em No Limit ($0.50/$1.00 USD) - 2025/01/30 20:56:59 WET [2025/01/30 15:56:59 ET]
Table 'Troilus' 6-max Seat #6 is the button
Seat 1: XneferX ($100 in chips) is sitting out
Seat 2: sta$igk ($105.31 in chips) is sitting out
Seat 5: kvcsszblcs ($104.74 in chips) is sitting out
Seat 3: kel3vr4_23 ($16.15 in chips) 
Seat 4: AAmel85 ($86.33 in chips) 
Seat 6: Espada Fish ($100 in chips) 
kel3vr4_23: posts small blind $0.50
AAmel85: posts big blind $1
kvcsszblcs: sits out 
*** HOLE CARDS ***
Espada Fish: folds 
kel3vr4_23: folds 
Uncalled bet ($0.50) returned to AAmel85
AAmel85 collected $1 from pot
*** SUMMARY ***
Total pot $1 | Rake $0 
Seat 1: XneferX
Seat 2: sta$igk
Seat 5: kvcsszblcs
Seat 3: kel3vr4_23 (small blind) folded before Flop
Seat 4: AAmel85 (big blind) collected ($1)
Seat 6: Espada Fish (button) folded before Flop (didn't bet)



PokerStars Hand #254627628973:  Hold'em No Limit ($0.50/$1.00 USD) - 2025/01/30 20:57:08 WET [2025/01/30 15:57:08 ET]
Table 'Troilus' 6-max Seat #3 is the button
Seat 1: XneferX ($100 in chips) is sitting out
Seat 2: sta$igk ($105.31 in chips) is sitting out
Seat 3: kel3vr4_23 ($15.65 in chips) 
Seat 4: AAmel85 ($86.83 in chips) 
Seat 5: kvcsszblcs ($104.74 in chips) 
Seat 6: Espada Fish ($100 in chips) 
AAmel85: posts small blind $0.50
kvcsszblcs: posts big blind $1
XneferX: sits out 
sta$igk: sits out 
*** HOLE CARDS ***
Espada Fish: folds 
kel3vr4_23: folds 
AAmel85: raises $1 to $2
kvcsszblcs: calls $1
*** FLOP *** [5d 8h Qh]
AAmel85: bets $3.80
kvcsszblcs: folds 
Uncalled bet ($3.80) returned to AAmel85
AAmel85 collected $3.80 from pot
*** SUMMARY ***
Total pot $4 | Rake $0.20 
Board [5d 8h Qh]
Seat 1: XneferX
Seat 2: sta$igk
Seat 3: kel3vr4_23 (button) folded before Flop (didn't bet)
Seat 4: AAmel85 (small blind) collected ($3.80)
Seat 5: kvcsszblcs (big blind) folded on the Flop
Seat 6: Espada Fish folded before Flop (didn't bet)



PokerStars Hand #254627634731:  Hold'em No Limit ($0.50/$1.00 USD) - 2025/01/30 20:57:35 WET [2025/01/30 15:57:35 ET]
Table 'Troilus' 6-max Seat #4 is the button
Seat 1: XneferX ($100 in chips) is sitting out
Seat 2: sta$igk ($105.31 in chips) is sitting out
Seat 3: kel3vr4_23 ($15.65 in chips) 
Seat 4: AAmel85 ($88.63 in chips) 
Seat 5: kvcsszblcs ($102.74 in chips) 
Seat 6: Espada Fish ($100 in chips) 
kvcsszblcs: posts small blind $0.50
Espada Fish: posts big blind $1
XneferX: sits out 
sta$igk: sits out 
*** HOLE CARDS ***
kel3vr4_23: raises $1.50 to $2.50
AAmel85: folds 
kvcsszblcs: folds 
Espada Fish: folds 
Uncalled bet ($1.50) returned to kel3vr4_23
kel3vr4_23 collected $2.50 from pot
*** SUMMARY ***
Total pot $2.50 | Rake $0 
Seat 1: XneferX
Seat 2: sta$igk
Seat 3: kel3vr4_23 collected ($2.50)
Seat 4: AAmel85 (button) folded before Flop (didn't bet)
Seat 5: kvcsszblcs (small blind) folded before Flop
Seat 6: Espada Fish (big blind) folded before Flop



PokerStars Hand #254627638804:  Hold'em No Limit ($0.50/$1.00 USD) - 2025/01/30 20:57:54 WET [2025/01/30 15:57:54 ET]
Table 'Troilus' 6-max Seat #5 is the button
Seat 2: sta$igk ($105.31 in chips) is sitting out
Seat 1: XneferX ($100 in chips) 
Seat 3: kel3vr4_23 ($17.15 in chips) 
Seat 4: AAmel85 ($88.63 in chips) 
Seat 5: kvcsszblcs ($102.24 in chips) 
Seat 6: Espada Fish ($100 in chips) 
Espada Fish: posts small blind $0.50
XneferX: posts big blind $1
sta$igk: sits out 
*** HOLE CARDS ***
kel3vr4_23: folds 
AAmel85: folds 
kvcsszblcs: raises $1.25 to $2.25
Espada Fish: raises $8.75 to $11
XneferX: folds 
kvcsszblcs: folds 
Uncalled bet ($8.75) returned to Espada Fish
Espada Fish collected $5.50 from pot
Espada Fish: doesn't show hand 
*** SUMMARY ***
Total pot $5.50 | Rake $0 
Seat 2: sta$igk
Seat 1: XneferX (big blind) folded before Flop
Seat 3: kel3vr4_23 folded before Flop (didn't bet)
Seat 4: AAmel85 folded before Flop (didn't bet)
Seat 5: kvcsszblcs (button) folded before Flop
Seat 6: Espada Fish (small blind) collected ($5.50)



PokerStars Hand #254627644835:  Hold'em No Limit ($0.50/$1.00 USD) - 2025/01/30 20:58:23 WET [2025/01/30 15:58:23 ET]
Table 'Troilus' 6-max Seat #6 is the button
Seat 1: XneferX ($100 in chips) 
Seat 2: sta$igk ($105.31 in chips) 
Seat 3: kel3vr4_23 ($17.15 in chips) 
Seat 4: AAmel85 ($88.63 in chips) 
Seat 5: kvcsszblcs ($100 in chips) 
Seat 6: Espada Fish ($103.25 in chips) 
XneferX: posts small blind $0.50
sta$igk: posts big blind $1
*** HOLE CARDS ***
kel3vr4_23: folds 
AAmel85: calls $1
kvcsszblcs: folds 
Espada Fish: folds 
XneferX: folds 
sta$igk: checks 
*** FLOP *** [Ah 9d 2c]
sta$igk: checks 
AAmel85: bets $2.38
sta$igk: folds 
Uncalled bet ($2.38) returned to AAmel85
AAmel85 collected $2.38 from pot
*** SUMMARY ***
Total pot $2.50 | Rake $0.12 
Board [Ah 9d 2c]
Seat 1: XneferX (small blind) folded before Flop
Seat 2: sta$igk (big blind) folded on the Flop
Seat 3: kel3vr4_23 folded before Flop (didn't bet)
Seat 4: AAmel85 collected ($2.38)
Seat 5: kvcsszblcs folded before Flop (didn't bet)
Seat 6: Espada Fish (button) folded before Flop (didn't bet)



PokerStars Hand #254627651682:  Hold'em No Limit ($0.50/$1.00 USD) - 2025/01/30 20:58:56 WET [2025/01/30 15:58:56 ET]
Table 'Troilus' 6-max Seat #1 is the button
Seat 1: XneferX ($100 in chips) 
Seat 2: sta$igk ($104.31 in chips) 
Seat 3: kel3vr4_23 ($17.15 in chips) 
Seat 4: AAmel85 ($90.01 in chips) 
Seat 5: kvcsszblcs ($100 in chips) 
Seat 6: Espada Fish ($103.25 in chips) 
sta$igk: posts small blind $0.50
kel3vr4_23: posts big blind $1
*** HOLE CARDS ***
AAmel85: folds 
kvcsszblcs: folds 
Espada Fish: folds 
XneferX: raises $1.77 to $2.77
sta$igk: folds 
kel3vr4_23: folds 
Uncalled bet ($1.77) returned to XneferX
XneferX collected $2.50 from pot
XneferX: doesn't show hand 
*** SUMMARY ***
Total pot $2.50 | Rake $0 
Seat 1: XneferX (button) collected ($2.50)
Seat 2: sta$igk (small blind) folded before Flop
Seat 3: kel3vr4_23 (big blind) folded before Flop
Seat 4: AAmel85 folded before Flop (didn't bet)
Seat 5: kvcsszblcs folded before Flop (didn't bet)
Seat 6: Espada Fish folded before Flop (didn't bet)



PokerStars Hand #254627655563:  Hold'em No Limit ($0.50/$1.00 USD) - 2025/01/30 20:59:14 WET [2025/01/30 15:59:14 ET]
Table 'Troilus' 6-max Seat #2 is the button
Seat 1: XneferX ($101.50 in chips) 
Seat 2: sta$igk ($103.81 in chips) 
Seat 3: kel3vr4_23 ($16.15 in chips) 
Seat 4: AAmel85 ($90.01 in chips) 
Seat 5: kvcsszblcs ($100 in chips) 
Seat 6: Espada Fish ($103.25 in chips) 
kel3vr4_23: posts small blind $0.50
AAmel85: posts big blind $1
*** HOLE CARDS ***
kvcsszblcs: raises $1 to $2
Espada Fish: folds 
XneferX: folds 
sta$igk: folds 
kel3vr4_23: calls $1.50
AAmel85: calls $1
*** FLOP *** [6s 9s Tc]
kel3vr4_23: checks 
AAmel85: checks 
kvcsszblcs: checks 
*** TURN *** [6s 9s Tc] [Ah]
kel3vr4_23: checks 
AAmel85: bets $1
kvcsszblcs: calls $1
kel3vr4_23: calls $1
*** RIVER *** [6s 9s Tc Ah] [Qs]
kel3vr4_23: checks 
AAmel85: bets $1
kvcsszblcs: calls $1
kel3vr4_23: folds 
*** SHOW DOWN ***
AAmel85: shows [7s Th] (a pair of Tens)
kvcsszblcs: shows [8d Ad] (a pair of Aces)
kvcsszblcs collected $10.45 from pot
*** SUMMARY ***
Total pot $11 | Rake $0.55 
Board [6s 9s Tc Ah Qs]
Seat 1: XneferX folded before Flop (didn't bet)
Seat 2: sta$igk (button) folded before Flop (didn't bet)
Seat 3: kel3vr4_23 (small blind) folded on the River
Seat 4: AAmel85 (big blind) showed [7s Th] and lost with a pair of Tens
Seat 5: kvcsszblcs showed [8d Ad] and won ($10.45) with a pair of Aces
Seat 6: Espada Fish folded before Flop (didn't bet)



PokerStars Hand #254627670183:  Hold'em No Limit ($0.50/$1.00 USD) - 2025/01/30 21:00:22 WET [2025/01/30 16:00:22 ET]
Table 'Troilus' 6-max Seat #3 is the button
Seat 1: XneferX ($101.50 in chips) 
Seat 2: sta$igk ($103.81 in chips) 
Seat 3: kel3vr4_23 ($13.15 in chips) 
Seat 4: AAmel85 ($86.01 in chips) 
Seat 5: kvcsszblcs ($106.45 in chips) 
Seat 6: Espada Fish ($103.25 in chips) 
AAmel85: posts small blind $0.50
kvcsszblcs: posts big blind $1
*** HOLE CARDS ***
Espada Fish: folds 
XneferX: folds 
sta$igk: folds 
kel3vr4_23: raises $1.50 to $2.50
AAmel85: calls $2
kvcsszblcs: calls $1.50
*** FLOP *** [6h 6c Td]
AAmel85: checks 
kvcsszblcs: checks 
kel3vr4_23: checks 
*** TURN *** [6h 6c Td] [Kh]
AAmel85: checks 
kvcsszblcs: checks 
kel3vr4_23: bets $2
AAmel85: folds 
kvcsszblcs: raises $101.95 to $103.95 and is all-in
kel3vr4_23: calls $8.65 and is all-in
Uncalled bet ($93.30) returned to kvcsszblcs
*** RIVER *** [6h 6c Td Kh] [Qd]
*** SHOW DOWN ***
kvcsszblcs: shows [3h 2h] (a pair of Sixes)
kel3vr4_23: shows [Ts Th] (a full house, Tens full of Sixes)
kel3vr4_23 collected $27.36 from pot
*** SUMMARY ***
Total pot $28.80 | Rake $1.44 
Board [6h 6c Td Kh Qd]
Seat 1: XneferX folded before Flop (didn't bet)
Seat 2: sta$igk folded before Flop (didn't bet)
Seat 3: kel3vr4_23 (button) showed [Ts Th] and won ($27.36) with a full house, Tens full of Sixes
Seat 4: AAmel85 (small blind) folded on the Turn
Seat 5: kvcsszblcs (big blind) showed [3h 2h] and lost with a pair of Sixes
Seat 6: Espada Fish folded before Flop (didn't bet)



PokerStars Hand #254627684488:  Hold'em No Limit ($0.50/$1.00 USD) - 2025/01/30 21:01:23 WET [2025/01/30 16:01:23 ET]
Table 'Troilus' 6-max Seat #4 is the button
Seat 1: XneferX ($101.50 in chips) 
Seat 2: sta$igk ($103.81 in chips) 
Seat 3: kel3vr4_23 ($27.36 in chips) 
Seat 4: AAmel85 ($83.51 in chips) 
Seat 5: kvcsszblcs ($100 in chips) 
Seat 6: Espada Fish ($103.25 in chips) 
kvcsszblcs: posts small blind $0.50
Espada Fish: posts big blind $1
*** HOLE CARDS ***
XneferX: folds 
sta$igk: folds 
kel3vr4_23: folds 
AAmel85: raises $2 to $3
kvcsszblcs: raises $10 to $13
Espada Fish: folds 
AAmel85: calls $10
*** FLOP *** [As Ad Ts]
kvcsszblcs: bets $8.48
AAmel85: folds 
Uncalled bet ($8.48) returned to kvcsszblcs
kvcsszblcs collected $25.65 from pot
kvcsszblcs: doesn't show hand 
*** SUMMARY ***
Total pot $27 | Rake $1.35 
Board [As Ad Ts]
Seat 1: XneferX folded before Flop (didn't bet)
Seat 2: sta$igk folded before Flop (didn't bet)
Seat 3: kel3vr4_23 folded before Flop (didn't bet)
Seat 4: AAmel85 (button) folded on the Flop
Seat 5: kvcsszblcs (small blind) collected ($25.65)
Seat 6: Espada Fish (big blind) folded before Flop



PokerStars Hand #254627696044:  Hold'em No Limit ($0.50/$1.00 USD) - 2025/01/30 21:02:05 WET [2025/01/30 16:02:05 ET]
Table 'Troilus' 6-max Seat #5 is the button
Seat 1: XneferX ($101.50 in chips) 
Seat 2: sta$igk ($103.81 in chips) 
Seat 3: kel3vr4_23 ($27.36 in chips) 
Seat 4: AAmel85 ($70.51 in chips) 
Seat 5: kvcsszblcs ($112.65 in chips) 
Seat 6: Espada Fish ($102.25 in chips) 
Espada Fish: posts small blind $0.50
XneferX: posts big blind $1
*** HOLE CARDS ***
sta$igk: folds 
kel3vr4_23: folds 
AAmel85: calls $1
kvcsszblcs: folds 
Espada Fish: folds 
XneferX: checks 
*** FLOP *** [7h 4s 5c]
XneferX: checks 
AAmel85: bets $2.38
XneferX: calls $2.38
*** TURN *** [7h 4s 5c] [7d]
XneferX: checks 
AAmel85: bets $3.45
XneferX: calls $3.45
*** RIVER *** [7h 4s 5c 7d] [Qd]
XneferX: checks 
AAmel85: checks 
*** SHOW DOWN ***
XneferX: shows [6c Ks] (a pair of Sevens)
AAmel85: shows [4c Kc] (two pair, Sevens and Fours)
AAmel85 collected $13.45 from pot
*** SUMMARY ***
Total pot $14.16 | Rake $0.71 
Board [7h 4s 5c 7d Qd]
Seat 1: XneferX (big blind) showed [6c Ks] and lost with a pair of Sevens
Seat 2: sta$igk folded before Flop (didn't bet)
Seat 3: kel3vr4_23 folded before Flop (didn't bet)
Seat 4: AAmel85 showed [4c Kc] and won ($13.45) with two pair, Sevens and Fours
Seat 5: kvcsszblcs (button) folded before Flop (didn't bet)
Seat 6: Espada Fish (small blind) folded before Flop



PokerStars Hand #254627708066:  Hold'em No Limit ($0.50/$1.00 USD) - 2025/01/30 21:02:46 WET [2025/01/30 16:02:46 ET]
Table 'Troilus' 6-max Seat #6 is the button
Seat 1: XneferX ($100 in chips) 
Seat 2: sta$igk ($103.81 in chips) 
Seat 3: kel3vr4_23 ($27.36 in chips) 
Seat 4: AAmel85 ($77.13 in chips) 
Seat 5: kvcsszblcs ($112.65 in chips) 
Seat 6: Espada Fish ($101.75 in chips) 
XneferX: posts small blind $0.50
sta$igk: posts big blind $1
*** HOLE CARDS ***
kel3vr4_23: folds 
AAmel85: folds 
kvcsszblcs: folds 
Espada Fish: folds 
XneferX: raises $2 to $3
sta$igk: calls $2
*** FLOP *** [5s 7c 3h]
XneferX: checks 
sta$igk: checks 
*** TURN *** [5s 7c 3h] [5d]
XneferX: bets $2.91
sta$igk: raises $9.09 to $12
XneferX: folds 
Uncalled bet ($9.09) returned to sta$igk
sta$igk collected $11.23 from pot
sta$igk: doesn't show hand 
*** SUMMARY ***
Total pot $11.82 | Rake $0.59 
Board [5s 7c 3h 5d]
Seat 1: XneferX (small blind) folded on the Turn
Seat 2: sta$igk (big blind) collected ($11.23)
Seat 3: kel3vr4_23 folded before Flop (didn't bet)
Seat 4: AAmel85 folded before Flop (didn't bet)
Seat 5: kvcsszblcs folded before Flop (didn't bet)
Seat 6: Espada Fish (button) folded before Flop (didn't bet)



PokerStars Hand #254627733755:  Hold'em No Limit ($0.50/$1.00 USD) - 2025/01/30 21:04:12 WET [2025/01/30 16:04:12 ET]
Table 'Troilus' 6-max Seat #1 is the button
Seat 1: XneferX ($100 in chips) 
Seat 2: sta$igk ($109.13 in chips) 
Seat 3: kel3vr4_23 ($27.36 in chips) 
Seat 4: AAmel85 ($77.13 in chips) 
Seat 5: kvcsszblcs ($112.65 in chips) 
Seat 6: Espada Fish ($101.75 in chips) 
sta$igk: posts small blind $0.50
kel3vr4_23: posts big blind $1
*** HOLE CARDS ***
AAmel85: folds 
kvcsszblcs: folds 
Espada Fish: folds 
XneferX: raises $1.77 to $2.77
sta$igk: raises $9.23 to $12
kel3vr4_23: folds 
XneferX: folds 
Uncalled bet ($9.23) returned to sta$igk
sta$igk collected $6.54 from pot
sta$igk: doesn't show hand 
*** SUMMARY ***
Total pot $6.54 | Rake $0 
Seat 1: XneferX (button) folded before Flop
Seat 2: sta$igk (small blind) collected ($6.54)
Seat 3: kel3vr4_23 (big blind) folded before Flop
Seat 4: AAmel85 folded before Flop (didn't bet)
Seat 5: kvcsszblcs folded before Flop (didn't bet)
Seat 6: Espada Fish folded before Flop (didn't bet)



PokerStars Hand #254627742643:  Hold'em No Limit ($0.50/$1.00 USD) - 2025/01/30 21:04:42 WET [2025/01/30 16:04:42 ET]
Table 'Troilus' 6-max Seat #2 is the button
Seat 1: XneferX ($100 in chips) 
Seat 2: sta$igk ($112.90 in chips) 
Seat 3: kel3vr4_23 ($26.36 in chips) 
Seat 4: AAmel85 ($77.13 in chips) 
Seat 5: kvcsszblcs ($112.65 in chips) 
Seat 6: Espada Fish ($101.75 in chips) 
kel3vr4_23: posts small blind $0.50
AAmel85: posts big blind $1
*** HOLE CARDS ***
kvcsszblcs: folds 
Espada Fish: folds 
XneferX: folds 
sta$igk: raises $1.50 to $2.50
kel3vr4_23: folds 
AAmel85: folds 
Uncalled bet ($1.50) returned to sta$igk
sta$igk collected $2.50 from pot
sta$igk: doesn't show hand 
*** SUMMARY ***
Total pot $2.50 | Rake $0 
Seat 1: XneferX folded before Flop (didn't bet)
Seat 2: sta$igk (button) collected ($2.50)
Seat 3: kel3vr4_23 (small blind) folded before Flop
Seat 4: AAmel85 (big blind) folded before Flop
Seat 5: kvcsszblcs folded before Flop (didn't bet)
Seat 6: Espada Fish folded before Flop (didn't bet)



PokerStars Hand #254627750175:  Hold'em No Limit ($0.50/$1.00 USD) - 2025/01/30 21:05:07 WET [2025/01/30 16:05:07 ET]
Table 'Troilus' 6-max Seat #3 is the button
Seat 1: XneferX ($100 in chips) 
Seat 2: sta$igk ($114.40 in chips) 
Seat 3: kel3vr4_23 ($25.86 in chips) 
Seat 4: AAmel85 ($76.13 in chips) 
Seat 5: kvcsszblcs ($112.65 in chips) 
Seat 6: Espada Fish ($101.75 in chips) 
AAmel85: posts small blind $0.50
kvcsszblcs: posts big blind $1
*** HOLE CARDS ***
Espada Fish: raises $1.20 to $2.20
XneferX: folds 
sta$igk: folds 
kel3vr4_23: folds 
AAmel85: folds 
kvcsszblcs: folds 
Uncalled bet ($1.20) returned to Espada Fish
Espada Fish collected $2.50 from pot
Espada Fish: doesn't show hand 
*** SUMMARY ***
Total pot $2.50 | Rake $0 
Seat 1: XneferX folded before Flop (didn't bet)
Seat 2: sta$igk folded before Flop (didn't bet)
Seat 3: kel3vr4_23 (button) folded before Flop (didn't bet)
Seat 4: AAmel85 (small blind) folded before Flop
Seat 5: kvcsszblcs (big blind) folded before Flop
Seat 6: Espada Fish collected ($2.50)



PokerStars Hand #254627756034:  Hold'em No Limit ($0.50/$1.00 USD) - 2025/01/30 21:05:27 WET [2025/01/30 16:05:27 ET]
Table 'Troilus' 6-max Seat #4 is the button
Seat 1: XneferX ($100 in chips) 
Seat 2: sta$igk ($114.40 in chips) 
Seat 3: kel3vr4_23 ($25.86 in chips) 
Seat 4: AAmel85 ($75.63 in chips) 
Seat 5: kvcsszblcs ($111.65 in chips) 
Seat 6: Espada Fish ($103.25 in chips) 
kvcsszblcs: posts small blind $0.50
Espada Fish: posts big blind $1
*** HOLE CARDS ***
XneferX: folds 
sta$igk: folds 
kel3vr4_23: folds 
AAmel85: calls $1
kvcsszblcs: folds 
Espada Fish: checks 
*** FLOP *** [Th Jh 8s]
Espada Fish: checks 
AAmel85: bets $1
Espada Fish: raises $3.29 to $4.29
AAmel85: folds 
Uncalled bet ($3.29) returned to Espada Fish
Espada Fish collected $4.28 from pot
Espada Fish: doesn't show hand 
*** SUMMARY ***
Total pot $4.50 | Rake $0.22 
Board [Th Jh 8s]
Seat 1: XneferX folded before Flop (didn't bet)
Seat 2: sta$igk folded before Flop (didn't bet)
Seat 3: kel3vr4_23 folded before Flop (didn't bet)
Seat 4: AAmel85 (button) folded on the Flop
Seat 5: kvcsszblcs (small blind) folded before Flop
Seat 6: Espada Fish (big blind) collected ($4.28)



PokerStars Hand #254627767805:  Hold'em No Limit ($0.50/$1.00 USD) - 2025/01/30 21:06:06 WET [2025/01/30 16:06:06 ET]
Table 'Troilus' 6-max Seat #5 is the button
Seat 1: XneferX ($100 in chips) 
Seat 2: sta$igk ($114.40 in chips) 
Seat 3: kel3vr4_23 ($25.86 in chips) 
Seat 4: AAmel85 ($73.63 in chips) 
Seat 5: kvcsszblcs ($111.15 in chips) 
Seat 6: Espada Fish ($105.53 in chips) 
Espada Fish: posts small blind $0.50
XneferX: posts big blind $1
*** HOLE CARDS ***
sta$igk: folds 
kel3vr4_23: folds 
AAmel85: folds 
kvcsszblcs: raises $1.25 to $2.25
Espada Fish: folds 
XneferX: calls $1.25
*** FLOP *** [Js 2d 9h]
XneferX: checks 
kvcsszblcs: bets $1.90
XneferX: raises $4.36 to $6.26
kvcsszblcs: raises $8.63 to $14.89
XneferX: calls $8.63
*** TURN *** [Js 2d 9h] [3c]
XneferX: checks 
kvcsszblcs: bets $23.99
kel3vr4_23 is disconnected 
XneferX: raises $58.87 to $82.86 and is all-in
kvcsszblcs: folds 
Uncalled bet ($58.87) returned to XneferX
XneferX collected $80.26 from pot
XneferX: doesn't show hand 
*** SUMMARY ***
Total pot $82.76 | Rake $2.50 
Board [Js 2d 9h 3c]
Seat 1: XneferX (big blind) collected ($80.26)
Seat 2: sta$igk folded before Flop (didn't bet)
Seat 3: kel3vr4_23 folded before Flop (didn't bet)
Seat 4: AAmel85 folded before Flop (didn't bet)
Seat 5: kvcsszblcs (button) folded on the Turn
Seat 6: Espada Fish (small blind) folded before Flop



PokerStars Hand #254627802932:  Hold'em No Limit ($0.50/$1.00 USD) - 2025/01/30 21:08:03 WET [2025/01/30 16:08:03 ET]
Table 'Troilus' 6-max Seat #6 is the button
Seat 1: XneferX ($139.13 in chips) 
Seat 2: sta$igk ($114.40 in chips) 
Seat 3: kel3vr4_23 ($25.86 in chips) 
Seat 4: AAmel85 ($73.63 in chips) 
Seat 5: kvcsszblcs ($100 in chips) 
Seat 6: Espada Fish ($105.03 in chips) 
XneferX: posts small blind $0.50
sta$igk: posts big blind $1
*** HOLE CARDS ***
kel3vr4_23: raises $1.50 to $2.50
AAmel85: folds 
kvcsszblcs: folds 
Espada Fish: folds 
XneferX: folds 
sta$igk: folds 
Uncalled bet ($1.50) returned to kel3vr4_23
kel3vr4_23 collected $2.50 from pot
*** SUMMARY ***
Total pot $2.50 | Rake $0 
Seat 1: XneferX (small blind) folded before Flop
Seat 2: sta$igk (big blind) folded before Flop
Seat 3: kel3vr4_23 collected ($2.50)
Seat 4: AAmel85 folded before Flop (didn't bet)
Seat 5: kvcsszblcs folded before Flop (didn't bet)
Seat 6: Espada Fish (button) folded before Flop (didn't bet)



PokerStars Hand #254627958101:  Hold'em No Limit ($0.50/$1.00 USD) - 2025/01/30 21:16:32 WET [2025/01/30 16:16:32 ET]
Table 'Troilus' 6-max Seat #6 is the button
Seat 3: Kristo 914 ($100 in chips) is sitting out
Seat 1: XneferX ($131.63 in chips) 
Seat 2: sta$igk ($132.45 in chips) 
Seat 4: AAmel85 ($67.04 in chips) 
Seat 5: kvcsszblcs ($102.70 in chips) 
Seat 6: Espada Fish ($120.43 in chips) 
XneferX: posts small blind $0.50
sta$igk: posts big blind $1
Kristo 914: sits out 
*** HOLE CARDS ***
AAmel85: folds 
kvcsszblcs: raises $1 to $2
Espada Fish: folds 
XneferX: folds 
sta$igk: raises $10 to $12
kvcsszblcs: raises $13 to $25
sta$igk: folds 
Uncalled bet ($13) returned to kvcsszblcs
kvcsszblcs collected $24.50 from pot
kvcsszblcs: doesn't show hand 
*** SUMMARY ***
Total pot $24.50 | Rake $0 
Seat 3: Kristo 914
Seat 1: XneferX (small blind) folded before Flop
Seat 2: sta$igk (big blind) folded before Flop
Seat 4: AAmel85 folded before Flop (didn't bet)
Seat 5: kvcsszblcs collected ($24.50)
Seat 6: Espada Fish (button) folded before Flop (didn't bet)



PokerStars Hand #254627969705:  Hold'em No Limit ($0.50/$1.00 USD) - 2025/01/30 21:17:10 WET [2025/01/30 16:17:10 ET]
Table 'Troilus' 6-max Seat #1 is the button
Seat 1: XneferX ($131.13 in chips) 
Seat 2: sta$igk ($120.45 in chips) 
Seat 3: Kristo 914 ($100 in chips) 
Seat 4: AAmel85 ($67.04 in chips) 
Seat 5: kvcsszblcs ($115.20 in chips) 
Seat 6: Espada Fish ($120.43 in chips) 
sta$igk: posts small blind $0.50
Kristo 914: posts big blind $1
*** HOLE CARDS ***
AAmel85: folds 
kvcsszblcs: folds 
Espada Fish: raises $1.20 to $2.20
XneferX: folds 
sta$igk: folds 
Kristo 914: folds 
Uncalled bet ($1.20) returned to Espada Fish
Espada Fish collected $2.50 from pot
Espada Fish: doesn't show hand 
*** SUMMARY ***
Total pot $2.50 | Rake $0 
Seat 1: XneferX (button) folded before Flop (didn't bet)
Seat 2: sta$igk (small blind) folded before Flop
Seat 3: Kristo 914 (big blind) folded before Flop
Seat 4: AAmel85 folded before Flop (didn't bet)
Seat 5: kvcsszblcs folded before Flop (didn't bet)
Seat 6: Espada Fish collected ($2.50)



PokerStars Hand #254627978335:  Hold'em No Limit ($0.50/$1.00 USD) - 2025/01/30 21:17:38 WET [2025/01/30 16:17:38 ET]
Table 'Troilus' 6-max Seat #2 is the button
Seat 1: XneferX ($131.13 in chips) 
Seat 2: sta$igk ($119.95 in chips) 
Seat 3: Kristo 914 ($100 in chips) 
Seat 4: AAmel85 ($67.04 in chips) 
Seat 5: kvcsszblcs ($115.20 in chips) 
Seat 6: Espada Fish ($121.93 in chips) 
Kristo 914: posts small blind $0.50
AAmel85: posts big blind $1
*** HOLE CARDS ***
kvcsszblcs: folds 
Espada Fish: folds 
XneferX: raises $1.30 to $2.30
sta$igk: folds 
Kristo 914: folds 
AAmel85: calls $1.30
*** FLOP *** [5h 2c Ah]
AAmel85: checks 
XneferX: bets $1.20
AAmel85: folds 
Uncalled bet ($1.20) returned to XneferX
XneferX collected $4.84 from pot
XneferX: doesn't show hand 
*** SUMMARY ***
Total pot $5.10 | Rake $0.26 
Board [5h 2c Ah]
Seat 1: XneferX collected ($4.84)
Seat 2: sta$igk (button) folded before Flop (didn't bet)
Seat 3: Kristo 914 (small blind) folded before Flop
Seat 4: AAmel85 (big blind) folded on the Flop
Seat 5: kvcsszblcs folded before Flop (didn't bet)
Seat 6: Espada Fish folded before Flop (didn't bet)



PokerStars Hand #254627987264:  Hold'em No Limit ($0.50/$1.00 USD) - 2025/01/30 21:18:07 WET [2025/01/30 16:18:07 ET]
Table 'Troilus' 6-max Seat #3 is the button
Seat 1: XneferX ($133.67 in chips) 
Seat 2: sta$igk ($119.95 in chips) 
Seat 3: Kristo 914 ($100 in chips) 
Seat 4: AAmel85 ($64.74 in chips) 
Seat 5: kvcsszblcs ($115.20 in chips) 
Seat 6: Espada Fish ($121.93 in chips) 
AAmel85: posts small blind $0.50
kvcsszblcs: posts big blind $1
*** HOLE CARDS ***
Espada Fish: folds 
XneferX: folds 
sta$igk: raises $1.50 to $2.50
Kristo 914: folds 
AAmel85: folds 
kvcsszblcs: folds 
Uncalled bet ($1.50) returned to sta$igk
sta$igk collected $2.50 from pot
sta$igk: doesn't show hand 
*** SUMMARY ***
Total pot $2.50 | Rake $0 
Seat 1: XneferX folded before Flop (didn't bet)
Seat 2: sta$igk collected ($2.50)
Seat 3: Kristo 914 (button) folded before Flop (didn't bet)
Seat 4: AAmel85 (small blind) folded before Flop
Seat 5: kvcsszblcs (big blind) folded before Flop
Seat 6: Espada Fish folded before Flop (didn't bet)



PokerStars Hand #254627995213:  Hold'em No Limit ($0.50/$1.00 USD) - 2025/01/30 21:18:32 WET [2025/01/30 16:18:32 ET]
Table 'Troilus' 6-max Seat #4 is the button
Seat 1: XneferX ($133.67 in chips) 
Seat 2: sta$igk ($121.45 in chips) 
Seat 3: Kristo 914 ($100 in chips) 
Seat 4: AAmel85 ($64.24 in chips) 
Seat 5: kvcsszblcs ($114.20 in chips) 
Seat 6: Espada Fish ($121.93 in chips) 
kvcsszblcs: posts small blind $0.50
Espada Fish: posts big blind $1
*** HOLE CARDS ***
XneferX: folds 
sta$igk: folds 
Kristo 914: folds 
AAmel85: calls $1
kvcsszblcs: raises $4 to $5
Espada Fish: folds 
AAmel85: calls $4
*** FLOP *** [3c Tc Ks]
kvcsszblcs: checks 
AAmel85: bets $10.45
kvcsszblcs: calls $10.45
*** TURN *** [3c Tc Ks] [5d]
kvcsszblcs: checks 
AAmel85: bets $48.79 and is all-in
kvcsszblcs: calls $48.79
*** RIVER *** [3c Tc Ks 5d] [4s]
*** SHOW DOWN ***
kvcsszblcs: shows [Ah Td] (a pair of Tens)
AAmel85: shows [Kc 5c] (two pair, Kings and Fives)
AAmel85 collected $126.98 from pot
*** SUMMARY ***
Total pot $129.48 | Rake $2.50 
Board [3c Tc Ks 5d 4s]
Seat 1: XneferX folded before Flop (didn't bet)
Seat 2: sta$igk folded before Flop (didn't bet)
Seat 3: Kristo 914 folded before Flop (didn't bet)
Seat 4: AAmel85 (button) showed [Kc 5c] and won ($126.98) with two pair, Kings and Fives
Seat 5: kvcsszblcs (small blind) showed [Ah Td] and lost with a pair of Tens
Seat 6: Espada Fish (big blind) folded before Flop



PokerStars Hand #254628018184:  Hold'em No Limit ($0.50/$1.00 USD) - 2025/01/30 21:19:47 WET [2025/01/30 16:19:47 ET]
Table 'Troilus' 6-max Seat #5 is the button
Seat 1: XneferX ($133.67 in chips) 
Seat 2: sta$igk ($121.45 in chips) 
Seat 3: Kristo 914 ($100 in chips) 
Seat 4: AAmel85 ($126.98 in chips) 
Seat 5: kvcsszblcs ($100 in chips) 
Seat 6: Espada Fish ($120.93 in chips) 
Espada Fish: posts small blind $0.50
XneferX: posts big blind $1
*** HOLE CARDS ***
sta$igk: raises $1.50 to $2.50
Kristo 914: folds 
AAmel85: raises $6.50 to $9
kvcsszblcs: folds 
Espada Fish: folds 
XneferX: folds 
sta$igk: folds 
Uncalled bet ($6.50) returned to AAmel85
AAmel85 collected $6.50 from pot
*** SUMMARY ***
Total pot $6.50 | Rake $0 
Seat 1: XneferX (big blind) folded before Flop
Seat 2: sta$igk folded before Flop
Seat 3: Kristo 914 folded before Flop (didn't bet)
Seat 4: AAmel85 collected ($6.50)
Seat 5: kvcsszblcs (button) folded before Flop (didn't bet)
Seat 6: Espada Fish (small blind) folded before Flop



PokerStars Hand #254628024198:  Hold'em No Limit ($0.50/$1.00 USD) - 2025/01/30 21:20:06 WET [2025/01/30 16:20:06 ET]
Table 'Troilus' 6-max Seat #6 is the button
Seat 1: XneferX ($132.67 in chips) 
Seat 2: sta$igk ($118.95 in chips) 
Seat 3: Kristo 914 ($100 in chips) 
Seat 4: AAmel85 ($130.98 in chips) 
Seat 5: kvcsszblcs ($100 in chips) 
Seat 6: Espada Fish ($120.43 in chips) 
XneferX: posts small blind $0.50
sta$igk: posts big blind $1
*** HOLE CARDS ***
Kristo 914: folds 
AAmel85: folds 
kvcsszblcs: folds 
Espada Fish: folds 
XneferX: raises $2 to $3
sta$igk: calls $2
*** FLOP *** [2s Qs 9h]
XneferX: checks 
sta$igk: checks 
*** TURN *** [2s Qs 9h] [Tc]
XneferX: checks 
sta$igk: bets $4.28
XneferX: folds 
Uncalled bet ($4.28) returned to sta$igk
sta$igk collected $5.70 from pot
sta$igk: doesn't show hand 
*** SUMMARY ***
Total pot $6 | Rake $0.30 
Board [2s Qs 9h Tc]
Seat 1: XneferX (small blind) folded on the Turn
Seat 2: sta$igk (big blind) collected ($5.70)
Seat 3: Kristo 914 folded before Flop (didn't bet)
Seat 4: AAmel85 folded before Flop (didn't bet)
Seat 5: kvcsszblcs folded before Flop (didn't bet)
Seat 6: Espada Fish (button) folded before Flop (didn't bet)



PokerStars Hand #254628040918:  Hold'em No Limit ($0.50/$1.00 USD) - 2025/01/30 21:21:00 WET [2025/01/30 16:21:00 ET]
Table 'Troilus' 6-max Seat #1 is the button
Seat 1: XneferX ($129.67 in chips) 
Seat 2: sta$igk ($121.65 in chips) 
Seat 3: Kristo 914 ($100 in chips) 
Seat 4: AAmel85 ($130.98 in chips) 
Seat 5: kvcsszblcs ($100 in chips) 
Seat 6: Espada Fish ($120.43 in chips) 
sta$igk: posts small blind $0.50
Kristo 914: posts big blind $1
*** HOLE CARDS ***
AAmel85: folds 
kvcsszblcs: folds 
Espada Fish: raises $1.20 to $2.20
XneferX: folds 
sta$igk: folds 
Kristo 914: calls $1.20
*** FLOP *** [9c Qc 2d]
Kristo 914: checks 
Espada Fish: bets $3.50
Kristo 914: calls $3.50
*** TURN *** [9c Qc 2d] [7c]
Kristo 914: checks 
AAmel85 leaves the table
Espada Fish: checks 
*** RIVER *** [9c Qc 2d 7c] [7h]
Kristo 914: bets $14
Espada Fish: calls $14
*** SHOW DOWN ***
Kristo 914: shows [Jh Kc] (a pair of Sevens)
Espada Fish: shows [Ks Kh] (two pair, Kings and Sevens)
Espada Fish collected $37.90 from pot
*** SUMMARY ***
Total pot $39.90 | Rake $2 
Board [9c Qc 2d 7c 7h]
Seat 1: XneferX (button) folded before Flop (didn't bet)
Seat 2: sta$igk (small blind) folded before Flop
Seat 3: Kristo 914 (big blind) showed [Jh Kc] and lost with a pair of Sevens
Seat 4: AAmel85 folded before Flop (didn't bet)
Seat 5: kvcsszblcs folded before Flop (didn't bet)
Seat 6: Espada Fish showed [Ks Kh] and won ($37.90) with two pair, Kings and Sevens



PokerStars Hand #254628069725:  Hold'em No Limit ($0.50/$1.00 USD) - 2025/01/30 21:22:33 WET [2025/01/30 16:22:33 ET]
Table 'Troilus' 6-max Seat #2 is the button
Seat 1: XneferX ($129.67 in chips) 
Seat 2: sta$igk ($121.15 in chips) 
Seat 3: Kristo 914 ($100 in chips) 
Seat 5: kvcsszblcs ($100 in chips) 
Seat 6: Espada Fish ($138.63 in chips) 
Kristo 914: posts small blind $0.50
kvcsszblcs: posts big blind $1
*** HOLE CARDS ***
Espada Fish: folds 
XneferX: folds 
sta$igk: folds 
Kristo 914: raises $2 to $3
kvcsszblcs: folds 
Uncalled bet ($2) returned to Kristo 914
Kristo 914 collected $2 from pot
Kristo 914: doesn't show hand 
*** SUMMARY ***
Total pot $2 | Rake $0 
Seat 1: XneferX folded before Flop (didn't bet)
Seat 2: sta$igk (button) folded before Flop (didn't bet)
Seat 3: Kristo 914 (small blind) collected ($2)
Seat 5: kvcsszblcs (big blind) folded before Flop
Seat 6: Espada Fish folded before Flop (didn't bet)



PokerStars Hand #254628076945:  Hold'em No Limit ($0.50/$1.00 USD) - 2025/01/30 21:22:56 WET [2025/01/30 16:22:56 ET]
Table 'Troilus' 6-max Seat #3 is the button
Seat 1: XneferX ($129.67 in chips) is sitting out
Seat 6: Espada Fish ($138.63 in chips) is sitting out
Seat 2: sta$igk ($121.15 in chips) 
Seat 3: Kristo 914 ($101 in chips) 
Seat 5: kvcsszblcs ($100 in chips) 
kvcsszblcs: posts small blind $0.50
Espada Fish: is sitting out 
XneferX: is sitting out 
sta$igk: posts big blind $1
*** HOLE CARDS ***
XneferX leaves the table
Kristo 914: folds 
kvcsszblcs: raises $1.85 to $2.85
Espada Fish leaves the table
sta$igk: calls $1.85
*** FLOP *** [8s 9h 4s]
kvcsszblcs: checks 
sta$igk: checks 
*** TURN *** [8s 9h 4s] [7d]
kvcsszblcs: bets $2.17
sta$igk: folds 
Uncalled bet ($2.17) returned to kvcsszblcs
kvcsszblcs collected $5.42 from pot
kvcsszblcs: doesn't show hand 
*** SUMMARY ***
Total pot $5.70 | Rake $0.28 
Board [8s 9h 4s 7d]
Seat 1: XneferX
Seat 6: Espada Fish
Seat 2: sta$igk (big blind) folded on the Turn
Seat 3: Kristo 914 (button) folded before Flop (didn't bet)
Seat 5: kvcsszblcs (small blind) collected ($5.42)



PokerStars Hand #254628089680:  Hold'em No Limit ($0.50/$1.00 USD) - 2025/01/30 21:23:37 WET [2025/01/30 16:23:37 ET]
Table 'Troilus' 6-max Seat #5 is the button
Seat 2: sta$igk ($118.30 in chips) 
Seat 3: Kristo 914 ($101 in chips) 
Seat 5: kvcsszblcs ($102.57 in chips) 
sta$igk: posts small blind $0.50
Kristo 914: posts big blind $1
*** HOLE CARDS ***
kvcsszblcs: folds 
sta$igk: raises $2 to $3
Kristo 914: folds 
Uncalled bet ($2) returned to sta$igk
sta$igk collected $2 from pot
sta$igk: doesn't show hand 
*** SUMMARY ***
Total pot $2 | Rake $0 
Seat 2: sta$igk (small blind) collected ($2)
Seat 3: Kristo 914 (big blind) folded before Flop
Seat 5: kvcsszblcs (button) folded before Flop (didn't bet)



