PokerStars Hand #254621043777:  Hold'em No Limit ($0.50/$1.00 USD) - 2025/01/30 14:04:19 WET [2025/01/30 9:04:19 ET]
Table 'Tercidina' 6-max Seat #6 is the button
Seat 3: Kristo 914 ($100 in chips) is sitting out
Seat 1: easy_sarcasm ($101.85 in chips) 
Seat 2: ARCTlCkiss ($100 in chips) 
Seat 4: AlexPinsk1 ($100 in chips) 
Seat 5: CMX1998 ($69.63 in chips) 
Seat 6: TCK2 ($8 in chips) 
easy_sarcasm: posts small blind $0.50
ARCTlCkiss: posts big blind $1
Kristo 914: sits out 
*** HOLE CARDS ***
AlexPinsk1: folds 
CMX1998: calls $1
TCK2: folds 
easy_sarcasm: raises $3.50 to $4.50
ARCTlCkiss: folds 
CMX1998: calls $3.50
*** FLOP *** [6h Ts 4c]
easy_sarcasm: bets $4.50
CMX1998: folds 
Uncalled bet ($4.50) returned to easy_sarcasm
easy_sarcasm collected $9.50 from pot
*** SUMMARY ***
Total pot $10 | Rake $0.50 
Board [6h Ts 4c]
Seat 3: Kristo 914
Seat 1: easy_sarcasm (small blind) collected ($9.50)
Seat 2: ARCTlCkiss (big blind) folded before Flop
Seat 4: AlexPinsk1 folded before Flop (didn't bet)
Seat 5: CMX1998 folded on the Flop
Seat 6: TCK2 (button) folded before Flop (didn't bet)



PokerStars Hand #254621048805:  Hold'em No Limit ($0.50/$1.00 USD) - 2025/01/30 14:04:49 WET [2025/01/30 9:04:49 ET]
Table 'Tercidina' 6-max Seat #1 is the button
Seat 1: easy_sarcasm ($106.85 in chips) 
Seat 2: ARCTlCkiss ($100 in chips) 
Seat 3: Kristo 914 ($100 in chips) 
Seat 4: AlexPinsk1 ($100 in chips) 
Seat 5: CMX1998 ($65.13 in chips) 
Seat 6: TCK2 ($8 in chips) 
ARCTlCkiss: posts small blind $0.50
Kristo 914: posts big blind $1
*** HOLE CARDS ***
AlexPinsk1: folds 
CMX1998: raises $1 to $2
TCK2: folds 
easy_sarcasm: raises $5.50 to $7.50
ARCTlCkiss: folds 
Kristo 914: folds 
CMX1998: calls $5.50
*** FLOP *** [5d 8d Td]
CMX1998: checks 
easy_sarcasm: bets $8
CMX1998: calls $8
*** TURN *** [5d 8d Td] [Ad]
CMX1998: checks 
easy_sarcasm: checks 
*** RIVER *** [5d 8d Td Ad] [5s]
CMX1998: bets $5
easy_sarcasm: folds 
Uncalled bet ($5) returned to CMX1998
CMX1998 collected $30.88 from pot
*** SUMMARY ***
Total pot $32.50 | Rake $1.62 
Board [5d 8d Td Ad 5s]
Seat 1: easy_sarcasm (button) folded on the River
Seat 2: ARCTlCkiss (small blind) folded before Flop
Seat 3: Kristo 914 (big blind) folded before Flop
Seat 4: AlexPinsk1 folded before Flop (didn't bet)
Seat 5: CMX1998 collected ($30.88)
Seat 6: TCK2 folded before Flop (didn't bet)



PokerStars Hand #254621057704:  Hold'em No Limit ($0.50/$1.00 USD) - 2025/01/30 14:05:41 WET [2025/01/30 9:05:41 ET]
Table 'Tercidina' 6-max Seat #2 is the button
Seat 1: easy_sarcasm ($100 in chips) 
Seat 2: ARCTlCkiss ($100 in chips) 
Seat 3: Kristo 914 ($100 in chips) 
Seat 4: AlexPinsk1 ($100 in chips) 
Seat 5: CMX1998 ($80.51 in chips) 
Seat 6: TCK2 ($8 in chips) 
Kristo 914: posts small blind $0.50
AlexPinsk1: posts big blind $1
*** HOLE CARDS ***
CMX1998: folds 
TCK2: folds 
easy_sarcasm: folds 
ARCTlCkiss: raises $1.18 to $2.18
Kristo 914: folds 
AlexPinsk1: folds 
Uncalled bet ($1.18) returned to ARCTlCkiss
ARCTlCkiss collected $2.50 from pot
ARCTlCkiss: doesn't show hand 
*** SUMMARY ***
Total pot $2.50 | Rake $0 
Seat 1: easy_sarcasm folded before Flop (didn't bet)
Seat 2: ARCTlCkiss (button) collected ($2.50)
Seat 3: Kristo 914 (small blind) folded before Flop
Seat 4: AlexPinsk1 (big blind) folded before Flop
Seat 5: CMX1998 folded before Flop (didn't bet)
Seat 6: TCK2 folded before Flop (didn't bet)



PokerStars Hand #254621062441:  Hold'em No Limit ($0.50/$1.00 USD) - 2025/01/30 14:06:09 WET [2025/01/30 9:06:09 ET]
Table 'Tercidina' 6-max Seat #3 is the button
Seat 1: easy_sarcasm ($100 in chips) 
Seat 2: ARCTlCkiss ($101.50 in chips) 
Seat 3: Kristo 914 ($100 in chips) 
Seat 4: AlexPinsk1 ($100 in chips) 
Seat 5: CMX1998 ($80.51 in chips) 
Seat 6: TCK2 ($8 in chips) 
AlexPinsk1: posts small blind $0.50
CMX1998: posts big blind $1
*** HOLE CARDS ***
TCK2: folds 
easy_sarcasm: folds 
ARCTlCkiss: folds 
Kristo 914: folds 
AlexPinsk1: raises $2 to $3
CMX1998: calls $2
*** FLOP *** [6d 8h 5h]
AlexPinsk1: checks 
CMX1998: checks 
*** TURN *** [6d 8h 5h] [3h]
AlexPinsk1: checks 
CMX1998: bets $3
AlexPinsk1: calls $3
*** RIVER *** [6d 8h 5h 3h] [9s]
AlexPinsk1: checks 
CMX1998: bets $4
AlexPinsk1: calls $4
*** SHOW DOWN ***
CMX1998: shows [Td 2d] (high card Ten)
AlexPinsk1: shows [Js 9h] (a pair of Nines)
AlexPinsk1 collected $19 from pot
*** SUMMARY ***
Total pot $20 | Rake $1 
Board [6d 8h 5h 3h 9s]
Seat 1: easy_sarcasm folded before Flop (didn't bet)
Seat 2: ARCTlCkiss folded before Flop (didn't bet)
Seat 3: Kristo 914 (button) folded before Flop (didn't bet)
Seat 4: AlexPinsk1 (small blind) showed [Js 9h] and won ($19) with a pair of Nines
Seat 5: CMX1998 (big blind) showed [Td 2d] and lost with high card Ten
Seat 6: TCK2 folded before Flop (didn't bet)



PokerStars Hand #254621070413:  Hold'em No Limit ($0.50/$1.00 USD) - 2025/01/30 14:06:56 WET [2025/01/30 9:06:56 ET]
Table 'Tercidina' 6-max Seat #4 is the button
Seat 1: easy_sarcasm ($100 in chips) 
Seat 2: ARCTlCkiss ($101.50 in chips) 
Seat 3: Kristo 914 ($100 in chips) 
Seat 4: AlexPinsk1 ($109 in chips) 
Seat 5: CMX1998 ($70.51 in chips) 
Seat 6: TCK2 ($8 in chips) 
CMX1998: posts small blind $0.50
TCK2: posts big blind $1
*** HOLE CARDS ***
easy_sarcasm: folds 
ARCTlCkiss: folds 
Kristo 914: folds 
AlexPinsk1: folds 
CMX1998: folds 
Uncalled bet ($0.50) returned to TCK2
TCK2 collected $1 from pot
*** SUMMARY ***
Total pot $1 | Rake $0 
Seat 1: easy_sarcasm folded before Flop (didn't bet)
Seat 2: ARCTlCkiss folded before Flop (didn't bet)
Seat 3: Kristo 914 folded before Flop (didn't bet)
Seat 4: AlexPinsk1 (button) folded before Flop (didn't bet)
Seat 5: CMX1998 (small blind) folded before Flop
Seat 6: TCK2 (big blind) collected ($1)



PokerStars Hand #254621072975:  Hold'em No Limit ($0.50/$1.00 USD) - 2025/01/30 14:07:11 WET [2025/01/30 9:07:11 ET]
Table 'Tercidina' 6-max Seat #5 is the button
Seat 1: easy_sarcasm ($100 in chips) 
Seat 2: ARCTlCkiss ($101.50 in chips) 
Seat 3: Kristo 914 ($100 in chips) 
Seat 4: AlexPinsk1 ($109 in chips) 
Seat 5: CMX1998 ($70.01 in chips) 
Seat 6: TCK2 ($8.50 in chips) 
TCK2: posts small blind $0.50
easy_sarcasm: posts big blind $1
*** HOLE CARDS ***
ARCTlCkiss: folds 
Kristo 914: folds 
AlexPinsk1: folds 
CMX1998: raises $1 to $2
TCK2: raises $6.50 to $8.50 and is all-in
easy_sarcasm: folds 
CMX1998: calls $6.50
*** FLOP *** [3h Jh 9h]
*** TURN *** [3h Jh 9h] [5c]
*** RIVER *** [3h Jh 9h 5c] [Ah]
*** SHOW DOWN ***
TCK2: shows [As 8d] (a pair of Aces)
CMX1998: shows [Qh Kh] (a flush, Ace high)
CMX1998 collected $17.10 from pot
TCK2 cashed out the hand for $9 | Cash Out Fee $0.18
*** SUMMARY ***
Total pot $18 | Rake $0.90 
Board [3h Jh 9h 5c Ah]
Seat 1: easy_sarcasm (big blind) folded before Flop
Seat 2: ARCTlCkiss folded before Flop (didn't bet)
Seat 3: Kristo 914 folded before Flop (didn't bet)
Seat 4: AlexPinsk1 folded before Flop (didn't bet)
Seat 5: CMX1998 (button) showed [Qh Kh] and won ($17.10) with a flush, Ace high
Seat 6: TCK2 (small blind) showed [As 8d] and lost with a pair of Aces (cashed out).



PokerStars Hand #254621079417:  Hold'em No Limit ($0.50/$1.00 USD) - 2025/01/30 14:07:50 WET [2025/01/30 9:07:50 ET]
Table 'Tercidina' 6-max Seat #6 is the button
Seat 1: easy_sarcasm ($100 in chips) 
Seat 2: ARCTlCkiss ($101.50 in chips) 
Seat 3: Kristo 914 ($100 in chips) 
Seat 4: AlexPinsk1 ($109 in chips) 
Seat 5: CMX1998 ($78.61 in chips) 
Seat 6: TCK2 ($9 in chips) 
easy_sarcasm: posts small blind $0.50
ARCTlCkiss: posts big blind $1
*** HOLE CARDS ***
Kristo 914: folds 
AlexPinsk1: folds 
CMX1998: calls $1
TCK2: folds 
easy_sarcasm: folds 
ARCTlCkiss: checks 
*** FLOP *** [3s 8d 7s]
ARCTlCkiss: checks 
CMX1998: bets $5
ARCTlCkiss: folds 
Uncalled bet ($5) returned to CMX1998
CMX1998 collected $2.38 from pot
*** SUMMARY ***
Total pot $2.50 | Rake $0.12 
Board [3s 8d 7s]
Seat 1: easy_sarcasm (small blind) folded before Flop
Seat 2: ARCTlCkiss (big blind) folded on the Flop
Seat 3: Kristo 914 folded before Flop (didn't bet)
Seat 4: AlexPinsk1 folded before Flop (didn't bet)
Seat 5: CMX1998 collected ($2.38)
Seat 6: TCK2 (button) folded before Flop (didn't bet)



PokerStars Hand #254621083910:  Hold'em No Limit ($0.50/$1.00 USD) - 2025/01/30 14:08:16 WET [2025/01/30 9:08:16 ET]
Table 'Tercidina' 6-max Seat #1 is the button
Seat 1: easy_sarcasm ($100 in chips) 
Seat 2: ARCTlCkiss ($100.50 in chips) 
Seat 3: Kristo 914 ($100 in chips) 
Seat 4: AlexPinsk1 ($109 in chips) 
Seat 5: CMX1998 ($79.99 in chips) 
Seat 6: TCK2 ($9 in chips) 
ARCTlCkiss: posts small blind $0.50
Kristo 914: posts big blind $1
*** HOLE CARDS ***
AlexPinsk1: folds 
CMX1998: calls $1
TCK2: folds 
easy_sarcasm: folds 
ARCTlCkiss: folds 
Kristo 914: checks 
*** FLOP *** [Tc 4d 9d]
Kristo 914: checks 
CMX1998: checks 
*** TURN *** [Tc 4d 9d] [8s]
Kristo 914: checks 
CMX1998: checks 
*** RIVER *** [Tc 4d 9d 8s] [Td]
Kristo 914: checks 
CMX1998: checks 
*** SHOW DOWN ***
Kristo 914: shows [7c Qh] (a pair of Tens)
CMX1998: mucks hand 
Kristo 914 collected $2.38 from pot
*** SUMMARY ***
Total pot $2.50 | Rake $0.12 
Board [Tc 4d 9d 8s Td]
Seat 1: easy_sarcasm (button) folded before Flop (didn't bet)
Seat 2: ARCTlCkiss (small blind) folded before Flop
Seat 3: Kristo 914 (big blind) showed [7c Qh] and won ($2.38) with a pair of Tens
Seat 4: AlexPinsk1 folded before Flop (didn't bet)
Seat 5: CMX1998 mucked
Seat 6: TCK2 folded before Flop (didn't bet)



PokerStars Hand #254621089143:  Hold'em No Limit ($0.50/$1.00 USD) - 2025/01/30 14:08:47 WET [2025/01/30 9:08:47 ET]
Table 'Tercidina' 6-max Seat #2 is the button
Seat 1: easy_sarcasm ($100 in chips) 
Seat 2: ARCTlCkiss ($100 in chips) 
Seat 3: Kristo 914 ($101.38 in chips) 
Seat 4: AlexPinsk1 ($109 in chips) 
Seat 5: CMX1998 ($78.99 in chips) 
Seat 6: TCK2 ($9 in chips) 
Kristo 914: posts small blind $0.50
AlexPinsk1: posts big blind $1
*** HOLE CARDS ***
CMX1998: calls $1
TCK2: folds 
easy_sarcasm: folds 
ARCTlCkiss: folds 
Kristo 914: folds 
AlexPinsk1: checks 
*** FLOP *** [7h 8c 6s]
AlexPinsk1: checks 
CMX1998: checks 
*** TURN *** [7h 8c 6s] [4c]
AlexPinsk1: bets $2
CMX1998: calls $2
*** RIVER *** [7h 8c 6s 4c] [Td]
AlexPinsk1: bets $4.64
CMX1998: calls $4.64
*** SHOW DOWN ***
AlexPinsk1: shows [Jh 5s] (a straight, Four to Eight)
CMX1998: shows [Qh 9s] (a straight, Six to Ten)
CMX1998 collected $14.99 from pot
*** SUMMARY ***
Total pot $15.78 | Rake $0.79 
Board [7h 8c 6s 4c Td]
Seat 1: easy_sarcasm folded before Flop (didn't bet)
Seat 2: ARCTlCkiss (button) folded before Flop (didn't bet)
Seat 3: Kristo 914 (small blind) folded before Flop
Seat 4: AlexPinsk1 (big blind) showed [Jh 5s] and lost with a straight, Four to Eight
Seat 5: CMX1998 showed [Qh 9s] and won ($14.99) with a straight, Six to Ten
Seat 6: TCK2 folded before Flop (didn't bet)



PokerStars Hand #254621095180:  Hold'em No Limit ($0.50/$1.00 USD) - 2025/01/30 14:09:23 WET [2025/01/30 9:09:23 ET]
Table 'Tercidina' 6-max Seat #3 is the button
Seat 1: easy_sarcasm ($100 in chips) 
Seat 2: ARCTlCkiss ($100 in chips) 
Seat 3: Kristo 914 ($100.88 in chips) 
Seat 4: AlexPinsk1 ($101.36 in chips) 
Seat 5: CMX1998 ($86.34 in chips) 
Seat 6: TCK2 ($9 in chips) 
AlexPinsk1: posts small blind $0.50
CMX1998: posts big blind $1
*** HOLE CARDS ***
TCK2: folds 
easy_sarcasm: raises $2 to $3
ARCTlCkiss: folds 
Kristo 914: folds 
AlexPinsk1: raises $9.50 to $12.50
CMX1998: folds 
easy_sarcasm: calls $9.50
*** FLOP *** [7c Tc Qs]
AlexPinsk1: bets $8.15
easy_sarcasm: calls $8.15
*** TURN *** [7c Tc Qs] [2s]
AlexPinsk1: checks 
easy_sarcasm: bets $20.09
AlexPinsk1: raises $60.62 to $80.71 and is all-in
easy_sarcasm: calls $59.26 and is all-in
Uncalled bet ($1.36) returned to AlexPinsk1
*** FIRST RIVER *** [7c Tc Qs 2s] [As]
*** SECOND RIVER *** [7c Tc Qs 2s] [3d]
*** FIRST SHOW DOWN ***
AlexPinsk1: shows [Ah Qh] (two pair, Aces and Queens)
easy_sarcasm: shows [Jd Jc] (a pair of Jacks)
AlexPinsk1 collected $99.25 from pot
*** SECOND SHOW DOWN ***
AlexPinsk1: shows [Ah Qh] (a pair of Queens)
easy_sarcasm: shows [Jd Jc] (a pair of Jacks)
AlexPinsk1 collected $99.25 from pot
*** SUMMARY ***
Total pot $201 | Rake $2.50 
Hand was run twice
FIRST Board [7c Tc Qs 2s As]
SECOND Board [7c Tc Qs 2s 3d]
Seat 1: easy_sarcasm showed [Jd Jc] and lost with a pair of Jacks, and lost with a pair of Jacks
Seat 2: ARCTlCkiss folded before Flop (didn't bet)
Seat 3: Kristo 914 (button) folded before Flop (didn't bet)
Seat 4: AlexPinsk1 (small blind) showed [Ah Qh] and won ($99.25) with two pair, Aces and Queens, and won ($99.25) with a pair of Queens
Seat 5: CMX1998 (big blind) folded before Flop
Seat 6: TCK2 folded before Flop (didn't bet)



PokerStars Hand #254621111924:  Hold'em No Limit ($0.50/$1.00 USD) - 2025/01/30 14:11:03 WET [2025/01/30 9:11:03 ET]
Table 'Tercidina' 6-max Seat #4 is the button
Seat 1: easy_sarcasm ($100 in chips) 
Seat 2: ARCTlCkiss ($100 in chips) 
Seat 3: Kristo 914 ($100.88 in chips) 
Seat 4: AlexPinsk1 ($199.86 in chips) 
Seat 5: CMX1998 ($85.34 in chips) 
Seat 6: TCK2 ($9 in chips) 
CMX1998: posts small blind $0.50
TCK2: posts big blind $1
*** HOLE CARDS ***
easy_sarcasm: folds 
ARCTlCkiss: folds 
Kristo 914: folds 
AlexPinsk1: folds 
CMX1998: calls $0.50
TCK2: checks 
*** FLOP *** [Qs 6s 9d]
CMX1998: checks 
TCK2: checks 
*** TURN *** [Qs 6s 9d] [7d]
CMX1998: bets $2
TCK2: raises $4 to $6
CMX1998: calls $4
*** RIVER *** [Qs 6s 9d 7d] [Jc]
CMX1998: bets $2
TCK2: calls $2 and is all-in
*** SHOW DOWN ***
CMX1998: shows [9h 5d] (a pair of Nines)
TCK2: shows [5s 8d] (a straight, Five to Nine)
TCK2 collected $17.10 from pot
*** SUMMARY ***
Total pot $18 | Rake $0.90 
Board [Qs 6s 9d 7d Jc]
Seat 1: easy_sarcasm folded before Flop (didn't bet)
Seat 2: ARCTlCkiss folded before Flop (didn't bet)
Seat 3: Kristo 914 folded before Flop (didn't bet)
Seat 4: AlexPinsk1 (button) folded before Flop (didn't bet)
Seat 5: CMX1998 (small blind) showed [9h 5d] and lost with a pair of Nines
Seat 6: TCK2 (big blind) showed [5s 8d] and won ($17.10) with a straight, Five to Nine



PokerStars Hand #254621120442:  Hold'em No Limit ($0.50/$1.00 USD) - 2025/01/30 14:11:54 WET [2025/01/30 9:11:54 ET]
Table 'Tercidina' 6-max Seat #5 is the button
Seat 1: easy_sarcasm ($100 in chips) 
Seat 2: ARCTlCkiss ($100 in chips) 
Seat 3: Kristo 914 ($100.88 in chips) 
Seat 4: AlexPinsk1 ($199.86 in chips) 
Seat 5: CMX1998 ($76.34 in chips) 
Seat 6: TCK2 ($17.10 in chips) 
TCK2: posts small blind $0.50
easy_sarcasm: posts big blind $1
*** HOLE CARDS ***
ARCTlCkiss: folds 
Kristo 914: folds 
AlexPinsk1: folds 
CMX1998: calls $1
TCK2: calls $0.50
easy_sarcasm: raises $4.50 to $5.50
CMX1998: calls $4.50
TCK2: folds 
*** FLOP *** [Ks Ah 2s]
easy_sarcasm: bets $5
CMX1998: folds 
Uncalled bet ($5) returned to easy_sarcasm
easy_sarcasm collected $11.40 from pot
*** SUMMARY ***
Total pot $12 | Rake $0.60 
Board [Ks Ah 2s]
Seat 1: easy_sarcasm (big blind) collected ($11.40)
Seat 2: ARCTlCkiss folded before Flop (didn't bet)
Seat 3: Kristo 914 folded before Flop (didn't bet)
Seat 4: AlexPinsk1 folded before Flop (didn't bet)
Seat 5: CMX1998 (button) folded on the Flop
Seat 6: TCK2 (small blind) folded before Flop



PokerStars Hand #254621124798:  Hold'em No Limit ($0.50/$1.00 USD) - 2025/01/30 14:12:20 WET [2025/01/30 9:12:20 ET]
Table 'Tercidina' 6-max Seat #6 is the button
Seat 1: easy_sarcasm ($105.90 in chips) 
Seat 2: ARCTlCkiss ($100 in chips) 
Seat 3: Kristo 914 ($100.88 in chips) 
Seat 4: AlexPinsk1 ($199.86 in chips) 
Seat 5: CMX1998 ($70.84 in chips) 
Seat 6: TCK2 ($16.10 in chips) 
easy_sarcasm: posts small blind $0.50
ARCTlCkiss: posts big blind $1
*** HOLE CARDS ***
Kristo 914: raises $1.40 to $2.40
AlexPinsk1: folds 
CMX1998: folds 
TCK2: folds 
easy_sarcasm: folds 
ARCTlCkiss: folds 
Uncalled bet ($1.40) returned to Kristo 914
Kristo 914 collected $2.50 from pot
Kristo 914: doesn't show hand 
*** SUMMARY ***
Total pot $2.50 | Rake $0 
Seat 1: easy_sarcasm (small blind) folded before Flop
Seat 2: ARCTlCkiss (big blind) folded before Flop
Seat 3: Kristo 914 collected ($2.50)
Seat 4: AlexPinsk1 folded before Flop (didn't bet)
Seat 5: CMX1998 folded before Flop (didn't bet)
Seat 6: TCK2 (button) folded before Flop (didn't bet)



PokerStars Hand #254621127304:  Hold'em No Limit ($0.50/$1.00 USD) - 2025/01/30 14:12:35 WET [2025/01/30 9:12:35 ET]
Table 'Tercidina' 6-max Seat #1 is the button
Seat 1: easy_sarcasm ($105.40 in chips) 
Seat 2: ARCTlCkiss ($100 in chips) 
Seat 3: Kristo 914 ($102.38 in chips) 
Seat 4: AlexPinsk1 ($199.86 in chips) 
Seat 5: CMX1998 ($70.84 in chips) 
Seat 6: TCK2 ($16.10 in chips) 
ARCTlCkiss: posts small blind $0.50
Kristo 914: posts big blind $1
*** HOLE CARDS ***
AlexPinsk1: folds 
CMX1998: calls $1
TCK2: folds 
easy_sarcasm: folds 
ARCTlCkiss: folds 
Kristo 914: checks 
*** FLOP *** [5s 5d 7s]
Kristo 914: checks 
CMX1998: checks 
*** TURN *** [5s 5d 7s] [Qh]
Kristo 914: checks 
CMX1998: checks 
*** RIVER *** [5s 5d 7s Qh] [4h]
Kristo 914: checks 
CMX1998: bets $2
Kristo 914: calls $2
*** SHOW DOWN ***
CMX1998: shows [7c 5h] (a full house, Fives full of Sevens)
Kristo 914: mucks hand 
CMX1998 collected $6.18 from pot
*** SUMMARY ***
Total pot $6.50 | Rake $0.32 
Board [5s 5d 7s Qh 4h]
Seat 1: easy_sarcasm (button) folded before Flop (didn't bet)
Seat 2: ARCTlCkiss (small blind) folded before Flop
Seat 3: Kristo 914 (big blind) mucked
Seat 4: AlexPinsk1 folded before Flop (didn't bet)
Seat 5: CMX1998 showed [7c 5h] and won ($6.18) with a full house, Fives full of Sevens
Seat 6: TCK2 folded before Flop (didn't bet)



PokerStars Hand #254621134675:  Hold'em No Limit ($0.50/$1.00 USD) - 2025/01/30 14:13:19 WET [2025/01/30 9:13:19 ET]
Table 'Tercidina' 6-max Seat #2 is the button
Seat 1: easy_sarcasm ($105.40 in chips) 
Seat 2: ARCTlCkiss ($100 in chips) 
Seat 3: Kristo 914 ($100 in chips) 
Seat 4: AlexPinsk1 ($199.86 in chips) 
Seat 5: CMX1998 ($74.02 in chips) 
Seat 6: TCK2 ($16.10 in chips) 
Kristo 914: posts small blind $0.50
AlexPinsk1: posts big blind $1
*** HOLE CARDS ***
CMX1998: calls $1
TCK2: folds 
easy_sarcasm: raises $3.50 to $4.50
ARCTlCkiss: folds 
Kristo 914: folds 
AlexPinsk1: folds 
CMX1998: calls $3.50
*** FLOP *** [Qs 5c Ac]
CMX1998: checks 
easy_sarcasm: checks 
*** TURN *** [Qs 5c Ac] [Ah]
CMX1998: checks 
easy_sarcasm: checks 
*** RIVER *** [Qs 5c Ac Ah] [Td]
CMX1998: checks 
easy_sarcasm: checks 
*** SHOW DOWN ***
CMX1998: shows [8s 9h] (a pair of Aces)
easy_sarcasm: shows [Jd Jc] (two pair, Aces and Jacks)
easy_sarcasm collected $9.98 from pot
*** SUMMARY ***
Total pot $10.50 | Rake $0.52 
Board [Qs 5c Ac Ah Td]
Seat 1: easy_sarcasm showed [Jd Jc] and won ($9.98) with two pair, Aces and Jacks
Seat 2: ARCTlCkiss (button) folded before Flop (didn't bet)
Seat 3: Kristo 914 (small blind) folded before Flop
Seat 4: AlexPinsk1 (big blind) folded before Flop
Seat 5: CMX1998 showed [8s 9h] and lost with a pair of Aces
Seat 6: TCK2 folded before Flop (didn't bet)



PokerStars Hand #254621140477:  Hold'em No Limit ($0.50/$1.00 USD) - 2025/01/30 14:13:53 WET [2025/01/30 9:13:53 ET]
Table 'Tercidina' 6-max Seat #3 is the button
Seat 1: easy_sarcasm ($110.88 in chips) 
Seat 2: ARCTlCkiss ($100 in chips) 
Seat 3: Kristo 914 ($100 in chips) 
Seat 4: AlexPinsk1 ($198.86 in chips) 
Seat 5: CMX1998 ($69.52 in chips) 
Seat 6: TCK2 ($16.10 in chips) 
AlexPinsk1: posts small blind $0.50
CMX1998: posts big blind $1
*** HOLE CARDS ***
TCK2: folds 
easy_sarcasm: folds 
ARCTlCkiss: folds 
Kristo 914: raises $1.40 to $2.40
AlexPinsk1: folds 
CMX1998: calls $1.40
*** FLOP *** [Qd As 3h]
CMX1998: checks 
Kristo 914: bets $1.46
CMX1998: calls $1.46
*** TURN *** [Qd As 3h] [5c]
CMX1998: checks 
Kristo 914: checks 
*** RIVER *** [Qd As 3h 5c] [Ad]
CMX1998: checks 
Kristo 914: checks 
*** SHOW DOWN ***
CMX1998: shows [Tc Ah] (three of a kind, Aces)
Kristo 914: mucks hand 
CMX1998 collected $7.81 from pot
*** SUMMARY ***
Total pot $8.22 | Rake $0.41 
Board [Qd As 3h 5c Ad]
Seat 1: easy_sarcasm folded before Flop (didn't bet)
Seat 2: ARCTlCkiss folded before Flop (didn't bet)
Seat 3: Kristo 914 (button) mucked
Seat 4: AlexPinsk1 (small blind) folded before Flop
Seat 5: CMX1998 (big blind) showed [Tc Ah] and won ($7.81) with three of a kind, Aces
Seat 6: TCK2 folded before Flop (didn't bet)



PokerStars Hand #254621147198:  Hold'em No Limit ($0.50/$1.00 USD) - 2025/01/30 14:14:33 WET [2025/01/30 9:14:33 ET]
Table 'Tercidina' 6-max Seat #4 is the button
Seat 6: TCK2 ($16.10 in chips) is sitting out
Seat 1: easy_sarcasm ($110.88 in chips) 
Seat 2: ARCTlCkiss ($100 in chips) 
Seat 3: Kristo 914 ($100 in chips) 
Seat 4: AlexPinsk1 ($198.36 in chips) 
Seat 5: CMX1998 ($73.47 in chips) 
CMX1998: posts small blind $0.50
TCK2: is sitting out 
easy_sarcasm: posts big blind $1
*** HOLE CARDS ***
ARCTlCkiss: folds 
Kristo 914: folds 
AlexPinsk1: folds 
CMX1998: folds 
Uncalled bet ($0.50) returned to easy_sarcasm
easy_sarcasm collected $1 from pot
*** SUMMARY ***
Total pot $1 | Rake $0 
Seat 6: TCK2
Seat 1: easy_sarcasm (big blind) collected ($1)
Seat 2: ARCTlCkiss folded before Flop (didn't bet)
Seat 3: Kristo 914 folded before Flop (didn't bet)
Seat 4: AlexPinsk1 (button) folded before Flop (didn't bet)
Seat 5: CMX1998 (small blind) folded before Flop



PokerStars Hand #254621148779:  Hold'em No Limit ($0.50/$1.00 USD) - 2025/01/30 14:14:42 WET [2025/01/30 9:14:42 ET]
Table 'Tercidina' 6-max Seat #5 is the button
Seat 6: TCK2 ($16.10 in chips) is sitting out
Seat 1: easy_sarcasm ($111.38 in chips) 
Seat 2: ARCTlCkiss ($100 in chips) 
Seat 3: Kristo 914 ($100 in chips) 
Seat 4: AlexPinsk1 ($198.36 in chips) 
Seat 5: CMX1998 ($72.97 in chips) 
easy_sarcasm: posts small blind $0.50
ARCTlCkiss: posts big blind $1
*** HOLE CARDS ***
Kristo 914: folds 
AlexPinsk1: folds 
CMX1998: calls $1
easy_sarcasm: calls $0.50
ARCTlCkiss: checks 
*** FLOP *** [7c Qs 8c]
easy_sarcasm: checks 
ARCTlCkiss: checks 
CMX1998: bets $3
easy_sarcasm: raises $8.50 to $11.50
TCK2 leaves the table
ARCTlCkiss: folds 
CMX1998: calls $8.50
*** TURN *** [7c Qs 8c] [6c]
easy_sarcasm: checks 
CMX1998: checks 
*** RIVER *** [7c Qs 8c 6c] [Ks]
B1GBankroll joins the table at seat #6 
easy_sarcasm: bets $14.50
CMX1998: folds 
Uncalled bet ($14.50) returned to easy_sarcasm
easy_sarcasm collected $24.70 from pot
*** SUMMARY ***
Total pot $26 | Rake $1.30 
Board [7c Qs 8c 6c Ks]
Seat 6: TCK2
Seat 1: easy_sarcasm (small blind) collected ($24.70)
Seat 2: ARCTlCkiss (big blind) folded on the Flop
Seat 3: Kristo 914 folded before Flop (didn't bet)
Seat 4: AlexPinsk1 folded before Flop (didn't bet)
Seat 5: CMX1998 (button) folded on the River



PokerStars Hand #254621158121:  Hold'em No Limit ($0.50/$1.00 USD) - 2025/01/30 14:15:37 WET [2025/01/30 9:15:37 ET]
Table 'Tercidina' 6-max Seat #1 is the button
Seat 6: B1GBankroll ($100 in chips) is sitting out
Seat 1: easy_sarcasm ($123.58 in chips) 
Seat 2: ARCTlCkiss ($100 in chips) 
Seat 3: Kristo 914 ($100 in chips) 
Seat 4: AlexPinsk1 ($198.36 in chips) 
Seat 5: CMX1998 ($60.47 in chips) 
ARCTlCkiss: posts small blind $0.50
Kristo 914: posts big blind $1
B1GBankroll: sits out 
*** HOLE CARDS ***
AlexPinsk1: folds 
CMX1998: calls $1
easy_sarcasm: raises $3.50 to $4.50
ARCTlCkiss: folds 
Kristo 914: folds 
CMX1998: calls $3.50
*** FLOP *** [8c 3d Qc]
CMX1998: checks 
easy_sarcasm: bets $4.50
CMX1998: calls $4.50
*** TURN *** [8c 3d Qc] [Ts]
CMX1998: checks 
easy_sarcasm: checks 
*** RIVER *** [8c 3d Qc Ts] [Jh]
CMX1998: bets $10
easy_sarcasm: raises $10.50 to $20.50
CMX1998: calls $10.50
*** SHOW DOWN ***
easy_sarcasm: shows [As 9s] (a straight, Eight to Queen)
CMX1998: shows [Js 9d] (a straight, Eight to Queen)
CMX1998 collected $29 from pot
easy_sarcasm collected $29 from pot
*** SUMMARY ***
Total pot $60.50 | Rake $2.50 
Board [8c 3d Qc Ts Jh]
Seat 6: B1GBankroll
Seat 1: easy_sarcasm (button) showed [As 9s] and won ($29) with a straight, Eight to Queen
Seat 2: ARCTlCkiss (small blind) folded before Flop
Seat 3: Kristo 914 (big blind) folded before Flop
Seat 4: AlexPinsk1 folded before Flop (didn't bet)
Seat 5: CMX1998 showed [Js 9d] and won ($29) with a straight, Eight to Queen



PokerStars Hand #254621168832:  Hold'em No Limit ($0.50/$1.00 USD) - 2025/01/30 14:16:39 WET [2025/01/30 9:16:39 ET]
Table 'Tercidina' 6-max Seat #2 is the button
Seat 6: B1GBankroll ($100 in chips) is sitting out
Seat 1: easy_sarcasm ($123.08 in chips) 
Seat 2: ARCTlCkiss ($100 in chips) 
Seat 3: Kristo 914 ($100 in chips) 
Seat 4: AlexPinsk1 ($198.36 in chips) 
Seat 5: CMX1998 ($59.97 in chips) 
Kristo 914: posts small blind $0.50
AlexPinsk1: posts big blind $1
B1GBankroll: sits out 
*** HOLE CARDS ***
CMX1998: calls $1
easy_sarcasm: folds 
ARCTlCkiss: raises $2.50 to $3.50
Kristo 914: folds 
AlexPinsk1: folds 
CMX1998: calls $2.50
*** FLOP *** [Jh 3h 2d]
CMX1998: checks 
ARCTlCkiss: bets $2.26
CMX1998: calls $2.26
*** TURN *** [Jh 3h 2d] [Ah]
CMX1998: checks 
ARCTlCkiss: bets $9.65
CMX1998: folds 
Uncalled bet ($9.65) returned to ARCTlCkiss
ARCTlCkiss collected $12.37 from pot
ARCTlCkiss: doesn't show hand 
*** SUMMARY ***
Total pot $13.02 | Rake $0.65 
Board [Jh 3h 2d Ah]
Seat 6: B1GBankroll
Seat 1: easy_sarcasm folded before Flop (didn't bet)
Seat 2: ARCTlCkiss (button) collected ($12.37)
Seat 3: Kristo 914 (small blind) folded before Flop
Seat 4: AlexPinsk1 (big blind) folded before Flop
Seat 5: CMX1998 folded on the Turn



PokerStars Hand #254621175716:  Hold'em No Limit ($0.50/$1.00 USD) - 2025/01/30 14:17:20 WET [2025/01/30 9:17:20 ET]
Table 'Tercidina' 6-max Seat #3 is the button
Seat 6: B1GBankroll ($100 in chips) is sitting out
Seat 1: easy_sarcasm ($123.08 in chips) 
Seat 2: ARCTlCkiss ($106.61 in chips) 
Seat 3: Kristo 914 ($100 in chips) 
Seat 4: AlexPinsk1 ($197.36 in chips) 
Seat 5: CMX1998 ($54.21 in chips) 
AlexPinsk1: posts small blind $0.50
CMX1998: posts big blind $1
B1GBankroll: sits out 
*** HOLE CARDS ***
easy_sarcasm: raises $2 to $3
ARCTlCkiss: folds 
Kristo 914: folds 
AlexPinsk1: folds 
CMX1998: calls $2
*** FLOP *** [Qs Qh 2s]
CMX1998: checks 
easy_sarcasm: bets $2
CMX1998: calls $2
*** TURN *** [Qs Qh 2s] [9h]
CMX1998: checks 
easy_sarcasm: checks 
*** RIVER *** [Qs Qh 2s 9h] [Jc]
CMX1998: checks 
easy_sarcasm: checks 
*** SHOW DOWN ***
CMX1998: shows [2c 4s] (two pair, Queens and Deuces)
easy_sarcasm: shows [3h 3s] (two pair, Queens and Threes)
easy_sarcasm collected $9.98 from pot
*** SUMMARY ***
Total pot $10.50 | Rake $0.52 
Board [Qs Qh 2s 9h Jc]
Seat 6: B1GBankroll
Seat 1: easy_sarcasm showed [3h 3s] and won ($9.98) with two pair, Queens and Threes
Seat 2: ARCTlCkiss folded before Flop (didn't bet)
Seat 3: Kristo 914 (button) folded before Flop (didn't bet)
Seat 4: AlexPinsk1 (small blind) folded before Flop
Seat 5: CMX1998 (big blind) showed [2c 4s] and lost with two pair, Queens and Deuces



PokerStars Hand #254621181620:  Hold'em No Limit ($0.50/$1.00 USD) - 2025/01/30 14:17:54 WET [2025/01/30 9:17:54 ET]
Table 'Tercidina' 6-max Seat #4 is the button
Seat 1: easy_sarcasm ($128.06 in chips) 
Seat 2: ARCTlCkiss ($106.61 in chips) 
Seat 3: Kristo 914 ($100 in chips) 
Seat 4: AlexPinsk1 ($196.86 in chips) 
Seat 5: CMX1998 ($49.21 in chips) 
Seat 6: B1GBankroll ($100 in chips) 
CMX1998: posts small blind $0.50
B1GBankroll: posts big blind $1
*** HOLE CARDS ***
easy_sarcasm: folds 
ARCTlCkiss: raises $1.53 to $2.53
Kristo 914: folds 
AlexPinsk1: folds 
CMX1998: folds 
B1GBankroll: folds 
Uncalled bet ($1.53) returned to ARCTlCkiss
ARCTlCkiss collected $2.50 from pot
ARCTlCkiss: doesn't show hand 
*** SUMMARY ***
Total pot $2.50 | Rake $0 
Seat 1: easy_sarcasm folded before Flop (didn't bet)
Seat 2: ARCTlCkiss collected ($2.50)
Seat 3: Kristo 914 folded before Flop (didn't bet)
Seat 4: AlexPinsk1 (button) folded before Flop (didn't bet)
Seat 5: CMX1998 (small blind) folded before Flop
Seat 6: B1GBankroll (big blind) folded before Flop



PokerStars Hand #254621184818:  Hold'em No Limit ($0.50/$1.00 USD) - 2025/01/30 14:18:13 WET [2025/01/30 9:18:13 ET]
Table 'Tercidina' 6-max Seat #5 is the button
Seat 1: easy_sarcasm ($128.06 in chips) 
Seat 2: ARCTlCkiss ($108.11 in chips) 
Seat 3: Kristo 914 ($100 in chips) 
Seat 4: AlexPinsk1 ($196.86 in chips) 
Seat 5: CMX1998 ($48.71 in chips) 
Seat 6: B1GBankroll ($100 in chips) 
B1GBankroll: posts small blind $0.50
easy_sarcasm: posts big blind $1
*** HOLE CARDS ***
ARCTlCkiss: raises $1.53 to $2.53
Kristo 914: folds 
AlexPinsk1: folds 
CMX1998: folds 
B1GBankroll: folds 
easy_sarcasm: calls $1.53
*** FLOP *** [7c 4c Tc]
easy_sarcasm: checks 
ARCTlCkiss: bets $1.48
easy_sarcasm: folds 
Uncalled bet ($1.48) returned to ARCTlCkiss
ARCTlCkiss collected $5.28 from pot
ARCTlCkiss: doesn't show hand 
*** SUMMARY ***
Total pot $5.56 | Rake $0.28 
Board [7c 4c Tc]
Seat 1: easy_sarcasm (big blind) folded on the Flop
Seat 2: ARCTlCkiss collected ($5.28)
Seat 3: Kristo 914 folded before Flop (didn't bet)
Seat 4: AlexPinsk1 folded before Flop (didn't bet)
Seat 5: CMX1998 (button) folded before Flop (didn't bet)
Seat 6: B1GBankroll (small blind) folded before Flop



PokerStars Hand #254621193046:  Hold'em No Limit ($0.50/$1.00 USD) - 2025/01/30 14:19:01 WET [2025/01/30 9:19:01 ET]
Table 'Tercidina' 6-max Seat #6 is the button
Seat 1: easy_sarcasm ($125.53 in chips) 
Seat 2: ARCTlCkiss ($110.86 in chips) 
Seat 3: Kristo 914 ($100 in chips) 
Seat 4: AlexPinsk1 ($196.86 in chips) 
Seat 5: CMX1998 ($48.71 in chips) 
Seat 6: B1GBankroll ($100 in chips) 
easy_sarcasm: posts small blind $0.50
ARCTlCkiss: posts big blind $1
*** HOLE CARDS ***
Kristo 914: folds 
AlexPinsk1: folds 
CMX1998: raises $1 to $2
B1GBankroll: folds 
easy_sarcasm: folds 
ARCTlCkiss: folds 
Uncalled bet ($1) returned to CMX1998
CMX1998 collected $2.50 from pot
*** SUMMARY ***
Total pot $2.50 | Rake $0 
Seat 1: easy_sarcasm (small blind) folded before Flop
Seat 2: ARCTlCkiss (big blind) folded before Flop
Seat 3: Kristo 914 folded before Flop (didn't bet)
Seat 4: AlexPinsk1 folded before Flop (didn't bet)
Seat 5: CMX1998 collected ($2.50)
Seat 6: B1GBankroll (button) folded before Flop (didn't bet)



PokerStars Hand #254621195880:  Hold'em No Limit ($0.50/$1.00 USD) - 2025/01/30 14:19:17 WET [2025/01/30 9:19:17 ET]
Table 'Tercidina' 6-max Seat #1 is the button
Seat 1: easy_sarcasm ($125.03 in chips) 
Seat 2: ARCTlCkiss ($109.86 in chips) 
Seat 3: Kristo 914 ($100 in chips) 
Seat 4: AlexPinsk1 ($196.86 in chips) 
Seat 5: CMX1998 ($50.21 in chips) 
Seat 6: B1GBankroll ($100 in chips) 
ARCTlCkiss: posts small blind $0.50
Kristo 914: posts big blind $1
*** HOLE CARDS ***
AlexPinsk1: folds 
CMX1998: calls $1
B1GBankroll: folds 
easy_sarcasm: folds 
ARCTlCkiss: folds 
Kristo 914: checks 
*** FLOP *** [2s Kd Qd]
Kristo 914: checks 
CMX1998: checks 
*** TURN *** [2s Kd Qd] [5s]
Kristo 914: checks 
CMX1998: checks 
*** RIVER *** [2s Kd Qd 5s] [As]
Kristo 914: checks 
CMX1998: checks 
*** SHOW DOWN ***
Kristo 914: shows [Qh Th] (a pair of Queens)
CMX1998: mucks hand 
Kristo 914 collected $2.38 from pot
*** SUMMARY ***
Total pot $2.50 | Rake $0.12 
Board [2s Kd Qd 5s As]
Seat 1: easy_sarcasm (button) folded before Flop (didn't bet)
Seat 2: ARCTlCkiss (small blind) folded before Flop
Seat 3: Kristo 914 (big blind) showed [Qh Th] and won ($2.38) with a pair of Queens
Seat 4: AlexPinsk1 folded before Flop (didn't bet)
Seat 5: CMX1998 mucked
Seat 6: B1GBankroll folded before Flop (didn't bet)



PokerStars Hand #254621201694:  Hold'em No Limit ($0.50/$1.00 USD) - 2025/01/30 14:19:51 WET [2025/01/30 9:19:51 ET]
Table 'Tercidina' 6-max Seat #2 is the button
Seat 1: easy_sarcasm ($125.03 in chips) 
Seat 2: ARCTlCkiss ($109.36 in chips) 
Seat 3: Kristo 914 ($101.38 in chips) 
Seat 4: AlexPinsk1 ($196.86 in chips) 
Seat 5: CMX1998 ($49.21 in chips) 
Seat 6: B1GBankroll ($100 in chips) 
Kristo 914: posts small blind $0.50
AlexPinsk1: posts big blind $1
*** HOLE CARDS ***
CMX1998: calls $1
B1GBankroll: folds 
easy_sarcasm: raises $3.50 to $4.50
ARCTlCkiss: folds 
Kristo 914: raises $9.50 to $14
AlexPinsk1: folds 
CMX1998: folds 
easy_sarcasm: folds 
Uncalled bet ($9.50) returned to Kristo 914
Kristo 914 collected $11 from pot
Kristo 914: doesn't show hand 
*** SUMMARY ***
Total pot $11 | Rake $0 
Seat 1: easy_sarcasm folded before Flop
Seat 2: ARCTlCkiss (button) folded before Flop (didn't bet)
Seat 3: Kristo 914 (small blind) collected ($11)
Seat 4: AlexPinsk1 (big blind) folded before Flop
Seat 5: CMX1998 folded before Flop
Seat 6: B1GBankroll folded before Flop (didn't bet)



PokerStars Hand #254621206819:  Hold'em No Limit ($0.50/$1.00 USD) - 2025/01/30 14:20:20 WET [2025/01/30 9:20:20 ET]
Table 'Tercidina' 6-max Seat #3 is the button
Seat 1: easy_sarcasm ($120.53 in chips) 
Seat 2: ARCTlCkiss ($109.36 in chips) 
Seat 3: Kristo 914 ($107.88 in chips) 
Seat 4: AlexPinsk1 ($195.86 in chips) 
Seat 5: CMX1998 ($48.21 in chips) 
Seat 6: B1GBankroll ($100 in chips) 
AlexPinsk1: posts small blind $0.50
CMX1998: posts big blind $1
*** HOLE CARDS ***
B1GBankroll: folds 
easy_sarcasm: folds 
ARCTlCkiss: folds 
Kristo 914: folds 
AlexPinsk1: raises $2 to $3
CMX1998: calls $2
*** FLOP *** [4h 6h 9h]
AlexPinsk1: checks 
CMX1998: checks 
*** TURN *** [4h 6h 9h] [Qh]
AlexPinsk1: checks 
CMX1998: checks 
*** RIVER *** [4h 6h 9h Qh] [Kh]
AlexPinsk1: bets $5.50
CMX1998: calls $5.50
*** SHOW DOWN ***
AlexPinsk1: shows [Th Jc] (a flush, King high)
CMX1998: mucks hand 
AlexPinsk1 collected $16.15 from pot
*** SUMMARY ***
Total pot $17 | Rake $0.85 
Board [4h 6h 9h Qh Kh]
Seat 1: easy_sarcasm folded before Flop (didn't bet)
Seat 2: ARCTlCkiss folded before Flop (didn't bet)
Seat 3: Kristo 914 (button) folded before Flop (didn't bet)
Seat 4: AlexPinsk1 (small blind) showed [Th Jc] and won ($16.15) with a flush, King high
Seat 5: CMX1998 (big blind) mucked
Seat 6: B1GBankroll folded before Flop (didn't bet)



PokerStars Hand #254621214322:  Hold'em No Limit ($0.50/$1.00 USD) - 2025/01/30 14:21:04 WET [2025/01/30 9:21:04 ET]
Table 'Tercidina' 6-max Seat #4 is the button
Seat 1: easy_sarcasm ($120.53 in chips) 
Seat 2: ARCTlCkiss ($109.36 in chips) 
Seat 3: Kristo 914 ($107.88 in chips) 
Seat 4: AlexPinsk1 ($203.51 in chips) 
Seat 5: CMX1998 ($39.71 in chips) 
Seat 6: B1GBankroll ($100 in chips) 
CMX1998: posts small blind $0.50
B1GBankroll: posts big blind $1
*** HOLE CARDS ***
easy_sarcasm: folds 
ARCTlCkiss: folds 
Kristo 914: raises $1.40 to $2.40
AlexPinsk1: folds 
CMX1998: calls $1.90
B1GBankroll: folds 
*** FLOP *** [6d 8h Jh]
CMX1998: checks 
Kristo 914: bets $4
CMX1998: calls $4
*** TURN *** [6d 8h Jh] [Jd]
CMX1998: checks 
Kristo 914: bets $4.80
CMX1998: calls $4.80
*** RIVER *** [6d 8h Jh Jd] [2c]
CMX1998: checks 
Kristo 914: bets $9
CMX1998: raises $19.51 to $28.51 and is all-in
Kristo 914: calls $19.51
*** SHOW DOWN ***
CMX1998: shows [Kh Ah] (a pair of Jacks)
Kristo 914: shows [Ad Ac] (two pair, Aces and Jacks)
Kristo 914 collected $77.92 from pot
*** SUMMARY ***
Total pot $80.42 | Rake $2.50 
Board [6d 8h Jh Jd 2c]
Seat 1: easy_sarcasm folded before Flop (didn't bet)
Seat 2: ARCTlCkiss folded before Flop (didn't bet)
Seat 3: Kristo 914 showed [Ad Ac] and won ($77.92) with two pair, Aces and Jacks
Seat 4: AlexPinsk1 (button) folded before Flop (didn't bet)
Seat 5: CMX1998 (small blind) showed [Kh Ah] and lost with a pair of Jacks
Seat 6: B1GBankroll (big blind) folded before Flop



PokerStars Hand #254621226378:  Hold'em No Limit ($0.50/$1.00 USD) - 2025/01/30 14:22:15 WET [2025/01/30 9:22:15 ET]
Table 'Tercidina' 6-max Seat #6 is the button
Seat 5: CMX1998 ($0 in chips) is sitting out
Seat 1: easy_sarcasm ($120.53 in chips) 
Seat 2: ARCTlCkiss ($109.36 in chips) 
Seat 3: Kristo 914 ($146.09 in chips) 
Seat 4: AlexPinsk1 ($203.51 in chips) 
Seat 6: B1GBankroll ($100 in chips) 
easy_sarcasm: posts small blind $0.50
ARCTlCkiss: posts big blind $1
*** HOLE CARDS ***
Kristo 914: folds 
AlexPinsk1: raises $1.50 to $2.50
Kristo 914 leaves the table
B1GBankroll: folds 
easy_sarcasm: folds 
ARCTlCkiss: calls $1.50
*** FLOP *** [8h Ad 9s]
CMX1998 leaves the table
ARCTlCkiss: checks 
AlexPinsk1: checks 
*** TURN *** [8h Ad 9s] [Qh]
ARCTlCkiss: checks 
AlexPinsk1: bets $3.92
ARCTlCkiss: folds 
Uncalled bet ($3.92) returned to AlexPinsk1
AlexPinsk1 collected $5.22 from pot
AlexPinsk1: doesn't show hand 
*** SUMMARY ***
Total pot $5.50 | Rake $0.28 
Board [8h Ad 9s Qh]
Seat 5: CMX1998
Seat 1: easy_sarcasm (small blind) folded before Flop
Seat 2: ARCTlCkiss (big blind) folded on the Turn
Seat 3: Kristo 914 folded before Flop (didn't bet)
Seat 4: AlexPinsk1 collected ($5.22)
Seat 6: B1GBankroll (button) folded before Flop (didn't bet)



PokerStars Hand #254621233903:  Hold'em No Limit ($0.50/$1.00 USD) - 2025/01/30 14:23:00 WET [2025/01/30 9:23:00 ET]
Table 'Tercidina' 6-max Seat #2 is the button
Seat 4: AlexPinsk1 ($206.23 in chips) is sitting out
Seat 6: B1GBankroll ($100 in chips) is sitting out
Seat 1: easy_sarcasm ($120.03 in chips) 
Seat 2: ARCTlCkiss ($106.86 in chips) 
ARCTlCkiss: posts small blind $0.50
AlexPinsk1: is sitting out 
B1GBankroll: is sitting out 
easy_sarcasm: posts big blind $1
*** HOLE CARDS ***
B1GBankroll leaves the table
ARCTlCkiss: raises $1.18 to $2.18
easy_sarcasm: folds 
Uncalled bet ($1.18) returned to ARCTlCkiss
ARCTlCkiss collected $2 from pot
ARCTlCkiss: doesn't show hand 
*** SUMMARY ***
Total pot $2 | Rake $0 
Seat 4: AlexPinsk1
Seat 6: B1GBankroll
Seat 1: easy_sarcasm (big blind) folded before Flop
Seat 2: ARCTlCkiss (button) (small blind) collected ($2)



