PokerStars Hand #254628052978:  Hold'em No Limit ($0.50/$1.00 USD) - 2025/01/30 21:21:39 WET [2025/01/30 16:21:39 ET]
Table 'Garumna' 6-max Seat #4 is the button
Seat 4: kel3vr4_23 ($10 in chips) 
Seat 5: elcutez ($108.75 in chips) 
kel3vr4_23: posts small blind $0.50
elcutez: posts big blind $1
*** HOLE CARDS ***
kel3vr4_23: raises $1 to $2
elcutez: folds 
Uncalled bet ($1) returned to kel3vr4_23
kel3vr4_23 collected $2 from pot
*** SUMMARY ***
Total pot $2 | Rake $0 
Seat 4: kel3vr4_23 (button) (small blind) collected ($2)
Seat 5: elcutez (big blind) folded before Flop



PokerStars Hand #254628056070:  Hold'em No Limit ($0.50/$1.00 USD) - 2025/01/30 21:21:49 WET [2025/01/30 16:21:49 ET]
Table 'Garumna' 6-max Seat #5 is the button
Seat 4: kel3vr4_23 ($11 in chips) 
Seat 5: elcutez ($107.75 in chips) 
elcutez: posts small blind $0.50
kel3vr4_23: posts big blind $1
*** HOLE CARDS ***
kvcsszblcs joins the table at seat #1 
elcutez: calls $0.50
kel3vr4_23: raises $1 to $2
elcutez: calls $1
*** FLOP *** [5c 2h Tc]
kel3vr4_23: checks 
elcutez: bets $105.75 and is all-in
kel3vr4_23: calls $9 and is all-in
Uncalled bet ($96.75) returned to elcutez
*** TURN *** [5c 2h Tc] [Ad]
*** RIVER *** [5c 2h Tc Ad] [3c]
*** SHOW DOWN ***
kel3vr4_23: shows [9c 8c] (a flush, Ten high)
elcutez: shows [Ac 5h] (two pair, Aces and Fives)
kel3vr4_23 collected $21 from pot
*** SUMMARY ***
Total pot $22 | Rake $1 
Board [5c 2h Tc Ad 3c]
Seat 4: kel3vr4_23 (big blind) showed [9c 8c] and won ($21) with a flush, Ten high
Seat 5: elcutez (button) (small blind) showed [Ac 5h] and lost with two pair, Aces and Fives



PokerStars Hand #254628065169:  Hold'em No Limit ($0.50/$1.00 USD) - 2025/01/30 21:22:18 WET [2025/01/30 16:22:18 ET]
Table 'Garumna' 6-max Seat #4 is the button
Seat 1: kvcsszblcs ($100 in chips) 
Seat 4: kel3vr4_23 ($21 in chips) 
Seat 5: elcutez ($96.75 in chips) 
elcutez: posts small blind $0.50
kvcsszblcs: posts big blind $1
*** HOLE CARDS ***
kel3vr4_23: raises $1.50 to $2.50
elcutez: folds 
kvcsszblcs: calls $1.50
*** FLOP *** [2d Th 7c]
kvcsszblcs: checks 
kel3vr4_23: checks 
*** TURN *** [2d Th 7c] [3s]
kvcsszblcs: bets $2.09
kel3vr4_23: folds 
Uncalled bet ($2.09) returned to kvcsszblcs
kvcsszblcs collected $5.22 from pot
kvcsszblcs: doesn't show hand 
*** SUMMARY ***
Total pot $5.50 | Rake $0.28 
Board [2d Th 7c 3s]
Seat 1: kvcsszblcs (big blind) collected ($5.22)
Seat 4: kel3vr4_23 (button) folded on the Turn
Seat 5: elcutez (small blind) folded before Flop



PokerStars Hand #254628076778:  Hold'em No Limit ($0.50/$1.00 USD) - 2025/01/30 21:22:56 WET [2025/01/30 16:22:56 ET]
Table 'Garumna' 6-max Seat #5 is the button
Seat 1: kvcsszblcs ($102.72 in chips) 
Seat 4: kel3vr4_23 ($18.50 in chips) 
Seat 5: elcutez ($96.25 in chips) 
kvcsszblcs: posts small blind $0.50
kel3vr4_23: posts big blind $1
*** HOLE CARDS ***
elcutez: raises $2 to $3
kvcsszblcs: raises $10 to $13
kel3vr4_23: folds 
coeeeelho joins the table at seat #6 
elcutez has timed out
elcutez: folds 
Uncalled bet ($10) returned to kvcsszblcs
kvcsszblcs collected $7 from pot
kvcsszblcs: doesn't show hand 
*** SUMMARY ***
Total pot $7 | Rake $0 
Seat 1: kvcsszblcs (small blind) collected ($7)
Seat 4: kel3vr4_23 (big blind) folded before Flop
Seat 5: elcutez (button) folded before Flop



PokerStars Hand #254628091361:  Hold'em No Limit ($0.50/$1.00 USD) - 2025/01/30 21:23:42 WET [2025/01/30 16:23:42 ET]
Table 'Garumna' 6-max Seat #1 is the button
Seat 6: coeeeelho ($100 in chips) is sitting out
Seat 1: kvcsszblcs ($106.72 in chips) 
Seat 4: kel3vr4_23 ($17.50 in chips) 
Seat 5: elcutez ($93.25 in chips) 
kel3vr4_23: posts small blind $0.50
elcutez: posts big blind $1
*** HOLE CARDS ***
kvcsszblcs: raises $1.25 to $2.25
kel3vr4_23: calls $1.75
elcutez: folds 
*** FLOP *** [3c 2d 6d]
elcutez leaves the table
kel3vr4_23: checks 
coeeeelho leaves the table
kvcsszblcs: bets $3
kel3vr4_23: calls $3
*** TURN *** [3c 2d 6d] [3s]
kel3vr4_23: checks 
kvcsszblcs: bets $5.45
kel3vr4_23: calls $5.45
*** RIVER *** [3c 2d 6d 3s] [4c]
kel3vr4_23: checks 
kvcsszblcs: checks 
*** SHOW DOWN ***
kel3vr4_23: shows [9d Kd] (a pair of Threes)
kvcsszblcs: shows [7d 7s] (two pair, Sevens and Threes)
kvcsszblcs collected $21.40 from pot
coeeeelho joins the table at seat #5 
*** SUMMARY ***
Total pot $22.40 | Rake $1 
Board [3c 2d 6d 3s 4c]
Seat 6: coeeeelho
Seat 1: kvcsszblcs (button) showed [7d 7s] and won ($21.40) with two pair, Sevens and Threes
Seat 4: kel3vr4_23 (small blind) showed [9d Kd] and lost with a pair of Threes
Seat 5: elcutez (big blind) folded before Flop



PokerStars Hand #254628106273:  Hold'em No Limit ($0.50/$1.00 USD) - 2025/01/30 21:24:31 WET [2025/01/30 16:24:31 ET]
Table 'Garumna' 6-max Seat #4 is the button
Seat 5: coeeeelho ($100 in chips) is sitting out
Seat 1: kvcsszblcs ($117.42 in chips) 
Seat 4: kel3vr4_23 ($6.80 in chips) 
kel3vr4_23: posts small blind $0.50
kvcsszblcs: posts big blind $1
*** HOLE CARDS ***
CichiChanMarian joins the table at seat #6 
sta$igk joins the table at seat #2 
kel3vr4_23: folds 
Uncalled bet ($0.50) returned to kvcsszblcs
kvcsszblcs collected $1 from pot
kvcsszblcs: doesn't show hand 
*** SUMMARY ***
Total pot $1 | Rake $0 
Seat 5: coeeeelho
Seat 1: kvcsszblcs (big blind) collected ($1)
Seat 4: kel3vr4_23 (button) (small blind) folded before Flop



PokerStars Hand #254628111499:  Hold'em No Limit ($0.50/$1.00 USD) - 2025/01/30 21:24:48 WET [2025/01/30 16:24:48 ET]
Table 'Garumna' 6-max Seat #5 is the button
Seat 2: sta$igk ($100 in chips) 
Seat 4: kel3vr4_23 ($6.30 in chips) 
Seat 5: coeeeelho ($100 in chips) 
Seat 6: CichiChanMarian ($100 in chips) 
CichiChanMarian: posts small blind $0.50
sta$igk: posts big blind $1
*** HOLE CARDS ***
kel3vr4_23: folds 
coeeeelho: folds 
CichiChanMarian: raises $2 to $3
sta$igk: folds 
Uncalled bet ($2) returned to CichiChanMarian
CichiChanMarian collected $2 from pot
CichiChanMarian: doesn't show hand 
*** SUMMARY ***
Total pot $2 | Rake $0 
Seat 2: sta$igk (big blind) folded before Flop
Seat 4: kel3vr4_23 folded before Flop (didn't bet)
Seat 5: coeeeelho (button) folded before Flop (didn't bet)
Seat 6: CichiChanMarian (small blind) collected ($2)



PokerStars Hand #254628115843:  Hold'em No Limit ($0.50/$1.00 USD) - 2025/01/30 21:25:02 WET [2025/01/30 16:25:02 ET]
Table 'Garumna' 6-max Seat #6 is the button
Seat 2: sta$igk ($100 in chips) 
Seat 4: kel3vr4_23 ($6.30 in chips) 
Seat 5: coeeeelho ($100 in chips) 
Seat 6: CichiChanMarian ($101 in chips) 
sta$igk: posts small blind $0.50
kel3vr4_23: posts big blind $1
*** HOLE CARDS ***
coeeeelho: raises $1.30 to $2.30
CichiChanMarian: folds 
sta$igk: folds 
kel3vr4_23: calls $1.30
*** FLOP *** [Qc Th 7h]
kel3vr4_23: checks 
coeeeelho: bets $1
kel3vr4_23: calls $1
*** TURN *** [Qc Th 7h] [Jc]
kel3vr4_23: checks 
coeeeelho: bets $6
kel3vr4_23: folds 
Uncalled bet ($6) returned to coeeeelho
coeeeelho collected $6.74 from pot
*** SUMMARY ***
Total pot $7.10 | Rake $0.36 
Board [Qc Th 7h Jc]
Seat 2: sta$igk (small blind) folded before Flop
Seat 4: kel3vr4_23 (big blind) folded on the Turn
Seat 5: coeeeelho collected ($6.74)
Seat 6: CichiChanMarian (button) folded before Flop (didn't bet)



PokerStars Hand #254628124571:  Hold'em No Limit ($0.50/$1.00 USD) - 2025/01/30 21:25:30 WET [2025/01/30 16:25:30 ET]
Table 'Garumna' 6-max Seat #2 is the button
Seat 2: sta$igk ($100 in chips) 
Seat 4: kel3vr4_23 ($3 in chips) 
Seat 5: coeeeelho ($103.44 in chips) 
Seat 6: CichiChanMarian ($101 in chips) 
kel3vr4_23: posts small blind $0.50
coeeeelho: posts big blind $1
*** HOLE CARDS ***
CichiChanMarian: folds 
sta$igk: folds 
kel3vr4_23: raises $2 to $3 and is all-in
coeeeelho: folds 
Uncalled bet ($2) returned to kel3vr4_23
kel3vr4_23 collected $2 from pot
*** SUMMARY ***
Total pot $2 | Rake $0 
Seat 2: sta$igk (button) folded before Flop (didn't bet)
Seat 4: kel3vr4_23 (small blind) collected ($2)
Seat 5: coeeeelho (big blind) folded before Flop
Seat 6: CichiChanMarian folded before Flop (didn't bet)



PokerStars Hand #254628130795:  Hold'em No Limit ($0.50/$1.00 USD) - 2025/01/30 21:25:51 WET [2025/01/30 16:25:51 ET]
Table 'Garumna' 6-max Seat #4 is the button
Seat 6: CichiChanMarian ($101 in chips) is sitting out
Seat 2: sta$igk ($100 in chips) 
Seat 4: kel3vr4_23 ($4 in chips) 
Seat 5: coeeeelho ($102.44 in chips) 
coeeeelho: posts small blind $0.50
CichiChanMarian: is sitting out 
sta$igk: posts big blind $1
*** HOLE CARDS ***
kel3vr4_23: raises $3 to $4 and is all-in
CichiChanMarian leaves the table
coeeeelho: raises $3 to $7
sta$igk: folds 
Uncalled bet ($3) returned to coeeeelho
*** FLOP *** [9c 8d 5s]
*** TURN *** [9c 8d 5s] [4h]
*** RIVER *** [9c 8d 5s 4h] [Js]
*** SHOW DOWN ***
coeeeelho: shows [As 9d] (a pair of Nines)
kel3vr4_23: shows [Td 6d] (high card Jack)
coeeeelho collected $8.55 from pot
*** SUMMARY ***
Total pot $9 | Rake $0.45 
Board [9c 8d 5s 4h Js]
Seat 6: CichiChanMarian
Seat 2: sta$igk (big blind) folded before Flop
Seat 4: kel3vr4_23 (button) showed [Td 6d] and lost with high card Jack
Seat 5: coeeeelho (small blind) showed [As 9d] and won ($8.55) with a pair of Nines



PokerStars Hand #254628137399:  Hold'em No Limit ($0.50/$1.00 USD) - 2025/01/30 21:26:12 WET [2025/01/30 16:26:12 ET]
Table 'Garumna' 6-max Seat #2 is the button
Seat 4: kel3vr4_23 ($0 in chips) is sitting out
Seat 2: sta$igk ($100 in chips) 
Seat 5: coeeeelho ($106.99 in chips) 
sta$igk: posts small blind $0.50
coeeeelho: posts big blind $1
*** HOLE CARDS ***
sta$igk: raises $1.50 to $2.50
coeeeelho: folds 
Uncalled bet ($1.50) returned to sta$igk
sta$igk collected $2 from pot
sta$igk: doesn't show hand 
*** SUMMARY ***
Total pot $2 | Rake $0 
Seat 4: kel3vr4_23
Seat 2: sta$igk (button) (small blind) collected ($2)
Seat 5: coeeeelho (big blind) folded before Flop



PokerStars Hand #254628140482:  Hold'em No Limit ($0.50/$1.00 USD) - 2025/01/30 21:26:22 WET [2025/01/30 16:26:22 ET]
Table 'Garumna' 6-max Seat #5 is the button
Seat 2: sta$igk ($101 in chips) 
Seat 4: kel3vr4_23 ($10 in chips) 
Seat 5: coeeeelho ($105.99 in chips) 
sta$igk: posts small blind $0.50
kel3vr4_23: posts big blind $1
*** HOLE CARDS ***
coeeeelho: raises $1.50 to $2.50
elcutez joins the table at seat #6 
sta$igk: folds 
elcutez is disconnected 
kel3vr4_23: folds 
Uncalled bet ($1.50) returned to coeeeelho
coeeeelho collected $2.50 from pot
Espada Fish joins the table at seat #1 
*** SUMMARY ***
Total pot $2.50 | Rake $0 
Seat 2: sta$igk (small blind) folded before Flop
Seat 4: kel3vr4_23 (big blind) folded before Flop
Seat 5: coeeeelho (button) collected ($2.50)



PokerStars Hand #254628143609:  Hold'em No Limit ($0.50/$1.00 USD) - 2025/01/30 21:26:32 WET [2025/01/30 16:26:32 ET]
Table 'Garumna' 6-max Seat #2 is the button
Seat 1: Espada Fish ($100 in chips) is sitting out
Seat 6: elcutez ($92.25 in chips) is sitting out
Seat 2: sta$igk ($100.50 in chips) 
Seat 4: kel3vr4_23 ($9 in chips) 
Seat 5: coeeeelho ($107.49 in chips) 
kel3vr4_23: posts small blind $0.50
coeeeelho: posts big blind $1
elcutez: sits out 
kvcsszblcs joins the table at seat #3 
Espada Fish: sits out 
*** HOLE CARDS ***
sta$igk: folds 
kel3vr4_23: raises $2 to $3
coeeeelho: folds 
Uncalled bet ($2) returned to kel3vr4_23
kel3vr4_23 collected $2 from pot
*** SUMMARY ***
Total pot $2 | Rake $0 
Seat 1: Espada Fish
Seat 6: elcutez
Seat 2: sta$igk (button) folded before Flop (didn't bet)
Seat 4: kel3vr4_23 (small blind) collected ($2)
Seat 5: coeeeelho (big blind) folded before Flop



PokerStars Hand #254628147319:  Hold'em No Limit ($0.50/$1.00 USD) - 2025/01/30 21:26:44 WET [2025/01/30 16:26:44 ET]
Table 'Garumna' 6-max Seat #4 is the button
Seat 1: Espada Fish ($100 in chips) is sitting out
Seat 3: kvcsszblcs ($117.92 in chips) is sitting out
Seat 2: sta$igk ($100.50 in chips) 
Seat 4: kel3vr4_23 ($10 in chips) 
Seat 5: coeeeelho ($106.49 in chips) 
Seat 6: elcutez ($92.25 in chips) 
coeeeelho: posts small blind $0.50
elcutez: posts big blind $1
Espada Fish: sits out 
kvcsszblcs: sits out 
*** HOLE CARDS ***
sta$igk: raises $1.50 to $2.50
kel3vr4_23: folds 
coeeeelho: folds 
elcutez: folds 
Uncalled bet ($1.50) returned to sta$igk
sta$igk collected $2.50 from pot
sta$igk: doesn't show hand 
*** SUMMARY ***
Total pot $2.50 | Rake $0 
Seat 1: Espada Fish
Seat 3: kvcsszblcs
Seat 2: sta$igk collected ($2.50)
Seat 4: kel3vr4_23 (button) folded before Flop (didn't bet)
Seat 5: coeeeelho (small blind) folded before Flop
Seat 6: elcutez (big blind) folded before Flop



PokerStars Hand #254628155050:  Hold'em No Limit ($0.50/$1.00 USD) - 2025/01/30 21:27:09 WET [2025/01/30 16:27:09 ET]
Table 'Garumna' 6-max Seat #5 is the button
Seat 3: kvcsszblcs ($117.92 in chips) is sitting out
Seat 1: Espada Fish ($100 in chips) 
Seat 2: sta$igk ($102 in chips) 
Seat 4: kel3vr4_23 ($10 in chips) 
Seat 5: coeeeelho ($105.99 in chips) 
Seat 6: elcutez ($91.25 in chips) 
elcutez: posts small blind $0.50
Espada Fish: posts big blind $1
kvcsszblcs: sits out 
*** HOLE CARDS ***
sta$igk: folds 
kel3vr4_23: folds 
coeeeelho: raises $1.50 to $2.50
elcutez: folds 
Espada Fish: folds 
Uncalled bet ($1.50) returned to coeeeelho
coeeeelho collected $2.50 from pot
*** SUMMARY ***
Total pot $2.50 | Rake $0 
Seat 3: kvcsszblcs
Seat 1: Espada Fish (big blind) folded before Flop
Seat 2: sta$igk folded before Flop (didn't bet)
Seat 4: kel3vr4_23 folded before Flop (didn't bet)
Seat 5: coeeeelho (button) collected ($2.50)
Seat 6: elcutez (small blind) folded before Flop



PokerStars Hand #254628160522:  Hold'em No Limit ($0.50/$1.00 USD) - 2025/01/30 21:27:27 WET [2025/01/30 16:27:27 ET]
Table 'Garumna' 6-max Seat #6 is the button
Seat 2: sta$igk ($102 in chips) is sitting out
Seat 1: Espada Fish ($100 in chips) 
Seat 3: kvcsszblcs ($117.92 in chips) 
Seat 4: kel3vr4_23 ($10 in chips) 
Seat 5: coeeeelho ($107.49 in chips) 
Seat 6: elcutez ($90.75 in chips) 
Espada Fish: posts small blind $0.50
sta$igk: is sitting out 
kvcsszblcs: posts big blind $1
*** HOLE CARDS ***
kel3vr4_23: raises $1.50 to $2.50
sta$igk leaves the table
coeeeelho: folds 
elcutez: folds 
Espada Fish: folds 
kvcsszblcs: folds 
Uncalled bet ($1.50) returned to kel3vr4_23
kel3vr4_23 collected $2.50 from pot
*** SUMMARY ***
Total pot $2.50 | Rake $0 
Seat 2: sta$igk
Seat 1: Espada Fish (small blind) folded before Flop
Seat 3: kvcsszblcs (big blind) folded before Flop
Seat 4: kel3vr4_23 collected ($2.50)
Seat 5: coeeeelho folded before Flop (didn't bet)
Seat 6: elcutez (button) folded before Flop (didn't bet)



PokerStars Hand #254628165255:  Hold'em No Limit ($0.50/$1.00 USD) - 2025/01/30 21:27:43 WET [2025/01/30 16:27:43 ET]
Table 'Garumna' 6-max Seat #1 is the button
Seat 1: Espada Fish ($100 in chips) 
Seat 3: kvcsszblcs ($116.92 in chips) 
Seat 4: kel3vr4_23 ($11.50 in chips) 
Seat 5: coeeeelho ($107.49 in chips) 
Seat 6: elcutez ($90.75 in chips) 
kvcsszblcs: posts small blind $0.50
kel3vr4_23: posts big blind $1
*** HOLE CARDS ***
coeeeelho: folds 
elcutez: folds 
Espada Fish: raises $1.50 to $2.50
kvcsszblcs: folds 
kel3vr4_23: calls $1.50
*** FLOP *** [Jh Kd Jc]
kel3vr4_23: checks 
Espada Fish: checks 
*** TURN *** [Jh Kd Jc] [Ac]
kel3vr4_23: checks 
Espada Fish: checks 
*** RIVER *** [Jh Kd Jc Ac] [6c]
kel3vr4_23: checks 
Espada Fish: checks 
*** SHOW DOWN ***
kel3vr4_23: shows [Ts 5s] (a pair of Jacks)
Espada Fish: shows [7s Ks] (two pair, Kings and Jacks)
Espada Fish collected $5.22 from pot
*** SUMMARY ***
Total pot $5.50 | Rake $0.28 
Board [Jh Kd Jc Ac 6c]
Seat 1: Espada Fish (button) showed [7s Ks] and won ($5.22) with two pair, Kings and Jacks
Seat 3: kvcsszblcs (small blind) folded before Flop
Seat 4: kel3vr4_23 (big blind) showed [Ts 5s] and lost with a pair of Jacks
Seat 5: coeeeelho folded before Flop (didn't bet)
Seat 6: elcutez folded before Flop (didn't bet)



PokerStars Hand #254628177122:  Hold'em No Limit ($0.50/$1.00 USD) - 2025/01/30 21:28:21 WET [2025/01/30 16:28:21 ET]
Table 'Garumna' 6-max Seat #4 is the button
Seat 3: kvcsszblcs ($116.42 in chips) is sitting out
Seat 1: Espada Fish ($102.72 in chips) 
Seat 4: kel3vr4_23 ($9 in chips) 
Seat 5: coeeeelho ($107.49 in chips) 
Seat 6: elcutez ($90.75 in chips) 
coeeeelho: posts small blind $0.50
elcutez: posts big blind $1
*** HOLE CARDS ***
Espada Fish: folds 
kel3vr4_23: folds 
coeeeelho: raises $2 to $3
elcutez: raises $7 to $10
coeeeelho: folds 
Uncalled bet ($7) returned to elcutez
coeeeelho leaves the table
elcutez collected $6 from pot
*** SUMMARY ***
Total pot $6 | Rake $0 
Seat 3: kvcsszblcs
Seat 1: Espada Fish folded before Flop (didn't bet)
Seat 4: kel3vr4_23 (button) folded before Flop (didn't bet)
Seat 5: coeeeelho (small blind) folded before Flop
Seat 6: elcutez (big blind) collected ($6)



PokerStars Hand #254628184028:  Hold'em No Limit ($0.50/$1.00 USD) - 2025/01/30 21:28:44 WET [2025/01/30 16:28:44 ET]
Table 'Garumna' 6-max Seat #6 is the button
Seat 3: kvcsszblcs ($116.42 in chips) is sitting out
Seat 1: Espada Fish ($102.72 in chips) 
Seat 4: kel3vr4_23 ($9 in chips) 
Seat 6: elcutez ($93.75 in chips) 
Espada Fish: posts small blind $0.50
kel3vr4_23: posts big blind $1
*** HOLE CARDS ***
elcutez: folds 
coeeeelho joins the table at seat #5 
Espada Fish: raises $13 to $14
camilinho UC joins the table at seat #2 
camilinho UC is disconnected 
kel3vr4_23: folds 
Uncalled bet ($13) returned to Espada Fish
Espada Fish collected $2 from pot
Espada Fish: doesn't show hand 
*** SUMMARY ***
Total pot $2 | Rake $0 
Seat 3: kvcsszblcs
Seat 1: Espada Fish (small blind) collected ($2)
Seat 4: kel3vr4_23 (big blind) folded before Flop
Seat 6: elcutez (button) folded before Flop (didn't bet)



PokerStars Hand #254628188697:  Hold'em No Limit ($0.50/$1.00 USD) - 2025/01/30 21:28:58 WET [2025/01/30 16:28:58 ET]
Table 'Garumna' 6-max Seat #1 is the button
Seat 2: camilinho UC ($14.19 in chips) is sitting out
Seat 3: kvcsszblcs ($116.42 in chips) is sitting out
Seat 1: Espada Fish ($103.72 in chips) 
Seat 4: kel3vr4_23 ($8 in chips) 
Seat 5: coeeeelho ($104.49 in chips) 
Seat 6: elcutez ($93.75 in chips) 
kel3vr4_23: posts small blind $0.50
coeeeelho: posts big blind $1
*** HOLE CARDS ***
elcutez: raises $2 to $3
Espada Fish: folds 
kel3vr4_23: folds 
camilinho UC leaves the table
coeeeelho: folds 
Uncalled bet ($2) returned to elcutez
elcutez collected $2.50 from pot
*** SUMMARY ***
Total pot $2.50 | Rake $0 
Seat 2: camilinho UC
Seat 3: kvcsszblcs
Seat 1: Espada Fish (button) folded before Flop (didn't bet)
Seat 4: kel3vr4_23 (small blind) folded before Flop
Seat 5: coeeeelho (big blind) folded before Flop
Seat 6: elcutez collected ($2.50)



PokerStars Hand #254628193336:  Hold'em No Limit ($0.50/$1.00 USD) - 2025/01/30 21:29:13 WET [2025/01/30 16:29:13 ET]
Table 'Garumna' 6-max Seat #4 is the button
Seat 3: kvcsszblcs ($116.42 in chips) is sitting out
Seat 1: Espada Fish ($103.72 in chips) 
Seat 4: kel3vr4_23 ($7.50 in chips) 
Seat 5: coeeeelho ($103.49 in chips) 
Seat 6: elcutez ($95.25 in chips) 
coeeeelho: posts small blind $0.50
elcutez: posts big blind $1
*** HOLE CARDS ***
Espada Fish: folds 
kel3vr4_23: raises $1.50 to $2.50
coeeeelho: folds 
elcutez: calls $1.50
*** FLOP *** [7d Kh 5d]
elcutez: bets $92.75 and is all-in
kel3vr4_23: calls $5 and is all-in
Uncalled bet ($87.75) returned to elcutez
*** TURN *** [7d Kh 5d] [5s]
*** RIVER *** [7d Kh 5d 5s] [3h]
*** SHOW DOWN ***
elcutez: shows [Qd Td] (a pair of Fives)
kel3vr4_23: shows [Kc 9d] (two pair, Kings and Fives)
kel3vr4_23 collected $14.72 from pot
*** SUMMARY ***
Total pot $15.50 | Rake $0.78 
Board [7d Kh 5d 5s 3h]
Seat 3: kvcsszblcs
Seat 1: Espada Fish folded before Flop (didn't bet)
Seat 4: kel3vr4_23 (button) showed [Kc 9d] and won ($14.72) with two pair, Kings and Fives
Seat 5: coeeeelho (small blind) folded before Flop
Seat 6: elcutez (big blind) showed [Qd Td] and lost with a pair of Fives



PokerStars Hand #254628201602:  Hold'em No Limit ($0.50/$1.00 USD) - 2025/01/30 21:29:40 WET [2025/01/30 16:29:40 ET]
Table 'Garumna' 6-max Seat #5 is the button
Seat 1: Espada Fish ($103.72 in chips) is sitting out
Seat 3: kvcsszblcs ($116.42 in chips) is sitting out
Seat 4: kel3vr4_23 ($14.72 in chips) 
Seat 5: coeeeelho ($102.99 in chips) 
Seat 6: elcutez ($87.75 in chips) 
elcutez: posts small blind $0.50
Espada Fish: is sitting out 
kel3vr4_23: posts big blind $1
*** HOLE CARDS ***
coeeeelho: raises $1 to $2
elcutez: folds 
kel3vr4_23: folds 
Uncalled bet ($1) returned to coeeeelho
coeeeelho collected $2.50 from pot
*** SUMMARY ***
Total pot $2.50 | Rake $0 
Seat 1: Espada Fish
Seat 3: kvcsszblcs
Seat 4: kel3vr4_23 (big blind) folded before Flop
Seat 5: coeeeelho (button) collected ($2.50)
Seat 6: elcutez (small blind) folded before Flop



PokerStars Hand #254628204777:  Hold'em No Limit ($0.50/$1.00 USD) - 2025/01/30 21:29:50 WET [2025/01/30 16:29:50 ET]
Table 'Garumna' 6-max Seat #6 is the button
Seat 1: Espada Fish ($103.72 in chips) is sitting out
Seat 3: kvcsszblcs ($116.42 in chips) is sitting out
Seat 4: kel3vr4_23 ($13.72 in chips) 
Seat 5: coeeeelho ($104.49 in chips) 
Seat 6: elcutez ($87.25 in chips) 
kel3vr4_23: posts small blind $0.50
coeeeelho: posts big blind $1
*** HOLE CARDS ***
elcutez: raises $1 to $2
Espada Fish leaves the table
kel3vr4_23: folds 
coeeeelho: folds 
Uncalled bet ($1) returned to elcutez
coeeeelho leaves the table
elcutez collected $2.50 from pot
*** SUMMARY ***
Total pot $2.50 | Rake $0 
Seat 1: Espada Fish
Seat 3: kvcsszblcs
Seat 4: kel3vr4_23 (small blind) folded before Flop
Seat 5: coeeeelho (big blind) folded before Flop
Seat 6: elcutez (button) collected ($2.50)



PokerStars Hand #254628208022:  Hold'em No Limit ($0.50/$1.00 USD) - 2025/01/30 21:30:01 WET [2025/01/30 16:30:01 ET]
Table 'Garumna' 6-max Seat #4 is the button
Seat 3: kvcsszblcs ($116.42 in chips) is sitting out
Seat 4: kel3vr4_23 ($13.22 in chips) 
Seat 6: elcutez ($88.75 in chips) 
kel3vr4_23: posts small blind $0.50
elcutez: posts big blind $1
*** HOLE CARDS ***
kel3vr4_23: raises $1.50 to $2.50
elcutez: folds 
Uncalled bet ($1.50) returned to kel3vr4_23
kel3vr4_23 collected $2 from pot
*** SUMMARY ***
Total pot $2 | Rake $0 
Seat 3: kvcsszblcs
Seat 4: kel3vr4_23 (button) (small blind) collected ($2)
Seat 6: elcutez (big blind) folded before Flop



PokerStars Hand #254628210424:  Hold'em No Limit ($0.50/$1.00 USD) - 2025/01/30 21:30:08 WET [2025/01/30 16:30:08 ET]
Table 'Garumna' 6-max Seat #6 is the button
Seat 3: kvcsszblcs ($116.42 in chips) is sitting out
Seat 4: kel3vr4_23 ($14.22 in chips) 
Seat 6: elcutez ($87.75 in chips) 
elcutez: posts small blind $0.50
kel3vr4_23: posts big blind $1
*** HOLE CARDS ***
elcutez: raises $1 to $2
kel3vr4_23: folds 
Uncalled bet ($1) returned to elcutez
elcutez collected $2 from pot
*** SUMMARY ***
Total pot $2 | Rake $0 
Seat 3: kvcsszblcs
Seat 4: kel3vr4_23 (big blind) folded before Flop
Seat 6: elcutez (button) (small blind) collected ($2)



PokerStars Hand #254628213108:  Hold'em No Limit ($0.50/$1.00 USD) - 2025/01/30 21:30:17 WET [2025/01/30 16:30:17 ET]
Table 'Garumna' 6-max Seat #4 is the button
Seat 3: kvcsszblcs ($116.42 in chips) is sitting out
Seat 4: kel3vr4_23 ($13.22 in chips) 
Seat 6: elcutez ($88.75 in chips) 
kel3vr4_23: posts small blind $0.50
elcutez: posts big blind $1
*** HOLE CARDS ***
kel3vr4_23: folds 
Uncalled bet ($0.50) returned to elcutez
elcutez collected $1 from pot
*** SUMMARY ***
Total pot $1 | Rake $0 
Seat 3: kvcsszblcs
Seat 4: kel3vr4_23 (button) (small blind) folded before Flop
Seat 6: elcutez (big blind) collected ($1)



PokerStars Hand #254628215106:  Hold'em No Limit ($0.50/$1.00 USD) - 2025/01/30 21:30:23 WET [2025/01/30 16:30:23 ET]
Table 'Garumna' 6-max Seat #6 is the button
Seat 3: kvcsszblcs ($116.42 in chips) is sitting out
Seat 4: kel3vr4_23 ($12.72 in chips) 
Seat 6: elcutez ($89.25 in chips) 
elcutez: posts small blind $0.50
kel3vr4_23: posts big blind $1
*** HOLE CARDS ***
elcutez: folds 
Uncalled bet ($0.50) returned to kel3vr4_23
kel3vr4_23 collected $1 from pot
*** SUMMARY ***
Total pot $1 | Rake $0 
Seat 3: kvcsszblcs
Seat 4: kel3vr4_23 (big blind) collected ($1)
Seat 6: elcutez (button) (small blind) folded before Flop



PokerStars Hand #254628217062:  Hold'em No Limit ($0.50/$1.00 USD) - 2025/01/30 21:30:30 WET [2025/01/30 16:30:30 ET]
Table 'Garumna' 6-max Seat #4 is the button
Seat 3: kvcsszblcs ($116.42 in chips) is sitting out
Seat 4: kel3vr4_23 ($13.22 in chips) 
Seat 6: elcutez ($88.75 in chips) 
kel3vr4_23: posts small blind $0.50
elcutez: posts big blind $1
*** HOLE CARDS ***
kel3vr4_23: raises $1 to $2
elcutez: raises $86.75 to $88.75 and is all-in
kel3vr4_23: calls $11.22 and is all-in
Uncalled bet ($75.53) returned to elcutez
*** FLOP *** [4c 5s 6h]
*** TURN *** [4c 5s 6h] [Jd]
*** RIVER *** [4c 5s 6h Jd] [2d]
*** SHOW DOWN ***
elcutez: shows [Ad Kh] (high card Ace)
kel3vr4_23: shows [5h 5d] (three of a kind, Fives)
AAmel85 joins the table at seat #1 
kel3vr4_23 collected $25.44 from pot
kvcsszblcs leaves the table
AAmel85 is disconnected 
CichiChanMarian joins the table at seat #2 
*** SUMMARY ***
Total pot $26.44 | Rake $1 
Board [4c 5s 6h Jd 2d]
Seat 3: kvcsszblcs
Seat 4: kel3vr4_23 (button) (small blind) showed [5h 5d] and won ($25.44) with three of a kind, Fives
Seat 6: elcutez (big blind) showed [Ad Kh] and lost with high card Ace



PokerStars Hand #254628227619:  Hold'em No Limit ($0.50/$1.00 USD) - 2025/01/30 21:31:04 WET [2025/01/30 16:31:04 ET]
Table 'Garumna' 6-max Seat #1 is the button
Seat 1: AAmel85 ($100 in chips) 
Seat 2: CichiChanMarian ($101 in chips) 
Seat 3: Espada Fish ($103.72 in chips) 
Seat 4: kel3vr4_23 ($25.44 in chips) 
CichiChanMarian: posts small blind $0.50
Espada Fish: posts big blind $1
*** HOLE CARDS ***
kel3vr4_23: folds 
AAmel85: folds 
CichiChanMarian: raises $2 to $3
Espada Fish: calls $2
*** FLOP *** [Qh 2h 9h]
kvcsszblcs joins the table at seat #6 
CichiChanMarian: checks 
Espada Fish: checks 
*** TURN *** [Qh 2h 9h] [8c]
JUANS2 joins the table at seat #5 
CichiChanMarian: checks 
Espada Fish: checks 
*** RIVER *** [Qh 2h 9h 8c] [9s]
CichiChanMarian: checks 
Espada Fish: checks 
*** SHOW DOWN ***
CichiChanMarian: shows [3d Kd] (a pair of Nines)
Espada Fish: shows [Ks 5s] (a pair of Nines)
CichiChanMarian collected $2.85 from pot
Espada Fish collected $2.85 from pot
*** SUMMARY ***
Total pot $6 | Rake $0.30 
Board [Qh 2h 9h 8c 9s]
Seat 1: AAmel85 (button) folded before Flop (didn't bet)
Seat 2: CichiChanMarian (small blind) showed [3d Kd] and won ($2.85) with a pair of Nines
Seat 3: Espada Fish (big blind) showed [Ks 5s] and won ($2.85) with a pair of Nines
Seat 4: kel3vr4_23 folded before Flop (didn't bet)



PokerStars Hand #254628244110:  Hold'em No Limit ($0.50/$1.00 USD) - 2025/01/30 21:31:57 WET [2025/01/30 16:31:57 ET]
Table 'Garumna' 6-max Seat #2 is the button
Seat 5: JUANS2 ($100 in chips) is sitting out
Seat 6: kvcsszblcs ($116.42 in chips) is sitting out
Seat 1: AAmel85 ($100 in chips) 
Seat 2: CichiChanMarian ($100.85 in chips) 
Seat 3: Espada Fish ($103.57 in chips) 
Seat 4: kel3vr4_23 ($25.44 in chips) 
Espada Fish: posts small blind $0.50
kel3vr4_23: posts big blind $1
JUANS2: sits out 
kvcsszblcs: sits out 
*** HOLE CARDS ***
AAmel85: folds 
CichiChanMarian: folds 
Espada Fish: raises $2 to $3
kel3vr4_23: folds 
Uncalled bet ($2) returned to Espada Fish
Espada Fish collected $2 from pot
Espada Fish: doesn't show hand 
*** SUMMARY ***
Total pot $2 | Rake $0 
Seat 5: JUANS2
Seat 6: kvcsszblcs
Seat 1: AAmel85 folded before Flop (didn't bet)
Seat 2: CichiChanMarian (button) folded before Flop (didn't bet)
Seat 3: Espada Fish (small blind) collected ($2)
Seat 4: kel3vr4_23 (big blind) folded before Flop



PokerStars Hand #254628248606:  Hold'em No Limit ($0.50/$1.00 USD) - 2025/01/30 21:32:12 WET [2025/01/30 16:32:12 ET]
Table 'Garumna' 6-max Seat #3 is the button
Seat 6: kvcsszblcs ($116.42 in chips) is sitting out
Seat 1: AAmel85 ($100 in chips) 
Seat 2: CichiChanMarian ($100.85 in chips) 
Seat 3: Espada Fish ($104.57 in chips) 
Seat 4: kel3vr4_23 ($24.44 in chips) 
Seat 5: JUANS2 ($100 in chips) 
kel3vr4_23: posts small blind $0.50
JUANS2: posts big blind $1
kvcsszblcs: sits out 
*** HOLE CARDS ***
AAmel85: folds 
CichiChanMarian: folds 
Espada Fish: raises $1.50 to $2.50
kel3vr4_23: raises $21.94 to $24.44 and is all-in
JUANS2: folds 
Espada Fish: folds 
Uncalled bet ($21.94) returned to kel3vr4_23
kel3vr4_23 collected $6 from pot
*** SUMMARY ***
Total pot $6 | Rake $0 
Seat 6: kvcsszblcs
Seat 1: AAmel85 folded before Flop (didn't bet)
Seat 2: CichiChanMarian folded before Flop (didn't bet)
Seat 3: Espada Fish (button) folded before Flop
Seat 4: kel3vr4_23 (small blind) collected ($6)
Seat 5: JUANS2 (big blind) folded before Flop



PokerStars Hand #254628254679:  Hold'em No Limit ($0.50/$1.00 USD) - 2025/01/30 21:32:32 WET [2025/01/30 16:32:32 ET]
Table 'Garumna' 6-max Seat #4 is the button
Seat 1: AAmel85 ($100 in chips) 
Seat 2: CichiChanMarian ($100.85 in chips) 
Seat 3: Espada Fish ($102.07 in chips) 
Seat 4: kel3vr4_23 ($27.94 in chips) 
Seat 5: JUANS2 ($100 in chips) 
Seat 6: kvcsszblcs ($116.42 in chips) 
JUANS2: posts small blind $0.50
kvcsszblcs: posts big blind $1
*** HOLE CARDS ***
AAmel85: folds 
CichiChanMarian: raises $1.50 to $2.50
Espada Fish: folds 
kel3vr4_23: folds 
JUANS2: folds 
kvcsszblcs: raises $9.50 to $12
CichiChanMarian: folds 
Uncalled bet ($9.50) returned to kvcsszblcs
kvcsszblcs collected $5.50 from pot
kvcsszblcs: doesn't show hand 
*** SUMMARY ***
Total pot $5.50 | Rake $0 
Seat 1: AAmel85 folded before Flop (didn't bet)
Seat 2: CichiChanMarian folded before Flop
Seat 3: Espada Fish folded before Flop (didn't bet)
Seat 4: kel3vr4_23 (button) folded before Flop (didn't bet)
Seat 5: JUANS2 (small blind) folded before Flop
Seat 6: kvcsszblcs (big blind) collected ($5.50)



PokerStars Hand #254628261862:  Hold'em No Limit ($0.50/$1.00 USD) - 2025/01/30 21:32:55 WET [2025/01/30 16:32:55 ET]
Table 'Garumna' 6-max Seat #5 is the button
Seat 1: AAmel85 ($100 in chips) 
Seat 2: CichiChanMarian ($100 in chips) 
Seat 3: Espada Fish ($102.07 in chips) 
Seat 4: kel3vr4_23 ($27.94 in chips) 
Seat 5: JUANS2 ($100 in chips) 
Seat 6: kvcsszblcs ($119.42 in chips) 
kvcsszblcs: posts small blind $0.50
AAmel85: posts big blind $1
*** HOLE CARDS ***
CichiChanMarian: folds 
Espada Fish: raises $1.20 to $2.20
kel3vr4_23: folds 
JUANS2: folds 
kvcsszblcs: folds 
AAmel85: calls $1.20
*** FLOP *** [6d Jc 9s]
AAmel85: bets $4.66
Espada Fish: folds 
Uncalled bet ($4.66) returned to AAmel85
AAmel85 collected $4.66 from pot
*** SUMMARY ***
Total pot $4.90 | Rake $0.24 
Board [6d Jc 9s]
Seat 1: AAmel85 (big blind) collected ($4.66)
Seat 2: CichiChanMarian folded before Flop (didn't bet)
Seat 3: Espada Fish folded on the Flop
Seat 4: kel3vr4_23 folded before Flop (didn't bet)
Seat 5: JUANS2 (button) folded before Flop (didn't bet)
Seat 6: kvcsszblcs (small blind) folded before Flop



PokerStars Hand #254628271596:  Hold'em No Limit ($0.50/$1.00 USD) - 2025/01/30 21:33:26 WET [2025/01/30 16:33:26 ET]
Table 'Garumna' 6-max Seat #6 is the button
Seat 1: AAmel85 ($102.46 in chips) 
Seat 2: CichiChanMarian ($100 in chips) 
Seat 3: Espada Fish ($100 in chips) 
Seat 4: kel3vr4_23 ($27.94 in chips) 
Seat 5: JUANS2 ($100 in chips) 
Seat 6: kvcsszblcs ($118.92 in chips) 
AAmel85: posts small blind $0.50
CichiChanMarian: posts big blind $1
*** HOLE CARDS ***
Espada Fish: folds 
kel3vr4_23: folds 
JUANS2: folds 
kvcsszblcs: folds 
AAmel85: raises $2 to $3
CichiChanMarian: folds 
Uncalled bet ($2) returned to AAmel85
AAmel85 collected $2 from pot
*** SUMMARY ***
Total pot $2 | Rake $0 
Seat 1: AAmel85 (small blind) collected ($2)
Seat 2: CichiChanMarian (big blind) folded before Flop
Seat 3: Espada Fish folded before Flop (didn't bet)
Seat 4: kel3vr4_23 folded before Flop (didn't bet)
Seat 5: JUANS2 folded before Flop (didn't bet)
Seat 6: kvcsszblcs (button) folded before Flop (didn't bet)



PokerStars Hand #254628280285:  Hold'em No Limit ($0.50/$1.00 USD) - 2025/01/30 21:33:55 WET [2025/01/30 16:33:55 ET]
Table 'Garumna' 6-max Seat #1 is the button
Seat 1: AAmel85 ($103.46 in chips) 
Seat 2: CichiChanMarian ($100 in chips) 
Seat 3: Espada Fish ($100 in chips) 
Seat 4: kel3vr4_23 ($27.94 in chips) 
Seat 5: JUANS2 ($100 in chips) 
Seat 6: kvcsszblcs ($118.92 in chips) 
CichiChanMarian: posts small blind $0.50
Espada Fish: posts big blind $1
*** HOLE CARDS ***
kel3vr4_23: folds 
JUANS2: folds 
kvcsszblcs: raises $1 to $2
AAmel85: folds 
CichiChanMarian: folds 
Espada Fish: folds 
Uncalled bet ($1) returned to kvcsszblcs
kvcsszblcs collected $2.50 from pot
kvcsszblcs: doesn't show hand 
*** SUMMARY ***
Total pot $2.50 | Rake $0 
Seat 1: AAmel85 (button) folded before Flop (didn't bet)
Seat 2: CichiChanMarian (small blind) folded before Flop
Seat 3: Espada Fish (big blind) folded before Flop
Seat 4: kel3vr4_23 folded before Flop (didn't bet)
Seat 5: JUANS2 folded before Flop (didn't bet)
Seat 6: kvcsszblcs collected ($2.50)



PokerStars Hand #254628285901:  Hold'em No Limit ($0.50/$1.00 USD) - 2025/01/30 21:34:13 WET [2025/01/30 16:34:13 ET]
Table 'Garumna' 6-max Seat #2 is the button
Seat 1: AAmel85 ($103.46 in chips) 
Seat 2: CichiChanMarian ($100 in chips) 
Seat 3: Espada Fish ($100 in chips) 
Seat 4: kel3vr4_23 ($27.94 in chips) 
Seat 5: JUANS2 ($100 in chips) 
Seat 6: kvcsszblcs ($120.42 in chips) 
Espada Fish: posts small blind $0.50
kel3vr4_23: posts big blind $1
*** HOLE CARDS ***
JUANS2: folds 
kvcsszblcs: folds 
AAmel85: folds 
CichiChanMarian: folds 
Espada Fish: raises $2 to $3
kel3vr4_23: folds 
Uncalled bet ($2) returned to Espada Fish
Espada Fish collected $2 from pot
Espada Fish: doesn't show hand 
*** SUMMARY ***
Total pot $2 | Rake $0 
Seat 1: AAmel85 folded before Flop (didn't bet)
Seat 2: CichiChanMarian (button) folded before Flop (didn't bet)
Seat 3: Espada Fish (small blind) collected ($2)
Seat 4: kel3vr4_23 (big blind) folded before Flop
Seat 5: JUANS2 folded before Flop (didn't bet)
Seat 6: kvcsszblcs folded before Flop (didn't bet)



PokerStars Hand #254628290939:  Hold'em No Limit ($0.50/$1.00 USD) - 2025/01/30 21:34:29 WET [2025/01/30 16:34:29 ET]
Table 'Garumna' 6-max Seat #3 is the button
Seat 1: AAmel85 ($103.46 in chips) 
Seat 2: CichiChanMarian ($100 in chips) 
Seat 3: Espada Fish ($101 in chips) 
Seat 4: kel3vr4_23 ($26.94 in chips) 
Seat 5: JUANS2 ($100 in chips) 
Seat 6: kvcsszblcs ($120.42 in chips) 
kel3vr4_23: posts small blind $0.50
JUANS2: posts big blind $1
*** HOLE CARDS ***
kvcsszblcs: folds 
AAmel85: folds 
CichiChanMarian: raises $1.50 to $2.50
Espada Fish: folds 
kel3vr4_23: folds 
JUANS2: folds 
Uncalled bet ($1.50) returned to CichiChanMarian
CichiChanMarian collected $2.50 from pot
CichiChanMarian: doesn't show hand 
*** SUMMARY ***
Total pot $2.50 | Rake $0 
Seat 1: AAmel85 folded before Flop (didn't bet)
Seat 2: CichiChanMarian collected ($2.50)
Seat 3: Espada Fish (button) folded before Flop (didn't bet)
Seat 4: kel3vr4_23 (small blind) folded before Flop
Seat 5: JUANS2 (big blind) folded before Flop
Seat 6: kvcsszblcs folded before Flop (didn't bet)



PokerStars Hand #254628295592:  Hold'em No Limit ($0.50/$1.00 USD) - 2025/01/30 21:34:45 WET [2025/01/30 16:34:45 ET]
Table 'Garumna' 6-max Seat #4 is the button
Seat 1: AAmel85 ($103.46 in chips) 
Seat 2: CichiChanMarian ($101.50 in chips) 
Seat 3: Espada Fish ($101 in chips) 
Seat 4: kel3vr4_23 ($26.44 in chips) 
Seat 5: JUANS2 ($100 in chips) 
Seat 6: kvcsszblcs ($120.42 in chips) 
JUANS2: posts small blind $0.50
kvcsszblcs: posts big blind $1
*** HOLE CARDS ***
AAmel85: folds 
CichiChanMarian: folds 
Espada Fish: folds 
kel3vr4_23: folds 
JUANS2: folds 
Uncalled bet ($0.50) returned to kvcsszblcs
kvcsszblcs collected $1 from pot
kvcsszblcs: doesn't show hand 
*** SUMMARY ***
Total pot $1 | Rake $0 
Seat 1: AAmel85 folded before Flop (didn't bet)
Seat 2: CichiChanMarian folded before Flop (didn't bet)
Seat 3: Espada Fish folded before Flop (didn't bet)
Seat 4: kel3vr4_23 (button) folded before Flop (didn't bet)
Seat 5: JUANS2 (small blind) folded before Flop
Seat 6: kvcsszblcs (big blind) collected ($1)



PokerStars Hand #254628300350:  Hold'em No Limit ($0.50/$1.00 USD) - 2025/01/30 21:35:01 WET [2025/01/30 16:35:01 ET]
Table 'Garumna' 6-max Seat #5 is the button
Seat 1: AAmel85 ($103.46 in chips) 
Seat 2: CichiChanMarian ($101.50 in chips) 
Seat 3: Espada Fish ($101 in chips) 
Seat 4: kel3vr4_23 ($26.44 in chips) 
Seat 5: JUANS2 ($100 in chips) 
Seat 6: kvcsszblcs ($120.92 in chips) 
kvcsszblcs: posts small blind $0.50
AAmel85: posts big blind $1
*** HOLE CARDS ***
CichiChanMarian: folds 
Espada Fish: folds 
kel3vr4_23: raises $1.50 to $2.50
JUANS2: folds 
kvcsszblcs: folds 
AAmel85: calls $1.50
*** FLOP *** [2s Jc 9s]
AAmel85: checks 
kel3vr4_23: checks 
*** TURN *** [2s Jc 9s] [Ad]
AAmel85: checks 
kel3vr4_23: bets $2
AAmel85: calls $2
*** RIVER *** [2s Jc 9s Ad] [Jd]
AAmel85: checks 
kel3vr4_23: bets $3
AAmel85: calls $3
*** SHOW DOWN ***
kel3vr4_23: shows [Ah Kc] (two pair, Aces and Jacks)
AAmel85: mucks hand 
kel3vr4_23 collected $14.72 from pot
*** SUMMARY ***
Total pot $15.50 | Rake $0.78 
Board [2s Jc 9s Ad Jd]
Seat 1: AAmel85 (big blind) mucked
Seat 2: CichiChanMarian folded before Flop (didn't bet)
Seat 3: Espada Fish folded before Flop (didn't bet)
Seat 4: kel3vr4_23 showed [Ah Kc] and won ($14.72) with two pair, Aces and Jacks
Seat 5: JUANS2 (button) folded before Flop (didn't bet)
Seat 6: kvcsszblcs (small blind) folded before Flop



PokerStars Hand #254628317058:  Hold'em No Limit ($0.50/$1.00 USD) - 2025/01/30 21:35:55 WET [2025/01/30 16:35:55 ET]
Table 'Garumna' 6-max Seat #6 is the button
Seat 1: AAmel85 ($95.96 in chips) 
Seat 2: CichiChanMarian ($101.50 in chips) 
Seat 3: Espada Fish ($101 in chips) 
Seat 4: kel3vr4_23 ($33.66 in chips) 
Seat 5: JUANS2 ($100 in chips) 
Seat 6: kvcsszblcs ($120.42 in chips) 
AAmel85: posts small blind $0.50
CichiChanMarian: posts big blind $1
*** HOLE CARDS ***
Espada Fish: folds 
kel3vr4_23: raises $1.50 to $2.50
JUANS2: folds 
kvcsszblcs: folds 
AAmel85: folds 
CichiChanMarian: calls $1.50
*** FLOP *** [5c Qh 3c]
CichiChanMarian: checks 
kel3vr4_23: bets $2
CichiChanMarian: calls $2
*** TURN *** [5c Qh 3c] [9s]
CichiChanMarian: checks 
kel3vr4_23: bets $4
CichiChanMarian: calls $4
*** RIVER *** [5c Qh 3c 9s] [4s]
CichiChanMarian: checks 
kel3vr4_23: bets $5
CichiChanMarian: raises $88 to $93 and is all-in
kel3vr4_23: calls $20.16 and is all-in
Uncalled bet ($67.84) returned to CichiChanMarian
*** SHOW DOWN ***
CichiChanMarian: shows [9d Qd] (two pair, Queens and Nines)
kel3vr4_23: shows [9c Qc] (two pair, Queens and Nines)
CichiChanMarian collected $32.66 from pot
kel3vr4_23 collected $32.66 from pot
*** SUMMARY ***
Total pot $67.82 | Rake $2.50 
Board [5c Qh 3c 9s 4s]
Seat 1: AAmel85 (small blind) folded before Flop
Seat 2: CichiChanMarian (big blind) showed [9d Qd] and won ($32.66) with two pair, Queens and Nines
Seat 3: Espada Fish folded before Flop (didn't bet)
Seat 4: kel3vr4_23 showed [9c Qc] and won ($32.66) with two pair, Queens and Nines
Seat 5: JUANS2 folded before Flop (didn't bet)
Seat 6: kvcsszblcs (button) folded before Flop (didn't bet)



PokerStars Hand #254628332318:  Hold'em No Limit ($0.50/$1.00 USD) - 2025/01/30 21:36:45 WET [2025/01/30 16:36:45 ET]
Table 'Garumna' 6-max Seat #1 is the button
Seat 1: AAmel85 ($95.46 in chips) 
Seat 2: CichiChanMarian ($100.50 in chips) 
Seat 3: Espada Fish ($101 in chips) 
Seat 4: kel3vr4_23 ($32.66 in chips) 
Seat 5: JUANS2 ($100 in chips) 
Seat 6: kvcsszblcs ($120.42 in chips) 
CichiChanMarian: posts small blind $0.50
Espada Fish: posts big blind $1
*** HOLE CARDS ***
kel3vr4_23: raises $1.50 to $2.50
JUANS2: folds 
kvcsszblcs: folds 
AAmel85: folds 
CichiChanMarian: folds 
Espada Fish: raises $8.50 to $11
kel3vr4_23: folds 
Uncalled bet ($8.50) returned to Espada Fish
Espada Fish collected $5.50 from pot
Espada Fish: doesn't show hand 
*** SUMMARY ***
Total pot $5.50 | Rake $0 
Seat 1: AAmel85 (button) folded before Flop (didn't bet)
Seat 2: CichiChanMarian (small blind) folded before Flop
Seat 3: Espada Fish (big blind) collected ($5.50)
Seat 4: kel3vr4_23 folded before Flop
Seat 5: JUANS2 folded before Flop (didn't bet)
Seat 6: kvcsszblcs folded before Flop (didn't bet)



PokerStars Hand #254628341683:  Hold'em No Limit ($0.50/$1.00 USD) - 2025/01/30 21:37:16 WET [2025/01/30 16:37:16 ET]
Table 'Garumna' 6-max Seat #2 is the button
Seat 1: AAmel85 ($95.46 in chips) 
Seat 2: CichiChanMarian ($100 in chips) 
Seat 3: Espada Fish ($104 in chips) 
Seat 4: kel3vr4_23 ($30.16 in chips) 
Seat 5: JUANS2 ($100 in chips) 
Seat 6: kvcsszblcs ($120.42 in chips) 
Espada Fish: posts small blind $0.50
kel3vr4_23: posts big blind $1
*** HOLE CARDS ***
JUANS2: raises $1.20 to $2.20
kvcsszblcs: folds 
AAmel85: folds 
CichiChanMarian: folds 
Espada Fish: folds 
kel3vr4_23: calls $1.20
*** FLOP *** [Td 7h 2s]
kel3vr4_23: checks 
JUANS2: bets $2.33
kel3vr4_23: folds 
Uncalled bet ($2.33) returned to JUANS2
JUANS2 collected $4.66 from pot
JUANS2: doesn't show hand 
*** SUMMARY ***
Total pot $4.90 | Rake $0.24 
Board [Td 7h 2s]
Seat 1: AAmel85 folded before Flop (didn't bet)
Seat 2: CichiChanMarian (button) folded before Flop (didn't bet)
Seat 3: Espada Fish (small blind) folded before Flop
Seat 4: kel3vr4_23 (big blind) folded on the Flop
Seat 5: JUANS2 collected ($4.66)
Seat 6: kvcsszblcs folded before Flop (didn't bet)



PokerStars Hand #254628350968:  Hold'em No Limit ($0.50/$1.00 USD) - 2025/01/30 21:37:47 WET [2025/01/30 16:37:47 ET]
Table 'Garumna' 6-max Seat #3 is the button
Seat 1: AAmel85 ($95.46 in chips) 
Seat 2: CichiChanMarian ($100 in chips) 
Seat 3: Espada Fish ($103.50 in chips) 
Seat 4: kel3vr4_23 ($27.96 in chips) 
Seat 5: JUANS2 ($102.46 in chips) 
Seat 6: kvcsszblcs ($120.42 in chips) 
kel3vr4_23: posts small blind $0.50
JUANS2: posts big blind $1
*** HOLE CARDS ***
kvcsszblcs: folds 
AAmel85: calls $1
CichiChanMarian: raises $3 to $4
Espada Fish: calls $4
kel3vr4_23: folds 
JUANS2: folds 
AAmel85: calls $3
*** FLOP *** [Kd Kc 8c]
AAmel85: checks 
CichiChanMarian: bets $4.23
Espada Fish: folds 
AAmel85: folds 
Uncalled bet ($4.23) returned to CichiChanMarian
CichiChanMarian collected $12.82 from pot
CichiChanMarian: doesn't show hand 
*** SUMMARY ***
Total pot $13.50 | Rake $0.68 
Board [Kd Kc 8c]
Seat 1: AAmel85 folded on the Flop
Seat 2: CichiChanMarian collected ($12.82)
Seat 3: Espada Fish (button) folded on the Flop
Seat 4: kel3vr4_23 (small blind) folded before Flop
Seat 5: JUANS2 (big blind) folded before Flop
Seat 6: kvcsszblcs folded before Flop (didn't bet)



PokerStars Hand #254628363470:  Hold'em No Limit ($0.50/$1.00 USD) - 2025/01/30 21:38:29 WET [2025/01/30 16:38:29 ET]
Table 'Garumna' 6-max Seat #4 is the button
Seat 1: AAmel85 ($91.46 in chips) 
Seat 2: CichiChanMarian ($108.82 in chips) 
Seat 3: Espada Fish ($100 in chips) 
Seat 4: kel3vr4_23 ($27.46 in chips) 
Seat 5: JUANS2 ($101.46 in chips) 
Seat 6: kvcsszblcs ($120.42 in chips) 
JUANS2: posts small blind $0.50
kvcsszblcs: posts big blind $1
*** HOLE CARDS ***
AAmel85: folds 
kel3vr4_23 is disconnected 
CichiChanMarian: folds 
Espada Fish: raises $1.20 to $2.20
kel3vr4_23: folds 
JUANS2: folds 
kvcsszblcs: folds 
Uncalled bet ($1.20) returned to Espada Fish
Espada Fish collected $2.50 from pot
Espada Fish: doesn't show hand 
*** SUMMARY ***
Total pot $2.50 | Rake $0 
Seat 1: AAmel85 folded before Flop (didn't bet)
Seat 2: CichiChanMarian folded before Flop (didn't bet)
Seat 3: Espada Fish collected ($2.50)
Seat 4: kel3vr4_23 (button) folded before Flop (didn't bet)
Seat 5: JUANS2 (small blind) folded before Flop
Seat 6: kvcsszblcs (big blind) folded before Flop



PokerStars Hand #254628374872:  Hold'em No Limit ($0.50/$1.00 USD) - 2025/01/30 21:39:06 WET [2025/01/30 16:39:06 ET]
Table 'Garumna' 6-max Seat #5 is the button
Seat 1: AAmel85 ($91.46 in chips) 
Seat 2: CichiChanMarian ($108.82 in chips) 
Seat 3: Espada Fish ($101.50 in chips) 
Seat 4: kel3vr4_23 ($27.46 in chips) 
Seat 5: JUANS2 ($100.96 in chips) 
Seat 6: kvcsszblcs ($119.42 in chips) 
kvcsszblcs: posts small blind $0.50
AAmel85: posts big blind $1
*** HOLE CARDS ***
CichiChanMarian: folds 
kel3vr4_23 is disconnected 
Espada Fish: folds 
kel3vr4_23 is connected 
kel3vr4_23: folds 
JUANS2: folds 
kvcsszblcs: raises $1.85 to $2.85
AAmel85: calls $1.85
*** FLOP *** [3h 9c 7d]
kvcsszblcs: checks 
AAmel85: bets $5.42
kvcsszblcs: folds 
Uncalled bet ($5.42) returned to AAmel85
AAmel85 collected $5.42 from pot
*** SUMMARY ***
Total pot $5.70 | Rake $0.28 
Board [3h 9c 7d]
Seat 1: AAmel85 (big blind) collected ($5.42)
Seat 2: CichiChanMarian folded before Flop (didn't bet)
Seat 3: Espada Fish folded before Flop (didn't bet)
Seat 4: kel3vr4_23 folded before Flop (didn't bet)
Seat 5: JUANS2 (button) folded before Flop (didn't bet)
Seat 6: kvcsszblcs (small blind) folded on the Flop



PokerStars Hand #254628386326:  Hold'em No Limit ($0.50/$1.00 USD) - 2025/01/30 21:39:44 WET [2025/01/30 16:39:44 ET]
Table 'Garumna' 6-max Seat #6 is the button
Seat 1: AAmel85 ($94.03 in chips) 
Seat 2: CichiChanMarian ($108.82 in chips) 
Seat 3: Espada Fish ($101.50 in chips) 
Seat 4: kel3vr4_23 ($27.46 in chips) 
Seat 5: JUANS2 ($100.96 in chips) 
Seat 6: kvcsszblcs ($116.57 in chips) 
AAmel85: posts small blind $0.50
CichiChanMarian: posts big blind $1
*** HOLE CARDS ***
Espada Fish: folds 
kel3vr4_23: folds 
JUANS2: raises $1.50 to $2.50
kvcsszblcs: folds 
AAmel85: calls $2
CichiChanMarian: folds 
*** FLOP *** [6h 7c Jc]
AAmel85: bets $5.70
JUANS2: folds 
Uncalled bet ($5.70) returned to AAmel85
AAmel85 collected $5.70 from pot
*** SUMMARY ***
Total pot $6 | Rake $0.30 
Board [6h 7c Jc]
Seat 1: AAmel85 (small blind) collected ($5.70)
Seat 2: CichiChanMarian (big blind) folded before Flop
Seat 3: Espada Fish folded before Flop (didn't bet)
Seat 4: kel3vr4_23 folded before Flop (didn't bet)
Seat 5: JUANS2 folded on the Flop
Seat 6: kvcsszblcs (button) folded before Flop (didn't bet)



PokerStars Hand #254628393915:  Hold'em No Limit ($0.50/$1.00 USD) - 2025/01/30 21:40:09 WET [2025/01/30 16:40:09 ET]
Table 'Garumna' 6-max Seat #1 is the button
Seat 3: Espada Fish ($101.50 in chips) is sitting out
Seat 1: AAmel85 ($97.23 in chips) 
Seat 2: CichiChanMarian ($107.82 in chips) 
Seat 4: kel3vr4_23 ($27.46 in chips) 
Seat 5: JUANS2 ($100 in chips) 
Seat 6: kvcsszblcs ($116.57 in chips) 
CichiChanMarian: posts small blind $0.50
Espada Fish: is sitting out 
kel3vr4_23: posts big blind $1
*** HOLE CARDS ***
JUANS2: folds 
kvcsszblcs: raises $1 to $2
AAmel85: calls $2
CichiChanMarian: folds 
kel3vr4_23: folds 
*** FLOP *** [5d Ah 8s]
kvcsszblcs: checks 
AAmel85: checks 
*** TURN *** [5d Ah 8s] [5h]
kvcsszblcs: bets $2.61
AAmel85: calls $2.61
*** RIVER *** [5d Ah 8s 5h] [4d]
Espada Fish leaves the table
kvcsszblcs: bets $10.50
AAmel85: calls $10.50
*** SHOW DOWN ***
kvcsszblcs: shows [Jh Ac] (two pair, Aces and Fives)
AAmel85: mucks hand 
kvcsszblcs collected $30.13 from pot
*** SUMMARY ***
Total pot $31.72 | Rake $1.59 
Board [5d Ah 8s 5h 4d]
Seat 3: Espada Fish
Seat 1: AAmel85 (button) mucked
Seat 2: CichiChanMarian (small blind) folded before Flop
Seat 4: kel3vr4_23 (big blind) folded before Flop
Seat 5: JUANS2 folded before Flop (didn't bet)
Seat 6: kvcsszblcs showed [Jh Ac] and won ($30.13) with two pair, Aces and Fives



PokerStars Hand #254628409155:  Hold'em No Limit ($0.50/$1.00 USD) - 2025/01/30 21:41:00 WET [2025/01/30 16:41:00 ET]
Table 'Garumna' 6-max Seat #2 is the button
Seat 1: AAmel85 ($82.12 in chips) 
Seat 2: CichiChanMarian ($107.32 in chips) 
Seat 4: kel3vr4_23 ($26.46 in chips) 
Seat 5: JUANS2 ($100 in chips) 
Seat 6: kvcsszblcs ($131.59 in chips) 
kel3vr4_23: posts small blind $0.50
JUANS2: posts big blind $1
*** HOLE CARDS ***
kvcsszblcs: folds 
AAmel85: folds 
Nazareno1999 joins the table at seat #3 
CichiChanMarian: folds 
kel3vr4_23: folds 
Uncalled bet ($0.50) returned to JUANS2
JUANS2 collected $1 from pot
JUANS2: doesn't show hand 
*** SUMMARY ***
Total pot $1 | Rake $0 
Seat 1: AAmel85 folded before Flop (didn't bet)
Seat 2: CichiChanMarian (button) folded before Flop (didn't bet)
Seat 4: kel3vr4_23 (small blind) folded before Flop
Seat 5: JUANS2 (big blind) collected ($1)
Seat 6: kvcsszblcs folded before Flop (didn't bet)



PokerStars Hand #254628412358:  Hold'em No Limit ($0.50/$1.00 USD) - 2025/01/30 21:41:10 WET [2025/01/30 16:41:10 ET]
Table 'Garumna' 6-max Seat #4 is the button
Seat 3: Nazareno1999 ($100 in chips) is sitting out
Seat 1: AAmel85 ($82.12 in chips) 
Seat 2: CichiChanMarian ($107.32 in chips) 
Seat 4: kel3vr4_23 ($25.96 in chips) 
Seat 5: JUANS2 ($100.50 in chips) 
Seat 6: kvcsszblcs ($131.59 in chips) 
JUANS2: posts small blind $0.50
kvcsszblcs: posts big blind $1
Nazareno1999: sits out 
*** HOLE CARDS ***
AAmel85: folds 
CichiChanMarian: raises $1.50 to $2.50
kel3vr4_23: folds 
JUANS2: folds 
kvcsszblcs: folds 
Uncalled bet ($1.50) returned to CichiChanMarian
CichiChanMarian collected $2.50 from pot
CichiChanMarian: doesn't show hand 
*** SUMMARY ***
Total pot $2.50 | Rake $0 
Seat 3: Nazareno1999
Seat 1: AAmel85 folded before Flop (didn't bet)
Seat 2: CichiChanMarian collected ($2.50)
Seat 4: kel3vr4_23 (button) folded before Flop (didn't bet)
Seat 5: JUANS2 (small blind) folded before Flop
Seat 6: kvcsszblcs (big blind) folded before Flop



PokerStars Hand #254628416478:  Hold'em No Limit ($0.50/$1.00 USD) - 2025/01/30 21:41:24 WET [2025/01/30 16:41:24 ET]
Table 'Garumna' 6-max Seat #5 is the button
Seat 3: Nazareno1999 ($100 in chips) is sitting out
Seat 1: AAmel85 ($82.12 in chips) 
Seat 2: CichiChanMarian ($108.82 in chips) 
Seat 4: kel3vr4_23 ($25.96 in chips) 
Seat 5: JUANS2 ($100 in chips) 
Seat 6: kvcsszblcs ($130.59 in chips) 
kvcsszblcs: posts small blind $0.50
AAmel85: posts big blind $1
Nazareno1999: sits out 
*** HOLE CARDS ***
CichiChanMarian: folds 
kel3vr4_23: raises $1.50 to $2.50
JUANS2: folds 
kvcsszblcs: folds 
AAmel85: folds 
Uncalled bet ($1.50) returned to kel3vr4_23
kel3vr4_23 collected $2.50 from pot
*** SUMMARY ***
Total pot $2.50 | Rake $0 
Seat 3: Nazareno1999
Seat 1: AAmel85 (big blind) folded before Flop
Seat 2: CichiChanMarian folded before Flop (didn't bet)
Seat 4: kel3vr4_23 collected ($2.50)
Seat 5: JUANS2 (button) folded before Flop (didn't bet)
Seat 6: kvcsszblcs (small blind) folded before Flop



PokerStars Hand #254628421833:  Hold'em No Limit ($0.50/$1.00 USD) - 2025/01/30 21:41:42 WET [2025/01/30 16:41:42 ET]
Table 'Garumna' 6-max Seat #6 is the button
Seat 3: Nazareno1999 ($100 in chips) is sitting out
Seat 1: AAmel85 ($81.12 in chips) 
Seat 2: CichiChanMarian ($108.82 in chips) 
Seat 4: kel3vr4_23 ($27.46 in chips) 
Seat 5: JUANS2 ($100 in chips) 
Seat 6: kvcsszblcs ($130.09 in chips) 
AAmel85: posts small blind $0.50
CichiChanMarian: posts big blind $1
Nazareno1999: sits out 
*** HOLE CARDS ***
kel3vr4_23: folds 
JUANS2: folds 
kvcsszblcs: raises $1.25 to $2.25
AAmel85: calls $1.75
CichiChanMarian: folds 
*** FLOP *** [9h Jh 2d]
AAmel85: checks 
kvcsszblcs: checks 
*** TURN *** [9h Jh 2d] [5s]
AAmel85: checks 
kvcsszblcs: bets $3.92
AAmel85: folds 
Uncalled bet ($3.92) returned to kvcsszblcs
kvcsszblcs collected $5.22 from pot
kvcsszblcs: doesn't show hand 
*** SUMMARY ***
Total pot $5.50 | Rake $0.28 
Board [9h Jh 2d 5s]
Seat 3: Nazareno1999
Seat 1: AAmel85 (small blind) folded on the Turn
Seat 2: CichiChanMarian (big blind) folded before Flop
Seat 4: kel3vr4_23 folded before Flop (didn't bet)
Seat 5: JUANS2 folded before Flop (didn't bet)
Seat 6: kvcsszblcs (button) collected ($5.22)



PokerStars Hand #254628430861:  Hold'em No Limit ($0.50/$1.00 USD) - 2025/01/30 21:42:12 WET [2025/01/30 16:42:12 ET]
Table 'Garumna' 6-max Seat #1 is the button
Seat 1: AAmel85 ($78.87 in chips) 
Seat 2: CichiChanMarian ($107.82 in chips) 
Seat 3: Nazareno1999 ($100 in chips) 
Seat 4: kel3vr4_23 ($27.46 in chips) 
Seat 5: JUANS2 ($100 in chips) 
Seat 6: kvcsszblcs ($133.06 in chips) 
CichiChanMarian: posts small blind $0.50
Nazareno1999: posts big blind $1
*** HOLE CARDS ***
kel3vr4_23: raises $1.50 to $2.50
JUANS2: folds 
kvcsszblcs: folds 
AAmel85: calls $2.50
CichiChanMarian: raises $11.50 to $14
Nazareno1999: folds 
kel3vr4_23: folds 
AAmel85: calls $11.50
*** FLOP *** [3d 2s Kd]
CichiChanMarian: bets $9.87
AAmel85: folds 
Uncalled bet ($9.87) returned to CichiChanMarian
CichiChanMarian collected $29.92 from pot
CichiChanMarian: doesn't show hand 
*** SUMMARY ***
Total pot $31.50 | Rake $1.58 
Board [3d 2s Kd]
Seat 1: AAmel85 (button) folded on the Flop
Seat 2: CichiChanMarian (small blind) collected ($29.92)
Seat 3: Nazareno1999 (big blind) folded before Flop
Seat 4: kel3vr4_23 folded before Flop
Seat 5: JUANS2 folded before Flop (didn't bet)
Seat 6: kvcsszblcs folded before Flop (didn't bet)



PokerStars Hand #254628440444:  Hold'em No Limit ($0.50/$1.00 USD) - 2025/01/30 21:42:44 WET [2025/01/30 16:42:44 ET]
Table 'Garumna' 6-max Seat #2 is the button
Seat 1: AAmel85 ($64.87 in chips) 
Seat 2: CichiChanMarian ($123.74 in chips) 
Seat 3: Nazareno1999 ($100 in chips) 
Seat 4: kel3vr4_23 ($24.96 in chips) 
Seat 5: JUANS2 ($100 in chips) 
Seat 6: kvcsszblcs ($133.06 in chips) 
Nazareno1999: posts small blind $0.50
kel3vr4_23: posts big blind $1
*** HOLE CARDS ***
JUANS2: folds 
kvcsszblcs: folds 
AAmel85: raises $2 to $3
CichiChanMarian: folds 
Nazareno1999: folds 
kel3vr4_23: folds 
Uncalled bet ($2) returned to AAmel85
AAmel85 collected $2.50 from pot
*** SUMMARY ***
Total pot $2.50 | Rake $0 
Seat 1: AAmel85 collected ($2.50)
Seat 2: CichiChanMarian (button) folded before Flop (didn't bet)
Seat 3: Nazareno1999 (small blind) folded before Flop
Seat 4: kel3vr4_23 (big blind) folded before Flop
Seat 5: JUANS2 folded before Flop (didn't bet)
Seat 6: kvcsszblcs folded before Flop (didn't bet)



PokerStars Hand #254628444506:  Hold'em No Limit ($0.50/$1.00 USD) - 2025/01/30 21:42:57 WET [2025/01/30 16:42:57 ET]
Table 'Garumna' 6-max Seat #3 is the button
Seat 1: AAmel85 ($66.37 in chips) 
Seat 2: CichiChanMarian ($123.74 in chips) 
Seat 3: Nazareno1999 ($100 in chips) 
Seat 4: kel3vr4_23 ($23.96 in chips) 
Seat 5: JUANS2 ($100 in chips) 
Seat 6: kvcsszblcs ($133.06 in chips) 
kel3vr4_23: posts small blind $0.50
JUANS2: posts big blind $1
*** HOLE CARDS ***
kvcsszblcs: folds 
AAmel85: calls $1
CichiChanMarian: folds 
Nazareno1999: folds 
kel3vr4_23: folds 
JUANS2: checks 
*** FLOP *** [2s Ad 7s]
kel3vr4_23 is disconnected 
JUANS2: checks 
AAmel85: bets $1
JUANS2: calls $1
*** TURN *** [2s Ad 7s] [5d]
JUANS2: checks 
AAmel85: bets $1
JUANS2: calls $1
*** RIVER *** [2s Ad 7s 5d] [Kh]
JUANS2: checks 
AAmel85: bets $3.09
JUANS2: calls $3.09
*** SHOW DOWN ***
AAmel85: shows [8h Ts] (high card Ace)
JUANS2: shows [8s Ah] (a pair of Aces)
JUANS2 collected $12.05 from pot
*** SUMMARY ***
Total pot $12.68 | Rake $0.63 
Board [2s Ad 7s 5d Kh]
Seat 1: AAmel85 showed [8h Ts] and lost with high card Ace
Seat 2: CichiChanMarian folded before Flop (didn't bet)
Seat 3: Nazareno1999 (button) folded before Flop (didn't bet)
Seat 4: kel3vr4_23 (small blind) folded before Flop
Seat 5: JUANS2 (big blind) showed [8s Ah] and won ($12.05) with a pair of Aces
Seat 6: kvcsszblcs folded before Flop (didn't bet)



PokerStars Hand #254628465478:  Hold'em No Limit ($0.50/$1.00 USD) - 2025/01/30 21:44:07 WET [2025/01/30 16:44:07 ET]
Table 'Garumna' 6-max Seat #4 is the button
Seat 1: AAmel85 ($60.28 in chips) 
Seat 2: CichiChanMarian ($123.74 in chips) 
Seat 3: Nazareno1999 ($100 in chips) 
Seat 4: kel3vr4_23 ($23.46 in chips) 
Seat 5: JUANS2 ($105.96 in chips) 
Seat 6: kvcsszblcs ($133.06 in chips) 
JUANS2: posts small blind $0.50
kvcsszblcs: posts big blind $1
*** HOLE CARDS ***
AAmel85: raises $1 to $2
kel3vr4_23 is disconnected 
CichiChanMarian: raises $5 to $7
Nazareno1999: folds 
kel3vr4_23: folds 
JUANS2: folds 
kel3vr4_23 is disconnected 
kvcsszblcs: folds 
AAmel85: calls $5
*** FLOP *** [7d 3h 4h]
AAmel85: checks 
CichiChanMarian: bets $4.86
AAmel85: folds 
Uncalled bet ($4.86) returned to CichiChanMarian
CichiChanMarian collected $14.72 from pot
CichiChanMarian: doesn't show hand 
*** SUMMARY ***
Total pot $15.50 | Rake $0.78 
Board [7d 3h 4h]
Seat 1: AAmel85 folded on the Flop
Seat 2: CichiChanMarian collected ($14.72)
Seat 3: Nazareno1999 folded before Flop (didn't bet)
Seat 4: kel3vr4_23 (button) folded before Flop (didn't bet)
Seat 5: JUANS2 (small blind) folded before Flop
Seat 6: kvcsszblcs (big blind) folded before Flop



PokerStars Hand #254628478849:  Hold'em No Limit ($0.50/$1.00 USD) - 2025/01/30 21:44:52 WET [2025/01/30 16:44:52 ET]
Table 'Garumna' 6-max Seat #5 is the button
Seat 1: AAmel85 ($53.28 in chips) 
Seat 2: CichiChanMarian ($131.46 in chips) 
Seat 3: Nazareno1999 ($100 in chips) 
Seat 4: kel3vr4_23 ($23.46 in chips) 
Seat 5: JUANS2 ($105.46 in chips) 
Seat 6: kvcsszblcs ($132.06 in chips) 
kvcsszblcs: posts small blind $0.50
AAmel85: posts big blind $1
*** HOLE CARDS ***
CichiChanMarian: folds 
kel3vr4_23 is disconnected 
Nazareno1999: folds 
kel3vr4_23 has timed out while disconnected
kel3vr4_23: folds 
JUANS2: folds 
kvcsszblcs: folds 
Uncalled bet ($0.50) returned to AAmel85
AAmel85 collected $1 from pot
*** SUMMARY ***
Total pot $1 | Rake $0 
Seat 1: AAmel85 (big blind) collected ($1)
Seat 2: CichiChanMarian folded before Flop (didn't bet)
Seat 3: Nazareno1999 folded before Flop (didn't bet)
Seat 4: kel3vr4_23 folded before Flop (didn't bet)
Seat 5: JUANS2 (button) folded before Flop (didn't bet)
Seat 6: kvcsszblcs (small blind) folded before Flop



PokerStars Hand #254628486469:  Hold'em No Limit ($0.50/$1.00 USD) - 2025/01/30 21:45:17 WET [2025/01/30 16:45:17 ET]
Table 'Garumna' 6-max Seat #6 is the button
Seat 1: AAmel85 ($53.78 in chips) 
Seat 2: CichiChanMarian ($131.46 in chips) 
Seat 3: Nazareno1999 ($100 in chips) 
Seat 4: kel3vr4_23 ($23.46 in chips) 
Seat 5: JUANS2 ($105.46 in chips) 
Seat 6: kvcsszblcs ($131.56 in chips) 
AAmel85: posts small blind $0.50
CichiChanMarian: posts big blind $1
*** HOLE CARDS ***
Nazareno1999: folds 
kel3vr4_23: raises $1 to $2
JUANS2: folds 
kvcsszblcs: folds 
AAmel85: raises $5 to $7
CichiChanMarian: folds 
kel3vr4_23: raises $16.46 to $23.46 and is all-in
AAmel85: calls $16.46
*** FLOP *** [Th 8d Jd]
*** TURN *** [Th 8d Jd] [Qh]
*** RIVER *** [Th 8d Jd Qh] [7c]
*** SHOW DOWN ***
AAmel85: shows [Kc As] (a straight, Ten to Ace)
kel3vr4_23: shows [Kh Qd] (a pair of Queens)
AAmel85 collected $45.52 from pot
*** SUMMARY ***
Total pot $47.92 | Rake $2.40 
Board [Th 8d Jd Qh 7c]
Seat 1: AAmel85 (small blind) showed [Kc As] and won ($45.52) with a straight, Ten to Ace
Seat 2: CichiChanMarian (big blind) folded before Flop
Seat 3: Nazareno1999 folded before Flop (didn't bet)
Seat 4: kel3vr4_23 showed [Kh Qd] and lost with a pair of Queens
Seat 5: JUANS2 folded before Flop (didn't bet)
Seat 6: kvcsszblcs (button) folded before Flop (didn't bet)



PokerStars Hand #254628495497:  Hold'em No Limit ($0.50/$1.00 USD) - 2025/01/30 21:45:48 WET [2025/01/30 16:45:48 ET]
Table 'Garumna' 6-max Seat #1 is the button
Seat 4: kel3vr4_23 ($0 in chips) is sitting out
Seat 1: AAmel85 ($75.84 in chips) 
Seat 2: CichiChanMarian ($130.46 in chips) 
Seat 3: Nazareno1999 ($100 in chips) 
Seat 5: JUANS2 ($105.46 in chips) 
Seat 6: kvcsszblcs ($131.56 in chips) 
CichiChanMarian: posts small blind $0.50
Nazareno1999: posts big blind $1
*** HOLE CARDS ***
JUANS2: folds 
kvcsszblcs: folds 
AAmel85: folds 
kel3vr4_23 leaves the table
CichiChanMarian: raises $2 to $3
Nazareno1999: folds 
Uncalled bet ($2) returned to CichiChanMarian
CichiChanMarian collected $2 from pot
CichiChanMarian: doesn't show hand 
tintin641 joins the table at seat #4 
*** SUMMARY ***
Total pot $2 | Rake $0 
Seat 4: kel3vr4_23
Seat 1: AAmel85 (button) folded before Flop (didn't bet)
Seat 2: CichiChanMarian (small blind) collected ($2)
Seat 3: Nazareno1999 (big blind) folded before Flop
Seat 5: JUANS2 folded before Flop (didn't bet)
Seat 6: kvcsszblcs folded before Flop (didn't bet)



PokerStars Hand #254628501759:  Hold'em No Limit ($0.50/$1.00 USD) - 2025/01/30 21:46:09 WET [2025/01/30 16:46:09 ET]
Table 'Garumna' 6-max Seat #2 is the button
Seat 1: AAmel85 ($75.84 in chips) 
Seat 2: CichiChanMarian ($131.46 in chips) 
Seat 3: Nazareno1999 ($100 in chips) 
Seat 4: tintin641 ($100 in chips) 
Seat 5: JUANS2 ($105.46 in chips) 
Seat 6: kvcsszblcs ($131.56 in chips) 
Nazareno1999: posts small blind $0.50
tintin641 is connected 
tintin641: posts big blind $1
*** HOLE CARDS ***
JUANS2: folds 
kvcsszblcs: raises $1 to $2
AAmel85: folds 
CichiChanMarian: folds 
Nazareno1999: folds 
tintin641: calls $1
*** FLOP *** [7c Ac Kd]
tintin641: checks 
kvcsszblcs: bets $5.35
tintin641: folds 
Uncalled bet ($5.35) returned to kvcsszblcs
kvcsszblcs collected $4.28 from pot
kvcsszblcs: doesn't show hand 
*** SUMMARY ***
Total pot $4.50 | Rake $0.22 
Board [7c Ac Kd]
Seat 1: AAmel85 folded before Flop (didn't bet)
Seat 2: CichiChanMarian (button) folded before Flop (didn't bet)
Seat 3: Nazareno1999 (small blind) folded before Flop
Seat 4: tintin641 (big blind) folded on the Flop
Seat 5: JUANS2 folded before Flop (didn't bet)
Seat 6: kvcsszblcs collected ($4.28)



PokerStars Hand #254628517470:  Hold'em No Limit ($0.50/$1.00 USD) - 2025/01/30 21:47:01 WET [2025/01/30 16:47:01 ET]
Table 'Garumna' 6-max Seat #3 is the button
Seat 1: AAmel85 ($75.84 in chips) 
Seat 2: CichiChanMarian ($131.46 in chips) 
Seat 3: Nazareno1999 ($100 in chips) 
Seat 4: tintin641 ($100 in chips) 
Seat 5: JUANS2 ($105.46 in chips) 
Seat 6: kvcsszblcs ($133.84 in chips) 
tintin641: posts small blind $0.50
JUANS2: posts big blind $1
*** HOLE CARDS ***
kvcsszblcs: raises $1 to $2
AAmel85: folds 
CichiChanMarian: folds 
Nazareno1999: folds 
tintin641: folds 
JUANS2: folds 
Uncalled bet ($1) returned to kvcsszblcs
kvcsszblcs collected $2.50 from pot
kvcsszblcs: doesn't show hand 
*** SUMMARY ***
Total pot $2.50 | Rake $0 
Seat 1: AAmel85 folded before Flop (didn't bet)
Seat 2: CichiChanMarian folded before Flop (didn't bet)
Seat 3: Nazareno1999 (button) folded before Flop (didn't bet)
Seat 4: tintin641 (small blind) folded before Flop
Seat 5: JUANS2 (big blind) folded before Flop
Seat 6: kvcsszblcs collected ($2.50)



PokerStars Hand #254628522809:  Hold'em No Limit ($0.50/$1.00 USD) - 2025/01/30 21:47:19 WET [2025/01/30 16:47:19 ET]
Table 'Garumna' 6-max Seat #4 is the button
Seat 1: AAmel85 ($75.84 in chips) 
Seat 2: CichiChanMarian ($131.46 in chips) 
Seat 3: Nazareno1999 ($100 in chips) 
Seat 4: tintin641 ($100 in chips) 
Seat 5: JUANS2 ($104.46 in chips) 
Seat 6: kvcsszblcs ($135.34 in chips) 
JUANS2: posts small blind $0.50
kvcsszblcs: posts big blind $1
*** HOLE CARDS ***
AAmel85: folds 
CichiChanMarian: folds 
Nazareno1999: folds 
tintin641: folds 
JUANS2: raises $2 to $3
kvcsszblcs: folds 
Uncalled bet ($2) returned to JUANS2
JUANS2 collected $2 from pot
JUANS2: doesn't show hand 
*** SUMMARY ***
Total pot $2 | Rake $0 
Seat 1: AAmel85 folded before Flop (didn't bet)
Seat 2: CichiChanMarian folded before Flop (didn't bet)
Seat 3: Nazareno1999 folded before Flop (didn't bet)
Seat 4: tintin641 (button) folded before Flop (didn't bet)
Seat 5: JUANS2 (small blind) collected ($2)
Seat 6: kvcsszblcs (big blind) folded before Flop



PokerStars Hand #254628527980:  Hold'em No Limit ($0.50/$1.00 USD) - 2025/01/30 21:47:37 WET [2025/01/30 16:47:37 ET]
Table 'Garumna' 6-max Seat #5 is the button
Seat 1: AAmel85 ($75.84 in chips) 
Seat 2: CichiChanMarian ($131.46 in chips) 
Seat 3: Nazareno1999 ($100 in chips) 
Seat 4: tintin641 ($100 in chips) 
Seat 5: JUANS2 ($105.46 in chips) 
Seat 6: kvcsszblcs ($134.34 in chips) 
kvcsszblcs: posts small blind $0.50
AAmel85: posts big blind $1
*** HOLE CARDS ***
CichiChanMarian: folds 
Nazareno1999: folds 
tintin641: raises $1.50 to $2.50
JUANS2: folds 
kvcsszblcs: raises $8.50 to $11
AAmel85: folds 
tintin641: raises $13 to $24
kvcsszblcs: calls $13
*** FLOP *** [8d 5h Jd]
kvcsszblcs: checks 
tintin641: bets $11.65
kvcsszblcs: calls $11.65
*** TURN *** [8d 5h Jd] [Qc]
kvcsszblcs: checks 
tintin641: bets $64.35 and is all-in
kvcsszblcs: folds 
Uncalled bet ($64.35) returned to tintin641
tintin641 collected $69.80 from pot
tintin641: doesn't show hand 
*** SUMMARY ***
Total pot $72.30 | Rake $2.50 
Board [8d 5h Jd Qc]
Seat 1: AAmel85 (big blind) folded before Flop
Seat 2: CichiChanMarian folded before Flop (didn't bet)
Seat 3: Nazareno1999 folded before Flop (didn't bet)
Seat 4: tintin641 collected ($69.80)
Seat 5: JUANS2 (button) folded before Flop (didn't bet)
Seat 6: kvcsszblcs (small blind) folded on the Turn



PokerStars Hand #254628555614:  Hold'em No Limit ($0.50/$1.00 USD) - 2025/01/30 21:49:10 WET [2025/01/30 16:49:10 ET]
Table 'Garumna' 6-max Seat #6 is the button
Seat 1: AAmel85 ($74.84 in chips) 
Seat 2: CichiChanMarian ($131.46 in chips) 
Seat 3: Nazareno1999 ($100 in chips) 
Seat 4: tintin641 ($134.15 in chips) 
Seat 5: JUANS2 ($105.46 in chips) 
Seat 6: kvcsszblcs ($100 in chips) 
AAmel85: posts small blind $0.50
CichiChanMarian: posts big blind $1
*** HOLE CARDS ***
Nazareno1999: raises $1.20 to $2.20
tintin641: folds 
JUANS2: folds 
kvcsszblcs: folds 
AAmel85: folds 
CichiChanMarian: folds 
Uncalled bet ($1.20) returned to Nazareno1999
Nazareno1999 collected $2.50 from pot
Nazareno1999: doesn't show hand 
*** SUMMARY ***
Total pot $2.50 | Rake $0 
Seat 1: AAmel85 (small blind) folded before Flop
Seat 2: CichiChanMarian (big blind) folded before Flop
Seat 3: Nazareno1999 collected ($2.50)
Seat 4: tintin641 folded before Flop (didn't bet)
Seat 5: JUANS2 folded before Flop (didn't bet)
Seat 6: kvcsszblcs (button) folded before Flop (didn't bet)



PokerStars Hand #254628560762:  Hold'em No Limit ($0.50/$1.00 USD) - 2025/01/30 21:49:27 WET [2025/01/30 16:49:27 ET]
Table 'Garumna' 6-max Seat #1 is the button
Seat 1: AAmel85 ($74.34 in chips) 
Seat 2: CichiChanMarian ($130.46 in chips) 
Seat 3: Nazareno1999 ($101.50 in chips) 
Seat 4: tintin641 ($134.15 in chips) 
Seat 5: JUANS2 ($105.46 in chips) 
Seat 6: kvcsszblcs ($100 in chips) 
CichiChanMarian: posts small blind $0.50
Nazareno1999: posts big blind $1
*** HOLE CARDS ***
tintin641: raises $1.50 to $2.50
JUANS2: folds 
kvcsszblcs: folds 
AAmel85: folds 
CichiChanMarian: folds 
Nazareno1999: folds 
Uncalled bet ($1.50) returned to tintin641
tintin641 collected $2.50 from pot
tintin641: doesn't show hand 
*** SUMMARY ***
Total pot $2.50 | Rake $0 
Seat 1: AAmel85 (button) folded before Flop (didn't bet)
Seat 2: CichiChanMarian (small blind) folded before Flop
Seat 3: Nazareno1999 (big blind) folded before Flop
Seat 4: tintin641 collected ($2.50)
Seat 5: JUANS2 folded before Flop (didn't bet)
Seat 6: kvcsszblcs folded before Flop (didn't bet)



PokerStars Hand #254628565878:  Hold'em No Limit ($0.50/$1.00 USD) - 2025/01/30 21:49:44 WET [2025/01/30 16:49:44 ET]
Table 'Garumna' 6-max Seat #2 is the button
Seat 1: AAmel85 ($74.34 in chips) 
Seat 2: CichiChanMarian ($129.96 in chips) 
Seat 3: Nazareno1999 ($100.50 in chips) 
Seat 4: tintin641 ($135.65 in chips) 
Seat 5: JUANS2 ($105.46 in chips) 
Seat 6: kvcsszblcs ($100 in chips) 
Nazareno1999: posts small blind $0.50
tintin641: posts big blind $1
*** HOLE CARDS ***
JUANS2: folds 
kvcsszblcs: folds 
AAmel85: folds 
CichiChanMarian: raises $1.50 to $2.50
Nazareno1999: raises $9 to $11.50
tintin641: folds 
CichiChanMarian: folds 
Uncalled bet ($9) returned to Nazareno1999
Nazareno1999 collected $6 from pot
Nazareno1999: doesn't show hand 
*** SUMMARY ***
Total pot $6 | Rake $0 
Seat 1: AAmel85 folded before Flop (didn't bet)
Seat 2: CichiChanMarian (button) folded before Flop
Seat 3: Nazareno1999 (small blind) collected ($6)
Seat 4: tintin641 (big blind) folded before Flop
Seat 5: JUANS2 folded before Flop (didn't bet)
Seat 6: kvcsszblcs folded before Flop (didn't bet)



PokerStars Hand #254628577203:  Hold'em No Limit ($0.50/$1.00 USD) - 2025/01/30 21:50:23 WET [2025/01/30 16:50:23 ET]
Table 'Garumna' 6-max Seat #3 is the button
Seat 1: AAmel85 ($74.34 in chips) 
Seat 2: CichiChanMarian ($127.46 in chips) 
Seat 3: Nazareno1999 ($104 in chips) 
Seat 4: tintin641 ($134.65 in chips) 
Seat 5: JUANS2 ($105.46 in chips) 
Seat 6: kvcsszblcs ($100 in chips) 
tintin641: posts small blind $0.50
JUANS2: posts big blind $1
*** HOLE CARDS ***
kvcsszblcs: folds 
AAmel85: folds 
CichiChanMarian: folds 
Nazareno1999: folds 
tintin641: folds 
Uncalled bet ($0.50) returned to JUANS2
JUANS2 collected $1 from pot
JUANS2: doesn't show hand 
*** SUMMARY ***
Total pot $1 | Rake $0 
Seat 1: AAmel85 folded before Flop (didn't bet)
Seat 2: CichiChanMarian folded before Flop (didn't bet)
Seat 3: Nazareno1999 (button) folded before Flop (didn't bet)
Seat 4: tintin641 (small blind) folded before Flop
Seat 5: JUANS2 (big blind) collected ($1)
Seat 6: kvcsszblcs folded before Flop (didn't bet)



PokerStars Hand #254628583633:  Hold'em No Limit ($0.50/$1.00 USD) - 2025/01/30 21:50:44 WET [2025/01/30 16:50:44 ET]
Table 'Garumna' 6-max Seat #4 is the button
Seat 1: AAmel85 ($74.34 in chips) 
Seat 2: CichiChanMarian ($127.46 in chips) 
Seat 3: Nazareno1999 ($104 in chips) 
Seat 4: tintin641 ($134.15 in chips) 
Seat 5: JUANS2 ($105.96 in chips) 
Seat 6: kvcsszblcs ($100 in chips) 
JUANS2: posts small blind $0.50
kvcsszblcs: posts big blind $1
*** HOLE CARDS ***
AAmel85: folds 
CichiChanMarian: folds 
Nazareno1999: folds 
tintin641: folds 
JUANS2: folds 
Uncalled bet ($0.50) returned to kvcsszblcs
kvcsszblcs collected $1 from pot
kvcsszblcs: doesn't show hand 
*** SUMMARY ***
Total pot $1 | Rake $0 
Seat 1: AAmel85 folded before Flop (didn't bet)
Seat 2: CichiChanMarian folded before Flop (didn't bet)
Seat 3: Nazareno1999 folded before Flop (didn't bet)
Seat 4: tintin641 (button) folded before Flop (didn't bet)
Seat 5: JUANS2 (small blind) folded before Flop
Seat 6: kvcsszblcs (big blind) collected ($1)



PokerStars Hand #254628588231:  Hold'em No Limit ($0.50/$1.00 USD) - 2025/01/30 21:51:00 WET [2025/01/30 16:51:00 ET]
Table 'Garumna' 6-max Seat #5 is the button
Seat 1: AAmel85 ($74.34 in chips) 
Seat 2: CichiChanMarian ($127.46 in chips) 
Seat 3: Nazareno1999 ($104 in chips) 
Seat 4: tintin641 ($134.15 in chips) 
Seat 5: JUANS2 ($105.46 in chips) 
Seat 6: kvcsszblcs ($100.50 in chips) 
kvcsszblcs: posts small blind $0.50
AAmel85: posts big blind $1
*** HOLE CARDS ***
CichiChanMarian: folds 
Nazareno1999: folds 
tintin641: folds 
JUANS2: raises $1.50 to $2.50
kvcsszblcs: folds 
AAmel85: folds 
Uncalled bet ($1.50) returned to JUANS2
JUANS2 collected $2.50 from pot
JUANS2: doesn't show hand 
*** SUMMARY ***
Total pot $2.50 | Rake $0 
Seat 1: AAmel85 (big blind) folded before Flop
Seat 2: CichiChanMarian folded before Flop (didn't bet)
Seat 3: Nazareno1999 folded before Flop (didn't bet)
Seat 4: tintin641 folded before Flop (didn't bet)
Seat 5: JUANS2 (button) collected ($2.50)
Seat 6: kvcsszblcs (small blind) folded before Flop



PokerStars Hand #254628595097:  Hold'em No Limit ($0.50/$1.00 USD) - 2025/01/30 21:51:23 WET [2025/01/30 16:51:23 ET]
Table 'Garumna' 6-max Seat #6 is the button
Seat 1: AAmel85 ($73.34 in chips) 
Seat 2: CichiChanMarian ($127.46 in chips) 
Seat 3: Nazareno1999 ($104 in chips) 
Seat 4: tintin641 ($134.15 in chips) 
Seat 5: JUANS2 ($106.96 in chips) 
Seat 6: kvcsszblcs ($100 in chips) 
AAmel85: posts small blind $0.50
CichiChanMarian: posts big blind $1
*** HOLE CARDS ***
Nazareno1999: folds 
tintin641: folds 
tintin641 leaves the table
JUANS2: folds 
kvcsszblcs: raises $1.25 to $2.25
AAmel85: folds 
CichiChanMarian: folds 
Uncalled bet ($1.25) returned to kvcsszblcs
BoyLoc0 joins the table at seat #4 
kvcsszblcs collected $2.50 from pot
kvcsszblcs: doesn't show hand 
*** SUMMARY ***
Total pot $2.50 | Rake $0 
Seat 1: AAmel85 (small blind) folded before Flop
Seat 2: CichiChanMarian (big blind) folded before Flop
Seat 3: Nazareno1999 folded before Flop (didn't bet)
Seat 4: tintin641 folded before Flop (didn't bet)
Seat 5: JUANS2 folded before Flop (didn't bet)
Seat 6: kvcsszblcs (button) collected ($2.50)



PokerStars Hand #254628602917:  Hold'em No Limit ($0.50/$1.00 USD) - 2025/01/30 21:51:50 WET [2025/01/30 16:51:50 ET]
Table 'Garumna' 6-max Seat #1 is the button
Seat 4: BoyLoc0 ($100 in chips) is sitting out
Seat 1: AAmel85 ($72.84 in chips) 
Seat 2: CichiChanMarian ($126.46 in chips) 
Seat 3: Nazareno1999 ($104 in chips) 
Seat 5: JUANS2 ($106.96 in chips) 
Seat 6: kvcsszblcs ($101.50 in chips) 
CichiChanMarian: posts small blind $0.50
Nazareno1999: posts big blind $1
BoyLoc0: sits out 
*** HOLE CARDS ***
JUANS2: raises $1.20 to $2.20
kvcsszblcs: folds 
AAmel85: folds 
CichiChanMarian: folds 
Nazareno1999: folds 
Uncalled bet ($1.20) returned to JUANS2
JUANS2 collected $2.50 from pot
JUANS2: doesn't show hand 
*** SUMMARY ***
Total pot $2.50 | Rake $0 
Seat 4: BoyLoc0
Seat 1: AAmel85 (button) folded before Flop (didn't bet)
Seat 2: CichiChanMarian (small blind) folded before Flop
Seat 3: Nazareno1999 (big blind) folded before Flop
Seat 5: JUANS2 collected ($2.50)
Seat 6: kvcsszblcs folded before Flop (didn't bet)



PokerStars Hand #254628608132:  Hold'em No Limit ($0.50/$1.00 USD) - 2025/01/30 21:52:08 WET [2025/01/30 16:52:08 ET]
Table 'Garumna' 6-max Seat #2 is the button
Seat 1: AAmel85 ($72.84 in chips) 
Seat 2: CichiChanMarian ($125.96 in chips) 
Seat 3: Nazareno1999 ($103 in chips) 
Seat 4: BoyLoc0 ($100 in chips) 
Seat 5: JUANS2 ($108.46 in chips) 
Seat 6: kvcsszblcs ($101.50 in chips) 
Nazareno1999: posts small blind $0.50
BoyLoc0: posts big blind $1
*** HOLE CARDS ***
JUANS2: raises $1.50 to $2.50
kvcsszblcs: folds 
AAmel85: raises $4.50 to $7
CichiChanMarian: folds 
Nazareno1999: folds 
BoyLoc0: folds 
JUANS2: folds 
Uncalled bet ($4.50) returned to AAmel85
AAmel85 collected $6.50 from pot
*** SUMMARY ***
Total pot $6.50 | Rake $0 
Seat 1: AAmel85 collected ($6.50)
Seat 2: CichiChanMarian (button) folded before Flop (didn't bet)
Seat 3: Nazareno1999 (small blind) folded before Flop
Seat 4: BoyLoc0 (big blind) folded before Flop
Seat 5: JUANS2 folded before Flop
Seat 6: kvcsszblcs folded before Flop (didn't bet)



PokerStars Hand #254628732729:  Hold'em No Limit ($0.50/$1.00 USD) - 2025/01/30 22:00:43 WET [2025/01/30 17:00:43 ET]
Table 'Garumna' 6-max Seat #4 is the button
Seat 6: kvcsszblcs ($100 in chips) is sitting out
Seat 1: AAmel85 ($32.33 in chips) 
Seat 2: CichiChanMarian ($120.96 in chips) 
Seat 3: Nazareno1999 ($100 in chips) 
Seat 4: BoyLoc0 ($100.09 in chips) 
Seat 5: JUANS2 ($231.28 in chips) 
JUANS2: posts small blind $0.50
kvcsszblcs: is sitting out 
AAmel85: posts big blind $1
*** HOLE CARDS ***
CichiChanMarian: folds 
Nazareno1999: raises $1.20 to $2.20
BoyLoc0: folds 
JUANS2: calls $1.70
AAmel85: raises $6.60 to $8.80
Nazareno1999: folds 
JUANS2: raises $31.70 to $40.50
AAmel85: calls $23.53 and is all-in
Uncalled bet ($8.17) returned to JUANS2
*** FLOP *** [3s Jd Qc]
*** TURN *** [3s Jd Qc] [5h]
*** RIVER *** [3s Jd Qc 5h] [6c]
*** SHOW DOWN ***
JUANS2: shows [8c 8h] (a pair of Eights)
AAmel85: shows [Jc Ac] (a pair of Jacks)
AAmel85 collected $64.36 from pot
*** SUMMARY ***
Total pot $66.86 | Rake $2.50 
Board [3s Jd Qc 5h 6c]
Seat 6: kvcsszblcs
Seat 1: AAmel85 (big blind) showed [Jc Ac] and won ($64.36) with a pair of Jacks
Seat 2: CichiChanMarian folded before Flop (didn't bet)
Seat 3: Nazareno1999 folded before Flop
Seat 4: BoyLoc0 (button) folded before Flop (didn't bet)
Seat 5: JUANS2 (small blind) showed [8c 8h] and lost with a pair of Eights



PokerStars Hand #254628749203:  Hold'em No Limit ($0.50/$1.00 USD) - 2025/01/30 22:01:47 WET [2025/01/30 17:01:47 ET]
Table 'Garumna' 6-max Seat #5 is the button
Seat 6: kvcsszblcs ($100 in chips) is sitting out
Seat 1: AAmel85 ($64.36 in chips) 
Seat 2: CichiChanMarian ($120.96 in chips) 
Seat 3: Nazareno1999 ($100 in chips) 
Seat 4: BoyLoc0 ($100.09 in chips) 
Seat 5: JUANS2 ($198.95 in chips) 
AAmel85: posts small blind $0.50
CichiChanMarian: posts big blind $1
*** HOLE CARDS ***
Nazareno1999: folds 
BoyLoc0: raises $1.50 to $2.50
JUANS2: raises $5 to $7.50
AAmel85: raises $18.50 to $26
CichiChanMarian: folds 
BoyLoc0: folds 
JUANS2: folds 
Uncalled bet ($18.50) returned to AAmel85
AAmel85 collected $18.50 from pot
*** SUMMARY ***
Total pot $18.50 | Rake $0 
Seat 6: kvcsszblcs
Seat 1: AAmel85 (small blind) collected ($18.50)
Seat 2: CichiChanMarian (big blind) folded before Flop
Seat 3: Nazareno1999 folded before Flop (didn't bet)
Seat 4: BoyLoc0 folded before Flop
Seat 5: JUANS2 (button) folded before Flop



PokerStars Hand #254628756317:  Hold'em No Limit ($0.50/$1.00 USD) - 2025/01/30 22:02:12 WET [2025/01/30 17:02:12 ET]
Table 'Garumna' 6-max Seat #1 is the button
Seat 6: kvcsszblcs ($100 in chips) is sitting out
Seat 1: AAmel85 ($75.36 in chips) 
Seat 2: CichiChanMarian ($119.96 in chips) 
Seat 3: Nazareno1999 ($100 in chips) 
Seat 4: BoyLoc0 ($100 in chips) 
Seat 5: JUANS2 ($191.45 in chips) 
CichiChanMarian: posts small blind $0.50
Nazareno1999: posts big blind $1
*** HOLE CARDS ***
BoyLoc0: raises $1.50 to $2.50
JUANS2: folds 
AAmel85: folds 
CichiChanMarian: folds 
Nazareno1999: folds 
Uncalled bet ($1.50) returned to BoyLoc0
BoyLoc0 collected $2.50 from pot
BoyLoc0: doesn't show hand 
*** SUMMARY ***
Total pot $2.50 | Rake $0 
Seat 6: kvcsszblcs
Seat 1: AAmel85 (button) folded before Flop (didn't bet)
Seat 2: CichiChanMarian (small blind) folded before Flop
Seat 3: Nazareno1999 (big blind) folded before Flop
Seat 4: BoyLoc0 collected ($2.50)
Seat 5: JUANS2 folded before Flop (didn't bet)



PokerStars Hand #254628760878:  Hold'em No Limit ($0.50/$1.00 USD) - 2025/01/30 22:02:28 WET [2025/01/30 17:02:28 ET]
Table 'Garumna' 6-max Seat #2 is the button
Seat 6: kvcsszblcs ($100 in chips) is sitting out
Seat 1: AAmel85 ($75.36 in chips) 
Seat 2: CichiChanMarian ($119.46 in chips) 
Seat 3: Nazareno1999 ($100 in chips) 
Seat 4: BoyLoc0 ($101.50 in chips) 
Seat 5: JUANS2 ($191.45 in chips) 
Nazareno1999: posts small blind $0.50
BoyLoc0: posts big blind $1
*** HOLE CARDS ***
JUANS2: folds 
AAmel85: folds 
CichiChanMarian: raises $1.50 to $2.50
Nazareno1999: folds 
BoyLoc0: folds 
Uncalled bet ($1.50) returned to CichiChanMarian
CichiChanMarian collected $2.50 from pot
CichiChanMarian: doesn't show hand 
*** SUMMARY ***
Total pot $2.50 | Rake $0 
Seat 6: kvcsszblcs
Seat 1: AAmel85 folded before Flop (didn't bet)
Seat 2: CichiChanMarian (button) collected ($2.50)
Seat 3: Nazareno1999 (small blind) folded before Flop
Seat 4: BoyLoc0 (big blind) folded before Flop
Seat 5: JUANS2 folded before Flop (didn't bet)



PokerStars Hand #254628764984:  Hold'em No Limit ($0.50/$1.00 USD) - 2025/01/30 22:02:43 WET [2025/01/30 17:02:43 ET]
Table 'Garumna' 6-max Seat #3 is the button
Seat 6: kvcsszblcs ($100 in chips) is sitting out
Seat 1: AAmel85 ($75.36 in chips) 
Seat 2: CichiChanMarian ($120.96 in chips) 
Seat 3: Nazareno1999 ($100 in chips) 
Seat 4: BoyLoc0 ($100.50 in chips) 
Seat 5: JUANS2 ($191.45 in chips) 
BoyLoc0: posts small blind $0.50
JUANS2: posts big blind $1
*** HOLE CARDS ***
AAmel85: raises $1 to $2
CichiChanMarian: raises $5 to $7
Nazareno1999: folds 
BoyLoc0: folds 
JUANS2: folds 
AAmel85: calls $5
*** FLOP *** [3d 9d Kc]
AAmel85: bets $14.72
CichiChanMarian: calls $14.72
*** TURN *** [3d 9d Kc] [9s]
AAmel85: bets $53.64 and is all-in
CichiChanMarian: calls $53.64
*** RIVER *** [3d 9d Kc 9s] [6s]
*** SHOW DOWN ***
AAmel85: shows [Kd Qc] (two pair, Kings and Nines)
CichiChanMarian: shows [Ac Ks] (two pair, Kings and Nines - Ace kicker)
CichiChanMarian collected $149.72 from pot
*** SUMMARY ***
Total pot $152.22 | Rake $2.50 
Board [3d 9d Kc 9s 6s]
Seat 6: kvcsszblcs
Seat 1: AAmel85 showed [Kd Qc] and lost with two pair, Kings and Nines
Seat 2: CichiChanMarian showed [Ac Ks] and won ($149.72) with two pair, Kings and Nines
Seat 3: Nazareno1999 (button) folded before Flop (didn't bet)
Seat 4: BoyLoc0 (small blind) folded before Flop
Seat 5: JUANS2 (big blind) folded before Flop



PokerStars Hand #254628773915:  Hold'em No Limit ($0.50/$1.00 USD) - 2025/01/30 22:03:13 WET [2025/01/30 17:03:13 ET]
Table 'Garumna' 6-max Seat #4 is the button
Seat 1: AAmel85 ($0 in chips) is sitting out
Seat 6: kvcsszblcs ($100 in chips) is sitting out
Seat 2: CichiChanMarian ($195.32 in chips) 
Seat 3: Nazareno1999 ($100 in chips) 
Seat 4: BoyLoc0 ($100 in chips) 
Seat 5: JUANS2 ($190.45 in chips) 
JUANS2: posts small blind $0.50
CichiChanMarian: posts big blind $1
*** HOLE CARDS ***
Nazareno1999: raises $1.20 to $2.20
BoyLoc0: folds 
AAmel85 leaves the table
JUANS2: folds 
kvcsszblcs leaves the table
CichiChanMarian: folds 
Uncalled bet ($1.20) returned to Nazareno1999
Nazareno1999 collected $2.50 from pot
Nazareno1999: doesn't show hand 
*** SUMMARY ***
Total pot $2.50 | Rake $0 
Seat 1: AAmel85
Seat 6: kvcsszblcs
Seat 2: CichiChanMarian (big blind) folded before Flop
Seat 3: Nazareno1999 collected ($2.50)
Seat 4: BoyLoc0 (button) folded before Flop (didn't bet)
Seat 5: JUANS2 (small blind) folded before Flop



PokerStars Hand #254628779827:  Hold'em No Limit ($0.50/$1.00 USD) - 2025/01/30 22:03:33 WET [2025/01/30 17:03:33 ET]
Table 'Garumna' 6-max Seat #5 is the button
Seat 3: Nazareno1999 ($101.50 in chips) is sitting out
Seat 2: CichiChanMarian ($194.32 in chips) 
Seat 4: BoyLoc0 ($100 in chips) 
Seat 5: JUANS2 ($189.95 in chips) 
CichiChanMarian: posts small blind $0.50
Nazareno1999: is sitting out 
BoyLoc0: posts big blind $1
*** HOLE CARDS ***
JUANS2: folds 
CichiChanMarian: raises $2 to $3
BoyLoc0: folds 
Uncalled bet ($2) returned to CichiChanMarian
CichiChanMarian collected $2 from pot
CichiChanMarian: doesn't show hand 
*** SUMMARY ***
Total pot $2 | Rake $0 
Seat 3: Nazareno1999
Seat 2: CichiChanMarian (small blind) collected ($2)
Seat 4: BoyLoc0 (big blind) folded before Flop
Seat 5: JUANS2 (button) folded before Flop (didn't bet)



PokerStars Hand #254628878295:  Hold'em No Limit ($0.50/$1.00 USD) - 2025/01/30 22:09:09 WET [2025/01/30 17:09:09 ET]
Table 'Garumna' 6-max Seat #1 is the button
Seat 3: nikalas22 ($100 in chips) is sitting out
Seat 1: tintin641 ($134.15 in chips) 
Seat 5: Xenicide ($100 in chips) 
tintin641: posts small blind $0.50
Xenicide: posts big blind $1
*** HOLE CARDS ***
tintin641: raises $1.50 to $2.50
Xenicide: folds 
Uncalled bet ($1.50) returned to tintin641
tintin641 collected $2 from pot
tintin641: doesn't show hand 
*** SUMMARY ***
Total pot $2 | Rake $0 
Seat 3: nikalas22
Seat 1: tintin641 (button) (small blind) collected ($2)
Seat 5: Xenicide (big blind) folded before Flop



PokerStars Hand #254628885930:  Hold'em No Limit ($0.50/$1.00 USD) - 2025/01/30 22:09:35 WET [2025/01/30 17:09:35 ET]
Table 'Garumna' 6-max Seat #5 is the button
Seat 3: nikalas22 ($100 in chips) is sitting out
Seat 1: tintin641 ($135.15 in chips) 
Seat 5: Xenicide ($100 in chips) 
Xenicide: posts small blind $0.50
tintin641: posts big blind $1
*** HOLE CARDS ***
Xenicide: raises $1.25 to $2.25
tintin641: calls $1.25
*** FLOP *** [4c Th Qd]
tintin641: checks 
Xenicide: bets $1.07
tintin641: calls $1.07
*** TURN *** [4c Th Qd] [Td]
tintin641: checks 
Xenicide: checks 
*** RIVER *** [4c Th Qd Td] [2h]
tintin641: checks 
Xenicide: checks 
*** SHOW DOWN ***
tintin641: shows [7s Qs] (two pair, Queens and Tens)
Xenicide: mucks hand 
tintin641 collected $6.31 from pot
*** SUMMARY ***
Total pot $6.64 | Rake $0.33 
Board [4c Th Qd Td 2h]
Seat 3: nikalas22
Seat 1: tintin641 (big blind) showed [7s Qs] and won ($6.31) with two pair, Queens and Tens
Seat 5: Xenicide (button) (small blind) mucked



PokerStars Hand #254628915537:  Hold'em No Limit ($0.50/$1.00 USD) - 2025/01/30 22:11:16 WET [2025/01/30 17:11:16 ET]
Table 'Garumna' 6-max Seat #5 is the button
Seat 1: tintin641 ($138.14 in chips) 
Seat 3: nikalas22 ($100 in chips) 
Seat 5: Xenicide ($100 in chips) 
tintin641: posts small blind $0.50
nikalas22: posts big blind $1
*** HOLE CARDS ***
Xenicide: raises $1.25 to $2.25
tintin641: folds 
nikalas22: raises $8.75 to $11
Xenicide: raises $11 to $22
nikalas22: folds 
Uncalled bet ($11) returned to Xenicide
Xenicide collected $22.50 from pot
*** SUMMARY ***
Total pot $22.50 | Rake $0 
Seat 1: tintin641 (small blind) folded before Flop
Seat 3: nikalas22 (big blind) folded before Flop
Seat 5: Xenicide (button) collected ($22.50)



PokerStars Hand #254628927603:  Hold'em No Limit ($0.50/$1.00 USD) - 2025/01/30 22:11:57 WET [2025/01/30 17:11:57 ET]
Table 'Garumna' 6-max Seat #1 is the button
Seat 1: tintin641 ($137.64 in chips) 
Seat 3: nikalas22 ($100 in chips) 
Seat 5: Xenicide ($111.50 in chips) 
nikalas22: posts small blind $0.50
Xenicide: posts big blind $1
*** HOLE CARDS ***
tintin641: raises $1.50 to $2.50
nikalas22: folds 
Xenicide: calls $1.50
*** FLOP *** [2d 3c 8h]
Xenicide: bets $1.62
tintin641: folds 
Uncalled bet ($1.62) returned to Xenicide
Xenicide collected $5.22 from pot
*** SUMMARY ***
Total pot $5.50 | Rake $0.28 
Board [2d 3c 8h]
Seat 1: tintin641 (button) folded on the Flop
Seat 3: nikalas22 (small blind) folded before Flop
Seat 5: Xenicide (big blind) collected ($5.22)



PokerStars Hand #254628942085:  Hold'em No Limit ($0.50/$1.00 USD) - 2025/01/30 22:12:47 WET [2025/01/30 17:12:47 ET]
Table 'Garumna' 6-max Seat #5 is the button
Seat 1: tintin641 ($135.14 in chips) is sitting out
Seat 3: nikalas22 ($100 in chips) 
Seat 5: Xenicide ($114.22 in chips) 
Xenicide: posts small blind $0.50
tintin641: is sitting out 
nikalas22: posts big blind $1
*** HOLE CARDS ***
tintin641 leaves the table
Xenicide: raises $1.25 to $2.25
Kristo 914 joins the table at seat #1 
nikalas22: calls $1.25
*** FLOP *** [Jd Ah 8h]
nikalas22: checks 
Xenicide: bets $1.07
nikalas22: calls $1.07
*** TURN *** [Jd Ah 8h] [3h]
nikalas22: checks 
Xenicide: checks 
*** RIVER *** [Jd Ah 8h 3h] [As]
nikalas22: checks 
Xenicide: checks 
*** SHOW DOWN ***
nikalas22: shows [Ts Jh] (two pair, Aces and Jacks)
Xenicide: mucks hand 
nikalas22 collected $6.31 from pot
*** SUMMARY ***
Total pot $6.64 | Rake $0.33 
Board [Jd Ah 8h 3h As]
Seat 1: tintin641
Seat 3: nikalas22 (big blind) showed [Ts Jh] and won ($6.31) with two pair, Aces and Jacks
Seat 5: Xenicide (button) (small blind) mucked



PokerStars Hand #254628959226:  Hold'em No Limit ($0.50/$1.00 USD) - 2025/01/30 22:13:46 WET [2025/01/30 17:13:46 ET]
Table 'Garumna' 6-max Seat #3 is the button
Seat 1: Kristo 914 ($100 in chips) 
Seat 3: nikalas22 ($102.99 in chips) 
Seat 5: Xenicide ($110.90 in chips) 
Xenicide: posts small blind $0.50
Kristo 914: posts big blind $1
*** HOLE CARDS ***
nikalas22: folds 
Xenicide: raises $2.50 to $3.50
Kristo 914: calls $2.50
*** FLOP *** [2s Ac 3h]
Xenicide: checks 
Kristo 914: checks 
*** TURN *** [2s Ac 3h] [Tc]
Xenicide: bets $8.31
Kristo 914: calls $8.31
*** RIVER *** [2s Ac 3h Tc] [5d]
Xenicide: checks 
Kristo 914: bets $18.66
Xenicide: calls $18.66
*** SHOW DOWN ***
Kristo 914: shows [4s Ad] (a straight, Ace to Five)
Xenicide: mucks hand 
Kristo 914 collected $59.94 from pot
*** SUMMARY ***
Total pot $60.94 | Rake $1 
Board [2s Ac 3h Tc 5d]
Seat 1: Kristo 914 (big blind) showed [4s Ad] and won ($59.94) with a straight, Ace to Five
Seat 3: nikalas22 (button) folded before Flop (didn't bet)
Seat 5: Xenicide (small blind) mucked



PokerStars Hand #254628983925:  Hold'em No Limit ($0.50/$1.00 USD) - 2025/01/30 22:15:13 WET [2025/01/30 17:15:13 ET]
Table 'Garumna' 6-max Seat #5 is the button
Seat 1: Kristo 914 ($129.47 in chips) 
Seat 3: nikalas22 ($102.99 in chips) 
Seat 5: Xenicide ($100 in chips) 
Kristo 914: posts small blind $0.50
nikalas22: posts big blind $1
*** HOLE CARDS ***
Xenicide: raises $1.25 to $2.25
Kristo 914: folds 
nikalas22: calls $1.25
*** FLOP *** [3c 2c Kc]
nikalas22: checks 
Xenicide: bets $1.19
nikalas22: folds 
Uncalled bet ($1.19) returned to Xenicide
Xenicide collected $4.75 from pot
*** SUMMARY ***
Total pot $5 | Rake $0.25 
Board [3c 2c Kc]
Seat 1: Kristo 914 (small blind) folded before Flop
Seat 3: nikalas22 (big blind) folded on the Flop
Seat 5: Xenicide (button) collected ($4.75)



PokerStars Hand #254628993983:  Hold'em No Limit ($0.50/$1.00 USD) - 2025/01/30 22:15:47 WET [2025/01/30 17:15:47 ET]
Table 'Garumna' 6-max Seat #1 is the button
Seat 1: Kristo 914 ($128.97 in chips) 
Seat 3: nikalas22 ($100.74 in chips) 
Seat 5: Xenicide ($102.50 in chips) 
nikalas22: posts small blind $0.50
Xenicide: posts big blind $1
*** HOLE CARDS ***
Kristo 914: raises $1.40 to $2.40
nikalas22: folds 
Xenicide: calls $1.40
*** FLOP *** [Kh 5c 4d]
Xenicide: checks 
Kristo 914: bets $1.46
Xenicide: folds 
Uncalled bet ($1.46) returned to Kristo 914
Kristo 914 collected $5.04 from pot
Kristo 914: doesn't show hand 
*** SUMMARY ***
Total pot $5.30 | Rake $0.26 
Board [Kh 5c 4d]
Seat 1: Kristo 914 (button) collected ($5.04)
Seat 3: nikalas22 (small blind) folded before Flop
Seat 5: Xenicide (big blind) folded on the Flop



PokerStars Hand #254629004402:  Hold'em No Limit ($0.50/$1.00 USD) - 2025/01/30 22:16:24 WET [2025/01/30 17:16:24 ET]
Table 'Garumna' 6-max Seat #5 is the button
Seat 1: Kristo 914 ($131.61 in chips) is sitting out
Seat 3: nikalas22 ($100.24 in chips) 
Seat 5: Xenicide ($100.10 in chips) 
Xenicide: posts small blind $0.50
Kristo 914: is sitting out 
nikalas22: posts big blind $1
*** HOLE CARDS ***
Xenicide: folds 
Uncalled bet ($0.50) returned to nikalas22
nikalas22 collected $1 from pot
nikalas22: doesn't show hand 
*** SUMMARY ***
Total pot $1 | Rake $0 
Seat 1: Kristo 914
Seat 3: nikalas22 (big blind) collected ($1)
Seat 5: Xenicide (button) (small blind) folded before Flop



