PokerStars Hand #254618402494:  Hold'em No Limit ($0.50/$1.00 USD) - 2025/01/30 7:36:49 WET [2025/01/30 2:36:49 ET]
Table 'Maja' 6-max Seat #1 is the button
Seat 5: trueYes.3970 ($0 in chips) is sitting out
Seat 1: steepfell ($100 in chips) 
Seat 2: himqa ($105.50 in chips) 
Seat 3: The_Pun1sh3r11 ($146.66 in chips) 
Seat 4: peak joker33 ($100 in chips) 
Seat 6: CMX1998 ($135.83 in chips) 
himqa: posts small blind $0.50
The_Pun1sh3r11: posts big blind $1
*** HOLE CARDS ***
peak joker33: folds 
CMX1998: calls $1
steepfell: folds 
himqa: folds 
The_Pun1sh3r11: raises $4 to $5
CMX1998: folds 
Uncalled bet ($4) returned to The_Pun1sh3r11
The_Pun1sh3r11 collected $2.50 from pot
The_Pun1sh3r11: doesn't show hand 
*** SUMMARY ***
Total pot $2.50 | Rake $0 
Seat 5: trueYes.3970
Seat 1: steepfell (button) folded before Flop (didn't bet)
Seat 2: himqa (small blind) folded before Flop
Seat 3: The_Pun1sh3r11 (big blind) collected ($2.50)
Seat 4: peak joker33 folded before Flop (didn't bet)
Seat 6: CMX1998 folded before Flop



PokerStars Hand #254618403492:  Hold'em No Limit ($0.50/$1.00 USD) - 2025/01/30 7:37:03 WET [2025/01/30 2:37:03 ET]
Table 'Maja' 6-max Seat #2 is the button
Seat 5: trueYes.3970 ($0 in chips) is sitting out
Seat 1: steepfell ($100 in chips) 
Seat 2: himqa ($105 in chips) 
Seat 3: The_Pun1sh3r11 ($148.16 in chips) 
Seat 4: peak joker33 ($100 in chips) 
Seat 6: CMX1998 ($134.83 in chips) 
The_Pun1sh3r11: posts small blind $0.50
peak joker33: posts big blind $1
*** HOLE CARDS ***
CMX1998: folds 
steepfell: raises $1.50 to $2.50
himqa: folds 
The_Pun1sh3r11: folds 
peak joker33: calls $1.50
*** FLOP *** [4c Ac 9d]
peak joker33: checks 
steepfell: bets $1.72
peak joker33: folds 
Uncalled bet ($1.72) returned to steepfell
steepfell collected $5.22 from pot
steepfell: doesn't show hand 
*** SUMMARY ***
Total pot $5.50 | Rake $0.28 
Board [4c Ac 9d]
Seat 5: trueYes.3970
Seat 1: steepfell collected ($5.22)
Seat 2: himqa (button) folded before Flop (didn't bet)
Seat 3: The_Pun1sh3r11 (small blind) folded before Flop
Seat 4: peak joker33 (big blind) folded on the Flop
Seat 6: CMX1998 folded before Flop (didn't bet)



PokerStars Hand #254618405235:  Hold'em No Limit ($0.50/$1.00 USD) - 2025/01/30 7:37:28 WET [2025/01/30 2:37:28 ET]
Table 'Maja' 6-max Seat #3 is the button
Seat 5: trueYes.3970 ($0 in chips) is sitting out
Seat 1: steepfell ($102.72 in chips) 
Seat 2: himqa ($105 in chips) 
Seat 3: The_Pun1sh3r11 ($147.66 in chips) 
Seat 4: peak joker33 ($100 in chips) 
Seat 6: CMX1998 ($134.83 in chips) 
peak joker33: posts small blind $0.50
CMX1998: posts big blind $1
*** HOLE CARDS ***
steepfell: folds 
himqa: folds 
The_Pun1sh3r11: folds 
peak joker33: raises $1.50 to $2.50
CMX1998: calls $1.50
*** FLOP *** [5c 8d Qs]
peak joker33: bets $1.57
CMX1998: calls $1.57
*** TURN *** [5c 8d Qs] [Js]
peak joker33: bets $2.55
CMX1998: calls $2.55
*** RIVER *** [5c 8d Qs Js] [3d]
peak joker33: checks 
CMX1998: checks 
*** SHOW DOWN ***
peak joker33: shows [7s 4s] (high card Queen)
CMX1998: shows [Ad Th] (high card Ace)
CMX1998 collected $12.58 from pot
*** SUMMARY ***
Total pot $13.24 | Rake $0.66 
Board [5c 8d Qs Js 3d]
Seat 5: trueYes.3970
Seat 1: steepfell folded before Flop (didn't bet)
Seat 2: himqa folded before Flop (didn't bet)
Seat 3: The_Pun1sh3r11 (button) folded before Flop (didn't bet)
Seat 4: peak joker33 (small blind) showed [7s 4s] and lost with high card Queen
Seat 6: CMX1998 (big blind) showed [Ad Th] and won ($12.58) with high card Ace



PokerStars Hand #254618407390:  Hold'em No Limit ($0.50/$1.00 USD) - 2025/01/30 7:37:58 WET [2025/01/30 2:37:58 ET]
Table 'Maja' 6-max Seat #4 is the button
Seat 5: trueYes.3970 ($0 in chips) is sitting out
Seat 1: steepfell ($102.72 in chips) 
Seat 2: himqa ($105 in chips) 
Seat 3: The_Pun1sh3r11 ($147.66 in chips) 
Seat 4: peak joker33 ($100 in chips) 
Seat 6: CMX1998 ($140.79 in chips) 
CMX1998: posts small blind $0.50
steepfell: posts big blind $1
*** HOLE CARDS ***
himqa: folds 
The_Pun1sh3r11: raises $2 to $3
peak joker33: folds 
CMX1998: folds 
steepfell: folds 
Uncalled bet ($2) returned to The_Pun1sh3r11
The_Pun1sh3r11 collected $2.50 from pot
The_Pun1sh3r11: doesn't show hand 
*** SUMMARY ***
Total pot $2.50 | Rake $0 
Seat 5: trueYes.3970
Seat 1: steepfell (big blind) folded before Flop
Seat 2: himqa folded before Flop (didn't bet)
Seat 3: The_Pun1sh3r11 collected ($2.50)
Seat 4: peak joker33 (button) folded before Flop (didn't bet)
Seat 6: CMX1998 (small blind) folded before Flop



PokerStars Hand #254618408206:  Hold'em No Limit ($0.50/$1.00 USD) - 2025/01/30 7:38:10 WET [2025/01/30 2:38:10 ET]
Table 'Maja' 6-max Seat #6 is the button
Seat 5: trueYes.3970 ($0 in chips) is sitting out
Seat 1: steepfell ($101.72 in chips) 
Seat 2: himqa ($105 in chips) 
Seat 3: The_Pun1sh3r11 ($149.16 in chips) 
Seat 4: peak joker33 ($100 in chips) 
Seat 6: CMX1998 ($140.29 in chips) 
steepfell: posts small blind $0.50
himqa: posts big blind $1
*** HOLE CARDS ***
The_Pun1sh3r11: folds 
peak joker33: raises $1.50 to $2.50
CMX1998: calls $2.50
steepfell: folds 
himqa: raises $11.50 to $14
peak joker33: folds 
CMX1998: folds 
Uncalled bet ($11.50) returned to himqa
himqa collected $8 from pot
himqa: doesn't show hand 
*** SUMMARY ***
Total pot $8 | Rake $0 
Seat 5: trueYes.3970
Seat 1: steepfell (small blind) folded before Flop
Seat 2: himqa (big blind) collected ($8)
Seat 3: The_Pun1sh3r11 folded before Flop (didn't bet)
Seat 4: peak joker33 folded before Flop
Seat 6: CMX1998 (button) folded before Flop



PokerStars Hand #254618409844:  Hold'em No Limit ($0.50/$1.00 USD) - 2025/01/30 7:38:33 WET [2025/01/30 2:38:33 ET]
Table 'Maja' 6-max Seat #1 is the button
Seat 5: trueYes.3970 ($0 in chips) is sitting out
Seat 1: steepfell ($101.22 in chips) 
Seat 2: himqa ($110.50 in chips) 
Seat 3: The_Pun1sh3r11 ($149.16 in chips) 
Seat 4: peak joker33 ($100 in chips) 
Seat 6: CMX1998 ($137.79 in chips) 
himqa: posts small blind $0.50
The_Pun1sh3r11: posts big blind $1
*** HOLE CARDS ***
peak joker33: folds 
CMX1998: calls $1
steepfell: raises $3 to $4
himqa: folds 
The_Pun1sh3r11: folds 
CMX1998: calls $3
*** FLOP *** [Kc 6d Ac]
CMX1998: checks 
steepfell: bets $4.51
CMX1998: folds 
Uncalled bet ($4.51) returned to steepfell
steepfell collected $9.02 from pot
steepfell: doesn't show hand 
*** SUMMARY ***
Total pot $9.50 | Rake $0.48 
Board [Kc 6d Ac]
Seat 5: trueYes.3970
Seat 1: steepfell (button) collected ($9.02)
Seat 2: himqa (small blind) folded before Flop
Seat 3: The_Pun1sh3r11 (big blind) folded before Flop
Seat 4: peak joker33 folded before Flop (didn't bet)
Seat 6: CMX1998 folded on the Flop



PokerStars Hand #254618411401:  Hold'em No Limit ($0.50/$1.00 USD) - 2025/01/30 7:38:56 WET [2025/01/30 2:38:56 ET]
Table 'Maja' 6-max Seat #2 is the button
Seat 5: trueYes.3970 ($0 in chips) is sitting out
Seat 1: steepfell ($106.24 in chips) 
Seat 2: himqa ($110 in chips) 
Seat 3: The_Pun1sh3r11 ($148.16 in chips) 
Seat 4: peak joker33 ($100 in chips) 
Seat 6: CMX1998 ($133.79 in chips) 
The_Pun1sh3r11: posts small blind $0.50
peak joker33: posts big blind $1
*** HOLE CARDS ***
CMX1998: calls $1
steepfell: folds 
himqa: raises $3 to $4
The_Pun1sh3r11: folds 
peak joker33: folds 
CMX1998: calls $3
*** FLOP *** [5c As 8c]
CMX1998: checks 
himqa: bets $2.98
CMX1998: calls $2.98
*** TURN *** [5c As 8c] [Qh]
CMX1998: checks 
himqa: bets $11.02
CMX1998: calls $11.02
*** RIVER *** [5c As 8c Qh] [3c]
CMX1998: bets $15
himqa: folds 
Uncalled bet ($15) returned to CMX1998
CMX1998 collected $35.62 from pot
*** SUMMARY ***
Total pot $37.50 | Rake $1.88 
Board [5c As 8c Qh 3c]
Seat 5: trueYes.3970
Seat 1: steepfell folded before Flop (didn't bet)
Seat 2: himqa (button) folded on the River
Seat 3: The_Pun1sh3r11 (small blind) folded before Flop
Seat 4: peak joker33 (big blind) folded before Flop
Seat 6: CMX1998 collected ($35.62)



PokerStars Hand #254618415586:  Hold'em No Limit ($0.50/$1.00 USD) - 2025/01/30 7:39:55 WET [2025/01/30 2:39:55 ET]
Table 'Maja' 6-max Seat #3 is the button
Seat 5: trueYes.3970 ($0 in chips) is sitting out
Seat 1: steepfell ($106.24 in chips) 
Seat 2: himqa ($100 in chips) 
Seat 3: The_Pun1sh3r11 ($147.66 in chips) 
Seat 4: peak joker33 ($100 in chips) 
Seat 6: CMX1998 ($151.41 in chips) 
peak joker33: posts small blind $0.50
CMX1998: posts big blind $1
*** HOLE CARDS ***
steepfell: folds 
himqa: raises $1.50 to $2.50
The_Pun1sh3r11: raises $5.50 to $8
peak joker33: folds 
CMX1998: folds 
himqa: calls $5.50
*** FLOP *** [8h 9s Ad]
himqa: checks 
The_Pun1sh3r11: bets $5.48
himqa: calls $5.48
*** TURN *** [8h 9s Ad] [3c]
himqa: checks 
The_Pun1sh3r11: bets $25.44
himqa: folds 
Uncalled bet ($25.44) returned to The_Pun1sh3r11
The_Pun1sh3r11 collected $27.04 from pot
The_Pun1sh3r11: doesn't show hand 
*** SUMMARY ***
Total pot $28.46 | Rake $1.42 
Board [8h 9s Ad 3c]
Seat 5: trueYes.3970
Seat 1: steepfell folded before Flop (didn't bet)
Seat 2: himqa folded on the Turn
Seat 3: The_Pun1sh3r11 (button) collected ($27.04)
Seat 4: peak joker33 (small blind) folded before Flop
Seat 6: CMX1998 (big blind) folded before Flop



PokerStars Hand #254618418287:  Hold'em No Limit ($0.50/$1.00 USD) - 2025/01/30 7:40:32 WET [2025/01/30 2:40:32 ET]
Table 'Maja' 6-max Seat #4 is the button
Seat 5: trueYes.3970 ($0 in chips) is sitting out
Seat 1: steepfell ($106.24 in chips) 
Seat 2: himqa ($100 in chips) 
Seat 3: The_Pun1sh3r11 ($161.22 in chips) 
Seat 4: peak joker33 ($100 in chips) 
Seat 6: CMX1998 ($150.41 in chips) 
CMX1998: posts small blind $0.50
steepfell: posts big blind $1
*** HOLE CARDS ***
himqa: raises $1.50 to $2.50
The_Pun1sh3r11: calls $2.50
peak joker33: folds 
CMX1998: calls $2
steepfell: calls $1.50
*** FLOP *** [Kh Js 4d]
CMX1998: checks 
steepfell: checks 
himqa: checks 
The_Pun1sh3r11: bets $7.89
CMX1998: folds 
steepfell: folds 
himqa: calls $7.89
*** TURN *** [Kh Js 4d] [5h]
himqa: checks 
The_Pun1sh3r11: bets $20.33
himqa: calls $20.33
*** RIVER *** [Kh Js 4d 5h] [Th]
himqa: checks 
The_Pun1sh3r11: checks 
*** SHOW DOWN ***
himqa: shows [Jc Ac] (a pair of Jacks)
The_Pun1sh3r11: shows [Qh Ks] (a pair of Kings)
The_Pun1sh3r11 collected $63.94 from pot
*** SUMMARY ***
Total pot $66.44 | Rake $2.50 
Board [Kh Js 4d 5h Th]
Seat 5: trueYes.3970
Seat 1: steepfell (big blind) folded on the Flop
Seat 2: himqa showed [Jc Ac] and lost with a pair of Jacks
Seat 3: The_Pun1sh3r11 showed [Qh Ks] and won ($63.94) with a pair of Kings
Seat 4: peak joker33 (button) folded before Flop (didn't bet)
Seat 6: CMX1998 (small blind) folded on the Flop



PokerStars Hand #254618421080:  Hold'em No Limit ($0.50/$1.00 USD) - 2025/01/30 7:41:11 WET [2025/01/30 2:41:11 ET]
Table 'Maja' 6-max Seat #6 is the button
Seat 5: trueYes.3970 ($0 in chips) is sitting out
Seat 1: steepfell ($103.74 in chips) 
Seat 2: himqa ($100 in chips) 
Seat 3: The_Pun1sh3r11 ($194.44 in chips) 
Seat 4: peak joker33 ($100 in chips) 
Seat 6: CMX1998 ($147.91 in chips) 
steepfell: posts small blind $0.50
himqa: posts big blind $1
*** HOLE CARDS ***
The_Pun1sh3r11: folds 
peak joker33: folds 
CMX1998: folds 
steepfell: folds 
Uncalled bet ($0.50) returned to himqa
himqa collected $1 from pot
himqa: doesn't show hand 
*** SUMMARY ***
Total pot $1 | Rake $0 
Seat 5: trueYes.3970
Seat 1: steepfell (small blind) folded before Flop
Seat 2: himqa (big blind) collected ($1)
Seat 3: The_Pun1sh3r11 folded before Flop (didn't bet)
Seat 4: peak joker33 folded before Flop (didn't bet)
Seat 6: CMX1998 (button) folded before Flop (didn't bet)



PokerStars Hand #254618421973:  Hold'em No Limit ($0.50/$1.00 USD) - 2025/01/30 7:41:23 WET [2025/01/30 2:41:23 ET]
Table 'Maja' 6-max Seat #1 is the button
Seat 5: trueYes.3970 ($0 in chips) is sitting out
Seat 1: steepfell ($103.24 in chips) 
Seat 2: himqa ($100.50 in chips) 
Seat 3: The_Pun1sh3r11 ($194.44 in chips) 
Seat 4: peak joker33 ($100 in chips) 
Seat 6: CMX1998 ($147.91 in chips) 
himqa: posts small blind $0.50
The_Pun1sh3r11: posts big blind $1
*** HOLE CARDS ***
peak joker33: raises $1.50 to $2.50
CMX1998: calls $2.50
steepfell: folds 
himqa: folds 
The_Pun1sh3r11: folds 
*** FLOP *** [7c Th Kc]
peak joker33: checks 
CMX1998: checks 
*** TURN *** [7c Th Kc] [Ts]
peak joker33: bets $2.04
CMX1998: calls $2.04
*** RIVER *** [7c Th Kc Ts] [5h]
peak joker33: checks 
CMX1998: bets $21
peak joker33: folds 
Uncalled bet ($21) returned to CMX1998
CMX1998 collected $10.05 from pot
*** SUMMARY ***
Total pot $10.58 | Rake $0.53 
Board [7c Th Kc Ts 5h]
Seat 5: trueYes.3970
Seat 1: steepfell (button) folded before Flop (didn't bet)
Seat 2: himqa (small blind) folded before Flop
Seat 3: The_Pun1sh3r11 (big blind) folded before Flop
Seat 4: peak joker33 folded on the River
Seat 6: CMX1998 collected ($10.05)



PokerStars Hand #254618424189:  Hold'em No Limit ($0.50/$1.00 USD) - 2025/01/30 7:41:53 WET [2025/01/30 2:41:53 ET]
Table 'Maja' 6-max Seat #2 is the button
Seat 5: trueYes.3970 ($0 in chips) is sitting out
Seat 1: steepfell ($103.24 in chips) 
Seat 2: himqa ($100 in chips) 
Seat 3: The_Pun1sh3r11 ($193.44 in chips) 
Seat 4: peak joker33 ($100 in chips) 
Seat 6: CMX1998 ($153.42 in chips) 
The_Pun1sh3r11: posts small blind $0.50
peak joker33: posts big blind $1
*** HOLE CARDS ***
CMX1998: calls $1
steepfell: raises $3 to $4
himqa: calls $4
The_Pun1sh3r11: folds 
peak joker33: folds 
CMX1998: calls $3
*** FLOP *** [3h Td As]
CMX1998: checks 
steepfell: bets $4.23
himqa: calls $4.23
CMX1998: folds 
*** TURN *** [3h Td As] [Th]
steepfell: checks 
himqa: bets $6.88
steepfell: folds 
Uncalled bet ($6.88) returned to himqa
himqa collected $20.86 from pot
himqa: doesn't show hand 
*** SUMMARY ***
Total pot $21.96 | Rake $1.10 
Board [3h Td As Th]
Seat 5: trueYes.3970
Seat 1: steepfell folded on the Turn
Seat 2: himqa (button) collected ($20.86)
Seat 3: The_Pun1sh3r11 (small blind) folded before Flop
Seat 4: peak joker33 (big blind) folded before Flop
Seat 6: CMX1998 folded on the Flop



PokerStars Hand #254618428231:  Hold'em No Limit ($0.50/$1.00 USD) - 2025/01/30 7:42:48 WET [2025/01/30 2:42:48 ET]
Table 'Maja' 6-max Seat #3 is the button
Seat 5: trueYes.3970 ($0 in chips) is sitting out
Seat 1: steepfell ($100 in chips) 
Seat 2: himqa ($112.63 in chips) 
Seat 3: The_Pun1sh3r11 ($192.94 in chips) 
Seat 4: peak joker33 ($100 in chips) 
Seat 6: CMX1998 ($149.42 in chips) 
peak joker33: posts small blind $0.50
CMX1998: posts big blind $1
*** HOLE CARDS ***
steepfell: folds 
himqa: raises $1.50 to $2.50
The_Pun1sh3r11: folds 
peak joker33: folds 
CMX1998: calls $1.50
*** FLOP *** [5s 8s Qc]
CMX1998: checks 
himqa: checks 
*** TURN *** [5s 8s Qc] [Qh]
CMX1998: checks 
himqa: checks 
*** RIVER *** [5s 8s Qc Qh] [Ks]
CMX1998: bets $2
himqa: folds 
Uncalled bet ($2) returned to CMX1998
CMX1998 collected $5.22 from pot
trueYes.3970 leaves the table
*** SUMMARY ***
Total pot $5.50 | Rake $0.28 
Board [5s 8s Qc Qh Ks]
Seat 5: trueYes.3970
Seat 1: steepfell folded before Flop (didn't bet)
Seat 2: himqa folded on the River
Seat 3: The_Pun1sh3r11 (button) folded before Flop (didn't bet)
Seat 4: peak joker33 (small blind) folded before Flop
Seat 6: CMX1998 (big blind) collected ($5.22)



PokerStars Hand #254618430911:  Hold'em No Limit ($0.50/$1.00 USD) - 2025/01/30 7:43:25 WET [2025/01/30 2:43:25 ET]
Table 'Maja' 6-max Seat #4 is the button
Seat 1: steepfell ($100 in chips) 
Seat 2: himqa ($110.13 in chips) 
Seat 3: The_Pun1sh3r11 ($192.94 in chips) 
Seat 4: peak joker33 ($100 in chips) 
Seat 6: CMX1998 ($152.14 in chips) 
CMX1998: posts small blind $0.50
steepfell: posts big blind $1
*** HOLE CARDS ***
himqa: folds 
The_Pun1sh3r11: folds 
peak joker33: raises $1.50 to $2.50
CMX1998: folds 
steepfell: folds 
Uncalled bet ($1.50) returned to peak joker33
peak joker33 collected $2.50 from pot
peak joker33: doesn't show hand 
*** SUMMARY ***
Total pot $2.50 | Rake $0 
Seat 1: steepfell (big blind) folded before Flop
Seat 2: himqa folded before Flop (didn't bet)
Seat 3: The_Pun1sh3r11 folded before Flop (didn't bet)
Seat 4: peak joker33 (button) collected ($2.50)
Seat 6: CMX1998 (small blind) folded before Flop



PokerStars Hand #254618432747:  Hold'em No Limit ($0.50/$1.00 USD) - 2025/01/30 7:43:49 WET [2025/01/30 2:43:49 ET]
Table 'Maja' 6-max Seat #6 is the button
Seat 1: steepfell ($100 in chips) 
Seat 2: himqa ($110.13 in chips) 
Seat 3: The_Pun1sh3r11 ($192.94 in chips) 
Seat 4: peak joker33 ($101.50 in chips) 
Seat 6: CMX1998 ($151.64 in chips) 
steepfell: posts small blind $0.50
himqa: posts big blind $1
*** HOLE CARDS ***
The_Pun1sh3r11: raises $2 to $3
peak joker33: folds 
CMX1998: calls $3
steepfell: folds 
himqa: calls $2
*** FLOP *** [Qd Tc Jh]
himqa: checks 
The_Pun1sh3r11: bets $7.49
CMX1998: folds 
himqa: folds 
Uncalled bet ($7.49) returned to The_Pun1sh3r11
The_Pun1sh3r11 collected $9.02 from pot
The_Pun1sh3r11: doesn't show hand 
*** SUMMARY ***
Total pot $9.50 | Rake $0.48 
Board [Qd Tc Jh]
Seat 1: steepfell (small blind) folded before Flop
Seat 2: himqa (big blind) folded on the Flop
Seat 3: The_Pun1sh3r11 collected ($9.02)
Seat 4: peak joker33 folded before Flop (didn't bet)
Seat 6: CMX1998 (button) folded on the Flop



PokerStars Hand #254618434744:  Hold'em No Limit ($0.50/$1.00 USD) - 2025/01/30 7:44:16 WET [2025/01/30 2:44:16 ET]
Table 'Maja' 6-max Seat #1 is the button
Seat 1: steepfell ($100 in chips) 
Seat 2: himqa ($107.13 in chips) 
Seat 3: The_Pun1sh3r11 ($198.96 in chips) 
Seat 4: peak joker33 ($101.50 in chips) 
Seat 6: CMX1998 ($148.64 in chips) 
himqa: posts small blind $0.50
The_Pun1sh3r11: posts big blind $1
*** HOLE CARDS ***
peak joker33: raises $1.50 to $2.50
CMX1998: calls $2.50
steepfell: folds 
himqa: folds 
The_Pun1sh3r11: folds 
*** FLOP *** [3s 6s 5c]
peak joker33: bets $3.09
CMX1998: calls $3.09
*** TURN *** [3s 6s 5c] [6c]
peak joker33: bets $6.03
CMX1998: calls $6.03
*** RIVER *** [3s 6s 5c 6c] [8s]
ptolejmus joins the table at seat #5 
peak joker33: bets $35
CMX1998: folds 
Uncalled bet ($35) returned to peak joker33
peak joker33 collected $23.50 from pot
peak joker33: doesn't show hand 
*** SUMMARY ***
Total pot $24.74 | Rake $1.24 
Board [3s 6s 5c 6c 8s]
Seat 1: steepfell (button) folded before Flop (didn't bet)
Seat 2: himqa (small blind) folded before Flop
Seat 3: The_Pun1sh3r11 (big blind) folded before Flop
Seat 4: peak joker33 collected ($23.50)
Seat 6: CMX1998 folded on the River



PokerStars Hand #254618438505:  Hold'em No Limit ($0.50/$1.00 USD) - 2025/01/30 7:45:08 WET [2025/01/30 2:45:08 ET]
Table 'Maja' 6-max Seat #2 is the button
Seat 5: ptolejmus ($10 in chips) is sitting out
Seat 1: steepfell ($100 in chips) 
Seat 2: himqa ($106.63 in chips) 
Seat 3: The_Pun1sh3r11 ($197.96 in chips) 
Seat 4: peak joker33 ($113.38 in chips) 
Seat 6: CMX1998 ($137.02 in chips) 
The_Pun1sh3r11: posts small blind $0.50
peak joker33: posts big blind $1
ptolejmus: sits out 
*** HOLE CARDS ***
CMX1998: folds 
steepfell: folds 
himqa: folds 
The_Pun1sh3r11: raises $2 to $3
peak joker33: folds 
Uncalled bet ($2) returned to The_Pun1sh3r11
The_Pun1sh3r11 collected $2 from pot
The_Pun1sh3r11: doesn't show hand 
*** SUMMARY ***
Total pot $2 | Rake $0 
Seat 5: ptolejmus
Seat 1: steepfell folded before Flop (didn't bet)
Seat 2: himqa (button) folded before Flop (didn't bet)
Seat 3: The_Pun1sh3r11 (small blind) collected ($2)
Seat 4: peak joker33 (big blind) folded before Flop
Seat 6: CMX1998 folded before Flop (didn't bet)



PokerStars Hand #254618439720:  Hold'em No Limit ($0.50/$1.00 USD) - 2025/01/30 7:45:24 WET [2025/01/30 2:45:24 ET]
Table 'Maja' 6-max Seat #3 is the button
Seat 1: steepfell ($100 in chips) 
Seat 2: himqa ($106.63 in chips) 
Seat 3: The_Pun1sh3r11 ($198.96 in chips) 
Seat 4: peak joker33 ($112.38 in chips) 
Seat 5: ptolejmus ($10 in chips) 
Seat 6: CMX1998 ($137.02 in chips) 
peak joker33: posts small blind $0.50
ptolejmus: posts big blind $1
*** HOLE CARDS ***
CMX1998: calls $1
steepfell: folds 
himqa: folds 
The_Pun1sh3r11: folds 
peak joker33: folds 
ptolejmus: checks 
*** FLOP *** [Td 4d Kc]
ptolejmus: checks 
CMX1998: checks 
*** TURN *** [Td 4d Kc] [Jc]
ptolejmus: checks 
CMX1998: checks 
*** RIVER *** [Td 4d Kc Jc] [Kd]
ptolejmus: bets $1
CMX1998: calls $1
*** SHOW DOWN ***
ptolejmus: shows [8c 5s] (a pair of Kings)
CMX1998: shows [8h Qs] (a pair of Kings - Queen kicker)
CMX1998 collected $4.28 from pot
*** SUMMARY ***
Total pot $4.50 | Rake $0.22 
Board [Td 4d Kc Jc Kd]
Seat 1: steepfell folded before Flop (didn't bet)
Seat 2: himqa folded before Flop (didn't bet)
Seat 3: The_Pun1sh3r11 (button) folded before Flop (didn't bet)
Seat 4: peak joker33 (small blind) folded before Flop
Seat 5: ptolejmus (big blind) showed [8c 5s] and lost with a pair of Kings
Seat 6: CMX1998 showed [8h Qs] and won ($4.28) with a pair of Kings



PokerStars Hand #254618442305:  Hold'em No Limit ($0.50/$1.00 USD) - 2025/01/30 7:45:58 WET [2025/01/30 2:45:58 ET]
Table 'Maja' 6-max Seat #4 is the button
Seat 1: steepfell ($100 in chips) 
Seat 2: himqa ($106.63 in chips) 
Seat 3: The_Pun1sh3r11 ($198.96 in chips) 
Seat 4: peak joker33 ($111.88 in chips) 
Seat 5: ptolejmus ($10 in chips) 
Seat 6: CMX1998 ($139.30 in chips) 
ptolejmus: posts small blind $0.50
CMX1998: posts big blind $1
*** HOLE CARDS ***
steepfell: folds 
himqa: raises $1.50 to $2.50
The_Pun1sh3r11: folds 
peak joker33: calls $2.50
ptolejmus: folds 
CMX1998: calls $1.50
*** FLOP *** [Td 9c 7d]
CMX1998: checks 
himqa: checks 
peak joker33: bets $5.70
CMX1998: folds 
himqa: folds 
Uncalled bet ($5.70) returned to peak joker33
peak joker33 collected $7.60 from pot
peak joker33: doesn't show hand 
*** SUMMARY ***
Total pot $8 | Rake $0.40 
Board [Td 9c 7d]
Seat 1: steepfell folded before Flop (didn't bet)
Seat 2: himqa folded on the Flop
Seat 3: The_Pun1sh3r11 folded before Flop (didn't bet)
Seat 4: peak joker33 (button) collected ($7.60)
Seat 5: ptolejmus (small blind) folded before Flop
Seat 6: CMX1998 (big blind) folded on the Flop



PokerStars Hand #254618445562:  Hold'em No Limit ($0.50/$1.00 USD) - 2025/01/30 7:46:42 WET [2025/01/30 2:46:42 ET]
Table 'Maja' 6-max Seat #5 is the button
Seat 1: steepfell ($100 in chips) 
Seat 2: himqa ($104.13 in chips) 
Seat 3: The_Pun1sh3r11 ($198.96 in chips) 
Seat 4: peak joker33 ($116.98 in chips) 
Seat 5: ptolejmus ($10 in chips) 
Seat 6: CMX1998 ($136.80 in chips) 
CMX1998: posts small blind $0.50
steepfell: posts big blind $1
*** HOLE CARDS ***
himqa: folds 
The_Pun1sh3r11: folds 
peak joker33: folds 
ptolejmus: folds 
CMX1998: calls $0.50
steepfell: checks 
*** FLOP *** [6c 5s Js]
CMX1998: checks 
steepfell: checks 
*** TURN *** [6c 5s Js] [5h]
CMX1998: checks 
steepfell: checks 
*** RIVER *** [6c 5s Js 5h] [8s]
CMX1998: bets $3
steepfell: folds 
Uncalled bet ($3) returned to CMX1998
CMX1998 collected $1.90 from pot
*** SUMMARY ***
Total pot $2 | Rake $0.10 
Board [6c 5s Js 5h 8s]
Seat 1: steepfell (big blind) folded on the River
Seat 2: himqa folded before Flop (didn't bet)
Seat 3: The_Pun1sh3r11 folded before Flop (didn't bet)
Seat 4: peak joker33 folded before Flop (didn't bet)
Seat 5: ptolejmus (button) folded before Flop (didn't bet)
Seat 6: CMX1998 (small blind) collected ($1.90)



PokerStars Hand #254618448016:  Hold'em No Limit ($0.50/$1.00 USD) - 2025/01/30 7:47:16 WET [2025/01/30 2:47:16 ET]
Table 'Maja' 6-max Seat #6 is the button
Seat 1: steepfell ($100 in chips) 
Seat 2: himqa ($104.13 in chips) 
Seat 3: The_Pun1sh3r11 ($198.96 in chips) 
Seat 4: peak joker33 ($116.98 in chips) 
Seat 5: ptolejmus ($10 in chips) 
Seat 6: CMX1998 ($137.70 in chips) 
steepfell: posts small blind $0.50
himqa: posts big blind $1
*** HOLE CARDS ***
The_Pun1sh3r11: folds 
peak joker33: folds 
ptolejmus: raises $9 to $10 and is all-in
CMX1998: calls $10
steepfell: folds 
himqa: folds 
*** FLOP *** [4d Jd 9c]
*** TURN *** [4d Jd 9c] [7c]
*** RIVER *** [4d Jd 9c 7c] [5s]
*** SHOW DOWN ***
ptolejmus: shows [Kh Ac] (high card Ace)
CMX1998: shows [Kc Th] (high card King)
ptolejmus collected $20.42 from pot
*** SUMMARY ***
Total pot $21.50 | Rake $1.08 
Board [4d Jd 9c 7c 5s]
Seat 1: steepfell (small blind) folded before Flop
Seat 2: himqa (big blind) folded before Flop
Seat 3: The_Pun1sh3r11 folded before Flop (didn't bet)
Seat 4: peak joker33 folded before Flop (didn't bet)
Seat 5: ptolejmus showed [Kh Ac] and won ($20.42) with high card Ace
Seat 6: CMX1998 (button) showed [Kc Th] and lost with high card King



PokerStars Hand #254618450908:  Hold'em No Limit ($0.50/$1.00 USD) - 2025/01/30 7:47:56 WET [2025/01/30 2:47:56 ET]
Table 'Maja' 6-max Seat #1 is the button
Seat 1: steepfell ($100 in chips) 
Seat 2: himqa ($103.13 in chips) 
Seat 3: The_Pun1sh3r11 ($198.96 in chips) 
Seat 4: peak joker33 ($116.98 in chips) 
Seat 5: ptolejmus ($20.42 in chips) 
Seat 6: CMX1998 ($127.70 in chips) 
himqa: posts small blind $0.50
The_Pun1sh3r11: posts big blind $1
*** HOLE CARDS ***
peak joker33: raises $1.50 to $2.50
ptolejmus: folds 
CMX1998: calls $2.50
steepfell: folds 
himqa: raises $11.50 to $14
The_Pun1sh3r11: folds 
peak joker33: raises $14 to $28
CMX1998: folds 
himqa: calls $14
*** FLOP *** [Js Ks 3h]
The_Pun1sh3r11 leaves the table
himqa: checks 
peak joker33: bets $18.81
himqa: calls $18.81
*** TURN *** [Js Ks 3h] [4d]
himqa: checks 
peak joker33: checks 
*** RIVER *** [Js Ks 3h 4d] [4s]
himqa: bets $56.32 and is all-in
peak joker33: folds 
Uncalled bet ($56.32) returned to himqa
himqa collected $94.62 from pot
himqa: doesn't show hand 
*** SUMMARY ***
Total pot $97.12 | Rake $2.50 
Board [Js Ks 3h 4d 4s]
Seat 1: steepfell (button) folded before Flop (didn't bet)
Seat 2: himqa (small blind) collected ($94.62)
Seat 3: The_Pun1sh3r11 (big blind) folded before Flop
Seat 4: peak joker33 folded on the River
Seat 5: ptolejmus folded before Flop (didn't bet)
Seat 6: CMX1998 folded before Flop



PokerStars Hand #254618458766:  Hold'em No Limit ($0.50/$1.00 USD) - 2025/01/30 7:49:44 WET [2025/01/30 2:49:44 ET]
Table 'Maja' 6-max Seat #2 is the button
Seat 5: ptolejmus ($20.42 in chips) is sitting out
Seat 1: steepfell ($100 in chips) 
Seat 2: himqa ($150.94 in chips) 
Seat 4: peak joker33 ($100 in chips) 
Seat 6: CMX1998 ($125.20 in chips) 
peak joker33: posts small blind $0.50
ptolejmus: is sitting out 
CMX1998: posts big blind $1
*** HOLE CARDS ***
steepfell: folds 
himqa: raises $1.50 to $2.50
peak joker33: folds 
ptolejmus leaves the table
CMX1998: calls $1.50
*** FLOP *** [7s 4s Jh]
CMX1998: checks 
himqa: bets $1.72
CMX1998: calls $1.72
*** TURN *** [7s 4s Jh] [Ac]
CashfishT joins the table at seat #3 
CMX1998: bets $4
himqa: calls $4
*** RIVER *** [7s 4s Jh Ac] [9h]
CMX1998: checks 
MaRKiToScoK joins the table at seat #5 
himqa: checks 
*** SHOW DOWN ***
CMX1998: shows [Tc Qh] (high card Ace)
himqa: shows [Td Ts] (a pair of Tens)
himqa collected $16.09 from pot
*** SUMMARY ***
Total pot $16.94 | Rake $0.85 
Board [7s 4s Jh Ac 9h]
Seat 5: ptolejmus
Seat 1: steepfell folded before Flop (didn't bet)
Seat 2: himqa (button) showed [Td Ts] and won ($16.09) with a pair of Tens
Seat 4: peak joker33 (small blind) folded before Flop
Seat 6: CMX1998 (big blind) showed [Tc Qh] and lost with high card Ace



PokerStars Hand #254618462032:  Hold'em No Limit ($0.50/$1.00 USD) - 2025/01/30 7:50:29 WET [2025/01/30 2:50:29 ET]
Table 'Maja' 6-max Seat #4 is the button
Seat 3: CashfishT ($100 in chips) is sitting out
Seat 5: MaRKiToScoK ($100 in chips) is sitting out
Seat 1: steepfell ($100 in chips) 
Seat 2: himqa ($158.81 in chips) 
Seat 4: peak joker33 ($100 in chips) 
Seat 6: CMX1998 ($116.98 in chips) 
CMX1998: posts small blind $0.50
steepfell: posts big blind $1
CashfishT: sits out 
*** HOLE CARDS ***
himqa: folds 
peak joker33: raises $1.50 to $2.50
CMX1998: calls $2
steepfell: folds 
*** FLOP *** [5h Jh 5s]
CMX1998: checks 
peak joker33: bets $1.43
CMX1998: calls $1.43
*** TURN *** [5h Jh 5s] [Kh]
CMX1998: checks 
peak joker33: checks 
*** RIVER *** [5h Jh 5s Kh] [Ac]
CMX1998: bets $4
peak joker33: folds 
Uncalled bet ($4) returned to CMX1998
CMX1998 collected $8.42 from pot
*** SUMMARY ***
Total pot $8.86 | Rake $0.44 
Board [5h Jh 5s Kh Ac]
Seat 3: CashfishT
Seat 5: MaRKiToScoK
Seat 1: steepfell (big blind) folded before Flop
Seat 2: himqa folded before Flop (didn't bet)
Seat 4: peak joker33 (button) folded on the River
Seat 6: CMX1998 (small blind) collected ($8.42)



PokerStars Hand #254618465986:  Hold'em No Limit ($0.50/$1.00 USD) - 2025/01/30 7:51:23 WET [2025/01/30 2:51:23 ET]
Table 'Maja' 6-max Seat #6 is the button
Seat 3: CashfishT ($100 in chips) is sitting out
Seat 5: MaRKiToScoK ($100 in chips) is sitting out
Seat 1: steepfell ($100 in chips) 
Seat 2: himqa ($158.81 in chips) 
Seat 4: peak joker33 ($100 in chips) 
Seat 6: CMX1998 ($121.47 in chips) 
steepfell: posts small blind $0.50
himqa: posts big blind $1
CashfishT: sits out 
MaRKiToScoK: sits out 
*** HOLE CARDS ***
peak joker33: folds 
CMX1998: calls $1
steepfell: folds 
himqa: raises $4 to $5
CMX1998: calls $4
*** FLOP *** [Jh Js Tc]
himqa: bets $4.99
CMX1998: calls $4.99
*** TURN *** [Jh Js Tc] [6s]
himqa: bets $9.74
CMX1998: folds 
Uncalled bet ($9.74) returned to himqa
himqa collected $19.48 from pot
himqa: doesn't show hand 
*** SUMMARY ***
Total pot $20.48 | Rake $1 
Board [Jh Js Tc 6s]
Seat 3: CashfishT
Seat 5: MaRKiToScoK
Seat 1: steepfell (small blind) folded before Flop
Seat 2: himqa (big blind) collected ($19.48)
Seat 4: peak joker33 folded before Flop (didn't bet)
Seat 6: CMX1998 (button) folded on the Turn



PokerStars Hand #254618469097:  Hold'em No Limit ($0.50/$1.00 USD) - 2025/01/30 7:52:05 WET [2025/01/30 2:52:05 ET]
Table 'Maja' 6-max Seat #1 is the button
Seat 5: MaRKiToScoK ($100 in chips) is sitting out
Seat 1: steepfell ($100 in chips) 
Seat 2: himqa ($168.30 in chips) 
Seat 3: CashfishT ($100 in chips) 
Seat 4: peak joker33 ($100 in chips) 
Seat 6: CMX1998 ($111.48 in chips) 
himqa: posts small blind $0.50
CashfishT: posts big blind $1
MaRKiToScoK: sits out 
*** HOLE CARDS ***
peak joker33: folds 
CMX1998: calls $1
steepfell: folds 
himqa: raises $4 to $5
CashfishT: calls $4
CMX1998: calls $4
*** FLOP *** [2s 8d 8c]
himqa: checks 
CashfishT: checks 
CMX1998: checks 
*** TURN *** [2s 8d 8c] [8s]
himqa: bets $7.13
CashfishT: folds 
CMX1998: calls $7.13
*** RIVER *** [2s 8d 8c 8s] [4d]
himqa: checks 
CMX1998: checks 
*** SHOW DOWN ***
himqa: shows [9d Ah] (three of a kind, Eights)
CMX1998: mucks hand 
himqa collected $27.80 from pot
*** SUMMARY ***
Total pot $29.26 | Rake $1.46 
Board [2s 8d 8c 8s 4d]
Seat 5: MaRKiToScoK
Seat 1: steepfell (button) folded before Flop (didn't bet)
Seat 2: himqa (small blind) showed [9d Ah] and won ($27.80) with three of a kind, Eights
Seat 3: CashfishT (big blind) folded on the Turn
Seat 4: peak joker33 folded before Flop (didn't bet)
Seat 6: CMX1998 mucked



PokerStars Hand #254618474892:  Hold'em No Limit ($0.50/$1.00 USD) - 2025/01/30 7:53:24 WET [2025/01/30 2:53:24 ET]
Table 'Maja' 6-max Seat #2 is the button
Seat 5: MaRKiToScoK ($100 in chips) is sitting out
Seat 1: steepfell ($100 in chips) 
Seat 2: himqa ($183.97 in chips) 
Seat 3: CashfishT ($100 in chips) 
Seat 4: peak joker33 ($100 in chips) 
Seat 6: CMX1998 ($99.35 in chips) 
CashfishT: posts small blind $0.50
peak joker33: posts big blind $1
MaRKiToScoK: sits out 
*** HOLE CARDS ***
CMX1998: calls $1
steepfell: folds 
himqa: folds 
CashfishT: folds 
peak joker33: checks 
*** FLOP *** [Jc Th 9d]
peak joker33: checks 
CMX1998: checks 
*** TURN *** [Jc Th 9d] [6h]
peak joker33: bets $2
CMX1998: calls $2
*** RIVER *** [Jc Th 9d 6h] [4d]
peak joker33: checks 
CMX1998: checks 
*** SHOW DOWN ***
peak joker33: shows [Td 5h] (a pair of Tens)
CMX1998: shows [Jh Qs] (a pair of Jacks)
CMX1998 collected $6.18 from pot
*** SUMMARY ***
Total pot $6.50 | Rake $0.32 
Board [Jc Th 9d 6h 4d]
Seat 5: MaRKiToScoK
Seat 1: steepfell folded before Flop (didn't bet)
Seat 2: himqa (button) folded before Flop (didn't bet)
Seat 3: CashfishT (small blind) folded before Flop
Seat 4: peak joker33 (big blind) showed [Td 5h] and lost with a pair of Tens
Seat 6: CMX1998 showed [Jh Qs] and won ($6.18) with a pair of Jacks



PokerStars Hand #254618477502:  Hold'em No Limit ($0.50/$1.00 USD) - 2025/01/30 7:54:00 WET [2025/01/30 2:54:00 ET]
Table 'Maja' 6-max Seat #3 is the button
Seat 1: steepfell ($100 in chips) 
Seat 2: himqa ($183.97 in chips) 
Seat 3: CashfishT ($100 in chips) 
Seat 4: peak joker33 ($100 in chips) 
Seat 5: MaRKiToScoK ($100 in chips) 
Seat 6: CMX1998 ($102.53 in chips) 
peak joker33: posts small blind $0.50
MaRKiToScoK: posts big blind $1
*** HOLE CARDS ***
CMX1998: folds 
steepfell: folds 
himqa: folds 
CashfishT: folds 
peak joker33: folds 
Uncalled bet ($0.50) returned to MaRKiToScoK
MaRKiToScoK collected $1 from pot
*** SUMMARY ***
Total pot $1 | Rake $0 
Seat 1: steepfell folded before Flop (didn't bet)
Seat 2: himqa folded before Flop (didn't bet)
Seat 3: CashfishT (button) folded before Flop (didn't bet)
Seat 4: peak joker33 (small blind) folded before Flop
Seat 5: MaRKiToScoK (big blind) collected ($1)
Seat 6: CMX1998 folded before Flop (didn't bet)



PokerStars Hand #254618478405:  Hold'em No Limit ($0.50/$1.00 USD) - 2025/01/30 7:54:12 WET [2025/01/30 2:54:12 ET]
Table 'Maja' 6-max Seat #4 is the button
Seat 1: steepfell ($100 in chips) 
Seat 2: himqa ($183.97 in chips) 
Seat 3: CashfishT ($100 in chips) 
Seat 4: peak joker33 ($100 in chips) 
Seat 5: MaRKiToScoK ($100.50 in chips) 
Seat 6: CMX1998 ($102.53 in chips) 
MaRKiToScoK: posts small blind $0.50
CMX1998: posts big blind $1
*** HOLE CARDS ***
steepfell: folds 
himqa: raises $1.50 to $2.50
CashfishT: folds 
peak joker33: folds 
MaRKiToScoK: folds 
CMX1998: calls $1.50
*** FLOP *** [7h Ac Jd]
CMX1998: checks 
himqa: checks 
*** TURN *** [7h Ac Jd] [6s]
CMX1998: checks 
himqa: checks 
*** RIVER *** [7h Ac Jd 6s] [Qs]
CMX1998: checks 
himqa: checks 
*** SHOW DOWN ***
CMX1998: shows [7c 5s] (a pair of Sevens)
himqa: mucks hand 
CMX1998 collected $5.22 from pot
*** SUMMARY ***
Total pot $5.50 | Rake $0.28 
Board [7h Ac Jd 6s Qs]
Seat 1: steepfell folded before Flop (didn't bet)
Seat 2: himqa mucked
Seat 3: CashfishT folded before Flop (didn't bet)
Seat 4: peak joker33 (button) folded before Flop (didn't bet)
Seat 5: MaRKiToScoK (small blind) folded before Flop
Seat 6: CMX1998 (big blind) showed [7c 5s] and won ($5.22) with a pair of Sevens



PokerStars Hand #254618377897:  Hold'em No Limit ($0.50/$1.00 USD) - 2025/01/30 7:31:01 WET [2025/01/30 2:31:01 ET]
Table 'Maja' 6-max Seat #1 is the button
Seat 4: peak joker33 ($100 in chips) is sitting out
Seat 1: steepfell ($100 in chips) 
Seat 2: himqa ($100 in chips) 
Seat 3: The_Pun1sh3r11 ($106.55 in chips) 
Seat 5: trueYes.3970 ($9 in chips) 
Seat 6: CMX1998 ($115.43 in chips) 
himqa: posts small blind $0.50
The_Pun1sh3r11: posts big blind $1
peak joker33: sits out 
*** HOLE CARDS ***
trueYes.3970: folds 
CMX1998: raises $1 to $2
steepfell: folds 
himqa: calls $1.50
The_Pun1sh3r11: calls $1
*** FLOP *** [7s Jd Jc]
himqa: checks 
The_Pun1sh3r11: checks 
CMX1998: checks 
*** TURN *** [7s Jd Jc] [Ks]
himqa: checks 
The_Pun1sh3r11: bets $4.73
CMX1998: calls $4.73
himqa: calls $4.73
*** RIVER *** [7s Jd Jc Ks] [Ac]
himqa: checks 
The_Pun1sh3r11: bets $30
CMX1998: folds 
himqa: calls $30
*** SHOW DOWN ***
The_Pun1sh3r11: shows [Ts Jh] (three of a kind, Jacks)
himqa: mucks hand 
The_Pun1sh3r11 collected $77.69 from pot
*** SUMMARY ***
Total pot $80.19 | Rake $2.50 
Board [7s Jd Jc Ks Ac]
Seat 4: peak joker33
Seat 1: steepfell (button) folded before Flop (didn't bet)
Seat 2: himqa (small blind) mucked
Seat 3: The_Pun1sh3r11 (big blind) showed [Ts Jh] and won ($77.69) with three of a kind, Jacks
Seat 5: trueYes.3970 folded before Flop (didn't bet)
Seat 6: CMX1998 folded on the River



PokerStars Hand #254618383008:  Hold'em No Limit ($0.50/$1.00 USD) - 2025/01/30 7:32:14 WET [2025/01/30 2:32:14 ET]
Table 'Maja' 6-max Seat #2 is the button
Seat 1: steepfell ($100 in chips) 
Seat 2: himqa ($100 in chips) 
Seat 3: The_Pun1sh3r11 ($147.51 in chips) 
Seat 4: peak joker33 ($100 in chips) 
Seat 5: trueYes.3970 ($9 in chips) 
Seat 6: CMX1998 ($108.70 in chips) 
The_Pun1sh3r11: posts small blind $0.50
peak joker33: posts big blind $1
*** HOLE CARDS ***
trueYes.3970: folds 
CMX1998: folds 
steepfell: folds 
himqa: raises $1.50 to $2.50
The_Pun1sh3r11: folds 
peak joker33: folds 
Uncalled bet ($1.50) returned to himqa
himqa collected $2.50 from pot
himqa: doesn't show hand 
*** SUMMARY ***
Total pot $2.50 | Rake $0 
Seat 1: steepfell folded before Flop (didn't bet)
Seat 2: himqa (button) collected ($2.50)
Seat 3: The_Pun1sh3r11 (small blind) folded before Flop
Seat 4: peak joker33 (big blind) folded before Flop
Seat 5: trueYes.3970 folded before Flop (didn't bet)
Seat 6: CMX1998 folded before Flop (didn't bet)



PokerStars Hand #254618483216:  Hold'em No Limit ($0.50/$1.00 USD) - 2025/01/30 7:55:18 WET [2025/01/30 2:55:18 ET]
Table 'Maja' 6-max Seat #5 is the button
Seat 1: steepfell ($100 in chips) is sitting out
Seat 2: himqa ($181.47 in chips) 
Seat 3: CashfishT ($100 in chips) 
Seat 4: peak joker33 ($100 in chips) 
Seat 5: MaRKiToScoK ($100 in chips) 
Seat 6: CMX1998 ($105.25 in chips) 
CMX1998: posts small blind $0.50
steepfell: is sitting out 
himqa: posts big blind $1
*** HOLE CARDS ***
steepfell leaves the table
CashfishT: folds 
peak joker33: folds 
MaRKiToScoK: raises $1.50 to $2.50
CMX1998: calls $2
himqa: folds 
*** FLOP *** [Js 4c 5c]
CMX1998: checks 
MaRKiToScoK: checks 
*** TURN *** [Js 4c 5c] [Jc]
CMX1998: bets $2
MaRKiToScoK: raises $7.50 to $9.50
CMX1998: calls $7.50
*** RIVER *** [Js 4c 5c Jc] [5s]
CMX1998: checks 
MaRKiToScoK: bets $29.69
CMX1998: folds 
Uncalled bet ($29.69) returned to MaRKiToScoK
MaRKiToScoK collected $23.75 from pot
*** SUMMARY ***
Total pot $25 | Rake $1.25 
Board [Js 4c 5c Jc 5s]
Seat 1: steepfell
Seat 2: himqa (big blind) folded before Flop
Seat 3: CashfishT folded before Flop (didn't bet)
Seat 4: peak joker33 folded before Flop (didn't bet)
Seat 5: MaRKiToScoK (button) collected ($23.75)
Seat 6: CMX1998 (small blind) folded on the River



PokerStars Hand #254618486551:  Hold'em No Limit ($0.50/$1.00 USD) - 2025/01/30 7:56:09 WET [2025/01/30 2:56:09 ET]
Table 'Maja' 6-max Seat #6 is the button
Seat 2: himqa ($180.47 in chips) 
Seat 3: CashfishT ($100 in chips) 
Seat 4: peak joker33 ($100 in chips) 
Seat 5: MaRKiToScoK ($111.75 in chips) 
Seat 6: CMX1998 ($93.25 in chips) 
himqa: posts small blind $0.50
CashfishT: posts big blind $1
*** HOLE CARDS ***
peak joker33: folds 
MaRKiToScoK: raises $1.25 to $2.25
CMX1998: calls $2.25
himqa: folds 
CashfishT: folds 
*** FLOP *** [4d 8h 9h]
MaRKiToScoK: bets $4.28
CMX1998: calls $4.28
*** TURN *** [4d 8h 9h] [Qc]
MaRKiToScoK: bets $13.83
CMX1998: calls $13.83
*** RIVER *** [4d 8h 9h Qc] [3s]
MaRKiToScoK: bets $91.39 and is all-in
CMX1998: folds 
Uncalled bet ($91.39) returned to MaRKiToScoK
MaRKiToScoK collected $40.11 from pot
*** SUMMARY ***
Total pot $42.22 | Rake $2.11 
Board [4d 8h 9h Qc 3s]
Seat 2: himqa (small blind) folded before Flop
Seat 3: CashfishT (big blind) folded before Flop
Seat 4: peak joker33 folded before Flop (didn't bet)
Seat 5: MaRKiToScoK collected ($40.11)
Seat 6: CMX1998 (button) folded on the River



PokerStars Hand #254618488927:  Hold'em No Limit ($0.50/$1.00 USD) - 2025/01/30 7:56:45 WET [2025/01/30 2:56:45 ET]
Table 'Maja' 6-max Seat #2 is the button
Seat 4: peak joker33 ($100 in chips) is sitting out
Seat 2: himqa ($179.97 in chips) 
Seat 3: CashfishT ($100 in chips) 
Seat 5: MaRKiToScoK ($131.50 in chips) 
Seat 6: CMX1998 ($72.89 in chips) 
CashfishT: posts small blind $0.50
peak joker33: is sitting out 
MaRKiToScoK: posts big blind $1
*** HOLE CARDS ***
CMX1998: calls $1
himqa: raises $3 to $4
CashfishT: folds 
MaRKiToScoK: calls $3
CMX1998: calls $3
*** FLOP *** [6h 7c Jc]
Pon4uk.ua joins the table at seat #1 
MaRKiToScoK: checks 
CMX1998: checks 
himqa: bets $3.92
MaRKiToScoK: folds 
CMX1998: calls $3.92
*** TURN *** [6h 7c Jc] [5d]
CMX1998: checks 
himqa: bets $14.50
CMX1998: calls $14.50
*** RIVER *** [6h 7c Jc 5d] [Kc]
CMX1998: checks 
himqa: checks 
*** SHOW DOWN ***
CMX1998: shows [7h 9c] (a pair of Sevens)
himqa: shows [Th Jd] (a pair of Jacks)
himqa collected $48.34 from pot
*** SUMMARY ***
Total pot $49.34 | Rake $1 
Board [6h 7c Jc 5d Kc]
Seat 4: peak joker33
Seat 2: himqa (button) showed [Th Jd] and won ($48.34) with a pair of Jacks
Seat 3: CashfishT (small blind) folded before Flop
Seat 5: MaRKiToScoK (big blind) folded on the Flop
Seat 6: CMX1998 showed [7h 9c] and lost with a pair of Sevens



PokerStars Hand #254618492614:  Hold'em No Limit ($0.50/$1.00 USD) - 2025/01/30 7:57:43 WET [2025/01/30 2:57:43 ET]
Table 'Maja' 6-max Seat #3 is the button
Seat 1: Pon4uk.ua ($100 in chips) is sitting out
Seat 4: peak joker33 ($100 in chips) is sitting out
Seat 2: himqa ($205.89 in chips) 
Seat 3: CashfishT ($100 in chips) 
Seat 5: MaRKiToScoK ($127.50 in chips) 
Seat 6: CMX1998 ($50.47 in chips) 
MaRKiToScoK: posts small blind $0.50
CMX1998: posts big blind $1
Pon4uk.ua: sits out 
*** HOLE CARDS ***
himqa: folds 
CashfishT: raises $1.20 to $2.20
MaRKiToScoK: folds 
CMX1998: calls $1.20
*** FLOP *** [3s 2s 8c]
CMX1998: checks 
CashfishT: bets $1.54
CMX1998: calls $1.54
*** TURN *** [3s 2s 8c] [Kc]
CMX1998: checks 
CashfishT: checks 
*** RIVER *** [3s 2s 8c Kc] [Qs]
CMX1998: bets $5
CashfishT: calls $5
*** SHOW DOWN ***
CMX1998: shows [4h 8s] (a pair of Eights)
CashfishT: mucks hand 
CMX1998 collected $17.08 from pot
*** SUMMARY ***
Total pot $17.98 | Rake $0.90 
Board [3s 2s 8c Kc Qs]
Seat 1: Pon4uk.ua
Seat 4: peak joker33
Seat 2: himqa folded before Flop (didn't bet)
Seat 3: CashfishT (button) mucked
Seat 5: MaRKiToScoK (small blind) folded before Flop
Seat 6: CMX1998 (big blind) showed [4h 8s] and won ($17.08) with a pair of Eights



PokerStars Hand #254618496229:  Hold'em No Limit ($0.50/$1.00 USD) - 2025/01/30 7:58:39 WET [2025/01/30 2:58:39 ET]
Table 'Maja' 6-max Seat #5 is the button
Seat 4: peak joker33 ($100 in chips) is sitting out
Seat 1: Pon4uk.ua ($100 in chips) 
Seat 2: himqa ($205.89 in chips) 
Seat 3: CashfishT ($100 in chips) 
Seat 5: MaRKiToScoK ($127 in chips) 
Seat 6: CMX1998 ($58.81 in chips) 
CMX1998: posts small blind $0.50
Pon4uk.ua: posts big blind $1
*** HOLE CARDS ***
himqa: folds 
CashfishT: folds 
MaRKiToScoK: raises $1.50 to $2.50
CMX1998: calls $2
Pon4uk.ua: calls $1.50
*** FLOP *** [Jc 9h 4c]
CMX1998: checks 
Pon4uk.ua: checks 
MaRKiToScoK: checks 
*** TURN *** [Jc 9h 4c] [2s]
CMX1998: checks 
Pon4uk.ua: checks 
MaRKiToScoK: checks 
*** RIVER *** [Jc 9h 4c 2s] [4h]
CMX1998: bets $5
Pon4uk.ua: folds 
MaRKiToScoK: folds 
Uncalled bet ($5) returned to CMX1998
CMX1998 collected $7.12 from pot
*** SUMMARY ***
Total pot $7.50 | Rake $0.38 
Board [Jc 9h 4c 2s 4h]
Seat 4: peak joker33
Seat 1: Pon4uk.ua (big blind) folded on the River
Seat 2: himqa folded before Flop (didn't bet)
Seat 3: CashfishT folded before Flop (didn't bet)
Seat 5: MaRKiToScoK (button) folded on the River
Seat 6: CMX1998 (small blind) collected ($7.12)



PokerStars Hand #254618499194:  Hold'em No Limit ($0.50/$1.00 USD) - 2025/01/30 7:59:26 WET [2025/01/30 2:59:26 ET]
Table 'Maja' 6-max Seat #6 is the button
Seat 4: peak joker33 ($100 in chips) is sitting out
Seat 1: Pon4uk.ua ($100 in chips) 
Seat 2: himqa ($205.89 in chips) 
Seat 3: CashfishT ($100 in chips) 
Seat 5: MaRKiToScoK ($124.50 in chips) 
Seat 6: CMX1998 ($63.43 in chips) 
Pon4uk.ua: posts small blind $0.50
himqa: posts big blind $1
*** HOLE CARDS ***
CashfishT: folds 
MaRKiToScoK: folds 
CMX1998: folds 
Pon4uk.ua: folds 
Uncalled bet ($0.50) returned to himqa
himqa collected $1 from pot
himqa: doesn't show hand 
*** SUMMARY ***
Total pot $1 | Rake $0 
Seat 4: peak joker33
Seat 1: Pon4uk.ua (small blind) folded before Flop
Seat 2: himqa (big blind) collected ($1)
Seat 3: CashfishT folded before Flop (didn't bet)
Seat 5: MaRKiToScoK folded before Flop (didn't bet)
Seat 6: CMX1998 (button) folded before Flop (didn't bet)



PokerStars Hand #254618500530:  Hold'em No Limit ($0.50/$1.00 USD) - 2025/01/30 7:59:46 WET [2025/01/30 2:59:46 ET]
Table 'Maja' 6-max Seat #1 is the button
Seat 4: peak joker33 ($100 in chips) is sitting out
Seat 1: Pon4uk.ua ($100 in chips) 
Seat 2: himqa ($206.39 in chips) 
Seat 3: CashfishT ($100 in chips) 
Seat 5: MaRKiToScoK ($124.50 in chips) 
Seat 6: CMX1998 ($63.43 in chips) 
himqa: posts small blind $0.50
CashfishT: posts big blind $1
*** HOLE CARDS ***
MaRKiToScoK: raises $1 to $2
CMX1998: calls $2
Pon4uk.ua: folds 
himqa: folds 
CashfishT: folds 
*** FLOP *** [As 5s Kd]
MaRKiToScoK: checks 
CMX1998: checks 
*** TURN *** [As 5s Kd] [6h]
MaRKiToScoK: bets $3.92
CMX1998: folds 
Uncalled bet ($3.92) returned to MaRKiToScoK
MaRKiToScoK collected $5.22 from pot
*** SUMMARY ***
Total pot $5.50 | Rake $0.28 
Board [As 5s Kd 6h]
Seat 4: peak joker33
Seat 1: Pon4uk.ua (button) folded before Flop (didn't bet)
Seat 2: himqa (small blind) folded before Flop
Seat 3: CashfishT (big blind) folded before Flop
Seat 5: MaRKiToScoK collected ($5.22)
Seat 6: CMX1998 folded on the Turn



PokerStars Hand #254618502337:  Hold'em No Limit ($0.50/$1.00 USD) - 2025/01/30 8:00:13 WET [2025/01/30 3:00:13 ET]
Table 'Maja' 6-max Seat #2 is the button
Seat 4: peak joker33 ($100 in chips) is sitting out
Seat 1: Pon4uk.ua ($100 in chips) 
Seat 2: himqa ($205.89 in chips) 
Seat 3: CashfishT ($100 in chips) 
Seat 5: MaRKiToScoK ($127.72 in chips) 
Seat 6: CMX1998 ($61.43 in chips) 
CashfishT: posts small blind $0.50
MaRKiToScoK: posts big blind $1
*** HOLE CARDS ***
CMX1998: calls $1
Pon4uk.ua: folds 
himqa: folds 
CashfishT: folds 
MaRKiToScoK: checks 
*** FLOP *** [5s As 4d]
MaRKiToScoK: bets $1
CMX1998: calls $1
*** TURN *** [5s As 4d] [3c]
MaRKiToScoK: checks 
CMX1998: checks 
*** RIVER *** [5s As 4d 3c] [Jh]
MaRKiToScoK: checks 
CMX1998: bets $2
MaRKiToScoK: calls $2
*** SHOW DOWN ***
CMX1998: shows [2c Ah] (a straight, Ace to Five)
MaRKiToScoK: mucks hand 
CMX1998 collected $8.08 from pot
*** SUMMARY ***
Total pot $8.50 | Rake $0.42 
Board [5s As 4d 3c Jh]
Seat 4: peak joker33
Seat 1: Pon4uk.ua folded before Flop (didn't bet)
Seat 2: himqa (button) folded before Flop (didn't bet)
Seat 3: CashfishT (small blind) folded before Flop
Seat 5: MaRKiToScoK (big blind) mucked
Seat 6: CMX1998 showed [2c Ah] and won ($8.08) with a straight, Ace to Five



PokerStars Hand #254618505063:  Hold'em No Limit ($0.50/$1.00 USD) - 2025/01/30 8:00:52 WET [2025/01/30 3:00:52 ET]
Table 'Maja' 6-max Seat #3 is the button
Seat 4: peak joker33 ($100 in chips) is sitting out
Seat 1: Pon4uk.ua ($100 in chips) 
Seat 2: himqa ($205.89 in chips) 
Seat 3: CashfishT ($100 in chips) 
Seat 5: MaRKiToScoK ($123.72 in chips) 
Seat 6: CMX1998 ($65.51 in chips) 
MaRKiToScoK: posts small blind $0.50
CMX1998: posts big blind $1
*** HOLE CARDS ***
Pon4uk.ua: folds 
himqa: raises $1.50 to $2.50
CashfishT: folds 
MaRKiToScoK: raises $8.50 to $11
CMX1998: calls $10
himqa: calls $8.50
*** FLOP *** [5c 2h Ah]
MaRKiToScoK: checks 
CMX1998: bets $11
himqa: calls $11
MaRKiToScoK: folds 
*** TURN *** [5c 2h Ah] [8c]
CMX1998: bets $43.51 and is all-in
himqa: folds 
Uncalled bet ($43.51) returned to CMX1998
CMX1998 collected $52.50 from pot
*** SUMMARY ***
Total pot $55 | Rake $2.50 
Board [5c 2h Ah 8c]
Seat 4: peak joker33
Seat 1: Pon4uk.ua folded before Flop (didn't bet)
Seat 2: himqa folded on the Turn
Seat 3: CashfishT (button) folded before Flop (didn't bet)
Seat 5: MaRKiToScoK (small blind) folded on the Flop
Seat 6: CMX1998 (big blind) collected ($52.50)



PokerStars Hand #254618510979:  Hold'em No Limit ($0.50/$1.00 USD) - 2025/01/30 8:02:14 WET [2025/01/30 3:02:14 ET]
Table 'Maja' 6-max Seat #5 is the button
Seat 4: peak joker33 ($100 in chips) is sitting out
Seat 1: Pon4uk.ua ($100 in chips) 
Seat 2: himqa ($183.89 in chips) 
Seat 3: CashfishT ($100 in chips) 
Seat 5: MaRKiToScoK ($112.72 in chips) 
Seat 6: CMX1998 ($96.01 in chips) 
CMX1998: posts small blind $0.50
Pon4uk.ua: posts big blind $1
peak joker33: sits out 
*** HOLE CARDS ***
himqa: folds 
CashfishT: folds 
MaRKiToScoK: folds 
CMX1998: calls $0.50
Pon4uk.ua: checks 
*** FLOP *** [6d 8d Ah]
CMX1998: checks 
Pon4uk.ua: bets $1.43
CMX1998: calls $1.43
*** TURN *** [6d 8d Ah] [3c]
CMX1998: checks 
Pon4uk.ua: bets $3.47
CMX1998: calls $3.47
*** RIVER *** [6d 8d Ah 3c] [7s]
CMX1998: checks 
Pon4uk.ua: checks 
*** SHOW DOWN ***
CMX1998: shows [Td 3d] (a pair of Threes)
Pon4uk.ua: shows [7c 9h] (a pair of Sevens)
Pon4uk.ua collected $11.21 from pot
*** SUMMARY ***
Total pot $11.80 | Rake $0.59 
Board [6d 8d Ah 3c 7s]
Seat 4: peak joker33
Seat 1: Pon4uk.ua (big blind) showed [7c 9h] and won ($11.21) with a pair of Sevens
Seat 2: himqa folded before Flop (didn't bet)
Seat 3: CashfishT folded before Flop (didn't bet)
Seat 5: MaRKiToScoK (button) folded before Flop (didn't bet)
Seat 6: CMX1998 (small blind) showed [Td 3d] and lost with a pair of Threes



PokerStars Hand #254618513621:  Hold'em No Limit ($0.50/$1.00 USD) - 2025/01/30 8:02:50 WET [2025/01/30 3:02:50 ET]
Table 'Maja' 6-max Seat #6 is the button
Seat 4: peak joker33 ($100 in chips) is sitting out
Seat 1: Pon4uk.ua ($105.31 in chips) 
Seat 2: himqa ($183.89 in chips) 
Seat 3: CashfishT ($100 in chips) 
Seat 5: MaRKiToScoK ($112.72 in chips) 
Seat 6: CMX1998 ($90.11 in chips) 
Pon4uk.ua: posts small blind $0.50
himqa: posts big blind $1
peak joker33: sits out 
*** HOLE CARDS ***
CashfishT: raises $1.20 to $2.20
MaRKiToScoK: calls $2.20
CMX1998: calls $2.20
Pon4uk.ua: folds 
himqa: calls $1.20
*** FLOP *** [6d 5c 2d]
himqa: checks 
CashfishT: checks 
MaRKiToScoK: checks 
CMX1998: checks 
*** TURN *** [6d 5c 2d] [3d]
himqa: checks 
CashfishT: checks 
MaRKiToScoK: checks 
CMX1998: checks 
*** RIVER *** [6d 5c 2d 3d] [3s]
himqa: checks 
CashfishT: checks 
MaRKiToScoK: checks 
CMX1998: bets $8
himqa: folds 
CashfishT: folds 
MaRKiToScoK: folds 
Uncalled bet ($8) returned to CMX1998
CMX1998 collected $8.84 from pot
*** SUMMARY ***
Total pot $9.30 | Rake $0.46 
Board [6d 5c 2d 3d 3s]
Seat 4: peak joker33
Seat 1: Pon4uk.ua (small blind) folded before Flop
Seat 2: himqa (big blind) folded on the River
Seat 3: CashfishT folded on the River
Seat 5: MaRKiToScoK folded on the River
Seat 6: CMX1998 (button) collected ($8.84)



PokerStars Hand #254618520347:  Hold'em No Limit ($0.50/$1.00 USD) - 2025/01/30 8:04:22 WET [2025/01/30 3:04:22 ET]
Table 'Maja' 6-max Seat #1 is the button
Seat 4: peak joker33 ($100 in chips) is sitting out
Seat 1: Pon4uk.ua ($104.81 in chips) 
Seat 2: himqa ($181.69 in chips) 
Seat 3: CashfishT ($100 in chips) 
Seat 5: MaRKiToScoK ($110.52 in chips) 
Seat 6: CMX1998 ($96.75 in chips) 
himqa: posts small blind $0.50
CashfishT: posts big blind $1
peak joker33: sits out 
*** HOLE CARDS ***
MaRKiToScoK: folds 
CMX1998: calls $1
Pon4uk.ua: folds 
himqa: calls $0.50
CashfishT: checks 
*** FLOP *** [7h 8s Qd]
himqa: checks 
CashfishT: checks 
CMX1998: checks 
*** TURN *** [7h 8s Qd] [5d]
himqa: checks 
CashfishT: checks 
CMX1998: checks 
*** RIVER *** [7h 8s Qd 5d] [As]
himqa: checks 
CashfishT: checks 
CMX1998: bets $2
himqa: folds 
CashfishT: folds 
Uncalled bet ($2) returned to CMX1998
CMX1998 collected $2.85 from pot
*** SUMMARY ***
Total pot $3 | Rake $0.15 
Board [7h 8s Qd 5d As]
Seat 4: peak joker33
Seat 1: Pon4uk.ua (button) folded before Flop (didn't bet)
Seat 2: himqa (small blind) folded on the River
Seat 3: CashfishT (big blind) folded on the River
Seat 5: MaRKiToScoK folded before Flop (didn't bet)
Seat 6: CMX1998 collected ($2.85)



PokerStars Hand #254618525609:  Hold'em No Limit ($0.50/$1.00 USD) - 2025/01/30 8:05:34 WET [2025/01/30 3:05:34 ET]
Table 'Maja' 6-max Seat #2 is the button
Seat 1: Pon4uk.ua ($104.81 in chips) 
Seat 2: himqa ($180.69 in chips) 
Seat 3: CashfishT ($100 in chips) 
Seat 4: peak joker33 ($100 in chips) 
Seat 5: MaRKiToScoK ($110.52 in chips) 
Seat 6: CMX1998 ($98.60 in chips) 
CashfishT: posts small blind $0.50
peak joker33: posts big blind $1
*** HOLE CARDS ***
MaRKiToScoK: folds 
CMX1998: folds 
Pon4uk.ua: folds 
himqa: folds 
CashfishT: raises $2 to $3
peak joker33: folds 
Uncalled bet ($2) returned to CashfishT
CashfishT collected $2 from pot
CashfishT: doesn't show hand 
*** SUMMARY ***
Total pot $2 | Rake $0 
Seat 1: Pon4uk.ua folded before Flop (didn't bet)
Seat 2: himqa (button) folded before Flop (didn't bet)
Seat 3: CashfishT (small blind) collected ($2)
Seat 4: peak joker33 (big blind) folded before Flop
Seat 5: MaRKiToScoK folded before Flop (didn't bet)
Seat 6: CMX1998 folded before Flop (didn't bet)



PokerStars Hand #254618527218:  Hold'em No Limit ($0.50/$1.00 USD) - 2025/01/30 8:05:56 WET [2025/01/30 3:05:56 ET]
Table 'Maja' 6-max Seat #3 is the button
Seat 1: Pon4uk.ua ($104.81 in chips) 
Seat 2: himqa ($180.69 in chips) 
Seat 3: CashfishT ($101 in chips) 
Seat 4: peak joker33 ($100 in chips) 
Seat 5: MaRKiToScoK ($110.52 in chips) 
Seat 6: CMX1998 ($98.60 in chips) 
peak joker33: posts small blind $0.50
MaRKiToScoK: posts big blind $1
*** HOLE CARDS ***
CMX1998: folds 
Pon4uk.ua: folds 
himqa: folds 
CashfishT: folds 
peak joker33: folds 
Uncalled bet ($0.50) returned to MaRKiToScoK
MaRKiToScoK collected $1 from pot
*** SUMMARY ***
Total pot $1 | Rake $0 
Seat 1: Pon4uk.ua folded before Flop (didn't bet)
Seat 2: himqa folded before Flop (didn't bet)
Seat 3: CashfishT (button) folded before Flop (didn't bet)
Seat 4: peak joker33 (small blind) folded before Flop
Seat 5: MaRKiToScoK (big blind) collected ($1)
Seat 6: CMX1998 folded before Flop (didn't bet)



PokerStars Hand #254618528070:  Hold'em No Limit ($0.50/$1.00 USD) - 2025/01/30 8:06:07 WET [2025/01/30 3:06:07 ET]
Table 'Maja' 6-max Seat #4 is the button
Seat 1: Pon4uk.ua ($104.81 in chips) 
Seat 2: himqa ($180.69 in chips) 
Seat 3: CashfishT ($101 in chips) 
Seat 4: peak joker33 ($100 in chips) 
Seat 5: MaRKiToScoK ($111.02 in chips) 
Seat 6: CMX1998 ($98.60 in chips) 
MaRKiToScoK: posts small blind $0.50
CMX1998: posts big blind $1
*** HOLE CARDS ***
Pon4uk.ua: raises $1 to $2
himqa: folds 
CashfishT: calls $2
peak joker33: calls $2
MaRKiToScoK: folds 
CMX1998: raises $8 to $10
Pon4uk.ua: folds 
CashfishT: folds 
peak joker33: folds 
Uncalled bet ($8) returned to CMX1998
CMX1998 collected $8.50 from pot
*** SUMMARY ***
Total pot $8.50 | Rake $0 
Seat 1: Pon4uk.ua folded before Flop
Seat 2: himqa folded before Flop (didn't bet)
Seat 3: CashfishT folded before Flop
Seat 4: peak joker33 (button) folded before Flop
Seat 5: MaRKiToScoK (small blind) folded before Flop
Seat 6: CMX1998 (big blind) collected ($8.50)



PokerStars Hand #254618530536:  Hold'em No Limit ($0.50/$1.00 USD) - 2025/01/30 8:06:40 WET [2025/01/30 3:06:40 ET]
Table 'Maja' 6-max Seat #5 is the button
Seat 1: Pon4uk.ua ($102.81 in chips) 
Seat 2: himqa ($180.69 in chips) 
Seat 3: CashfishT ($100 in chips) 
Seat 4: peak joker33 ($100 in chips) 
Seat 5: MaRKiToScoK ($110.52 in chips) 
Seat 6: CMX1998 ($105.10 in chips) 
CMX1998: posts small blind $0.50
Pon4uk.ua: posts big blind $1
*** HOLE CARDS ***
himqa: raises $1.50 to $2.50
CashfishT: folds 
peak joker33: folds 
MaRKiToScoK: folds 
CMX1998: folds 
Pon4uk.ua: folds 
Uncalled bet ($1.50) returned to himqa
himqa collected $2.50 from pot
himqa: doesn't show hand 
*** SUMMARY ***
Total pot $2.50 | Rake $0 
Seat 1: Pon4uk.ua (big blind) folded before Flop
Seat 2: himqa collected ($2.50)
Seat 3: CashfishT folded before Flop (didn't bet)
Seat 4: peak joker33 folded before Flop (didn't bet)
Seat 5: MaRKiToScoK (button) folded before Flop (didn't bet)
Seat 6: CMX1998 (small blind) folded before Flop



PokerStars Hand #254618531923:  Hold'em No Limit ($0.50/$1.00 USD) - 2025/01/30 8:06:59 WET [2025/01/30 3:06:59 ET]
Table 'Maja' 6-max Seat #6 is the button
Seat 1: Pon4uk.ua ($101.81 in chips) 
Seat 2: himqa ($182.19 in chips) 
Seat 3: CashfishT ($100 in chips) 
Seat 4: peak joker33 ($100 in chips) 
Seat 5: MaRKiToScoK ($110.52 in chips) 
Seat 6: CMX1998 ($104.60 in chips) 
Pon4uk.ua: posts small blind $0.50
himqa: posts big blind $1
*** HOLE CARDS ***
CashfishT: folds 
peak joker33: raises $1.50 to $2.50
MaRKiToScoK: raises $5 to $7.50
CMX1998: folds 
Pon4uk.ua: folds 
himqa: folds 
peak joker33: folds 
Uncalled bet ($5) returned to MaRKiToScoK
MaRKiToScoK collected $6.50 from pot
*** SUMMARY ***
Total pot $6.50 | Rake $0 
Seat 1: Pon4uk.ua (small blind) folded before Flop
Seat 2: himqa (big blind) folded before Flop
Seat 3: CashfishT folded before Flop (didn't bet)
Seat 4: peak joker33 folded before Flop
Seat 5: MaRKiToScoK collected ($6.50)
Seat 6: CMX1998 (button) folded before Flop (didn't bet)



PokerStars Hand #254618534264:  Hold'em No Limit ($0.50/$1.00 USD) - 2025/01/30 8:07:30 WET [2025/01/30 3:07:30 ET]
Table 'Maja' 6-max Seat #1 is the button
Seat 1: Pon4uk.ua ($101.31 in chips) 
Seat 2: himqa ($181.19 in chips) 
Seat 3: CashfishT ($100 in chips) 
Seat 4: peak joker33 ($100 in chips) 
Seat 5: MaRKiToScoK ($114.52 in chips) 
Seat 6: CMX1998 ($104.60 in chips) 
himqa: posts small blind $0.50
CashfishT: posts big blind $1
*** HOLE CARDS ***
peak joker33: folds 
MaRKiToScoK: raises $1 to $2
CMX1998: calls $2
Pon4uk.ua: folds 
himqa: calls $1.50
CashfishT: folds 
*** FLOP *** [9s 8s Qs]
himqa: bets $2.19
MaRKiToScoK: calls $2.19
CMX1998: calls $2.19
*** TURN *** [9s 8s Qs] [Kd]
himqa: bets $4.25
MaRKiToScoK: calls $4.25
CMX1998: calls $4.25
*** RIVER *** [9s 8s Qs Kd] [8d]
himqa: checks 
MaRKiToScoK: bets $25
CMX1998: calls $25
himqa: folds 
*** SHOW DOWN ***
MaRKiToScoK: shows [Kc 8c] (a full house, Eights full of Kings)
CMX1998: mucks hand 
MaRKiToScoK collected $73.82 from pot
*** SUMMARY ***
Total pot $76.32 | Rake $2.50 
Board [9s 8s Qs Kd 8d]
Seat 1: Pon4uk.ua (button) folded before Flop (didn't bet)
Seat 2: himqa (small blind) folded on the River
Seat 3: CashfishT (big blind) folded before Flop
Seat 4: peak joker33 folded before Flop (didn't bet)
Seat 5: MaRKiToScoK showed [Kc 8c] and won ($73.82) with a full house, Eights full of Kings
Seat 6: CMX1998 mucked



PokerStars Hand #254618539447:  Hold'em No Limit ($0.50/$1.00 USD) - 2025/01/30 8:08:41 WET [2025/01/30 3:08:41 ET]
Table 'Maja' 6-max Seat #2 is the button
Seat 1: Pon4uk.ua ($101.31 in chips) 
Seat 2: himqa ($172.75 in chips) 
Seat 3: CashfishT ($100 in chips) 
Seat 4: peak joker33 ($100 in chips) 
Seat 5: MaRKiToScoK ($154.90 in chips) 
Seat 6: CMX1998 ($71.16 in chips) 
CashfishT: posts small blind $0.50
peak joker33: posts big blind $1
*** HOLE CARDS ***
MaRKiToScoK: folds 
CMX1998: calls $1
Pon4uk.ua: raises $3 to $4
himqa: raises $8 to $12
CashfishT: folds 
peak joker33: folds 
CMX1998: calls $11
Pon4uk.ua: folds 
*** FLOP *** [2h 2d 7h]
CMX1998: bets $59.16 and is all-in
himqa: calls $59.16
*** TURN *** [2h 2d 7h] [3d]
*** RIVER *** [2h 2d 7h 3d] [Qd]
*** SHOW DOWN ***
CMX1998: shows [As 8c] (a pair of Deuces)
himqa: shows [Ad Ah] (two pair, Aces and Deuces)
himqa collected $145.32 from pot
*** SUMMARY ***
Total pot $147.82 | Rake $2.50 
Board [2h 2d 7h 3d Qd]
Seat 1: Pon4uk.ua folded before Flop
Seat 2: himqa (button) showed [Ad Ah] and won ($145.32) with two pair, Aces and Deuces
Seat 3: CashfishT (small blind) folded before Flop
Seat 4: peak joker33 (big blind) folded before Flop
Seat 5: MaRKiToScoK folded before Flop (didn't bet)
Seat 6: CMX1998 showed [As 8c] and lost with a pair of Deuces



PokerStars Hand #254618384087:  Hold'em No Limit ($0.50/$1.00 USD) - 2025/01/30 7:32:30 WET [2025/01/30 2:32:30 ET]
Table 'Maja' 6-max Seat #3 is the button
Seat 1: steepfell ($100 in chips) 
Seat 2: himqa ($101.50 in chips) 
Seat 3: The_Pun1sh3r11 ($147.01 in chips) 
Seat 4: peak joker33 ($100 in chips) 
Seat 5: trueYes.3970 ($9 in chips) 
Seat 6: CMX1998 ($108.70 in chips) 
peak joker33: posts small blind $0.50
trueYes.3970: posts big blind $1
*** HOLE CARDS ***
CMX1998: calls $1
steepfell: folds 
himqa: folds 
The_Pun1sh3r11: folds 
peak joker33: folds 
trueYes.3970: checks 
*** FLOP *** [Kh Td Js]
trueYes.3970: checks 
CMX1998: bets $8
trueYes.3970: folds 
Uncalled bet ($8) returned to CMX1998
CMX1998 collected $2.38 from pot
*** SUMMARY ***
Total pot $2.50 | Rake $0.12 
Board [Kh Td Js]
Seat 1: steepfell folded before Flop (didn't bet)
Seat 2: himqa folded before Flop (didn't bet)
Seat 3: The_Pun1sh3r11 (button) folded before Flop (didn't bet)
Seat 4: peak joker33 (small blind) folded before Flop
Seat 5: trueYes.3970 (big blind) folded on the Flop
Seat 6: CMX1998 collected ($2.38)



PokerStars Hand #254618385707:  Hold'em No Limit ($0.50/$1.00 USD) - 2025/01/30 7:32:52 WET [2025/01/30 2:32:52 ET]
Table 'Maja' 6-max Seat #4 is the button
Seat 1: steepfell ($100 in chips) 
Seat 2: himqa ($101.50 in chips) 
Seat 3: The_Pun1sh3r11 ($147.01 in chips) 
Seat 4: peak joker33 ($100 in chips) 
Seat 5: trueYes.3970 ($8 in chips) 
Seat 6: CMX1998 ($110.08 in chips) 
trueYes.3970: posts small blind $0.50
CMX1998: posts big blind $1
*** HOLE CARDS ***
steepfell: raises $1.50 to $2.50
himqa: folds 
The_Pun1sh3r11: folds 
peak joker33: folds 
trueYes.3970: folds 
CMX1998: calls $1.50
*** FLOP *** [3h Ah 2s]
CMX1998: checks 
steepfell: bets $3.92
CMX1998: calls $3.92
*** TURN *** [3h Ah 2s] [Qh]
CMX1998: checks 
steepfell: bets $9.50
CMX1998: calls $9.50
*** RIVER *** [3h Ah 2s Qh] [9h]
CMX1998: checks 
steepfell: checks 
*** SHOW DOWN ***
CMX1998: shows [4h 7h] (a flush, Ace high)
steepfell: mucks hand 
CMX1998 collected $30.72 from pot
*** SUMMARY ***
Total pot $32.34 | Rake $1.62 
Board [3h Ah 2s Qh 9h]
Seat 1: steepfell mucked
Seat 2: himqa folded before Flop (didn't bet)
Seat 3: The_Pun1sh3r11 folded before Flop (didn't bet)
Seat 4: peak joker33 (button) folded before Flop (didn't bet)
Seat 5: trueYes.3970 (small blind) folded before Flop
Seat 6: CMX1998 (big blind) showed [4h 7h] and won ($30.72) with a flush, Ace high



PokerStars Hand #254618389317:  Hold'em No Limit ($0.50/$1.00 USD) - 2025/01/30 7:33:42 WET [2025/01/30 2:33:42 ET]
Table 'Maja' 6-max Seat #5 is the button
Seat 1: steepfell ($100 in chips) 
Seat 2: himqa ($101.50 in chips) 
Seat 3: The_Pun1sh3r11 ($147.01 in chips) 
Seat 4: peak joker33 ($100 in chips) 
Seat 5: trueYes.3970 ($7.50 in chips) 
Seat 6: CMX1998 ($124.88 in chips) 
CMX1998: posts small blind $0.50
steepfell: posts big blind $1
*** HOLE CARDS ***
himqa: folds 
The_Pun1sh3r11: raises $2 to $3
peak joker33: folds 
trueYes.3970: folds 
CMX1998: calls $2.50
steepfell: folds 
*** FLOP *** [Qd 2c Ac]
CMX1998: checks 
The_Pun1sh3r11: bets $3.19
CMX1998: folds 
Uncalled bet ($3.19) returned to The_Pun1sh3r11
The_Pun1sh3r11 collected $6.65 from pot
The_Pun1sh3r11: doesn't show hand 
*** SUMMARY ***
Total pot $7 | Rake $0.35 
Board [Qd 2c Ac]
Seat 1: steepfell (big blind) folded before Flop
Seat 2: himqa folded before Flop (didn't bet)
Seat 3: The_Pun1sh3r11 collected ($6.65)
Seat 4: peak joker33 folded before Flop (didn't bet)
Seat 5: trueYes.3970 (button) folded before Flop (didn't bet)
Seat 6: CMX1998 (small blind) folded on the Flop



PokerStars Hand #254618390942:  Hold'em No Limit ($0.50/$1.00 USD) - 2025/01/30 7:34:05 WET [2025/01/30 2:34:05 ET]
Table 'Maja' 6-max Seat #6 is the button
Seat 1: steepfell ($100 in chips) 
Seat 2: himqa ($101.50 in chips) 
Seat 3: The_Pun1sh3r11 ($150.66 in chips) 
Seat 4: peak joker33 ($100 in chips) 
Seat 5: trueYes.3970 ($7.50 in chips) 
Seat 6: CMX1998 ($121.88 in chips) 
steepfell: posts small blind $0.50
himqa: posts big blind $1
*** HOLE CARDS ***
The_Pun1sh3r11: raises $1.50 to $2.50
peak joker33: folds 
trueYes.3970: folds 
CMX1998: folds 
steepfell: raises $8.50 to $11
himqa: folds 
The_Pun1sh3r11: folds 
Uncalled bet ($8.50) returned to steepfell
steepfell collected $6 from pot
steepfell: doesn't show hand 
*** SUMMARY ***
Total pot $6 | Rake $0 
Seat 1: steepfell (small blind) collected ($6)
Seat 2: himqa (big blind) folded before Flop
Seat 3: The_Pun1sh3r11 folded before Flop
Seat 4: peak joker33 folded before Flop (didn't bet)
Seat 5: trueYes.3970 folded before Flop (didn't bet)
Seat 6: CMX1998 (button) folded before Flop (didn't bet)



PokerStars Hand #254618392372:  Hold'em No Limit ($0.50/$1.00 USD) - 2025/01/30 7:34:26 WET [2025/01/30 2:34:26 ET]
Table 'Maja' 6-max Seat #1 is the button
Seat 1: steepfell ($103.50 in chips) 
Seat 2: himqa ($100.50 in chips) 
Seat 3: The_Pun1sh3r11 ($148.16 in chips) 
Seat 4: peak joker33 ($100 in chips) 
Seat 5: trueYes.3970 ($7.50 in chips) 
Seat 6: CMX1998 ($121.88 in chips) 
himqa: posts small blind $0.50
The_Pun1sh3r11: posts big blind $1
*** HOLE CARDS ***
peak joker33: folds 
trueYes.3970: raises $2.50 to $3.50
CMX1998: calls $3.50
steepfell: folds 
himqa: folds 
The_Pun1sh3r11: folds 
*** FLOP *** [4d 6c Js]
trueYes.3970: checks 
CMX1998: checks 
*** TURN *** [4d 6c Js] [3d]
trueYes.3970: bets $3.99
CMX1998: calls $3.99
*** RIVER *** [4d 6c Js 3d] [Td]
trueYes.3970: bets $0.01 and is all-in
CMX1998: calls $0.01
*** SHOW DOWN ***
trueYes.3970: shows [As 8c] (high card Ace)
CMX1998: shows [7h Jh] (a pair of Jacks)
CMX1998 collected $15.68 from pot
trueYes.3970 is disconnected 
*** SUMMARY ***
Total pot $16.50 | Rake $0.82 
Board [4d 6c Js 3d Td]
Seat 1: steepfell (button) folded before Flop (didn't bet)
Seat 2: himqa (small blind) folded before Flop
Seat 3: The_Pun1sh3r11 (big blind) folded before Flop
Seat 4: peak joker33 folded before Flop (didn't bet)
Seat 5: trueYes.3970 showed [As 8c] and lost with high card Ace
Seat 6: CMX1998 showed [7h Jh] and won ($15.68) with a pair of Jacks



PokerStars Hand #254618394323:  Hold'em No Limit ($0.50/$1.00 USD) - 2025/01/30 7:34:53 WET [2025/01/30 2:34:53 ET]
Table 'Maja' 6-max Seat #2 is the button
Seat 5: trueYes.3970 ($0 in chips) is sitting out
Seat 1: steepfell ($103.50 in chips) 
Seat 2: himqa ($100 in chips) 
Seat 3: The_Pun1sh3r11 ($147.16 in chips) 
Seat 4: peak joker33 ($100 in chips) 
Seat 6: CMX1998 ($130.06 in chips) 
The_Pun1sh3r11: posts small blind $0.50
peak joker33: posts big blind $1
*** HOLE CARDS ***
CMX1998: calls $1
steepfell: raises $3 to $4
himqa: raises $8 to $12
The_Pun1sh3r11: folds 
peak joker33: folds 
CMX1998: folds 
steepfell: folds 
Uncalled bet ($8) returned to himqa
himqa collected $10.50 from pot
himqa: doesn't show hand 
*** SUMMARY ***
Total pot $10.50 | Rake $0 
Seat 5: trueYes.3970
Seat 1: steepfell folded before Flop
Seat 2: himqa (button) collected ($10.50)
Seat 3: The_Pun1sh3r11 (small blind) folded before Flop
Seat 4: peak joker33 (big blind) folded before Flop
Seat 6: CMX1998 folded before Flop



PokerStars Hand #254618395859:  Hold'em No Limit ($0.50/$1.00 USD) - 2025/01/30 7:35:16 WET [2025/01/30 2:35:16 ET]
Table 'Maja' 6-max Seat #3 is the button
Seat 5: trueYes.3970 ($0 in chips) is sitting out
Seat 1: steepfell ($100 in chips) 
Seat 2: himqa ($106.50 in chips) 
Seat 3: The_Pun1sh3r11 ($146.66 in chips) 
Seat 4: peak joker33 ($100 in chips) 
Seat 6: CMX1998 ($129.06 in chips) 
peak joker33: posts small blind $0.50
CMX1998: posts big blind $1
*** HOLE CARDS ***
steepfell: folds 
himqa: folds 
The_Pun1sh3r11: folds 
peak joker33: folds 
Uncalled bet ($0.50) returned to CMX1998
CMX1998 collected $1 from pot
*** SUMMARY ***
Total pot $1 | Rake $0 
Seat 5: trueYes.3970
Seat 1: steepfell folded before Flop (didn't bet)
Seat 2: himqa folded before Flop (didn't bet)
Seat 3: The_Pun1sh3r11 (button) folded before Flop (didn't bet)
Seat 4: peak joker33 (small blind) folded before Flop
Seat 6: CMX1998 (big blind) collected ($1)



PokerStars Hand #254618396602:  Hold'em No Limit ($0.50/$1.00 USD) - 2025/01/30 7:35:26 WET [2025/01/30 2:35:26 ET]
Table 'Maja' 6-max Seat #4 is the button
Seat 5: trueYes.3970 ($0 in chips) is sitting out
Seat 1: steepfell ($100 in chips) 
Seat 2: himqa ($106.50 in chips) 
Seat 3: The_Pun1sh3r11 ($146.66 in chips) 
Seat 4: peak joker33 ($100 in chips) 
Seat 6: CMX1998 ($129.56 in chips) 
CMX1998: posts small blind $0.50
steepfell: posts big blind $1
*** HOLE CARDS ***
himqa: folds 
The_Pun1sh3r11: folds 
peak joker33: raises $1.50 to $2.50
CMX1998: calls $2
steepfell: folds 
*** FLOP *** [8d 3d 5d]
CMX1998: checks 
peak joker33: checks 
*** TURN *** [8d 3d 5d] [8c]
CMX1998: checks 
peak joker33: bets $1.88
CMX1998: calls $1.88
*** RIVER *** [8d 3d 5d 8c] [4d]
CMX1998: bets $8
peak joker33: folds 
Uncalled bet ($8) returned to CMX1998
CMX1998 collected $9.27 from pot
*** SUMMARY ***
Total pot $9.76 | Rake $0.49 
Board [8d 3d 5d 8c 4d]
Seat 5: trueYes.3970
Seat 1: steepfell (big blind) folded before Flop
Seat 2: himqa folded before Flop (didn't bet)
Seat 3: The_Pun1sh3r11 folded before Flop (didn't bet)
Seat 4: peak joker33 (button) folded on the River
Seat 6: CMX1998 (small blind) collected ($9.27)



PokerStars Hand #254618399970:  Hold'em No Limit ($0.50/$1.00 USD) - 2025/01/30 7:36:14 WET [2025/01/30 2:36:14 ET]
Table 'Maja' 6-max Seat #6 is the button
Seat 5: trueYes.3970 ($0 in chips) is sitting out
Seat 1: steepfell ($100 in chips) 
Seat 2: himqa ($106.50 in chips) 
Seat 3: The_Pun1sh3r11 ($146.66 in chips) 
Seat 4: peak joker33 ($100 in chips) 
Seat 6: CMX1998 ($134.45 in chips) 
steepfell: posts small blind $0.50
himqa: posts big blind $1
*** HOLE CARDS ***
The_Pun1sh3r11: folds 
peak joker33: folds 
CMX1998: calls $1
steepfell: folds 
himqa: checks 
*** FLOP *** [Ac Qd 7h]
himqa: checks 
CMX1998: checks 
*** TURN *** [Ac Qd 7h] [6h]
himqa: checks 
CMX1998: checks 
*** RIVER *** [Ac Qd 7h 6h] [5c]
himqa: checks 
CMX1998: bets $2
himqa: folds 
Uncalled bet ($2) returned to CMX1998
CMX1998 collected $2.38 from pot
*** SUMMARY ***
Total pot $2.50 | Rake $0.12 
Board [Ac Qd 7h 6h 5c]
Seat 5: trueYes.3970
Seat 1: steepfell (small blind) folded before Flop
Seat 2: himqa (big blind) folded on the River
Seat 3: The_Pun1sh3r11 folded before Flop (didn't bet)
Seat 4: peak joker33 folded before Flop (didn't bet)
Seat 6: CMX1998 (button) collected ($2.38)



PokerStars Hand #254618542127:  Hold'em No Limit ($0.50/$1.00 USD) - 2025/01/30 8:09:18 WET [2025/01/30 3:09:18 ET]
Table 'Maja' 6-max Seat #3 is the button
Seat 6: CMX1998 ($0 in chips) is sitting out
Seat 1: Pon4uk.ua ($100 in chips) 
Seat 2: himqa ($246.91 in chips) 
Seat 3: CashfishT ($100 in chips) 
Seat 4: peak joker33 ($100 in chips) 
Seat 5: MaRKiToScoK ($154.90 in chips) 
peak joker33: posts small blind $0.50
MaRKiToScoK: posts big blind $1
*** HOLE CARDS ***
Pon4uk.ua: folds 
himqa: folds 
CashfishT: raises $1.20 to $2.20
peak joker33: folds 
MaRKiToScoK: folds 
Uncalled bet ($1.20) returned to CashfishT
CashfishT collected $2.50 from pot
CashfishT: doesn't show hand 
*** SUMMARY ***
Total pot $2.50 | Rake $0 
Seat 6: CMX1998
Seat 1: Pon4uk.ua folded before Flop (didn't bet)
Seat 2: himqa folded before Flop (didn't bet)
Seat 3: CashfishT (button) collected ($2.50)
Seat 4: peak joker33 (small blind) folded before Flop
Seat 5: MaRKiToScoK (big blind) folded before Flop



PokerStars Hand #254618545425:  Hold'em No Limit ($0.50/$1.00 USD) - 2025/01/30 8:10:02 WET [2025/01/30 3:10:02 ET]
Table 'Maja' 6-max Seat #4 is the button
Seat 1: Pon4uk.ua ($100 in chips) 
Seat 2: himqa ($246.91 in chips) 
Seat 3: CashfishT ($101.50 in chips) 
Seat 4: peak joker33 ($100 in chips) 
Seat 5: MaRKiToScoK ($153.90 in chips) 
Seat 6: CMX1998 ($82.76 in chips) 
MaRKiToScoK: posts small blind $0.50
CMX1998: posts big blind $1
*** HOLE CARDS ***
Pon4uk.ua: folds 
himqa: folds 
CashfishT: raises $1.20 to $2.20
peak joker33: folds 
MaRKiToScoK: calls $1.70
CMX1998: calls $1.20
*** FLOP *** [Tc As 5s]
MaRKiToScoK: checks 
CMX1998: checks 
CashfishT: bets $3.14
MaRKiToScoK: folds 
CMX1998: folds 
Uncalled bet ($3.14) returned to CashfishT
CashfishT collected $6.27 from pot
CashfishT: doesn't show hand 
*** SUMMARY ***
Total pot $6.60 | Rake $0.33 
Board [Tc As 5s]
Seat 1: Pon4uk.ua folded before Flop (didn't bet)
Seat 2: himqa folded before Flop (didn't bet)
Seat 3: CashfishT collected ($6.27)
Seat 4: peak joker33 (button) folded before Flop (didn't bet)
Seat 5: MaRKiToScoK (small blind) folded on the Flop
Seat 6: CMX1998 (big blind) folded on the Flop



PokerStars Hand #254618549352:  Hold'em No Limit ($0.50/$1.00 USD) - 2025/01/30 8:10:56 WET [2025/01/30 3:10:56 ET]
Table 'Maja' 6-max Seat #5 is the button
Seat 1: Pon4uk.ua ($100 in chips) 
Seat 2: himqa ($246.91 in chips) 
Seat 3: CashfishT ($105.57 in chips) 
Seat 4: peak joker33 ($100 in chips) 
Seat 5: MaRKiToScoK ($151.70 in chips) 
Seat 6: CMX1998 ($80.56 in chips) 
CMX1998: posts small blind $0.50
Pon4uk.ua: posts big blind $1
*** HOLE CARDS ***
himqa: folds 
CashfishT: folds 
peak joker33: folds 
MaRKiToScoK: raises $1.50 to $2.50
CMX1998: folds 
Pon4uk.ua: folds 
Uncalled bet ($1.50) returned to MaRKiToScoK
MaRKiToScoK collected $2.50 from pot
*** SUMMARY ***
Total pot $2.50 | Rake $0 
Seat 1: Pon4uk.ua (big blind) folded before Flop
Seat 2: himqa folded before Flop (didn't bet)
Seat 3: CashfishT folded before Flop (didn't bet)
Seat 4: peak joker33 folded before Flop (didn't bet)
Seat 5: MaRKiToScoK (button) collected ($2.50)
Seat 6: CMX1998 (small blind) folded before Flop



PokerStars Hand #254618550496:  Hold'em No Limit ($0.50/$1.00 USD) - 2025/01/30 8:11:11 WET [2025/01/30 3:11:11 ET]
Table 'Maja' 6-max Seat #6 is the button
Seat 1: Pon4uk.ua ($100 in chips) 
Seat 2: himqa ($246.91 in chips) 
Seat 3: CashfishT ($105.57 in chips) 
Seat 4: peak joker33 ($100 in chips) 
Seat 5: MaRKiToScoK ($153.20 in chips) 
Seat 6: CMX1998 ($80.06 in chips) 
Pon4uk.ua: posts small blind $0.50
himqa: posts big blind $1
*** HOLE CARDS ***
CashfishT: raises $1.20 to $2.20
peak joker33: folds 
MaRKiToScoK: folds 
CMX1998: calls $2.20
Pon4uk.ua: folds 
himqa: calls $1.20
*** FLOP *** [7d Jd 9s]
himqa: checks 
CashfishT: bets $5.06
CMX1998: folds 
himqa: folds 
Uncalled bet ($5.06) returned to CashfishT
CashfishT collected $6.74 from pot
CashfishT: doesn't show hand 
*** SUMMARY ***
Total pot $7.10 | Rake $0.36 
Board [7d Jd 9s]
Seat 1: Pon4uk.ua (small blind) folded before Flop
Seat 2: himqa (big blind) folded on the Flop
Seat 3: CashfishT collected ($6.74)
Seat 4: peak joker33 folded before Flop (didn't bet)
Seat 5: MaRKiToScoK folded before Flop (didn't bet)
Seat 6: CMX1998 (button) folded on the Flop



PokerStars Hand #254618553259:  Hold'em No Limit ($0.50/$1.00 USD) - 2025/01/30 8:11:48 WET [2025/01/30 3:11:48 ET]
Table 'Maja' 6-max Seat #1 is the button
Seat 1: Pon4uk.ua ($100 in chips) 
Seat 2: himqa ($244.71 in chips) 
Seat 3: CashfishT ($110.11 in chips) 
Seat 4: peak joker33 ($100 in chips) 
Seat 5: MaRKiToScoK ($153.20 in chips) 
Seat 6: CMX1998 ($77.86 in chips) 
himqa: posts small blind $0.50
CashfishT: posts big blind $1
*** HOLE CARDS ***
peak joker33: folds 
MaRKiToScoK: raises $1 to $2
CMX1998: calls $2
Pon4uk.ua: raises $6.50 to $8.50
himqa: folds 
CashfishT: folds 
MaRKiToScoK: folds 
CMX1998: calls $6.50
*** FLOP *** [7h Kd 4h]
CMX1998: checks 
Pon4uk.ua: bets $5.43
CMX1998: folds 
Uncalled bet ($5.43) returned to Pon4uk.ua
Pon4uk.ua collected $19.48 from pot
Pon4uk.ua: doesn't show hand 
*** SUMMARY ***
Total pot $20.50 | Rake $1.02 
Board [7h Kd 4h]
Seat 1: Pon4uk.ua (button) collected ($19.48)
Seat 2: himqa (small blind) folded before Flop
Seat 3: CashfishT (big blind) folded before Flop
Seat 4: peak joker33 folded before Flop (didn't bet)
Seat 5: MaRKiToScoK folded before Flop
Seat 6: CMX1998 folded on the Flop



PokerStars Hand #254618556883:  Hold'em No Limit ($0.50/$1.00 USD) - 2025/01/30 8:12:36 WET [2025/01/30 3:12:36 ET]
Table 'Maja' 6-max Seat #2 is the button
Seat 1: Pon4uk.ua ($110.98 in chips) 
Seat 2: himqa ($244.21 in chips) 
Seat 3: CashfishT ($109.11 in chips) 
Seat 4: peak joker33 ($100 in chips) 
Seat 5: MaRKiToScoK ($151.20 in chips) 
Seat 6: CMX1998 ($69.36 in chips) 
CashfishT: posts small blind $0.50
peak joker33: posts big blind $1
*** HOLE CARDS ***
MaRKiToScoK: raises $1 to $2
CMX1998: calls $2
Pon4uk.ua: folds 
himqa: folds 
CashfishT: folds 
peak joker33: calls $1
*** FLOP *** [4d 3s 4c]
peak joker33: checks 
MaRKiToScoK: checks 
CMX1998: checks 
*** TURN *** [4d 3s 4c] [As]
peak joker33: checks 
MaRKiToScoK: checks 
CMX1998: checks 
*** RIVER *** [4d 3s 4c As] [Qc]
peak joker33: checks 
MaRKiToScoK: checks 
CMX1998: bets $5
peak joker33: folds 
MaRKiToScoK: calls $5
*** SHOW DOWN ***
CMX1998: shows [5s 2d] (a straight, Ace to Five)
MaRKiToScoK: mucks hand 
CMX1998 collected $15.68 from pot
*** SUMMARY ***
Total pot $16.50 | Rake $0.82 
Board [4d 3s 4c As Qc]
Seat 1: Pon4uk.ua folded before Flop (didn't bet)
Seat 2: himqa (button) folded before Flop (didn't bet)
Seat 3: CashfishT (small blind) folded before Flop
Seat 4: peak joker33 (big blind) folded on the River
Seat 5: MaRKiToScoK mucked
Seat 6: CMX1998 showed [5s 2d] and won ($15.68) with a straight, Ace to Five



PokerStars Hand #254618561261:  Hold'em No Limit ($0.50/$1.00 USD) - 2025/01/30 8:13:35 WET [2025/01/30 3:13:35 ET]
Table 'Maja' 6-max Seat #3 is the button
Seat 1: Pon4uk.ua ($110.98 in chips) 
Seat 2: himqa ($244.21 in chips) 
Seat 3: CashfishT ($108.61 in chips) 
Seat 4: peak joker33 ($100 in chips) 
Seat 5: MaRKiToScoK ($144.20 in chips) 
Seat 6: CMX1998 ($78.04 in chips) 
peak joker33: posts small blind $0.50
MaRKiToScoK: posts big blind $1
*** HOLE CARDS ***
CMX1998: folds 
Pon4uk.ua: raises $1 to $2
himqa: folds 
CashfishT: folds 
peak joker33: folds 
MaRKiToScoK: calls $1
*** FLOP *** [Qs Ah Tc]
MaRKiToScoK: checks 
Pon4uk.ua: bets $2.14
MaRKiToScoK: folds 
Uncalled bet ($2.14) returned to Pon4uk.ua
Pon4uk.ua collected $4.28 from pot
Pon4uk.ua: doesn't show hand 
*** SUMMARY ***
Total pot $4.50 | Rake $0.22 
Board [Qs Ah Tc]
Seat 1: Pon4uk.ua collected ($4.28)
Seat 2: himqa folded before Flop (didn't bet)
Seat 3: CashfishT (button) folded before Flop (didn't bet)
Seat 4: peak joker33 (small blind) folded before Flop
Seat 5: MaRKiToScoK (big blind) folded on the Flop
Seat 6: CMX1998 folded before Flop (didn't bet)



PokerStars Hand #254618564263:  Hold'em No Limit ($0.50/$1.00 USD) - 2025/01/30 8:14:16 WET [2025/01/30 3:14:16 ET]
Table 'Maja' 6-max Seat #4 is the button
Seat 1: Pon4uk.ua ($113.26 in chips) 
Seat 2: himqa ($244.21 in chips) 
Seat 3: CashfishT ($108.61 in chips) 
Seat 4: peak joker33 ($100 in chips) 
Seat 5: MaRKiToScoK ($142.20 in chips) 
Seat 6: CMX1998 ($78.04 in chips) 
MaRKiToScoK: posts small blind $0.50
CMX1998: posts big blind $1
*** HOLE CARDS ***
Pon4uk.ua: raises $1 to $2
himqa: folds 
CashfishT: folds 
peak joker33: raises $5 to $7
MaRKiToScoK: folds 
CMX1998: folds 
Pon4uk.ua: folds 
Uncalled bet ($5) returned to peak joker33
peak joker33 collected $5.50 from pot
peak joker33: doesn't show hand 
*** SUMMARY ***
Total pot $5.50 | Rake $0 
Seat 1: Pon4uk.ua folded before Flop
Seat 2: himqa folded before Flop (didn't bet)
Seat 3: CashfishT folded before Flop (didn't bet)
Seat 4: peak joker33 (button) collected ($5.50)
Seat 5: MaRKiToScoK (small blind) folded before Flop
Seat 6: CMX1998 (big blind) folded before Flop



PokerStars Hand #254618566081:  Hold'em No Limit ($0.50/$1.00 USD) - 2025/01/30 8:14:40 WET [2025/01/30 3:14:40 ET]
Table 'Maja' 6-max Seat #5 is the button
Seat 1: Pon4uk.ua ($111.26 in chips) 
Seat 2: himqa ($244.21 in chips) 
Seat 3: CashfishT ($108.61 in chips) 
Seat 4: peak joker33 ($103.50 in chips) 
Seat 5: MaRKiToScoK ($141.70 in chips) 
Seat 6: CMX1998 ($77.04 in chips) 
CMX1998: posts small blind $0.50
Pon4uk.ua: posts big blind $1
*** HOLE CARDS ***
himqa: folds 
CashfishT: folds 
peak joker33: raises $1.50 to $2.50
MaRKiToScoK: folds 
CMX1998: calls $2
Pon4uk.ua: folds 
*** FLOP *** [Qs Kd 4d]
CMX1998: checks 
peak joker33: bets $4.28
CMX1998: calls $4.28
*** TURN *** [Qs Kd 4d] [9c]
CMX1998: checks 
peak joker33: bets $10.37
CMX1998: folds 
Uncalled bet ($10.37) returned to peak joker33
peak joker33 collected $13.83 from pot
peak joker33: doesn't show hand 
*** SUMMARY ***
Total pot $14.56 | Rake $0.73 
Board [Qs Kd 4d 9c]
Seat 1: Pon4uk.ua (big blind) folded before Flop
Seat 2: himqa folded before Flop (didn't bet)
Seat 3: CashfishT folded before Flop (didn't bet)
Seat 4: peak joker33 collected ($13.83)
Seat 5: MaRKiToScoK (button) folded before Flop (didn't bet)
Seat 6: CMX1998 (small blind) folded on the Turn



PokerStars Hand #254618570676:  Hold'em No Limit ($0.50/$1.00 USD) - 2025/01/30 8:15:42 WET [2025/01/30 3:15:42 ET]
Table 'Maja' 6-max Seat #6 is the button
Seat 1: Pon4uk.ua ($110.26 in chips) 
Seat 2: himqa ($244.21 in chips) 
Seat 3: CashfishT ($108.61 in chips) 
Seat 4: peak joker33 ($110.55 in chips) 
Seat 5: MaRKiToScoK ($141.70 in chips) 
Seat 6: CMX1998 ($70.26 in chips) 
Pon4uk.ua: posts small blind $0.50
himqa: posts big blind $1
*** HOLE CARDS ***
CashfishT: folds 
peak joker33: folds 
MaRKiToScoK: raises $1.25 to $2.25
CMX1998: calls $2.25
Pon4uk.ua: folds 
himqa: folds 
*** FLOP *** [5s Td 9d]
MaRKiToScoK: checks 
CMX1998: checks 
*** TURN *** [5s Td 9d] [7s]
MaRKiToScoK: checks 
CMX1998: checks 
*** RIVER *** [5s Td 9d 7s] [Tc]
MaRKiToScoK: bets $1.88
CMX1998: calls $1.88
*** SHOW DOWN ***
MaRKiToScoK: shows [Ah Kh] (a pair of Tens)
CMX1998: mucks hand 
MaRKiToScoK collected $9.27 from pot
*** SUMMARY ***
Total pot $9.76 | Rake $0.49 
Board [5s Td 9d 7s Tc]
Seat 1: Pon4uk.ua (small blind) folded before Flop
Seat 2: himqa (big blind) folded before Flop
Seat 3: CashfishT folded before Flop (didn't bet)
Seat 4: peak joker33 folded before Flop (didn't bet)
Seat 5: MaRKiToScoK showed [Ah Kh] and won ($9.27) with a pair of Tens
Seat 6: CMX1998 (button) mucked



PokerStars Hand #254618573181:  Hold'em No Limit ($0.50/$1.00 USD) - 2025/01/30 8:16:15 WET [2025/01/30 3:16:15 ET]
Table 'Maja' 6-max Seat #1 is the button
Seat 1: Pon4uk.ua ($109.76 in chips) 
Seat 2: himqa ($243.21 in chips) 
Seat 3: CashfishT ($108.61 in chips) 
Seat 4: peak joker33 ($110.55 in chips) 
Seat 5: MaRKiToScoK ($146.84 in chips) 
Seat 6: CMX1998 ($66.13 in chips) 
himqa: posts small blind $0.50
CashfishT: posts big blind $1
*** HOLE CARDS ***
peak joker33: folds 
MaRKiToScoK: raises $1 to $2
CMX1998: calls $2
Pon4uk.ua: folds 
himqa: folds 
CashfishT: calls $1
*** FLOP *** [Ah Qd Qs]
CashfishT: checks 
MaRKiToScoK: bets $2.04
CMX1998: calls $2.04
CashfishT: calls $2.04
*** TURN *** [Ah Qd Qs] [3s]
CashfishT: checks 
MaRKiToScoK: checks 
CMX1998: checks 
*** RIVER *** [Ah Qd Qs 3s] [Qc]
CashfishT: checks 
MaRKiToScoK: bets $3
CMX1998: raises $3 to $6
CashfishT: calls $6
MaRKiToScoK: folds 
*** SHOW DOWN ***
CMX1998: shows [3d Ad] (a full house, Queens full of Aces)
CashfishT: shows [Ac 9s] (a full house, Queens full of Aces)
CashfishT collected $13.12 from pot
CMX1998 collected $13.12 from pot
*** SUMMARY ***
Total pot $27.62 | Rake $1.38 
Board [Ah Qd Qs 3s Qc]
Seat 1: Pon4uk.ua (button) folded before Flop (didn't bet)
Seat 2: himqa (small blind) folded before Flop
Seat 3: CashfishT (big blind) showed [Ac 9s] and won ($13.12) with a full house, Queens full of Aces
Seat 4: peak joker33 folded before Flop (didn't bet)
Seat 5: MaRKiToScoK folded on the River
Seat 6: CMX1998 showed [3d Ad] and won ($13.12) with a full house, Queens full of Aces



PokerStars Hand #254618580209:  Hold'em No Limit ($0.50/$1.00 USD) - 2025/01/30 8:17:48 WET [2025/01/30 3:17:48 ET]
Table 'Maja' 6-max Seat #2 is the button
Seat 1: Pon4uk.ua ($109.76 in chips) 
Seat 2: himqa ($242.71 in chips) 
Seat 3: CashfishT ($111.69 in chips) 
Seat 4: peak joker33 ($110.55 in chips) 
Seat 5: MaRKiToScoK ($139.80 in chips) 
Seat 6: CMX1998 ($69.21 in chips) 
CashfishT: posts small blind $0.50
peak joker33: posts big blind $1
*** HOLE CARDS ***
MaRKiToScoK: folds 
CMX1998: calls $1
Pon4uk.ua: raises $3 to $4
himqa: folds 
CashfishT: folds 
peak joker33: folds 
CMX1998: calls $3
*** FLOP *** [6d 2s Jh]
CMX1998: checks 
Pon4uk.ua: bets $2.98
CMX1998: calls $2.98
*** TURN *** [6d 2s Jh] [3h]
CMX1998: bets $6
Pon4uk.ua: folds 
Uncalled bet ($6) returned to CMX1998
CMX1998 collected $14.69 from pot
*** SUMMARY ***
Total pot $15.46 | Rake $0.77 
Board [6d 2s Jh 3h]
Seat 1: Pon4uk.ua folded on the Turn
Seat 2: himqa (button) folded before Flop (didn't bet)
Seat 3: CashfishT (small blind) folded before Flop
Seat 4: peak joker33 (big blind) folded before Flop
Seat 5: MaRKiToScoK folded before Flop (didn't bet)
Seat 6: CMX1998 collected ($14.69)



PokerStars Hand #254618583835:  Hold'em No Limit ($0.50/$1.00 USD) - 2025/01/30 8:18:36 WET [2025/01/30 3:18:36 ET]
Table 'Maja' 6-max Seat #3 is the button
Seat 1: Pon4uk.ua ($102.78 in chips) 
Seat 2: himqa ($242.71 in chips) 
Seat 3: CashfishT ($111.19 in chips) 
Seat 4: peak joker33 ($109.55 in chips) 
Seat 5: MaRKiToScoK ($139.80 in chips) 
Seat 6: CMX1998 ($76.92 in chips) 
peak joker33: posts small blind $0.50
MaRKiToScoK: posts big blind $1
*** HOLE CARDS ***
CMX1998: calls $1
Pon4uk.ua: folds 
himqa: folds 
CashfishT: folds 
peak joker33: folds 
MaRKiToScoK: checks 
*** FLOP *** [Jh 5c 9s]
MaRKiToScoK: checks 
CMX1998: checks 
*** TURN *** [Jh 5c 9s] [Qs]
MaRKiToScoK: checks 
CMX1998: checks 
*** RIVER *** [Jh 5c 9s Qs] [Tc]
MaRKiToScoK: checks 
CMX1998: checks 
*** SHOW DOWN ***
MaRKiToScoK: shows [3s 3h] (a pair of Threes)
CMX1998: mucks hand 
MaRKiToScoK collected $2.38 from pot
*** SUMMARY ***
Total pot $2.50 | Rake $0.12 
Board [Jh 5c 9s Qs Tc]
Seat 1: Pon4uk.ua folded before Flop (didn't bet)
Seat 2: himqa folded before Flop (didn't bet)
Seat 3: CashfishT (button) folded before Flop (didn't bet)
Seat 4: peak joker33 (small blind) folded before Flop
Seat 5: MaRKiToScoK (big blind) showed [3s 3h] and won ($2.38) with a pair of Threes
Seat 6: CMX1998 mucked



PokerStars Hand #254618587443:  Hold'em No Limit ($0.50/$1.00 USD) - 2025/01/30 8:19:25 WET [2025/01/30 3:19:25 ET]
Table 'Maja' 6-max Seat #4 is the button
Seat 1: Pon4uk.ua ($102.78 in chips) 
Seat 2: himqa ($242.71 in chips) 
Seat 3: CashfishT ($111.19 in chips) 
Seat 4: peak joker33 ($109.05 in chips) 
Seat 5: MaRKiToScoK ($141.18 in chips) 
Seat 6: CMX1998 ($75.92 in chips) 
MaRKiToScoK: posts small blind $0.50
CMX1998: posts big blind $1
*** HOLE CARDS ***
Pon4uk.ua: raises $1 to $2
himqa: folds 
CashfishT: folds 
peak joker33: folds 
MaRKiToScoK: folds 
CMX1998: raises $4 to $6
Pon4uk.ua: folds 
Uncalled bet ($4) returned to CMX1998
CMX1998 collected $4.50 from pot
*** SUMMARY ***
Total pot $4.50 | Rake $0 
Seat 1: Pon4uk.ua folded before Flop
Seat 2: himqa folded before Flop (didn't bet)
Seat 3: CashfishT folded before Flop (didn't bet)
Seat 4: peak joker33 (button) folded before Flop (didn't bet)
Seat 5: MaRKiToScoK (small blind) folded before Flop
Seat 6: CMX1998 (big blind) collected ($4.50)



PokerStars Hand #254618589546:  Hold'em No Limit ($0.50/$1.00 USD) - 2025/01/30 8:19:52 WET [2025/01/30 3:19:52 ET]
Table 'Maja' 6-max Seat #5 is the button
Seat 1: Pon4uk.ua ($100.78 in chips) 
Seat 2: himqa ($242.71 in chips) 
Seat 3: CashfishT ($111.19 in chips) 
Seat 4: peak joker33 ($109.05 in chips) 
Seat 5: MaRKiToScoK ($140.68 in chips) 
Seat 6: CMX1998 ($78.42 in chips) 
CMX1998: posts small blind $0.50
Pon4uk.ua: posts big blind $1
*** HOLE CARDS ***
himqa: raises $1.50 to $2.50
CashfishT: raises $4.50 to $7
peak joker33: folds 
MaRKiToScoK: raises $7.84 to $14.84
CMX1998: folds 
Pon4uk.ua: folds 
himqa: folds 
CashfishT: folds 
Uncalled bet ($7.84) returned to MaRKiToScoK
MaRKiToScoK collected $18 from pot
*** SUMMARY ***
Total pot $18 | Rake $0 
Seat 1: Pon4uk.ua (big blind) folded before Flop
Seat 2: himqa folded before Flop
Seat 3: CashfishT folded before Flop
Seat 4: peak joker33 folded before Flop (didn't bet)
Seat 5: MaRKiToScoK (button) collected ($18)
Seat 6: CMX1998 (small blind) folded before Flop



PokerStars Hand #254618593433:  Hold'em No Limit ($0.50/$1.00 USD) - 2025/01/30 8:20:44 WET [2025/01/30 3:20:44 ET]
Table 'Maja' 6-max Seat #6 is the button
Seat 1: Pon4uk.ua ($100 in chips) 
Seat 2: himqa ($240.21 in chips) 
Seat 3: CashfishT ($104.19 in chips) 
Seat 4: peak joker33 ($109.05 in chips) 
Seat 5: MaRKiToScoK ($151.68 in chips) 
Seat 6: CMX1998 ($77.92 in chips) 
Pon4uk.ua: posts small blind $0.50
himqa: posts big blind $1
*** HOLE CARDS ***
CashfishT: raises $1.20 to $2.20
peak joker33: folds 
MaRKiToScoK: folds 
CMX1998: calls $2.20
Pon4uk.ua: folds 
himqa: calls $1.20
*** FLOP *** [9s Qd 7s]
himqa: bets $2.22
CashfishT: calls $2.22
CMX1998: calls $2.22
*** TURN *** [9s Qd 7s] [Kd]
himqa: checks 
CashfishT: bets $9.80
CMX1998: folds 
himqa: folds 
Uncalled bet ($9.80) returned to CashfishT
CashfishT collected $13.07 from pot
CashfishT: doesn't show hand 
*** SUMMARY ***
Total pot $13.76 | Rake $0.69 
Board [9s Qd 7s Kd]
Seat 1: Pon4uk.ua (small blind) folded before Flop
Seat 2: himqa (big blind) folded on the Turn
Seat 3: CashfishT collected ($13.07)
Seat 4: peak joker33 folded before Flop (didn't bet)
Seat 5: MaRKiToScoK folded before Flop (didn't bet)
Seat 6: CMX1998 (button) folded on the Turn



PokerStars Hand #254618597745:  Hold'em No Limit ($0.50/$1.00 USD) - 2025/01/30 8:21:41 WET [2025/01/30 3:21:41 ET]
Table 'Maja' 6-max Seat #1 is the button
Seat 1: Pon4uk.ua ($100 in chips) 
Seat 2: himqa ($235.79 in chips) 
Seat 3: CashfishT ($112.84 in chips) 
Seat 4: peak joker33 ($109.05 in chips) 
Seat 5: MaRKiToScoK ($151.68 in chips) 
Seat 6: CMX1998 ($73.50 in chips) 
himqa: posts small blind $0.50
CashfishT: posts big blind $1
*** HOLE CARDS ***
peak joker33: folds 
MaRKiToScoK: folds 
CMX1998: folds 
Pon4uk.ua: folds 
himqa: raises $2 to $3
CashfishT: folds 
Uncalled bet ($2) returned to himqa
himqa collected $2 from pot
himqa: doesn't show hand 
*** SUMMARY ***
Total pot $2 | Rake $0 
Seat 1: Pon4uk.ua (button) folded before Flop (didn't bet)
Seat 2: himqa (small blind) collected ($2)
Seat 3: CashfishT (big blind) folded before Flop
Seat 4: peak joker33 folded before Flop (didn't bet)
Seat 5: MaRKiToScoK folded before Flop (didn't bet)
Seat 6: CMX1998 folded before Flop (didn't bet)



PokerStars Hand #254618599396:  Hold'em No Limit ($0.50/$1.00 USD) - 2025/01/30 8:22:02 WET [2025/01/30 3:22:02 ET]
Table 'Maja' 6-max Seat #2 is the button
Seat 1: Pon4uk.ua ($100 in chips) 
Seat 2: himqa ($236.79 in chips) 
Seat 3: CashfishT ($111.84 in chips) 
Seat 4: peak joker33 ($109.05 in chips) 
Seat 5: MaRKiToScoK ($151.68 in chips) 
Seat 6: CMX1998 ($73.50 in chips) 
CashfishT: posts small blind $0.50
peak joker33: posts big blind $1
*** HOLE CARDS ***
MaRKiToScoK: raises $1 to $2
CMX1998: calls $2
Pon4uk.ua: folds 
himqa: folds 
CashfishT: folds 
peak joker33: folds 
*** FLOP *** [3c 5c 3s]
MaRKiToScoK: bets $1.72
CMX1998: calls $1.72
*** TURN *** [3c 5c 3s] [Ah]
MaRKiToScoK: bets $6.37
CMX1998: folds 
Uncalled bet ($6.37) returned to MaRKiToScoK
MaRKiToScoK collected $8.49 from pot
*** SUMMARY ***
Total pot $8.94 | Rake $0.45 
Board [3c 5c 3s Ah]
Seat 1: Pon4uk.ua folded before Flop (didn't bet)
Seat 2: himqa (button) folded before Flop (didn't bet)
Seat 3: CashfishT (small blind) folded before Flop
Seat 4: peak joker33 (big blind) folded before Flop
Seat 5: MaRKiToScoK collected ($8.49)
Seat 6: CMX1998 folded on the Turn



PokerStars Hand #254618601849:  Hold'em No Limit ($0.50/$1.00 USD) - 2025/01/30 8:22:33 WET [2025/01/30 3:22:33 ET]
Table 'Maja' 6-max Seat #3 is the button
Seat 1: Pon4uk.ua ($100 in chips) 
Seat 2: himqa ($236.79 in chips) 
Seat 3: CashfishT ($111.34 in chips) 
Seat 4: peak joker33 ($108.05 in chips) 
Seat 5: MaRKiToScoK ($156.45 in chips) 
Seat 6: CMX1998 ($69.78 in chips) 
peak joker33: posts small blind $0.50
MaRKiToScoK: posts big blind $1
*** HOLE CARDS ***
CMX1998: calls $1
Pon4uk.ua: folds 
himqa: folds 
CashfishT: folds 
peak joker33: folds 
MaRKiToScoK: checks 
*** FLOP *** [Ts 2h 5s]
MaRKiToScoK: checks 
CMX1998: bets $2
MaRKiToScoK: folds 
Uncalled bet ($2) returned to CMX1998
CMX1998 collected $2.38 from pot
*** SUMMARY ***
Total pot $2.50 | Rake $0.12 
Board [Ts 2h 5s]
Seat 1: Pon4uk.ua folded before Flop (didn't bet)
Seat 2: himqa folded before Flop (didn't bet)
Seat 3: CashfishT (button) folded before Flop (didn't bet)
Seat 4: peak joker33 (small blind) folded before Flop
Seat 5: MaRKiToScoK (big blind) folded on the Flop
Seat 6: CMX1998 collected ($2.38)



PokerStars Hand #254618604825:  Hold'em No Limit ($0.50/$1.00 USD) - 2025/01/30 8:23:11 WET [2025/01/30 3:23:11 ET]
Table 'Maja' 6-max Seat #4 is the button
Seat 1: Pon4uk.ua ($100 in chips) 
Seat 2: himqa ($236.79 in chips) 
Seat 3: CashfishT ($111.34 in chips) 
Seat 4: peak joker33 ($107.55 in chips) 
Seat 5: MaRKiToScoK ($155.45 in chips) 
Seat 6: CMX1998 ($71.16 in chips) 
MaRKiToScoK: posts small blind $0.50
CMX1998: posts big blind $1
*** HOLE CARDS ***
Pon4uk.ua: folds 
himqa: folds 
CashfishT: folds 
peak joker33: raises $1.50 to $2.50
MaRKiToScoK: raises $8.50 to $11
CMX1998: calls $10
peak joker33: folds 
*** FLOP *** [Jc 9h 8d]
MaRKiToScoK: checks 
CMX1998: bets $10
MaRKiToScoK: calls $10
*** TURN *** [Jc 9h 8d] [8s]
MaRKiToScoK: checks 
CMX1998: bets $10
MaRKiToScoK: calls $10
*** RIVER *** [Jc 9h 8d 8s] [Qs]
MaRKiToScoK: checks 
CMX1998: bets $40.16 and is all-in
MaRKiToScoK: folds 
Uncalled bet ($40.16) returned to CMX1998
CMX1998 collected $62 from pot
*** SUMMARY ***
Total pot $64.50 | Rake $2.50 
Board [Jc 9h 8d 8s Qs]
Seat 1: Pon4uk.ua folded before Flop (didn't bet)
Seat 2: himqa folded before Flop (didn't bet)
Seat 3: CashfishT folded before Flop (didn't bet)
Seat 4: peak joker33 (button) folded before Flop
Seat 5: MaRKiToScoK (small blind) folded on the River
Seat 6: CMX1998 (big blind) collected ($62)



PokerStars Hand #254618610845:  Hold'em No Limit ($0.50/$1.00 USD) - 2025/01/30 8:24:29 WET [2025/01/30 3:24:29 ET]
Table 'Maja' 6-max Seat #5 is the button
Seat 1: Pon4uk.ua ($100 in chips) 
Seat 2: himqa ($236.79 in chips) 
Seat 3: CashfishT ($111.34 in chips) 
Seat 4: peak joker33 ($105.05 in chips) 
Seat 5: MaRKiToScoK ($124.45 in chips) 
Seat 6: CMX1998 ($102.16 in chips) 
CMX1998: posts small blind $0.50
Pon4uk.ua: posts big blind $1
*** HOLE CARDS ***
himqa: folds 
CashfishT: raises $1.20 to $2.20
peak joker33: raises $4.80 to $7
MaRKiToScoK: folds 
CMX1998: folds 
Pon4uk.ua: folds 
CashfishT: folds 
Uncalled bet ($4.80) returned to peak joker33
peak joker33 collected $5.90 from pot
peak joker33: doesn't show hand 
*** SUMMARY ***
Total pot $5.90 | Rake $0 
Seat 1: Pon4uk.ua (big blind) folded before Flop
Seat 2: himqa folded before Flop (didn't bet)
Seat 3: CashfishT folded before Flop
Seat 4: peak joker33 collected ($5.90)
Seat 5: MaRKiToScoK (button) folded before Flop (didn't bet)
Seat 6: CMX1998 (small blind) folded before Flop



PokerStars Hand #254618613146:  Hold'em No Limit ($0.50/$1.00 USD) - 2025/01/30 8:24:57 WET [2025/01/30 3:24:57 ET]
Table 'Maja' 6-max Seat #6 is the button
Seat 1: Pon4uk.ua ($100 in chips) 
Seat 2: himqa ($236.79 in chips) 
Seat 3: CashfishT ($109.14 in chips) 
Seat 4: peak joker33 ($108.75 in chips) 
Seat 5: MaRKiToScoK ($124.45 in chips) 
Seat 6: CMX1998 ($101.66 in chips) 
Pon4uk.ua: posts small blind $0.50
himqa: posts big blind $1
*** HOLE CARDS ***
CashfishT: folds 
peak joker33: raises $1.50 to $2.50
MaRKiToScoK: folds 
CMX1998: calls $2.50
Pon4uk.ua: folds 
himqa: raises $11.50 to $14
peak joker33: calls $11.50
CMX1998: folds 
*** FLOP *** [8s 2h 7s]
himqa: bets $21.91
peak joker33: calls $21.91
*** TURN *** [8s 2h 7s] [Jc]
himqa: bets $200.88 and is all-in
peak joker33: calls $72.84 and is all-in
Uncalled bet ($128.04) returned to himqa
*** RIVER *** [8s 2h 7s Jc] [5s]
*** SHOW DOWN ***
himqa: shows [Qc Qh] (a pair of Queens)
peak joker33: shows [Jh 9h] (a pair of Jacks)
himqa collected $218 from pot
*** SUMMARY ***
Total pot $220.50 | Rake $2.50 
Board [8s 2h 7s Jc 5s]
Seat 1: Pon4uk.ua (small blind) folded before Flop
Seat 2: himqa (big blind) showed [Qc Qh] and won ($218) with a pair of Queens
Seat 3: CashfishT folded before Flop (didn't bet)
Seat 4: peak joker33 showed [Jh 9h] and lost with a pair of Jacks
Seat 5: MaRKiToScoK folded before Flop (didn't bet)
Seat 6: CMX1998 (button) folded before Flop



PokerStars Hand #254618619082:  Hold'em No Limit ($0.50/$1.00 USD) - 2025/01/30 8:26:12 WET [2025/01/30 3:26:12 ET]
Table 'Maja' 6-max Seat #1 is the button
Seat 1: Pon4uk.ua ($100 in chips) 
Seat 2: himqa ($346.04 in chips) 
Seat 3: CashfishT ($109.14 in chips) 
Seat 4: peak joker33 ($100 in chips) 
Seat 5: MaRKiToScoK ($124.45 in chips) 
Seat 6: CMX1998 ($99.16 in chips) 
himqa: posts small blind $0.50
CashfishT: posts big blind $1
*** HOLE CARDS ***
peak joker33: folds 
MaRKiToScoK: raises $1 to $2
CMX1998: folds 
Pon4uk.ua: folds 
himqa: folds 
CashfishT: folds 
Uncalled bet ($1) returned to MaRKiToScoK
MaRKiToScoK collected $2.50 from pot
*** SUMMARY ***
Total pot $2.50 | Rake $0 
Seat 1: Pon4uk.ua (button) folded before Flop (didn't bet)
Seat 2: himqa (small blind) folded before Flop
Seat 3: CashfishT (big blind) folded before Flop
Seat 4: peak joker33 folded before Flop (didn't bet)
Seat 5: MaRKiToScoK collected ($2.50)
Seat 6: CMX1998 folded before Flop (didn't bet)



PokerStars Hand #254618620360:  Hold'em No Limit ($0.50/$1.00 USD) - 2025/01/30 8:26:28 WET [2025/01/30 3:26:28 ET]
Table 'Maja' 6-max Seat #2 is the button
Seat 1: Pon4uk.ua ($100 in chips) 
Seat 2: himqa ($345.54 in chips) 
Seat 3: CashfishT ($108.14 in chips) 
Seat 4: peak joker33 ($100 in chips) 
Seat 5: MaRKiToScoK ($125.95 in chips) 
Seat 6: CMX1998 ($99.16 in chips) 
CashfishT: posts small blind $0.50
peak joker33: posts big blind $1
*** HOLE CARDS ***
MaRKiToScoK: raises $2 to $3
CMX1998: calls $3
Pon4uk.ua: calls $3
himqa: calls $3
CashfishT: raises $14 to $17
peak joker33: folds 
MaRKiToScoK: raises $108.95 to $125.95 and is all-in
CMX1998: folds 
Pon4uk.ua: folds 
himqa: folds 
CashfishT: folds 
Uncalled bet ($108.95) returned to MaRKiToScoK
MaRKiToScoK collected $44 from pot
MaRKiToScoK: doesn't show hand 
*** SUMMARY ***
Total pot $44 | Rake $0 
Seat 1: Pon4uk.ua folded before Flop
Seat 2: himqa (button) folded before Flop
Seat 3: CashfishT (small blind) folded before Flop
Seat 4: peak joker33 (big blind) folded before Flop
Seat 5: MaRKiToScoK collected ($44)
Seat 6: CMX1998 folded before Flop



PokerStars Hand #254618625333:  Hold'em No Limit ($0.50/$1.00 USD) - 2025/01/30 8:27:30 WET [2025/01/30 3:27:30 ET]
Table 'Maja' 6-max Seat #3 is the button
Seat 1: Pon4uk.ua ($100 in chips) 
Seat 2: himqa ($342.54 in chips) 
Seat 3: CashfishT ($100 in chips) 
Seat 4: peak joker33 ($100 in chips) 
Seat 5: MaRKiToScoK ($152.95 in chips) 
Seat 6: CMX1998 ($96.16 in chips) 
peak joker33: posts small blind $0.50
MaRKiToScoK: posts big blind $1
*** HOLE CARDS ***
CMX1998: calls $1
Pon4uk.ua: folds 
himqa: folds 
CashfishT: folds 
peak joker33: raises $4 to $5
MaRKiToScoK: calls $4
CMX1998: calls $4
*** FLOP *** [8d 9c 4s]
peak joker33: bets $10.69
MaRKiToScoK: folds 
CMX1998: folds 
Uncalled bet ($10.69) returned to peak joker33
peak joker33 collected $14.25 from pot
peak joker33: doesn't show hand 
*** SUMMARY ***
Total pot $15 | Rake $0.75 
Board [8d 9c 4s]
Seat 1: Pon4uk.ua folded before Flop (didn't bet)
Seat 2: himqa folded before Flop (didn't bet)
Seat 3: CashfishT (button) folded before Flop (didn't bet)
Seat 4: peak joker33 (small blind) collected ($14.25)
Seat 5: MaRKiToScoK (big blind) folded on the Flop
Seat 6: CMX1998 folded on the Flop



PokerStars Hand #254618628811:  Hold'em No Limit ($0.50/$1.00 USD) - 2025/01/30 8:28:15 WET [2025/01/30 3:28:15 ET]
Table 'Maja' 6-max Seat #4 is the button
Seat 1: Pon4uk.ua ($100 in chips) 
Seat 2: himqa ($342.54 in chips) 
Seat 3: CashfishT ($100 in chips) 
Seat 4: peak joker33 ($109.25 in chips) 
Seat 5: MaRKiToScoK ($147.95 in chips) 
Seat 6: CMX1998 ($91.16 in chips) 
MaRKiToScoK: posts small blind $0.50
CMX1998: posts big blind $1
*** HOLE CARDS ***
Pon4uk.ua: folds 
himqa: folds 
CashfishT: folds 
peak joker33: folds 
MaRKiToScoK: raises $2 to $3
CMX1998: folds 
Uncalled bet ($2) returned to MaRKiToScoK
MaRKiToScoK collected $2 from pot
*** SUMMARY ***
Total pot $2 | Rake $0 
Seat 1: Pon4uk.ua folded before Flop (didn't bet)
Seat 2: himqa folded before Flop (didn't bet)
Seat 3: CashfishT folded before Flop (didn't bet)
Seat 4: peak joker33 (button) folded before Flop (didn't bet)
Seat 5: MaRKiToScoK (small blind) collected ($2)
Seat 6: CMX1998 (big blind) folded before Flop



PokerStars Hand #254618630175:  Hold'em No Limit ($0.50/$1.00 USD) - 2025/01/30 8:28:32 WET [2025/01/30 3:28:32 ET]
Table 'Maja' 6-max Seat #5 is the button
Seat 1: Pon4uk.ua ($100 in chips) 
Seat 2: himqa ($342.54 in chips) 
Seat 3: CashfishT ($100 in chips) 
Seat 4: peak joker33 ($109.25 in chips) 
Seat 5: MaRKiToScoK ($148.95 in chips) 
Seat 6: CMX1998 ($90.16 in chips) 
CMX1998: posts small blind $0.50
Pon4uk.ua: posts big blind $1
*** HOLE CARDS ***
himqa: folds 
CashfishT: raises $1.20 to $2.20
peak joker33: folds 
MaRKiToScoK: folds 
CMX1998: calls $1.70
Pon4uk.ua: calls $1.20
*** FLOP *** [As 9d 8d]
CMX1998: checks 
Pon4uk.ua: checks 
CashfishT: bets $4.70
CMX1998: folds 
Pon4uk.ua: folds 
Uncalled bet ($4.70) returned to CashfishT
CashfishT collected $6.27 from pot
CashfishT: doesn't show hand 
*** SUMMARY ***
Total pot $6.60 | Rake $0.33 
Board [As 9d 8d]
Seat 1: Pon4uk.ua (big blind) folded on the Flop
Seat 2: himqa folded before Flop (didn't bet)
Seat 3: CashfishT collected ($6.27)
Seat 4: peak joker33 folded before Flop (didn't bet)
Seat 5: MaRKiToScoK (button) folded before Flop (didn't bet)
Seat 6: CMX1998 (small blind) folded on the Flop



PokerStars Hand #254618633017:  Hold'em No Limit ($0.50/$1.00 USD) - 2025/01/30 8:29:07 WET [2025/01/30 3:29:07 ET]
Table 'Maja' 6-max Seat #6 is the button
Seat 1: Pon4uk.ua ($100 in chips) 
Seat 2: himqa ($342.54 in chips) 
Seat 3: CashfishT ($104.07 in chips) 
Seat 4: peak joker33 ($109.25 in chips) 
Seat 5: MaRKiToScoK ($148.95 in chips) 
Seat 6: CMX1998 ($87.96 in chips) 
Pon4uk.ua: posts small blind $0.50
himqa: posts big blind $1
*** HOLE CARDS ***
CashfishT: folds 
peak joker33: raises $1.50 to $2.50
MaRKiToScoK: calls $2.50
CMX1998: calls $2.50
Pon4uk.ua: folds 
himqa: folds 
*** FLOP *** [6d Ac Qd]
peak joker33: bets $2.82
MaRKiToScoK: calls $2.82
CMX1998: calls $2.82
*** TURN *** [6d Ac Qd] [4d]
peak joker33: checks 
MaRKiToScoK: bets $12.44
CMX1998: folds 
peak joker33: folds 
Uncalled bet ($12.44) returned to MaRKiToScoK
MaRKiToScoK collected $16.59 from pot
*** SUMMARY ***
Total pot $17.46 | Rake $0.87 
Board [6d Ac Qd 4d]
Seat 1: Pon4uk.ua (small blind) folded before Flop
Seat 2: himqa (big blind) folded before Flop
Seat 3: CashfishT folded before Flop (didn't bet)
Seat 4: peak joker33 folded on the Turn
Seat 5: MaRKiToScoK collected ($16.59)
Seat 6: CMX1998 (button) folded on the Turn



PokerStars Hand #254618636332:  Hold'em No Limit ($0.50/$1.00 USD) - 2025/01/30 8:29:49 WET [2025/01/30 3:29:49 ET]
Table 'Maja' 6-max Seat #1 is the button
Seat 1: Pon4uk.ua ($100 in chips) 
Seat 2: himqa ($341.54 in chips) 
Seat 3: CashfishT ($104.07 in chips) 
Seat 4: peak joker33 ($103.93 in chips) 
Seat 5: MaRKiToScoK ($160.22 in chips) 
Seat 6: CMX1998 ($82.64 in chips) 
himqa: posts small blind $0.50
CashfishT: posts big blind $1
*** HOLE CARDS ***
peak joker33: folds 
MaRKiToScoK: folds 
CMX1998: folds 
Pon4uk.ua: folds 
himqa: folds 
Uncalled bet ($0.50) returned to CashfishT
CashfishT collected $1 from pot
CashfishT: doesn't show hand 
*** SUMMARY ***
Total pot $1 | Rake $0 
Seat 1: Pon4uk.ua (button) folded before Flop (didn't bet)
Seat 2: himqa (small blind) folded before Flop
Seat 3: CashfishT (big blind) collected ($1)
Seat 4: peak joker33 folded before Flop (didn't bet)
Seat 5: MaRKiToScoK folded before Flop (didn't bet)
Seat 6: CMX1998 folded before Flop (didn't bet)



PokerStars Hand #254618637656:  Hold'em No Limit ($0.50/$1.00 USD) - 2025/01/30 8:30:05 WET [2025/01/30 3:30:05 ET]
Table 'Maja' 6-max Seat #2 is the button
Seat 1: Pon4uk.ua ($100 in chips) 
Seat 2: himqa ($341.04 in chips) 
Seat 3: CashfishT ($104.57 in chips) 
Seat 4: peak joker33 ($103.93 in chips) 
Seat 5: MaRKiToScoK ($160.22 in chips) 
Seat 6: CMX1998 ($82.64 in chips) 
CashfishT: posts small blind $0.50
peak joker33: posts big blind $1
*** HOLE CARDS ***
MaRKiToScoK: raises $1 to $2
CMX1998: calls $2
Pon4uk.ua: folds 
himqa: folds 
CashfishT: folds 
peak joker33: raises $11 to $13
MaRKiToScoK: calls $11
CMX1998: calls $11
*** FLOP *** [4c 6c Jh]
peak joker33: checks 
MaRKiToScoK: checks 
CMX1998: bets $69.64 and is all-in
peak joker33: folds 
MaRKiToScoK: folds 
Uncalled bet ($69.64) returned to CMX1998
CMX1998 collected $37.52 from pot
*** SUMMARY ***
Total pot $39.50 | Rake $1.98 
Board [4c 6c Jh]
Seat 1: Pon4uk.ua folded before Flop (didn't bet)
Seat 2: himqa (button) folded before Flop (didn't bet)
Seat 3: CashfishT (small blind) folded before Flop
Seat 4: peak joker33 (big blind) folded on the Flop
Seat 5: MaRKiToScoK folded on the Flop
Seat 6: CMX1998 collected ($37.52)



PokerStars Hand #254618641102:  Hold'em No Limit ($0.50/$1.00 USD) - 2025/01/30 8:30:48 WET [2025/01/30 3:30:48 ET]
Table 'Maja' 6-max Seat #3 is the button
Seat 1: Pon4uk.ua ($100 in chips) 
Seat 2: himqa ($341.04 in chips) 
Seat 3: CashfishT ($104.07 in chips) 
Seat 4: peak joker33 ($100 in chips) 
Seat 5: MaRKiToScoK ($147.22 in chips) 
Seat 6: CMX1998 ($107.16 in chips) 
peak joker33: posts small blind $0.50
MaRKiToScoK: posts big blind $1
*** HOLE CARDS ***
CMX1998: calls $1
Pon4uk.ua: raises $3 to $4
himqa: calls $4
CashfishT: raises $9 to $13
peak joker33: folds 
MaRKiToScoK: folds 
CMX1998: calls $12
Pon4uk.ua: calls $9
himqa: calls $9
*** FLOP *** [9s Jd Ks]
CMX1998: bets $94.16 and is all-in
Pon4uk.ua: folds 
himqa: folds 
CashfishT: folds 
Uncalled bet ($94.16) returned to CMX1998
CMX1998 collected $51 from pot
*** SUMMARY ***
Total pot $53.50 | Rake $2.50 
Board [9s Jd Ks]
Seat 1: Pon4uk.ua folded on the Flop
Seat 2: himqa folded on the Flop
Seat 3: CashfishT (button) folded on the Flop
Seat 4: peak joker33 (small blind) folded before Flop
Seat 5: MaRKiToScoK (big blind) folded before Flop
Seat 6: CMX1998 collected ($51)



PokerStars Hand #254618645186:  Hold'em No Limit ($0.50/$1.00 USD) - 2025/01/30 8:31:39 WET [2025/01/30 3:31:39 ET]
Table 'Maja' 6-max Seat #4 is the button
Seat 1: Pon4uk.ua ($100 in chips) 
Seat 2: himqa ($328.04 in chips) 
Seat 3: CashfishT ($100 in chips) 
Seat 4: peak joker33 ($100 in chips) 
Seat 5: MaRKiToScoK ($146.22 in chips) 
Seat 6: CMX1998 ($145.16 in chips) 
MaRKiToScoK: posts small blind $0.50
CMX1998: posts big blind $1
*** HOLE CARDS ***
Pon4uk.ua: folds 
himqa: folds 
CashfishT: folds 
peak joker33: raises $1.50 to $2.50
MaRKiToScoK: folds 
CMX1998: folds 
Uncalled bet ($1.50) returned to peak joker33
peak joker33 collected $2.50 from pot
peak joker33: doesn't show hand 
*** SUMMARY ***
Total pot $2.50 | Rake $0 
Seat 1: Pon4uk.ua folded before Flop (didn't bet)
Seat 2: himqa folded before Flop (didn't bet)
Seat 3: CashfishT folded before Flop (didn't bet)
Seat 4: peak joker33 (button) collected ($2.50)
Seat 5: MaRKiToScoK (small blind) folded before Flop
Seat 6: CMX1998 (big blind) folded before Flop



PokerStars Hand #254618647820:  Hold'em No Limit ($0.50/$1.00 USD) - 2025/01/30 8:32:12 WET [2025/01/30 3:32:12 ET]
Table 'Maja' 6-max Seat #5 is the button
Seat 1: Pon4uk.ua ($100 in chips) 
Seat 2: himqa ($328.04 in chips) 
Seat 3: CashfishT ($100 in chips) 
Seat 4: peak joker33 ($101.50 in chips) 
Seat 5: MaRKiToScoK ($145.72 in chips) 
Seat 6: CMX1998 ($144.16 in chips) 
CMX1998: posts small blind $0.50
Pon4uk.ua: posts big blind $1
*** HOLE CARDS ***
himqa: folds 
CashfishT: folds 
peak joker33: folds 
MaRKiToScoK: folds 
CMX1998: folds 
Uncalled bet ($0.50) returned to Pon4uk.ua
Pon4uk.ua collected $1 from pot
Pon4uk.ua: doesn't show hand 
*** SUMMARY ***
Total pot $1 | Rake $0 
Seat 1: Pon4uk.ua (big blind) collected ($1)
Seat 2: himqa folded before Flop (didn't bet)
Seat 3: CashfishT folded before Flop (didn't bet)
Seat 4: peak joker33 folded before Flop (didn't bet)
Seat 5: MaRKiToScoK (button) folded before Flop (didn't bet)
Seat 6: CMX1998 (small blind) folded before Flop



PokerStars Hand #254618648815:  Hold'em No Limit ($0.50/$1.00 USD) - 2025/01/30 8:32:24 WET [2025/01/30 3:32:24 ET]
Table 'Maja' 6-max Seat #6 is the button
Seat 1: Pon4uk.ua ($100.50 in chips) 
Seat 2: himqa ($328.04 in chips) 
Seat 3: CashfishT ($100 in chips) 
Seat 4: peak joker33 ($101.50 in chips) 
Seat 5: MaRKiToScoK ($145.72 in chips) 
Seat 6: CMX1998 ($143.66 in chips) 
Pon4uk.ua: posts small blind $0.50
himqa: posts big blind $1
*** HOLE CARDS ***
CashfishT: folds 
peak joker33: folds 
MaRKiToScoK: folds 
CMX1998: calls $1
Pon4uk.ua: raises $4 to $5
himqa: calls $4
CMX1998: calls $4
*** FLOP *** [6h 7d 9s]
Pon4uk.ua: checks 
himqa: checks 
CMX1998: bets $10
Pon4uk.ua: folds 
himqa: folds 
Uncalled bet ($10) returned to CMX1998
CMX1998 collected $14.25 from pot
*** SUMMARY ***
Total pot $15 | Rake $0.75 
Board [6h 7d 9s]
Seat 1: Pon4uk.ua (small blind) folded on the Flop
Seat 2: himqa (big blind) folded on the Flop
Seat 3: CashfishT folded before Flop (didn't bet)
Seat 4: peak joker33 folded before Flop (didn't bet)
Seat 5: MaRKiToScoK folded before Flop (didn't bet)
Seat 6: CMX1998 (button) collected ($14.25)



PokerStars Hand #254618652791:  Hold'em No Limit ($0.50/$1.00 USD) - 2025/01/30 8:33:15 WET [2025/01/30 3:33:15 ET]
Table 'Maja' 6-max Seat #1 is the button
Seat 1: Pon4uk.ua ($100 in chips) 
Seat 2: himqa ($323.04 in chips) 
Seat 3: CashfishT ($100 in chips) 
Seat 4: peak joker33 ($101.50 in chips) 
Seat 5: MaRKiToScoK ($145.72 in chips) 
Seat 6: CMX1998 ($152.91 in chips) 
himqa: posts small blind $0.50
CashfishT: posts big blind $1
*** HOLE CARDS ***
peak joker33: folds 
MaRKiToScoK: folds 
CMX1998: calls $1
Pon4uk.ua: raises $3 to $4
himqa: folds 
CashfishT: folds 
CMX1998: calls $3
*** FLOP *** [Kc 3s Th]
CMX1998: checks 
Pon4uk.ua: bets $2.98
CMX1998: folds 
Uncalled bet ($2.98) returned to Pon4uk.ua
Pon4uk.ua collected $9.02 from pot
Pon4uk.ua: doesn't show hand 
*** SUMMARY ***
Total pot $9.50 | Rake $0.48 
Board [Kc 3s Th]
Seat 1: Pon4uk.ua (button) collected ($9.02)
Seat 2: himqa (small blind) folded before Flop
Seat 3: CashfishT (big blind) folded before Flop
Seat 4: peak joker33 folded before Flop (didn't bet)
Seat 5: MaRKiToScoK folded before Flop (didn't bet)
Seat 6: CMX1998 folded on the Flop



PokerStars Hand #254618655345:  Hold'em No Limit ($0.50/$1.00 USD) - 2025/01/30 8:33:46 WET [2025/01/30 3:33:46 ET]
Table 'Maja' 6-max Seat #2 is the button
Seat 1: Pon4uk.ua ($105.02 in chips) 
Seat 2: himqa ($322.54 in chips) 
Seat 3: CashfishT ($100 in chips) 
Seat 4: peak joker33 ($101.50 in chips) 
Seat 5: MaRKiToScoK ($145.72 in chips) 
Seat 6: CMX1998 ($148.91 in chips) 
CashfishT: posts small blind $0.50
peak joker33: posts big blind $1
*** HOLE CARDS ***
MaRKiToScoK: folds 
CMX1998: folds 
Pon4uk.ua: folds 
himqa: folds 
CashfishT: folds 
Uncalled bet ($0.50) returned to peak joker33
peak joker33 collected $1 from pot
peak joker33: doesn't show hand 
*** SUMMARY ***
Total pot $1 | Rake $0 
Seat 1: Pon4uk.ua folded before Flop (didn't bet)
Seat 2: himqa (button) folded before Flop (didn't bet)
Seat 3: CashfishT (small blind) folded before Flop
Seat 4: peak joker33 (big blind) collected ($1)
Seat 5: MaRKiToScoK folded before Flop (didn't bet)
Seat 6: CMX1998 folded before Flop (didn't bet)



PokerStars Hand #254618657300:  Hold'em No Limit ($0.50/$1.00 USD) - 2025/01/30 8:34:11 WET [2025/01/30 3:34:11 ET]
Table 'Maja' 6-max Seat #3 is the button
Seat 1: Pon4uk.ua ($105.02 in chips) 
Seat 2: himqa ($322.54 in chips) 
Seat 3: CashfishT ($100 in chips) 
Seat 4: peak joker33 ($102 in chips) 
Seat 5: MaRKiToScoK ($145.72 in chips) 
Seat 6: CMX1998 ($148.91 in chips) 
peak joker33: posts small blind $0.50
MaRKiToScoK: posts big blind $1
*** HOLE CARDS ***
CMX1998: calls $1
Pon4uk.ua: folds 
himqa: folds 
CashfishT: folds 
peak joker33: raises $5 to $6
MaRKiToScoK: folds 
CMX1998: calls $5
*** FLOP *** [4s Kh Ah]
peak joker33: checks 
CMX1998: checks 
*** TURN *** [4s Kh Ah] [Ad]
peak joker33: bets $3.09
CMX1998: folds 
Uncalled bet ($3.09) returned to peak joker33
peak joker33 collected $12.35 from pot
peak joker33: doesn't show hand 
*** SUMMARY ***
Total pot $13 | Rake $0.65 
Board [4s Kh Ah Ad]
Seat 1: Pon4uk.ua folded before Flop (didn't bet)
Seat 2: himqa folded before Flop (didn't bet)
Seat 3: CashfishT (button) folded before Flop (didn't bet)
Seat 4: peak joker33 (small blind) collected ($12.35)
Seat 5: MaRKiToScoK (big blind) folded before Flop
Seat 6: CMX1998 folded on the Turn



PokerStars Hand #254618660499:  Hold'em No Limit ($0.50/$1.00 USD) - 2025/01/30 8:34:50 WET [2025/01/30 3:34:50 ET]
Table 'Maja' 6-max Seat #4 is the button
Seat 1: Pon4uk.ua ($105.02 in chips) 
Seat 2: himqa ($322.54 in chips) 
Seat 3: CashfishT ($100 in chips) 
Seat 4: peak joker33 ($108.35 in chips) 
Seat 5: MaRKiToScoK ($144.72 in chips) 
Seat 6: CMX1998 ($142.91 in chips) 
MaRKiToScoK: posts small blind $0.50
CMX1998: posts big blind $1
*** HOLE CARDS ***
Pon4uk.ua: folds 
himqa: folds 
CashfishT: raises $1.20 to $2.20
peak joker33: folds 
MaRKiToScoK: calls $1.70
CMX1998: calls $1.20
*** FLOP *** [5d Ad 7s]
MaRKiToScoK: checks 
CMX1998: checks 
CashfishT: bets $2.07
MaRKiToScoK: calls $2.07
CMX1998: calls $2.07
*** TURN *** [5d Ad 7s] [Kc]
MaRKiToScoK: checks 
CMX1998: checks 
CashfishT: checks 
*** RIVER *** [5d Ad 7s Kc] [2d]
MaRKiToScoK: bets $9.13
CMX1998: folds 
CashfishT: calls $9.13
*** SHOW DOWN ***
MaRKiToScoK: shows [8s 9s] (high card Ace)
CashfishT: shows [2s As] (two pair, Aces and Deuces)
CashfishT collected $29.52 from pot
*** SUMMARY ***
Total pot $31.07 | Rake $1.55 
Board [5d Ad 7s Kc 2d]
Seat 1: Pon4uk.ua folded before Flop (didn't bet)
Seat 2: himqa folded before Flop (didn't bet)
Seat 3: CashfishT showed [2s As] and won ($29.52) with two pair, Aces and Deuces
Seat 4: peak joker33 (button) folded before Flop (didn't bet)
Seat 5: MaRKiToScoK (small blind) showed [8s 9s] and lost with high card Ace
Seat 6: CMX1998 (big blind) folded on the River



PokerStars Hand #254618666931:  Hold'em No Limit ($0.50/$1.00 USD) - 2025/01/30 8:36:09 WET [2025/01/30 3:36:09 ET]
Table 'Maja' 6-max Seat #5 is the button
Seat 1: Pon4uk.ua ($105.02 in chips) is sitting out
Seat 2: himqa ($322.54 in chips) 
Seat 3: CashfishT ($116.12 in chips) 
Seat 4: peak joker33 ($108.35 in chips) 
Seat 5: MaRKiToScoK ($131.32 in chips) 
Seat 6: CMX1998 ($138.64 in chips) 
CMX1998: posts small blind $0.50
Pon4uk.ua: is sitting out 
himqa: posts big blind $1
*** HOLE CARDS ***
CashfishT: folds 
peak joker33: folds 
MaRKiToScoK: raises $1.50 to $2.50
CMX1998: folds 
himqa: calls $1.50
*** FLOP *** [6d Js Kh]
himqa: checks 
MaRKiToScoK: bets $3.92
himqa: folds 
Uncalled bet ($3.92) returned to MaRKiToScoK
MaRKiToScoK collected $5.22 from pot
*** SUMMARY ***
Total pot $5.50 | Rake $0.28 
Board [6d Js Kh]
Seat 1: Pon4uk.ua
Seat 2: himqa (big blind) folded on the Flop
Seat 3: CashfishT folded before Flop (didn't bet)
Seat 4: peak joker33 folded before Flop (didn't bet)
Seat 5: MaRKiToScoK (button) collected ($5.22)
Seat 6: CMX1998 (small blind) folded before Flop



PokerStars Hand #254618669167:  Hold'em No Limit ($0.50/$1.00 USD) - 2025/01/30 8:36:36 WET [2025/01/30 3:36:36 ET]
Table 'Maja' 6-max Seat #6 is the button
Seat 1: Pon4uk.ua ($105.02 in chips) is sitting out
Seat 2: himqa ($320.04 in chips) 
Seat 3: CashfishT ($116.12 in chips) 
Seat 4: peak joker33 ($108.35 in chips) 
Seat 5: MaRKiToScoK ($134.04 in chips) 
Seat 6: CMX1998 ($138.14 in chips) 
himqa: posts small blind $0.50
CashfishT: posts big blind $1
*** HOLE CARDS ***
peak joker33: folds 
MaRKiToScoK: folds 
CMX1998: calls $1
himqa: folds 
CashfishT: checks 
*** FLOP *** [9c 5s 9s]
CashfishT: checks 
CMX1998: bets $2
CashfishT: calls $2
*** TURN *** [9c 5s 9s] [Qs]
CashfishT: checks 
CMX1998: bets $4
CashfishT: folds 
Uncalled bet ($4) returned to CMX1998
CMX1998 collected $6.18 from pot
*** SUMMARY ***
Total pot $6.50 | Rake $0.32 
Board [9c 5s 9s Qs]
Seat 1: Pon4uk.ua
Seat 2: himqa (small blind) folded before Flop
Seat 3: CashfishT (big blind) folded on the Turn
Seat 4: peak joker33 folded before Flop (didn't bet)
Seat 5: MaRKiToScoK folded before Flop (didn't bet)
Seat 6: CMX1998 (button) collected ($6.18)



PokerStars Hand #254618672536:  Hold'em No Limit ($0.50/$1.00 USD) - 2025/01/30 8:37:18 WET [2025/01/30 3:37:18 ET]
Table 'Maja' 6-max Seat #2 is the button
Seat 1: Pon4uk.ua ($105.02 in chips) is sitting out
Seat 2: himqa ($319.54 in chips) 
Seat 3: CashfishT ($113.12 in chips) 
Seat 4: peak joker33 ($108.35 in chips) 
Seat 5: MaRKiToScoK ($134.04 in chips) 
Seat 6: CMX1998 ($141.32 in chips) 
CashfishT: posts small blind $0.50
peak joker33: posts big blind $1
*** HOLE CARDS ***
MaRKiToScoK: folds 
CMX1998: calls $1
himqa: raises $3 to $4
CashfishT: raises $9 to $13
peak joker33: raises $13 to $26
CMX1998: folds 
himqa: folds 
CashfishT: folds 
Uncalled bet ($13) returned to peak joker33
Pon4uk.ua leaves the table
peak joker33 collected $31 from pot
peak joker33: doesn't show hand 
*** SUMMARY ***
Total pot $31 | Rake $0 
Seat 1: Pon4uk.ua
Seat 2: himqa (button) folded before Flop
Seat 3: CashfishT (small blind) folded before Flop
Seat 4: peak joker33 (big blind) collected ($31)
Seat 5: MaRKiToScoK folded before Flop (didn't bet)
Seat 6: CMX1998 folded before Flop



PokerStars Hand #254618675603:  Hold'em No Limit ($0.50/$1.00 USD) - 2025/01/30 8:37:56 WET [2025/01/30 3:37:56 ET]
Table 'Maja' 6-max Seat #3 is the button
Seat 2: himqa ($315.54 in chips) 
Seat 3: CashfishT ($100.12 in chips) 
Seat 4: peak joker33 ($126.35 in chips) 
Seat 5: MaRKiToScoK ($134.04 in chips) 
Seat 6: CMX1998 ($140.32 in chips) 
peak joker33: posts small blind $0.50
MaRKiToScoK: posts big blind $1
*** HOLE CARDS ***
CMX1998: folds 
himqa: raises $1.50 to $2.50
CashfishT: folds 
peak joker33: folds 
MaRKiToScoK: folds 
Uncalled bet ($1.50) returned to himqa
himqa collected $2.50 from pot
himqa: doesn't show hand 
*** SUMMARY ***
Total pot $2.50 | Rake $0 
Seat 2: himqa collected ($2.50)
Seat 3: CashfishT (button) folded before Flop (didn't bet)
Seat 4: peak joker33 (small blind) folded before Flop
Seat 5: MaRKiToScoK (big blind) folded before Flop
Seat 6: CMX1998 folded before Flop (didn't bet)



PokerStars Hand #254618677251:  Hold'em No Limit ($0.50/$1.00 USD) - 2025/01/30 8:38:16 WET [2025/01/30 3:38:16 ET]
Table 'Maja' 6-max Seat #4 is the button
Seat 2: himqa ($317.04 in chips) 
Seat 3: CashfishT ($100.12 in chips) 
Seat 4: peak joker33 ($125.85 in chips) 
Seat 5: MaRKiToScoK ($133.04 in chips) 
Seat 6: CMX1998 ($140.32 in chips) 
MaRKiToScoK: posts small blind $0.50
CMX1998: posts big blind $1
*** HOLE CARDS ***
ka100pka527 joins the table at seat #1 
himqa: raises $1.50 to $2.50
CashfishT: folds 
peak joker33: folds 
MaRKiToScoK: folds 
CMX1998: calls $1.50
*** FLOP *** [3c Tc 9h]
CMX1998: checks 
himqa: bets $3.71
CMX1998: calls $3.71
*** TURN *** [3c Tc 9h] [Ad]
CMX1998: checks 
himqa: bets $9.20
CMX1998: folds 
Uncalled bet ($9.20) returned to himqa
himqa collected $12.27 from pot
himqa: doesn't show hand 
*** SUMMARY ***
Total pot $12.92 | Rake $0.65 
Board [3c Tc 9h Ad]
Seat 2: himqa collected ($12.27)
Seat 3: CashfishT folded before Flop (didn't bet)
Seat 4: peak joker33 (button) folded before Flop (didn't bet)
Seat 5: MaRKiToScoK (small blind) folded before Flop
Seat 6: CMX1998 (big blind) folded on the Turn



PokerStars Hand #254618681196:  Hold'em No Limit ($0.50/$1.00 USD) - 2025/01/30 8:39:04 WET [2025/01/30 3:39:04 ET]
Table 'Maja' 6-max Seat #5 is the button
Seat 1: ka100pka527 ($100 in chips) 
Seat 2: himqa ($323.10 in chips) 
Seat 3: CashfishT ($100.12 in chips) 
Seat 4: peak joker33 ($125.85 in chips) 
Seat 5: MaRKiToScoK ($132.54 in chips) 
Seat 6: CMX1998 ($134.11 in chips) 
CMX1998: posts small blind $0.50
ka100pka527: posts big blind $1
*** HOLE CARDS ***
himqa: folds 
CashfishT: folds 
peak joker33: folds 
MaRKiToScoK: folds 
CMX1998: calls $0.50
ka100pka527: raises $2 to $3
CMX1998: calls $2
*** FLOP *** [Jh 5d 5c]
CMX1998: bets $5
ka100pka527: folds 
Uncalled bet ($5) returned to CMX1998
CMX1998 collected $5.70 from pot
*** SUMMARY ***
Total pot $6 | Rake $0.30 
Board [Jh 5d 5c]
Seat 1: ka100pka527 (big blind) folded on the Flop
Seat 2: himqa folded before Flop (didn't bet)
Seat 3: CashfishT folded before Flop (didn't bet)
Seat 4: peak joker33 folded before Flop (didn't bet)
Seat 5: MaRKiToScoK (button) folded before Flop (didn't bet)
Seat 6: CMX1998 (small blind) collected ($5.70)



PokerStars Hand #254618683668:  Hold'em No Limit ($0.50/$1.00 USD) - 2025/01/30 8:39:35 WET [2025/01/30 3:39:35 ET]
Table 'Maja' 6-max Seat #6 is the button
Seat 1: ka100pka527 ($100 in chips) 
Seat 2: himqa ($323.10 in chips) 
Seat 3: CashfishT ($100.12 in chips) 
Seat 4: peak joker33 ($125.85 in chips) 
Seat 5: MaRKiToScoK ($132.54 in chips) 
Seat 6: CMX1998 ($136.81 in chips) 
ka100pka527: posts small blind $0.50
himqa: posts big blind $1
*** HOLE CARDS ***
CashfishT: raises $1.20 to $2.20
peak joker33: folds 
MaRKiToScoK: folds 
CMX1998: calls $2.20
ka100pka527: calls $1.70
himqa: folds 
*** FLOP *** [2s 4s Kd]
ka100pka527: checks 
CashfishT: checks 
CMX1998: bets $7
ka100pka527: folds 
CashfishT: folds 
Uncalled bet ($7) returned to CMX1998
CMX1998 collected $7.22 from pot
*** SUMMARY ***
Total pot $7.60 | Rake $0.38 
Board [2s 4s Kd]
Seat 1: ka100pka527 (small blind) folded on the Flop
Seat 2: himqa (big blind) folded before Flop
Seat 3: CashfishT folded on the Flop
Seat 4: peak joker33 folded before Flop (didn't bet)
Seat 5: MaRKiToScoK folded before Flop (didn't bet)
Seat 6: CMX1998 (button) collected ($7.22)



PokerStars Hand #254618687272:  Hold'em No Limit ($0.50/$1.00 USD) - 2025/01/30 8:40:19 WET [2025/01/30 3:40:19 ET]
Table 'Maja' 6-max Seat #1 is the button
Seat 1: ka100pka527 ($100 in chips) 
Seat 2: himqa ($322.10 in chips) 
Seat 3: CashfishT ($100 in chips) 
Seat 4: peak joker33 ($125.85 in chips) 
Seat 5: MaRKiToScoK ($132.54 in chips) 
Seat 6: CMX1998 ($141.83 in chips) 
himqa: posts small blind $0.50
CashfishT: posts big blind $1
*** HOLE CARDS ***
peak joker33: folds 
MaRKiToScoK: raises $1 to $2
CMX1998: calls $2
ka100pka527: folds 
himqa: folds 
CashfishT: folds 
*** FLOP *** [Ad Qd 8c]
MaRKiToScoK: checks 
CMX1998: checks 
*** TURN *** [Ad Qd 8c] [Jh]
MaRKiToScoK: bets $9.13
CMX1998: folds 
Uncalled bet ($9.13) returned to MaRKiToScoK
MaRKiToScoK collected $5.22 from pot
*** SUMMARY ***
Total pot $5.50 | Rake $0.28 
Board [Ad Qd 8c Jh]
Seat 1: ka100pka527 (button) folded before Flop (didn't bet)
Seat 2: himqa (small blind) folded before Flop
Seat 3: CashfishT (big blind) folded before Flop
Seat 4: peak joker33 folded before Flop (didn't bet)
Seat 5: MaRKiToScoK collected ($5.22)
Seat 6: CMX1998 folded on the Turn



PokerStars Hand #254618690388:  Hold'em No Limit ($0.50/$1.00 USD) - 2025/01/30 8:40:56 WET [2025/01/30 3:40:56 ET]
Table 'Maja' 6-max Seat #2 is the button
Seat 1: ka100pka527 ($100 in chips) 
Seat 2: himqa ($321.60 in chips) 
Seat 3: CashfishT ($100 in chips) 
Seat 4: peak joker33 ($125.85 in chips) 
Seat 5: MaRKiToScoK ($135.76 in chips) 
Seat 6: CMX1998 ($139.83 in chips) 
CashfishT: posts small blind $0.50
peak joker33: posts big blind $1
*** HOLE CARDS ***
MaRKiToScoK: folds 
CMX1998: folds 
ka100pka527: raises $1.50 to $2.50
himqa: folds 
CashfishT: folds 
peak joker33: calls $1.50
*** FLOP *** [9d 9c Jh]
peak joker33: checks 
ka100pka527: bets $2.82
peak joker33: folds 
Uncalled bet ($2.82) returned to ka100pka527
ka100pka527 collected $5.22 from pot
ka100pka527: doesn't show hand 
*** SUMMARY ***
Total pot $5.50 | Rake $0.28 
Board [9d 9c Jh]
Seat 1: ka100pka527 collected ($5.22)
Seat 2: himqa (button) folded before Flop (didn't bet)
Seat 3: CashfishT (small blind) folded before Flop
Seat 4: peak joker33 (big blind) folded on the Flop
Seat 5: MaRKiToScoK folded before Flop (didn't bet)
Seat 6: CMX1998 folded before Flop (didn't bet)



PokerStars Hand #254618693560:  Hold'em No Limit ($0.50/$1.00 USD) - 2025/01/30 8:41:35 WET [2025/01/30 3:41:35 ET]
Table 'Maja' 6-max Seat #3 is the button
Seat 1: ka100pka527 ($102.72 in chips) 
Seat 2: himqa ($321.60 in chips) 
Seat 3: CashfishT ($100 in chips) 
Seat 4: peak joker33 ($123.35 in chips) 
Seat 5: MaRKiToScoK ($135.76 in chips) 
Seat 6: CMX1998 ($139.83 in chips) 
peak joker33: posts small blind $0.50
MaRKiToScoK: posts big blind $1
*** HOLE CARDS ***
CMX1998: raises $2 to $3
ka100pka527: folds 
himqa: folds 
CashfishT: folds 
peak joker33: folds 
MaRKiToScoK: calls $2
*** FLOP *** [Js Ah 3c]
MaRKiToScoK: checks 
CMX1998: bets $6
MaRKiToScoK: folds 
Uncalled bet ($6) returned to CMX1998
CMX1998 collected $6.18 from pot
*** SUMMARY ***
Total pot $6.50 | Rake $0.32 
Board [Js Ah 3c]
Seat 1: ka100pka527 folded before Flop (didn't bet)
Seat 2: himqa folded before Flop (didn't bet)
Seat 3: CashfishT (button) folded before Flop (didn't bet)
Seat 4: peak joker33 (small blind) folded before Flop
Seat 5: MaRKiToScoK (big blind) folded on the Flop
Seat 6: CMX1998 collected ($6.18)



PokerStars Hand #254618696194:  Hold'em No Limit ($0.50/$1.00 USD) - 2025/01/30 8:42:07 WET [2025/01/30 3:42:07 ET]
Table 'Maja' 6-max Seat #4 is the button
Seat 1: ka100pka527 ($102.72 in chips) 
Seat 2: himqa ($321.60 in chips) 
Seat 3: CashfishT ($100 in chips) 
Seat 4: peak joker33 ($122.85 in chips) 
Seat 5: MaRKiToScoK ($132.76 in chips) 
Seat 6: CMX1998 ($143.01 in chips) 
MaRKiToScoK: posts small blind $0.50
CMX1998: posts big blind $1
*** HOLE CARDS ***
ka100pka527: folds 
himqa: folds 
CashfishT: folds 
peak joker33: raises $1.50 to $2.50
MaRKiToScoK: folds 
CMX1998: calls $1.50
*** FLOP *** [2h 6s 4h]
CMX1998: checks 
peak joker33: checks 
*** TURN *** [2h 6s 4h] [9c]
CMX1998: checks 
peak joker33: bets $7.83
CMX1998: folds 
Uncalled bet ($7.83) returned to peak joker33
peak joker33 collected $5.22 from pot
peak joker33: doesn't show hand 
*** SUMMARY ***
Total pot $5.50 | Rake $0.28 
Board [2h 6s 4h 9c]
Seat 1: ka100pka527 folded before Flop (didn't bet)
Seat 2: himqa folded before Flop (didn't bet)
Seat 3: CashfishT folded before Flop (didn't bet)
Seat 4: peak joker33 (button) collected ($5.22)
Seat 5: MaRKiToScoK (small blind) folded before Flop
Seat 6: CMX1998 (big blind) folded on the Turn



PokerStars Hand #254618699856:  Hold'em No Limit ($0.50/$1.00 USD) - 2025/01/30 8:42:52 WET [2025/01/30 3:42:52 ET]
Table 'Maja' 6-max Seat #5 is the button
Seat 1: ka100pka527 ($102.72 in chips) 
Seat 2: himqa ($321.60 in chips) 
Seat 3: CashfishT ($100 in chips) 
Seat 4: peak joker33 ($125.57 in chips) 
Seat 5: MaRKiToScoK ($132.26 in chips) 
Seat 6: CMX1998 ($140.51 in chips) 
CMX1998: posts small blind $0.50
ka100pka527: posts big blind $1
*** HOLE CARDS ***
himqa: folds 
CashfishT: folds 
peak joker33: folds 
MaRKiToScoK: raises $1.50 to $2.50
CMX1998: calls $2
ka100pka527: raises $11.50 to $14
MaRKiToScoK: folds 
CMX1998: folds 
Uncalled bet ($11.50) returned to ka100pka527
ka100pka527 collected $7.50 from pot
ka100pka527: doesn't show hand 
*** SUMMARY ***
Total pot $7.50 | Rake $0 
Seat 1: ka100pka527 (big blind) collected ($7.50)
Seat 2: himqa folded before Flop (didn't bet)
Seat 3: CashfishT folded before Flop (didn't bet)
Seat 4: peak joker33 folded before Flop (didn't bet)
Seat 5: MaRKiToScoK (button) folded before Flop
Seat 6: CMX1998 (small blind) folded before Flop



PokerStars Hand #254618702584:  Hold'em No Limit ($0.50/$1.00 USD) - 2025/01/30 8:43:25 WET [2025/01/30 3:43:25 ET]
Table 'Maja' 6-max Seat #6 is the button
Seat 1: ka100pka527 ($107.72 in chips) 
Seat 2: himqa ($321.60 in chips) 
Seat 3: CashfishT ($100 in chips) 
Seat 4: peak joker33 ($125.57 in chips) 
Seat 5: MaRKiToScoK ($129.76 in chips) 
Seat 6: CMX1998 ($138.01 in chips) 
ka100pka527: posts small blind $0.50
himqa: posts big blind $1
*** HOLE CARDS ***
CashfishT: folds 
peak joker33: folds 
MaRKiToScoK: folds 
CMX1998: calls $1
ka100pka527: calls $0.50
himqa: checks 
*** FLOP *** [8d 7c 8s]
ka100pka527: checks 
himqa: checks 
CMX1998: checks 
*** TURN *** [8d 7c 8s] [6d]
ka100pka527: checks 
himqa: bets $1.43
CMX1998: calls $1.43
ka100pka527: folds 
*** RIVER *** [8d 7c 8s 6d] [Kh]
himqa: bets $2.79
CMX1998: calls $2.79
*** SHOW DOWN ***
himqa: shows [9h 2h] (a pair of Eights)
CMX1998: shows [Tc Ah] (a pair of Eights - Ace kicker)
CMX1998 collected $10.87 from pot
*** SUMMARY ***
Total pot $11.44 | Rake $0.57 
Board [8d 7c 8s 6d Kh]
Seat 1: ka100pka527 (small blind) folded on the Turn
Seat 2: himqa (big blind) showed [9h 2h] and lost with a pair of Eights
Seat 3: CashfishT folded before Flop (didn't bet)
Seat 4: peak joker33 folded before Flop (didn't bet)
Seat 5: MaRKiToScoK folded before Flop (didn't bet)
Seat 6: CMX1998 (button) showed [Tc Ah] and won ($10.87) with a pair of Eights



PokerStars Hand #254618707219:  Hold'em No Limit ($0.50/$1.00 USD) - 2025/01/30 8:44:21 WET [2025/01/30 3:44:21 ET]
Table 'Maja' 6-max Seat #1 is the button
Seat 1: ka100pka527 ($106.72 in chips) 
Seat 2: himqa ($316.38 in chips) 
Seat 3: CashfishT ($100 in chips) 
Seat 4: peak joker33 ($125.57 in chips) 
Seat 5: MaRKiToScoK ($129.76 in chips) 
Seat 6: CMX1998 ($143.66 in chips) 
himqa: posts small blind $0.50
CashfishT: posts big blind $1
*** HOLE CARDS ***
peak joker33: folds 
MaRKiToScoK: folds 
CMX1998: calls $1
ka100pka527: raises $2.50 to $3.50
himqa: folds 
CashfishT: folds 
CMX1998: calls $2.50
*** FLOP *** [4h Qd 9h]
CMX1998: checks 
ka100pka527: bets $4.36
CMX1998: calls $4.36
*** TURN *** [4h Qd 9h] [6h]
CMX1998: bets $15
ka100pka527: folds 
Uncalled bet ($15) returned to CMX1998
CMX1998 collected $16.36 from pot
*** SUMMARY ***
Total pot $17.22 | Rake $0.86 
Board [4h Qd 9h 6h]
Seat 1: ka100pka527 (button) folded on the Turn
Seat 2: himqa (small blind) folded before Flop
Seat 3: CashfishT (big blind) folded before Flop
Seat 4: peak joker33 folded before Flop (didn't bet)
Seat 5: MaRKiToScoK folded before Flop (didn't bet)
Seat 6: CMX1998 collected ($16.36)



PokerStars Hand #254618711800:  Hold'em No Limit ($0.50/$1.00 USD) - 2025/01/30 8:45:18 WET [2025/01/30 3:45:18 ET]
Table 'Maja' 6-max Seat #2 is the button
Seat 1: ka100pka527 ($100 in chips) 
Seat 2: himqa ($315.88 in chips) 
Seat 3: CashfishT ($100 in chips) 
Seat 4: peak joker33 ($125.57 in chips) 
Seat 5: MaRKiToScoK ($129.76 in chips) 
Seat 6: CMX1998 ($152.16 in chips) 
CashfishT: posts small blind $0.50
peak joker33: posts big blind $1
*** HOLE CARDS ***
MaRKiToScoK: folds 
CMX1998: raises $2 to $3
ka100pka527: folds 
himqa: folds 
CashfishT: calls $2.50
peak joker33: folds 
*** FLOP *** [Kc 5c 3h]
CashfishT: checks 
CMX1998: bets $5
CashfishT: calls $5
*** TURN *** [Kc 5c 3h] [5d]
CashfishT: checks 
CMX1998: bets $10
CashfishT: raises $20 to $30
CMX1998: calls $20
*** RIVER *** [Kc 5c 3h 5d] [2d]
CashfishT: bets $62 and is all-in
CMX1998: calls $62
*** SHOW DOWN ***
CashfishT: shows [4h 5h] (three of a kind, Fives)
CMX1998: shows [9d 9h] (two pair, Nines and Fives)
CashfishT collected $198.50 from pot
*** SUMMARY ***
Total pot $201 | Rake $2.50 
Board [Kc 5c 3h 5d 2d]
Seat 1: ka100pka527 folded before Flop (didn't bet)
Seat 2: himqa (button) folded before Flop (didn't bet)
Seat 3: CashfishT (small blind) showed [4h 5h] and won ($198.50) with three of a kind, Fives
Seat 4: peak joker33 (big blind) folded before Flop
Seat 5: MaRKiToScoK folded before Flop (didn't bet)
Seat 6: CMX1998 showed [9d 9h] and lost with two pair, Nines and Fives



PokerStars Hand #254618722678:  Hold'em No Limit ($0.50/$1.00 USD) - 2025/01/30 8:47:32 WET [2025/01/30 3:47:32 ET]
Table 'Maja' 6-max Seat #3 is the button
Seat 1: ka100pka527 ($100 in chips) 
Seat 2: himqa ($315.88 in chips) 
Seat 3: CashfishT ($198.50 in chips) 
Seat 4: peak joker33 ($124.57 in chips) 
Seat 5: MaRKiToScoK ($129.76 in chips) 
Seat 6: CMX1998 ($52.16 in chips) 
peak joker33: posts small blind $0.50
MaRKiToScoK: posts big blind $1
*** HOLE CARDS ***
CMX1998: calls $1
ka100pka527: folds 
himqa: folds 
CashfishT: folds 
peak joker33: raises $4 to $5
MaRKiToScoK: folds 
CMX1998: folds 
Uncalled bet ($4) returned to peak joker33
peak joker33 collected $3 from pot
peak joker33: doesn't show hand 
*** SUMMARY ***
Total pot $3 | Rake $0 
Seat 1: ka100pka527 folded before Flop (didn't bet)
Seat 2: himqa folded before Flop (didn't bet)
Seat 3: CashfishT (button) folded before Flop (didn't bet)
Seat 4: peak joker33 (small blind) collected ($3)
Seat 5: MaRKiToScoK (big blind) folded before Flop
Seat 6: CMX1998 folded before Flop



PokerStars Hand #254618724568:  Hold'em No Limit ($0.50/$1.00 USD) - 2025/01/30 8:47:55 WET [2025/01/30 3:47:55 ET]
Table 'Maja' 6-max Seat #4 is the button
Seat 1: ka100pka527 ($100 in chips) 
Seat 2: himqa ($315.88 in chips) 
Seat 3: CashfishT ($198.50 in chips) 
Seat 4: peak joker33 ($126.57 in chips) 
Seat 5: MaRKiToScoK ($128.76 in chips) 
Seat 6: CMX1998 ($51.16 in chips) 
MaRKiToScoK: posts small blind $0.50
CMX1998: posts big blind $1
*** HOLE CARDS ***
ka100pka527: folds 
himqa: folds 
CashfishT: folds 
peak joker33: folds 
MaRKiToScoK: raises $2 to $3
CMX1998: calls $2
*** FLOP *** [Jd 9h 7d]
MaRKiToScoK: bets $1.88
CMX1998: calls $1.88
*** TURN *** [Jd 9h 7d] [9c]
MaRKiToScoK: bets $9
CMX1998: folds 
Uncalled bet ($9) returned to MaRKiToScoK
MaRKiToScoK collected $9.27 from pot
*** SUMMARY ***
Total pot $9.76 | Rake $0.49 
Board [Jd 9h 7d 9c]
Seat 1: ka100pka527 folded before Flop (didn't bet)
Seat 2: himqa folded before Flop (didn't bet)
Seat 3: CashfishT folded before Flop (didn't bet)
Seat 4: peak joker33 (button) folded before Flop (didn't bet)
Seat 5: MaRKiToScoK (small blind) collected ($9.27)
Seat 6: CMX1998 (big blind) folded on the Turn



PokerStars Hand #254618727897:  Hold'em No Limit ($0.50/$1.00 USD) - 2025/01/30 8:48:35 WET [2025/01/30 3:48:35 ET]
Table 'Maja' 6-max Seat #5 is the button
Seat 1: ka100pka527 ($100 in chips) 
Seat 2: himqa ($315.88 in chips) 
Seat 3: CashfishT ($198.50 in chips) 
Seat 4: peak joker33 ($126.57 in chips) 
Seat 5: MaRKiToScoK ($133.15 in chips) 
Seat 6: CMX1998 ($46.28 in chips) 
CMX1998: posts small blind $0.50
ka100pka527: posts big blind $1
*** HOLE CARDS ***
himqa: folds 
CashfishT: raises $1.20 to $2.20
peak joker33: folds 
MaRKiToScoK: calls $2.20
CMX1998: calls $1.70
ka100pka527: folds 
*** FLOP *** [Kh 6h Ah]
CMX1998: checks 
CashfishT: bets $1.80
MaRKiToScoK: folds 
CMX1998: calls $1.80
*** TURN *** [Kh 6h Ah] [4h]
CMX1998: checks 
CashfishT: checks 
*** RIVER *** [Kh 6h Ah 4h] [Ad]
CMX1998: checks 
CashfishT: checks 
*** SHOW DOWN ***
CMX1998: shows [5h 5c] (a flush, Ace high)
CashfishT: mucks hand 
CMX1998 collected $10.64 from pot
*** SUMMARY ***
Total pot $11.20 | Rake $0.56 
Board [Kh 6h Ah 4h Ad]
Seat 1: ka100pka527 (big blind) folded before Flop
Seat 2: himqa folded before Flop (didn't bet)
Seat 3: CashfishT mucked
Seat 4: peak joker33 folded before Flop (didn't bet)
Seat 5: MaRKiToScoK (button) folded on the Flop
Seat 6: CMX1998 (small blind) showed [5h 5c] and won ($10.64) with a flush, Ace high



PokerStars Hand #254618732608:  Hold'em No Limit ($0.50/$1.00 USD) - 2025/01/30 8:49:31 WET [2025/01/30 3:49:31 ET]
Table 'Maja' 6-max Seat #6 is the button
Seat 1: ka100pka527 ($100 in chips) 
Seat 2: himqa ($315.88 in chips) 
Seat 3: CashfishT ($194.50 in chips) 
Seat 4: peak joker33 ($126.57 in chips) 
Seat 5: MaRKiToScoK ($130.95 in chips) 
Seat 6: CMX1998 ($52.92 in chips) 
ka100pka527: posts small blind $0.50
himqa: posts big blind $1
*** HOLE CARDS ***
CashfishT: raises $1.20 to $2.20
peak joker33: folds 
MaRKiToScoK: folds 
CMX1998: calls $2.20
ka100pka527: folds 
himqa: raises $11.80 to $14
CashfishT: folds 
CMX1998: folds 
Uncalled bet ($11.80) returned to himqa
himqa collected $7.10 from pot
himqa: doesn't show hand 
*** SUMMARY ***
Total pot $7.10 | Rake $0 
Seat 1: ka100pka527 (small blind) folded before Flop
Seat 2: himqa (big blind) collected ($7.10)
Seat 3: CashfishT folded before Flop
Seat 4: peak joker33 folded before Flop (didn't bet)
Seat 5: MaRKiToScoK folded before Flop (didn't bet)
Seat 6: CMX1998 (button) folded before Flop



PokerStars Hand #254618735593:  Hold'em No Limit ($0.50/$1.00 USD) - 2025/01/30 8:50:07 WET [2025/01/30 3:50:07 ET]
Table 'Maja' 6-max Seat #1 is the button
Seat 1: ka100pka527 ($100 in chips) 
Seat 2: himqa ($320.78 in chips) 
Seat 3: CashfishT ($192.30 in chips) 
Seat 4: peak joker33 ($126.57 in chips) 
Seat 5: MaRKiToScoK ($130.95 in chips) 
Seat 6: CMX1998 ($50.72 in chips) 
himqa: posts small blind $0.50
CashfishT: posts big blind $1
*** HOLE CARDS ***
peak joker33: folds 
MaRKiToScoK: folds 
CMX1998: raises $13 to $14
ka100pka527: folds 
himqa: folds 
CashfishT: calls $13
*** FLOP *** [5s 8h Ks]
CashfishT: checks 
CMX1998: checks 
*** TURN *** [5s 8h Ks] [9c]
CashfishT: checks 
CMX1998: checks 
*** RIVER *** [5s 8h Ks 9c] [6s]
CashfishT: bets $20
CMX1998: folds 
Uncalled bet ($20) returned to CashfishT
CashfishT collected $27.08 from pot
CashfishT: doesn't show hand 
*** SUMMARY ***
Total pot $28.50 | Rake $1.42 
Board [5s 8h Ks 9c 6s]
Seat 1: ka100pka527 (button) folded before Flop (didn't bet)
Seat 2: himqa (small blind) folded before Flop
Seat 3: CashfishT (big blind) collected ($27.08)
Seat 4: peak joker33 folded before Flop (didn't bet)
Seat 5: MaRKiToScoK folded before Flop (didn't bet)
Seat 6: CMX1998 folded on the River



PokerStars Hand #254618740874:  Hold'em No Limit ($0.50/$1.00 USD) - 2025/01/30 8:51:11 WET [2025/01/30 3:51:11 ET]
Table 'Maja' 6-max Seat #2 is the button
Seat 1: ka100pka527 ($100 in chips) 
Seat 2: himqa ($320.28 in chips) 
Seat 3: CashfishT ($205.38 in chips) 
Seat 4: peak joker33 ($126.57 in chips) 
Seat 5: MaRKiToScoK ($130.95 in chips) 
Seat 6: CMX1998 ($36.72 in chips) 
CashfishT: posts small blind $0.50
peak joker33: posts big blind $1
*** HOLE CARDS ***
MaRKiToScoK: folds 
CMX1998: folds 
ka100pka527: folds 
himqa: folds 
CashfishT: raises $2 to $3
peak joker33: folds 
Uncalled bet ($2) returned to CashfishT
CashfishT collected $2 from pot
CashfishT: doesn't show hand 
*** SUMMARY ***
Total pot $2 | Rake $0 
Seat 1: ka100pka527 folded before Flop (didn't bet)
Seat 2: himqa (button) folded before Flop (didn't bet)
Seat 3: CashfishT (small blind) collected ($2)
Seat 4: peak joker33 (big blind) folded before Flop
Seat 5: MaRKiToScoK folded before Flop (didn't bet)
Seat 6: CMX1998 folded before Flop (didn't bet)



PokerStars Hand #254618742709:  Hold'em No Limit ($0.50/$1.00 USD) - 2025/01/30 8:51:32 WET [2025/01/30 3:51:32 ET]
Table 'Maja' 6-max Seat #3 is the button
Seat 1: ka100pka527 ($100 in chips) 
Seat 2: himqa ($320.28 in chips) 
Seat 3: CashfishT ($206.38 in chips) 
Seat 4: peak joker33 ($125.57 in chips) 
Seat 5: MaRKiToScoK ($130.95 in chips) 
Seat 6: CMX1998 ($36.72 in chips) 
peak joker33: posts small blind $0.50
MaRKiToScoK: posts big blind $1
*** HOLE CARDS ***
CMX1998: raises $35.72 to $36.72 and is all-in
ka100pka527: folds 
himqa: folds 
CashfishT: folds 
peak joker33: folds 
MaRKiToScoK: folds 
Uncalled bet ($35.72) returned to CMX1998
CMX1998 collected $2.50 from pot
*** SUMMARY ***
Total pot $2.50 | Rake $0 
Seat 1: ka100pka527 folded before Flop (didn't bet)
Seat 2: himqa folded before Flop (didn't bet)
Seat 3: CashfishT (button) folded before Flop (didn't bet)
Seat 4: peak joker33 (small blind) folded before Flop
Seat 5: MaRKiToScoK (big blind) folded before Flop
Seat 6: CMX1998 collected ($2.50)



PokerStars Hand #254618744039:  Hold'em No Limit ($0.50/$1.00 USD) - 2025/01/30 8:51:48 WET [2025/01/30 3:51:48 ET]
Table 'Maja' 6-max Seat #4 is the button
Seat 1: ka100pka527 ($100 in chips) 
Seat 2: himqa ($320.28 in chips) 
Seat 3: CashfishT ($206.38 in chips) 
Seat 4: peak joker33 ($125.07 in chips) 
Seat 5: MaRKiToScoK ($129.95 in chips) 
Seat 6: CMX1998 ($38.22 in chips) 
MaRKiToScoK: posts small blind $0.50
CMX1998: posts big blind $1
*** HOLE CARDS ***
ka100pka527: folds 
himqa: folds 
CashfishT: folds 
peak joker33: folds 
MaRKiToScoK: raises $2 to $3
CMX1998: calls $2
*** FLOP *** [3c 9d Ac]
MaRKiToScoK: bets $1.88
CMX1998: folds 
Uncalled bet ($1.88) returned to MaRKiToScoK
MaRKiToScoK collected $5.70 from pot
*** SUMMARY ***
Total pot $6 | Rake $0.30 
Board [3c 9d Ac]
Seat 1: ka100pka527 folded before Flop (didn't bet)
Seat 2: himqa folded before Flop (didn't bet)
Seat 3: CashfishT folded before Flop (didn't bet)
Seat 4: peak joker33 (button) folded before Flop (didn't bet)
Seat 5: MaRKiToScoK (small blind) collected ($5.70)
Seat 6: CMX1998 (big blind) folded on the Flop



PokerStars Hand #254618745477:  Hold'em No Limit ($0.50/$1.00 USD) - 2025/01/30 8:52:05 WET [2025/01/30 3:52:05 ET]
Table 'Maja' 6-max Seat #5 is the button
Seat 1: ka100pka527 ($100 in chips) 
Seat 2: himqa ($320.28 in chips) 
Seat 3: CashfishT ($206.38 in chips) 
Seat 4: peak joker33 ($125.07 in chips) 
Seat 5: MaRKiToScoK ($132.65 in chips) 
Seat 6: CMX1998 ($35.22 in chips) 
CMX1998: posts small blind $0.50
ka100pka527: posts big blind $1
*** HOLE CARDS ***
himqa: folds 
CashfishT: raises $1.20 to $2.20
peak joker33: folds 
MaRKiToScoK: folds 
CMX1998: raises $33.02 to $35.22 and is all-in
ka100pka527: folds 
CashfishT: folds 
Uncalled bet ($33.02) returned to CMX1998
CMX1998 collected $5.40 from pot
*** SUMMARY ***
Total pot $5.40 | Rake $0 
Seat 1: ka100pka527 (big blind) folded before Flop
Seat 2: himqa folded before Flop (didn't bet)
Seat 3: CashfishT folded before Flop
Seat 4: peak joker33 folded before Flop (didn't bet)
Seat 5: MaRKiToScoK (button) folded before Flop (didn't bet)
Seat 6: CMX1998 (small blind) collected ($5.40)



PokerStars Hand #254618747320:  Hold'em No Limit ($0.50/$1.00 USD) - 2025/01/30 8:52:27 WET [2025/01/30 3:52:27 ET]
Table 'Maja' 6-max Seat #6 is the button
Seat 1: ka100pka527 ($100 in chips) 
Seat 2: himqa ($320.28 in chips) 
Seat 3: CashfishT ($204.18 in chips) 
Seat 4: peak joker33 ($125.07 in chips) 
Seat 5: MaRKiToScoK ($132.65 in chips) 
Seat 6: CMX1998 ($38.42 in chips) 
ka100pka527: posts small blind $0.50
himqa: posts big blind $1
*** HOLE CARDS ***
CashfishT: folds 
peak joker33: folds 
MaRKiToScoK: raises $1.25 to $2.25
CMX1998: raises $36.17 to $38.42 and is all-in
ka100pka527: folds 
himqa: folds 
MaRKiToScoK: folds 
Uncalled bet ($36.17) returned to CMX1998
CMX1998 collected $6 from pot
*** SUMMARY ***
Total pot $6 | Rake $0 
Seat 1: ka100pka527 (small blind) folded before Flop
Seat 2: himqa (big blind) folded before Flop
Seat 3: CashfishT folded before Flop (didn't bet)
Seat 4: peak joker33 folded before Flop (didn't bet)
Seat 5: MaRKiToScoK folded before Flop
Seat 6: CMX1998 (button) collected ($6)



PokerStars Hand #254618749403:  Hold'em No Limit ($0.50/$1.00 USD) - 2025/01/30 8:52:52 WET [2025/01/30 3:52:52 ET]
Table 'Maja' 6-max Seat #1 is the button
Seat 1: ka100pka527 ($100 in chips) 
Seat 2: himqa ($319.28 in chips) 
Seat 3: CashfishT ($204.18 in chips) 
Seat 4: peak joker33 ($125.07 in chips) 
Seat 5: MaRKiToScoK ($130.40 in chips) 
Seat 6: CMX1998 ($42.17 in chips) 
himqa: posts small blind $0.50
CashfishT: posts big blind $1
*** HOLE CARDS ***
peak joker33: folds 
MaRKiToScoK: folds 
CMX1998: calls $1
ka100pka527: raises $2.50 to $3.50
himqa: folds 
CashfishT: calls $2.50
CMX1998: calls $2.50
*** FLOP *** [5d Ah 5c]
CashfishT: checks 
CMX1998: checks 
ka100pka527: bets $3.45
CashfishT: calls $3.45
CMX1998: folds 
*** TURN *** [5d Ah 5c] [2h]
CashfishT: checks 
ka100pka527: checks 
*** RIVER *** [5d Ah 5c 2h] [6s]
CashfishT: bets $5.61
ka100pka527: folds 
Uncalled bet ($5.61) returned to CashfishT
CashfishT collected $17 from pot
CashfishT: doesn't show hand 
*** SUMMARY ***
Total pot $17.90 | Rake $0.90 
Board [5d Ah 5c 2h 6s]
Seat 1: ka100pka527 (button) folded on the River
Seat 2: himqa (small blind) folded before Flop
Seat 3: CashfishT (big blind) collected ($17)
Seat 4: peak joker33 folded before Flop (didn't bet)
Seat 5: MaRKiToScoK folded before Flop (didn't bet)
Seat 6: CMX1998 folded on the Flop



PokerStars Hand #254618753837:  Hold'em No Limit ($0.50/$1.00 USD) - 2025/01/30 8:53:45 WET [2025/01/30 3:53:45 ET]
Table 'Maja' 6-max Seat #2 is the button
Seat 1: ka100pka527 ($100 in chips) 
Seat 2: himqa ($318.78 in chips) 
Seat 3: CashfishT ($214.23 in chips) 
Seat 4: peak joker33 ($125.07 in chips) 
Seat 5: MaRKiToScoK ($130.40 in chips) 
Seat 6: CMX1998 ($38.67 in chips) 
CashfishT: posts small blind $0.50
peak joker33: posts big blind $1
*** HOLE CARDS ***
MaRKiToScoK: folds 
CMX1998: calls $1
ka100pka527: calls $1
himqa: folds 
CashfishT: folds 
peak joker33: raises $5 to $6
CMX1998: calls $5
ka100pka527: folds 
*** FLOP *** [2c Js 8h]
peak joker33: bets $3.21
CMX1998: folds 
Uncalled bet ($3.21) returned to peak joker33
peak joker33 collected $12.82 from pot
peak joker33: doesn't show hand 
*** SUMMARY ***
Total pot $13.50 | Rake $0.68 
Board [2c Js 8h]
Seat 1: ka100pka527 folded before Flop
Seat 2: himqa (button) folded before Flop (didn't bet)
Seat 3: CashfishT (small blind) folded before Flop
Seat 4: peak joker33 (big blind) collected ($12.82)
Seat 5: MaRKiToScoK folded before Flop (didn't bet)
Seat 6: CMX1998 folded on the Flop



PokerStars Hand #254618756932:  Hold'em No Limit ($0.50/$1.00 USD) - 2025/01/30 8:54:23 WET [2025/01/30 3:54:23 ET]
Table 'Maja' 6-max Seat #3 is the button
Seat 1: ka100pka527 ($100 in chips) 
Seat 2: himqa ($318.78 in chips) 
Seat 3: CashfishT ($213.73 in chips) 
Seat 4: peak joker33 ($131.89 in chips) 
Seat 5: MaRKiToScoK ($130.40 in chips) 
Seat 6: CMX1998 ($32.67 in chips) 
peak joker33: posts small blind $0.50
MaRKiToScoK: posts big blind $1
*** HOLE CARDS ***
CMX1998: calls $1
ka100pka527: folds 
himqa: folds 
CashfishT: raises $3 to $4
peak joker33: folds 
MaRKiToScoK: folds 
CMX1998: calls $3
*** FLOP *** [As 2s Jd]
CMX1998: checks 
CashfishT: bets $6
CMX1998: calls $6
*** TURN *** [As 2s Jd] [7s]
CMX1998: checks 
CashfishT: bets $25.53
CMX1998: calls $22.67 and is all-in
Uncalled bet ($2.86) returned to CashfishT
*** RIVER *** [As 2s Jd 7s] [6d]
*** SHOW DOWN ***
CMX1998: shows [Js Kc] (a pair of Jacks)
CashfishT: shows [Ah Ts] (a pair of Aces)
CashfishT collected $64.34 from pot
CMX1998 cashed out the hand for $17.20 | Cash Out Fee $0.35
*** SUMMARY ***
Total pot $66.84 | Rake $2.50 
Board [As 2s Jd 7s 6d]
Seat 1: ka100pka527 folded before Flop (didn't bet)
Seat 2: himqa folded before Flop (didn't bet)
Seat 3: CashfishT (button) showed [Ah Ts] and won ($64.34) with a pair of Aces
Seat 4: peak joker33 (small blind) folded before Flop
Seat 5: MaRKiToScoK (big blind) folded before Flop
Seat 6: CMX1998 showed [Js Kc] and lost with a pair of Jacks (cashed out).



PokerStars Hand #254618760776:  Hold'em No Limit ($0.50/$1.00 USD) - 2025/01/30 8:55:12 WET [2025/01/30 3:55:12 ET]
Table 'Maja' 6-max Seat #4 is the button
Seat 1: ka100pka527 ($100 in chips) 
Seat 2: himqa ($318.78 in chips) 
Seat 3: CashfishT ($245.40 in chips) 
Seat 4: peak joker33 ($131.39 in chips) 
Seat 5: MaRKiToScoK ($129.40 in chips) 
Seat 6: CMX1998 ($17.20 in chips) 
MaRKiToScoK: posts small blind $0.50
CMX1998: posts big blind $1
*** HOLE CARDS ***
ka100pka527: folds 
himqa: folds 
CashfishT: folds 
peak joker33: folds 
MaRKiToScoK: folds 
Uncalled bet ($0.50) returned to CMX1998
CMX1998 collected $1 from pot
*** SUMMARY ***
Total pot $1 | Rake $0 
Seat 1: ka100pka527 folded before Flop (didn't bet)
Seat 2: himqa folded before Flop (didn't bet)
Seat 3: CashfishT folded before Flop (didn't bet)
Seat 4: peak joker33 (button) folded before Flop (didn't bet)
Seat 5: MaRKiToScoK (small blind) folded before Flop
Seat 6: CMX1998 (big blind) collected ($1)



PokerStars Hand #254618761762:  Hold'em No Limit ($0.50/$1.00 USD) - 2025/01/30 8:55:26 WET [2025/01/30 3:55:26 ET]
Table 'Maja' 6-max Seat #5 is the button
Seat 1: ka100pka527 ($100 in chips) 
Seat 2: himqa ($318.78 in chips) 
Seat 3: CashfishT ($245.40 in chips) 
Seat 4: peak joker33 ($131.39 in chips) 
Seat 5: MaRKiToScoK ($128.90 in chips) 
Seat 6: CMX1998 ($17.70 in chips) 
CMX1998: posts small blind $0.50
ka100pka527: posts big blind $1
*** HOLE CARDS ***
himqa: folds 
CashfishT: folds 
peak joker33: folds 
MaRKiToScoK: folds 
CMX1998: calls $0.50
ka100pka527: checks 
*** FLOP *** [8s 7h Qc]
CMX1998: checks 
ka100pka527: checks 
*** TURN *** [8s 7h Qc] [7s]
CMX1998: bets $4
ka100pka527: folds 
Uncalled bet ($4) returned to CMX1998
CMX1998 collected $1.90 from pot
*** SUMMARY ***
Total pot $2 | Rake $0.10 
Board [8s 7h Qc 7s]
Seat 1: ka100pka527 (big blind) folded on the Turn
Seat 2: himqa folded before Flop (didn't bet)
Seat 3: CashfishT folded before Flop (didn't bet)
Seat 4: peak joker33 folded before Flop (didn't bet)
Seat 5: MaRKiToScoK (button) folded before Flop (didn't bet)
Seat 6: CMX1998 (small blind) collected ($1.90)



PokerStars Hand #254618765070:  Hold'em No Limit ($0.50/$1.00 USD) - 2025/01/30 8:56:11 WET [2025/01/30 3:56:11 ET]
Table 'Maja' 6-max Seat #6 is the button
Seat 1: ka100pka527 ($100 in chips) 
Seat 2: himqa ($318.78 in chips) 
Seat 3: CashfishT ($245.40 in chips) 
Seat 4: peak joker33 ($131.39 in chips) 
Seat 5: MaRKiToScoK ($128.90 in chips) 
Seat 6: CMX1998 ($18.60 in chips) 
ka100pka527: posts small blind $0.50
himqa: posts big blind $1
*** HOLE CARDS ***
CashfishT: raises $1.20 to $2.20
peak joker33: folds 
MaRKiToScoK: folds 
CMX1998: raises $16.40 to $18.60 and is all-in
ka100pka527: folds 
himqa: folds 
CashfishT: folds 
Uncalled bet ($16.40) returned to CMX1998
CMX1998 collected $5.90 from pot
*** SUMMARY ***
Total pot $5.90 | Rake $0 
Seat 1: ka100pka527 (small blind) folded before Flop
Seat 2: himqa (big blind) folded before Flop
Seat 3: CashfishT folded before Flop
Seat 4: peak joker33 folded before Flop (didn't bet)
Seat 5: MaRKiToScoK folded before Flop (didn't bet)
Seat 6: CMX1998 (button) collected ($5.90)



PokerStars Hand #254618766629:  Hold'em No Limit ($0.50/$1.00 USD) - 2025/01/30 8:56:32 WET [2025/01/30 3:56:32 ET]
Table 'Maja' 6-max Seat #1 is the button
Seat 1: ka100pka527 ($100 in chips) 
Seat 2: himqa ($317.78 in chips) 
Seat 3: CashfishT ($243.20 in chips) 
Seat 4: peak joker33 ($131.39 in chips) 
Seat 5: MaRKiToScoK ($128.90 in chips) 
Seat 6: CMX1998 ($22.30 in chips) 
himqa: posts small blind $0.50
CashfishT: posts big blind $1
*** HOLE CARDS ***
peak joker33: folds 
MaRKiToScoK: raises $1 to $2
CMX1998: calls $2
ka100pka527: folds 
himqa: folds 
CashfishT: calls $1
*** FLOP *** [Ks 4d Th]
CashfishT: checks 
MaRKiToScoK: checks 
CMX1998: checks 
*** TURN *** [Ks 4d Th] [3c]
CashfishT: checks 
MaRKiToScoK: bets $2.04
CMX1998: calls $2.04
CashfishT: folds 
*** RIVER *** [Ks 4d Th 3c] [8s]
MaRKiToScoK: checks 
CMX1998: checks 
*** SHOW DOWN ***
MaRKiToScoK: shows [Td 8d] (two pair, Tens and Eights)
CMX1998: mucks hand 
MaRKiToScoK collected $10.05 from pot
*** SUMMARY ***
Total pot $10.58 | Rake $0.53 
Board [Ks 4d Th 3c 8s]
Seat 1: ka100pka527 (button) folded before Flop (didn't bet)
Seat 2: himqa (small blind) folded before Flop
Seat 3: CashfishT (big blind) folded on the Turn
Seat 4: peak joker33 folded before Flop (didn't bet)
Seat 5: MaRKiToScoK showed [Td 8d] and won ($10.05) with two pair, Tens and Eights
Seat 6: CMX1998 mucked



PokerStars Hand #254618769882:  Hold'em No Limit ($0.50/$1.00 USD) - 2025/01/30 8:57:15 WET [2025/01/30 3:57:15 ET]
Table 'Maja' 6-max Seat #2 is the button
Seat 1: ka100pka527 ($100 in chips) 
Seat 2: himqa ($317.28 in chips) 
Seat 3: CashfishT ($241.20 in chips) 
Seat 4: peak joker33 ($131.39 in chips) 
Seat 5: MaRKiToScoK ($134.91 in chips) 
Seat 6: CMX1998 ($18.26 in chips) 
CashfishT: posts small blind $0.50
peak joker33: posts big blind $1
*** HOLE CARDS ***
MaRKiToScoK: folds 
CMX1998: folds 
ka100pka527: raises $1.50 to $2.50
himqa: folds 
CashfishT: folds 
peak joker33: folds 
Uncalled bet ($1.50) returned to ka100pka527
ka100pka527 collected $2.50 from pot
ka100pka527: doesn't show hand 
*** SUMMARY ***
Total pot $2.50 | Rake $0 
Seat 1: ka100pka527 collected ($2.50)
Seat 2: himqa (button) folded before Flop (didn't bet)
Seat 3: CashfishT (small blind) folded before Flop
Seat 4: peak joker33 (big blind) folded before Flop
Seat 5: MaRKiToScoK folded before Flop (didn't bet)
Seat 6: CMX1998 folded before Flop (didn't bet)



PokerStars Hand #254618771542:  Hold'em No Limit ($0.50/$1.00 USD) - 2025/01/30 8:57:37 WET [2025/01/30 3:57:37 ET]
Table 'Maja' 6-max Seat #3 is the button
Seat 1: ka100pka527 ($101.50 in chips) 
Seat 2: himqa ($317.28 in chips) 
Seat 3: CashfishT ($240.70 in chips) 
Seat 4: peak joker33 ($130.39 in chips) 
Seat 5: MaRKiToScoK ($134.91 in chips) 
Seat 6: CMX1998 ($18.26 in chips) 
peak joker33: posts small blind $0.50
MaRKiToScoK: posts big blind $1
*** HOLE CARDS ***
CMX1998: calls $1
ka100pka527: folds 
himqa: folds 
CashfishT: calls $1
peak joker33: folds 
MaRKiToScoK: raises $6.50 to $7.50
CMX1998: folds 
CashfishT: calls $6.50
*** FLOP *** [9d 6h 3s]
MaRKiToScoK: checks 
CashfishT: checks 
*** TURN *** [9d 6h 3s] [Ts]
MaRKiToScoK: bets $19.60
CashfishT: folds 
Uncalled bet ($19.60) returned to MaRKiToScoK
MaRKiToScoK collected $15.68 from pot
*** SUMMARY ***
Total pot $16.50 | Rake $0.82 
Board [9d 6h 3s Ts]
Seat 1: ka100pka527 folded before Flop (didn't bet)
Seat 2: himqa folded before Flop (didn't bet)
Seat 3: CashfishT (button) folded on the Turn
Seat 4: peak joker33 (small blind) folded before Flop
Seat 5: MaRKiToScoK (big blind) collected ($15.68)
Seat 6: CMX1998 folded before Flop



PokerStars Hand #254618774859:  Hold'em No Limit ($0.50/$1.00 USD) - 2025/01/30 8:58:21 WET [2025/01/30 3:58:21 ET]
Table 'Maja' 6-max Seat #4 is the button
Seat 1: ka100pka527 ($101.50 in chips) 
Seat 2: himqa ($317.28 in chips) 
Seat 3: CashfishT ($233.20 in chips) 
Seat 4: peak joker33 ($129.89 in chips) 
Seat 5: MaRKiToScoK ($143.09 in chips) 
Seat 6: CMX1998 ($17.26 in chips) 
MaRKiToScoK: posts small blind $0.50
CMX1998: posts big blind $1
*** HOLE CARDS ***
ka100pka527: folds 
himqa: folds 
CashfishT: raises $1.20 to $2.20
peak joker33: folds 
MaRKiToScoK: raises $8.80 to $11
CMX1998: folds 
CashfishT: folds 
Uncalled bet ($8.80) returned to MaRKiToScoK
MaRKiToScoK collected $5.40 from pot
*** SUMMARY ***
Total pot $5.40 | Rake $0 
Seat 1: ka100pka527 folded before Flop (didn't bet)
Seat 2: himqa folded before Flop (didn't bet)
Seat 3: CashfishT folded before Flop
Seat 4: peak joker33 (button) folded before Flop (didn't bet)
Seat 5: MaRKiToScoK (small blind) collected ($5.40)
Seat 6: CMX1998 (big blind) folded before Flop



PokerStars Hand #254618776539:  Hold'em No Limit ($0.50/$1.00 USD) - 2025/01/30 8:58:43 WET [2025/01/30 3:58:43 ET]
Table 'Maja' 6-max Seat #5 is the button
Seat 1: ka100pka527 ($101.50 in chips) 
Seat 2: himqa ($317.28 in chips) 
Seat 3: CashfishT ($231 in chips) 
Seat 4: peak joker33 ($129.89 in chips) 
Seat 5: MaRKiToScoK ($146.29 in chips) 
Seat 6: CMX1998 ($16.26 in chips) 
CMX1998: posts small blind $0.50
ka100pka527: posts big blind $1
*** HOLE CARDS ***
himqa: folds 
CashfishT: folds 
himqa leaves the table
peak joker33: folds 
MaRKiToScoK: folds 
CMX1998: calls $0.50
ARCTlCkiss joins the table at seat #2 
ka100pka527: checks 
*** FLOP *** [Jc Qs 5s]
CMX1998: checks 
ka100pka527: checks 
*** TURN *** [Jc Qs 5s] [Ks]
CMX1998: checks 
ka100pka527: bets $1.27
CMX1998: calls $1.27
*** RIVER *** [Jc Qs 5s Ks] [8h]
CMX1998: checks 
ka100pka527: bets $1.42
CMX1998: calls $1.42
*** SHOW DOWN ***
ka100pka527: shows [Kc 2c] (a pair of Kings)
CMX1998: mucks hand 
ka100pka527 collected $7.01 from pot
*** SUMMARY ***
Total pot $7.38 | Rake $0.37 
Board [Jc Qs 5s Ks 8h]
Seat 1: ka100pka527 (big blind) showed [Kc 2c] and won ($7.01) with a pair of Kings
Seat 2: himqa folded before Flop (didn't bet)
Seat 3: CashfishT folded before Flop (didn't bet)
Seat 4: peak joker33 folded before Flop (didn't bet)
Seat 5: MaRKiToScoK (button) folded before Flop (didn't bet)
Seat 6: CMX1998 (small blind) mucked



PokerStars Hand #254618780043:  Hold'em No Limit ($0.50/$1.00 USD) - 2025/01/30 8:59:31 WET [2025/01/30 3:59:31 ET]
Table 'Maja' 6-max Seat #6 is the button
Seat 1: ka100pka527 ($104.82 in chips) 
Seat 2: ARCTlCkiss ($100 in chips) 
Seat 3: CashfishT ($231 in chips) 
Seat 4: peak joker33 ($129.89 in chips) 
Seat 5: MaRKiToScoK ($146.29 in chips) 
Seat 6: CMX1998 ($12.57 in chips) 
ka100pka527: posts small blind $0.50
ARCTlCkiss: posts big blind $1
*** HOLE CARDS ***
CashfishT: folds 
peak joker33: folds 
MaRKiToScoK: raises $1.25 to $2.25
CMX1998: folds 
ka100pka527: folds 
ARCTlCkiss: folds 
Uncalled bet ($1.25) returned to MaRKiToScoK
MaRKiToScoK collected $2.50 from pot
*** SUMMARY ***
Total pot $2.50 | Rake $0 
Seat 1: ka100pka527 (small blind) folded before Flop
Seat 2: ARCTlCkiss (big blind) folded before Flop
Seat 3: CashfishT folded before Flop (didn't bet)
Seat 4: peak joker33 folded before Flop (didn't bet)
Seat 5: MaRKiToScoK collected ($2.50)
Seat 6: CMX1998 (button) folded before Flop (didn't bet)



PokerStars Hand #254618782174:  Hold'em No Limit ($0.50/$1.00 USD) - 2025/01/30 8:59:58 WET [2025/01/30 3:59:58 ET]
Table 'Maja' 6-max Seat #1 is the button
Seat 1: ka100pka527 ($104.32 in chips) 
Seat 2: ARCTlCkiss ($100 in chips) 
Seat 3: CashfishT ($231 in chips) 
Seat 4: peak joker33 ($129.89 in chips) 
Seat 5: MaRKiToScoK ($147.79 in chips) 
Seat 6: CMX1998 ($12.57 in chips) 
ARCTlCkiss: posts small blind $0.50
CashfishT: posts big blind $1
*** HOLE CARDS ***
peak joker33: folds 
MaRKiToScoK: folds 
CMX1998: calls $1
ka100pka527: folds 
ARCTlCkiss: raises $5 to $6
CashfishT: folds 
CMX1998: raises $6.57 to $12.57 and is all-in
ARCTlCkiss: calls $6.57
*** FLOP *** [Jc Ah 3h]
*** TURN *** [Jc Ah 3h] [2h]
*** RIVER *** [Jc Ah 3h 2h] [4s]
*** SHOW DOWN ***
ARCTlCkiss: shows [9d As] (a pair of Aces)
CMX1998: shows [Ts Tc] (a pair of Tens)
ARCTlCkiss collected $24.83 from pot
CMX1998 cashed out the hand for $17.47 | Cash Out Fee $0.36
*** SUMMARY ***
Total pot $26.14 | Rake $1.31 
Board [Jc Ah 3h 2h 4s]
Seat 1: ka100pka527 (button) folded before Flop (didn't bet)
Seat 2: ARCTlCkiss (small blind) showed [9d As] and won ($24.83) with a pair of Aces
Seat 3: CashfishT (big blind) folded before Flop
Seat 4: peak joker33 folded before Flop (didn't bet)
Seat 5: MaRKiToScoK folded before Flop (didn't bet)
Seat 6: CMX1998 showed [Ts Tc] and lost with a pair of Tens (cashed out).



PokerStars Hand #254618785253:  Hold'em No Limit ($0.50/$1.00 USD) - 2025/01/30 9:00:37 WET [2025/01/30 4:00:37 ET]
Table 'Maja' 6-max Seat #2 is the button
Seat 4: peak joker33 ($129.89 in chips) is sitting out
Seat 1: ka100pka527 ($104.32 in chips) 
Seat 2: ARCTlCkiss ($112.26 in chips) 
Seat 3: CashfishT ($230 in chips) 
Seat 5: MaRKiToScoK ($147.79 in chips) 
Seat 6: CMX1998 ($17.47 in chips) 
CashfishT: posts small blind $0.50
MaRKiToScoK: posts big blind $1
*** HOLE CARDS ***
CMX1998: folds 
ka100pka527: folds 
ARCTlCkiss: folds 
CashfishT: folds 
Uncalled bet ($0.50) returned to MaRKiToScoK
MaRKiToScoK collected $1 from pot
*** SUMMARY ***
Total pot $1 | Rake $0 
Seat 4: peak joker33
Seat 1: ka100pka527 folded before Flop (didn't bet)
Seat 2: ARCTlCkiss (button) folded before Flop (didn't bet)
Seat 3: CashfishT (small blind) folded before Flop
Seat 5: MaRKiToScoK (big blind) collected ($1)
Seat 6: CMX1998 folded before Flop (didn't bet)



PokerStars Hand #254618786170:  Hold'em No Limit ($0.50/$1.00 USD) - 2025/01/30 9:00:49 WET [2025/01/30 4:00:49 ET]
Table 'Maja' 6-max Seat #3 is the button
Seat 4: peak joker33 ($129.89 in chips) is sitting out
Seat 1: ka100pka527 ($104.32 in chips) 
Seat 2: ARCTlCkiss ($112.26 in chips) 
Seat 3: CashfishT ($229.50 in chips) 
Seat 5: MaRKiToScoK ($148.29 in chips) 
Seat 6: CMX1998 ($17.47 in chips) 
MaRKiToScoK: posts small blind $0.50
CMX1998: posts big blind $1
*** HOLE CARDS ***
ka100pka527: raises $1.50 to $2.50
ARCTlCkiss: raises $5 to $7.50
CashfishT: folds 
MaRKiToScoK: folds 
CMX1998: raises $9.97 to $17.47 and is all-in
ka100pka527: folds 
ARCTlCkiss: calls $9.97
*** FLOP *** [2s 7h Kh]
*** TURN *** [2s 7h Kh] [Kd]
*** RIVER *** [2s 7h Kh Kd] [Qd]
*** SHOW DOWN ***
CMX1998: shows [As 9h] (a pair of Kings)
ARCTlCkiss: shows [Jc Kc] (three of a kind, Kings)
ARCTlCkiss collected $36.04 from pot
*** SUMMARY ***
Total pot $37.94 | Rake $1.90 
Board [2s 7h Kh Kd Qd]
Seat 4: peak joker33
Seat 1: ka100pka527 folded before Flop
Seat 2: ARCTlCkiss showed [Jc Kc] and won ($36.04) with three of a kind, Kings
Seat 3: CashfishT (button) folded before Flop (didn't bet)
Seat 5: MaRKiToScoK (small blind) folded before Flop
Seat 6: CMX1998 (big blind) showed [As 9h] and lost with a pair of Kings



PokerStars Hand #254618789635:  Hold'em No Limit ($0.50/$1.00 USD) - 2025/01/30 9:01:30 WET [2025/01/30 4:01:30 ET]
Table 'Maja' 6-max Seat #5 is the button
Seat 4: peak joker33 ($129.89 in chips) is sitting out
Seat 6: CMX1998 ($0 in chips) is sitting out
Seat 1: ka100pka527 ($101.82 in chips) 
Seat 2: ARCTlCkiss ($130.83 in chips) 
Seat 3: CashfishT ($229.50 in chips) 
Seat 5: MaRKiToScoK ($147.79 in chips) 
ka100pka527: posts small blind $0.50
ARCTlCkiss: posts big blind $1
*** HOLE CARDS ***
CashfishT: folds 
MaRKiToScoK: raises $1.50 to $2.50
CMX1998 leaves the table
ka100pka527: folds 
ARCTlCkiss: folds 
Uncalled bet ($1.50) returned to MaRKiToScoK
MaRKiToScoK collected $2.50 from pot
*** SUMMARY ***
Total pot $2.50 | Rake $0 
Seat 4: peak joker33
Seat 6: CMX1998
Seat 1: ka100pka527 (small blind) folded before Flop
Seat 2: ARCTlCkiss (big blind) folded before Flop
Seat 3: CashfishT folded before Flop (didn't bet)
Seat 5: MaRKiToScoK (button) collected ($2.50)



PokerStars Hand #254618791040:  Hold'em No Limit ($0.50/$1.00 USD) - 2025/01/30 9:01:46 WET [2025/01/30 4:01:46 ET]
Table 'Maja' 6-max Seat #1 is the button
Seat 4: peak joker33 ($129.89 in chips) is sitting out
Seat 1: ka100pka527 ($101.32 in chips) 
Seat 2: ARCTlCkiss ($129.83 in chips) 
Seat 3: CashfishT ($229.50 in chips) 
Seat 5: MaRKiToScoK ($149.29 in chips) 
ARCTlCkiss: posts small blind $0.50
CashfishT: posts big blind $1
*** HOLE CARDS ***
MaRKiToScoK: folds 
ka100pka527: raises $1.50 to $2.50
ARCTlCkiss: folds 
CashfishT: folds 
Uncalled bet ($1.50) returned to ka100pka527
MaRKiToScoK leaves the table
ka100pka527 collected $2.50 from pot
ka100pka527: doesn't show hand 
*** SUMMARY ***
Total pot $2.50 | Rake $0 
Seat 4: peak joker33
Seat 1: ka100pka527 (button) collected ($2.50)
Seat 2: ARCTlCkiss (small blind) folded before Flop
Seat 3: CashfishT (big blind) folded before Flop
Seat 5: MaRKiToScoK folded before Flop (didn't bet)



