PokerStars Hand #254625383533:  Hold'em No Limit ($0.50/$1.00 USD) - 2025/01/30 18:42:46 WET [2025/01/30 13:42:46 ET]
Table 'Aldib' 6-max Seat #6 is the button
Seat 1: I am Anux! ($100 in chips) 
Seat 6: MAO_DZEDYN_S ($100 in chips) 
MAO_DZEDYN_S: posts small blind $0.50
I am Anux!: posts big blind $1
*** HOLE CARDS ***
MAO_DZEDYN_S: raises $1.25 to $2.25
I am Anux!: folds 
Uncalled bet ($1.25) returned to MAO_DZEDYN_S
MAO_DZEDYN_S collected $2 from pot
MAO_DZEDYN_S: doesn't show hand 
*** SUMMARY ***
Total pot $2 | Rake $0 
Seat 1: I am Anux! (big blind) folded before Flop
Seat 6: MAO_DZEDYN_S (button) (small blind) collected ($2)



PokerStars Hand #254625399648:  Hold'em No Limit ($0.50/$1.00 USD) - 2025/01/30 18:43:45 WET [2025/01/30 13:43:45 ET]
Table 'Aldib' 6-max Seat #1 is the button
Seat 1: I am Anux! ($100 in chips) 
Seat 6: MAO_DZEDYN_S ($101 in chips) 
I am Anux!: posts small blind $0.50
MAO_DZEDYN_S: posts big blind $1
*** HOLE CARDS ***
I am Anux!: raises $1.40 to $2.40
MAO_DZEDYN_S: calls $1.40
*** FLOP *** [6s 5c Qc]
MAO_DZEDYN_S: checks 
I am Anux!: bets $1.05
MAO_DZEDYN_S: folds 
Uncalled bet ($1.05) returned to I am Anux!
I am Anux! collected $4.56 from pot
I am Anux!: doesn't show hand 
*** SUMMARY ***
Total pot $4.80 | Rake $0.24 
Board [6s 5c Qc]
Seat 1: I am Anux! (button) (small blind) collected ($4.56)
Seat 6: MAO_DZEDYN_S (big blind) folded on the Flop



