PokerStars Hand #254620754664:  Hold'em No Limit ($0.50/$1.00 USD) - 2025/01/30 13:34:22 WET [2025/01/30 8:34:22 ET]
Table 'Disa' 6-max Seat #5 is the button
Seat 1: valmble ($48.83 in chips) is sitting out
Seat 3: AlexPinsk1 ($100 in chips) 
Seat 5: I am Anux! ($100.50 in chips) 
I am Anux!: posts small blind $0.50
valmble: is sitting out 
AlexPinsk1: posts big blind $1
*** HOLE CARDS ***
I am Anux!: raises $1.40 to $2.40
AlexPinsk1: folds 
Uncalled bet ($1.40) returned to I am Anux!
I am Anux! collected $2 from pot
I am Anux!: doesn't show hand 
*** SUMMARY ***
Total pot $2 | Rake $0 
Seat 1: valmble
Seat 3: AlexPinsk1 (big blind) folded before Flop
Seat 5: I am Anux! (button) (small blind) collected ($2)



PokerStars Hand #254620757296:  Hold'em No Limit ($0.50/$1.00 USD) - 2025/01/30 13:34:38 WET [2025/01/30 8:34:38 ET]
Table 'Disa' 6-max Seat #3 is the button
Seat 1: valmble ($48.83 in chips) is sitting out
Seat 3: AlexPinsk1 ($100 in chips) 
Seat 5: I am Anux! ($101.50 in chips) 
AlexPinsk1: posts small blind $0.50
I am Anux!: posts big blind $1
*** HOLE CARDS ***
AlexPinsk1: raises $1.50 to $2.50
I am Anux!: folds 
Uncalled bet ($1.50) returned to AlexPinsk1
AlexPinsk1 collected $2 from pot
AlexPinsk1: doesn't show hand 
*** SUMMARY ***
Total pot $2 | Rake $0 
Seat 1: valmble
Seat 3: AlexPinsk1 (button) (small blind) collected ($2)
Seat 5: I am Anux! (big blind) folded before Flop



