PokerStars Hand #254625771968:  Hold'em No Limit ($0.50/$1.00 USD) - 2025/01/30 19:08:06 WET [2025/01/30 14:08:06 ET]
Table 'Erynia' 6-max Seat #3 is the button
Seat 2: Y_19 ($100 in chips) is sitting out
Seat 3: MAO_DZEDYN_S ($100 in chips) 
Seat 5: laloo246 ($100 in chips) 
MAO_DZEDYN_S: posts small blind $0.50
laloo246: posts big blind $1
*** HOLE CARDS ***
MAO_DZEDYN_S: raises $1.25 to $2.25
laloo246: calls $1.25
*** FLOP *** [Td Ad 4h]
laloo246: checks 
Y_19 leaves the table
MAO_DZEDYN_S: bets $1.28
laloo246: folds 
Uncalled bet ($1.28) returned to MAO_DZEDYN_S
MAO_DZEDYN_S collected $4.28 from pot
MAO_DZEDYN_S: doesn't show hand 
*** SUMMARY ***
Total pot $4.50 | Rake $0.22 
Board [Td Ad 4h]
Seat 2: Y_19
Seat 3: MAO_DZEDYN_S (button) (small blind) collected ($4.28)
Seat 5: laloo246 (big blind) folded on the Flop



PokerStars Hand #254625793841:  Hold'em No Limit ($0.50/$1.00 USD) - 2025/01/30 19:09:26 WET [2025/01/30 14:09:26 ET]
Table 'Erynia' 6-max Seat #5 is the button
Seat 3: MAO_DZEDYN_S ($102.03 in chips) 
Seat 5: laloo246 ($100 in chips) 
laloo246: posts small blind $0.50
MAO_DZEDYN_S: posts big blind $1
*** HOLE CARDS ***
laloo246: folds 
Uncalled bet ($0.50) returned to MAO_DZEDYN_S
MAO_DZEDYN_S collected $1 from pot
MAO_DZEDYN_S: doesn't show hand 
*** SUMMARY ***
Total pot $1 | Rake $0 
Seat 3: MAO_DZEDYN_S (big blind) collected ($1)
Seat 5: laloo246 (button) (small blind) folded before Flop



PokerStars Hand #254626141878:  Hold'em No Limit ($0.50/$1.00 USD) - 2025/01/30 19:30:09 WET [2025/01/30 14:30:09 ET]
Table 'Erynia' 6-max Seat #6 is the button
Seat 5: laloo246 ($100 in chips) is sitting out
Seat 1: Pippa83 ($100 in chips) 
Seat 2: Manifestorr ($100 in chips) 
Seat 4: S3MPR3IGUAL ($100 in chips) 
Seat 6: 98steff ($80 in chips) 
Pippa83: posts small blind $0.50
Manifestorr: posts big blind $1
*** HOLE CARDS ***
S3MPR3IGUAL: folds 
98steff: folds 
Pippa83: folds 
Uncalled bet ($0.50) returned to Manifestorr
Manifestorr collected $1 from pot
*** SUMMARY ***
Total pot $1 | Rake $0 
Seat 5: laloo246
Seat 1: Pippa83 (small blind) folded before Flop
Seat 2: Manifestorr (big blind) collected ($1)
Seat 4: S3MPR3IGUAL folded before Flop (didn't bet)
Seat 6: 98steff (button) folded before Flop (didn't bet)



PokerStars Hand #254626145048:  Hold'em No Limit ($0.50/$1.00 USD) - 2025/01/30 19:30:21 WET [2025/01/30 14:30:21 ET]
Table 'Erynia' 6-max Seat #1 is the button
Seat 5: laloo246 ($100 in chips) is sitting out
Seat 1: Pippa83 ($100 in chips) 
Seat 2: Manifestorr ($100.50 in chips) 
Seat 4: S3MPR3IGUAL ($100 in chips) 
Seat 6: 98steff ($80 in chips) 
Manifestorr: posts small blind $0.50
S3MPR3IGUAL: posts big blind $1
*** HOLE CARDS ***
98steff: folds 
Pippa83: folds 
Manifestorr: folds 
Uncalled bet ($0.50) returned to S3MPR3IGUAL
S3MPR3IGUAL collected $1 from pot
S3MPR3IGUAL: doesn't show hand 
*** SUMMARY ***
Total pot $1 | Rake $0 
Seat 5: laloo246
Seat 1: Pippa83 (button) folded before Flop (didn't bet)
Seat 2: Manifestorr (small blind) folded before Flop
Seat 4: S3MPR3IGUAL (big blind) collected ($1)
Seat 6: 98steff folded before Flop (didn't bet)



PokerStars Hand #254626148020:  Hold'em No Limit ($0.50/$1.00 USD) - 2025/01/30 19:30:31 WET [2025/01/30 14:30:31 ET]
Table 'Erynia' 6-max Seat #2 is the button
Seat 5: laloo246 ($100 in chips) is sitting out
Seat 1: Pippa83 ($100 in chips) 
Seat 2: Manifestorr ($100 in chips) 
Seat 4: S3MPR3IGUAL ($100.50 in chips) 
Seat 6: 98steff ($80 in chips) 
S3MPR3IGUAL: posts small blind $0.50
98steff: posts big blind $1
*** HOLE CARDS ***
Pippa83: raises $1.50 to $2.50
Poker9803 joins the table at seat #3 
Manifestorr: raises $5.50 to $8
S3MPR3IGUAL: folds 
98steff: folds 
Pippa83: folds 
Uncalled bet ($5.50) returned to Manifestorr
Manifestorr collected $6.50 from pot
*** SUMMARY ***
Total pot $6.50 | Rake $0 
Seat 5: laloo246
Seat 1: Pippa83 folded before Flop
Seat 2: Manifestorr (button) collected ($6.50)
Seat 4: S3MPR3IGUAL (small blind) folded before Flop
Seat 6: 98steff (big blind) folded before Flop



PokerStars Hand #254626153631:  Hold'em No Limit ($0.50/$1.00 USD) - 2025/01/30 19:30:51 WET [2025/01/30 14:30:51 ET]
Table 'Erynia' 6-max Seat #4 is the button
Seat 3: Poker9803 ($100 in chips) is sitting out
Seat 5: laloo246 ($100 in chips) is sitting out
Seat 1: Pippa83 ($100 in chips) 
Seat 2: Manifestorr ($104 in chips) 
Seat 4: S3MPR3IGUAL ($100 in chips) 
Seat 6: 98steff ($79 in chips) 
98steff: posts small blind $0.50
Pippa83: posts big blind $1
Poker9803: sits out 
*** HOLE CARDS ***
Manifestorr: raises $1.20 to $2.20
S3MPR3IGUAL: folds 
98steff: raises $6.20 to $8.40
Pippa83: folds 
Manifestorr: folds 
Uncalled bet ($6.20) returned to 98steff
98steff collected $5.40 from pot
*** SUMMARY ***
Total pot $5.40 | Rake $0 
Seat 3: Poker9803
Seat 5: laloo246
Seat 1: Pippa83 (big blind) folded before Flop
Seat 2: Manifestorr folded before Flop
Seat 4: S3MPR3IGUAL (button) folded before Flop (didn't bet)
Seat 6: 98steff (small blind) collected ($5.40)



PokerStars Hand #254626163064:  Hold'em No Limit ($0.50/$1.00 USD) - 2025/01/30 19:31:24 WET [2025/01/30 14:31:24 ET]
Table 'Erynia' 6-max Seat #6 is the button
Seat 2: Manifestorr ($101.80 in chips) is sitting out
Seat 5: laloo246 ($100 in chips) is sitting out
Seat 1: Pippa83 ($100 in chips) 
Seat 3: Poker9803 ($100 in chips) 
Seat 4: S3MPR3IGUAL ($100 in chips) 
Seat 6: 98steff ($82.20 in chips) 
Pippa83: posts small blind $0.50
Manifestorr: is sitting out 
Poker9803: posts big blind $1
*** HOLE CARDS ***
S3MPR3IGUAL: folds 
98steff: folds 
Manifestorr leaves the table
Pippa83: folds 
Uncalled bet ($0.50) returned to Poker9803
Poker9803 collected $1 from pot
Poker9803: doesn't show hand 
*** SUMMARY ***
Total pot $1 | Rake $0 
Seat 2: Manifestorr
Seat 5: laloo246
Seat 1: Pippa83 (small blind) folded before Flop
Seat 3: Poker9803 (big blind) collected ($1)
Seat 4: S3MPR3IGUAL folded before Flop (didn't bet)
Seat 6: 98steff (button) folded before Flop (didn't bet)



PokerStars Hand #254626167626:  Hold'em No Limit ($0.50/$1.00 USD) - 2025/01/30 19:31:40 WET [2025/01/30 14:31:40 ET]
Table 'Erynia' 6-max Seat #1 is the button
Seat 5: laloo246 ($100 in chips) is sitting out
Seat 1: Pippa83 ($100 in chips) 
Seat 3: Poker9803 ($100.50 in chips) 
Seat 4: S3MPR3IGUAL ($100 in chips) 
Seat 6: 98steff ($82.20 in chips) 
Poker9803: posts small blind $0.50
S3MPR3IGUAL: posts big blind $1
laloo246: sits out 
*** HOLE CARDS ***
98steff: calls $1
Pippa83: folds 
Poker9803: folds 
S3MPR3IGUAL: checks 
*** FLOP *** [3c Qc 8d]
S3MPR3IGUAL: checks 
98steff: bets $1
S3MPR3IGUAL: calls $1
*** TURN *** [3c Qc 8d] [Th]
S3MPR3IGUAL: checks 
98steff: bets $1
S3MPR3IGUAL: calls $1
*** RIVER *** [3c Qc 8d Th] [Qs]
S3MPR3IGUAL: checks 
98steff: checks 
*** SHOW DOWN ***
S3MPR3IGUAL: shows [Tc 6s] (two pair, Queens and Tens)
98steff: mucks hand 
S3MPR3IGUAL collected $6.18 from pot
*** SUMMARY ***
Total pot $6.50 | Rake $0.32 
Board [3c Qc 8d Th Qs]
Seat 5: laloo246
Seat 1: Pippa83 (button) folded before Flop (didn't bet)
Seat 3: Poker9803 (small blind) folded before Flop
Seat 4: S3MPR3IGUAL (big blind) showed [Tc 6s] and won ($6.18) with two pair, Queens and Tens
Seat 6: 98steff mucked



PokerStars Hand #254626176379:  Hold'em No Limit ($0.50/$1.00 USD) - 2025/01/30 19:32:11 WET [2025/01/30 14:32:11 ET]
Table 'Erynia' 6-max Seat #3 is the button
Seat 1: Pippa83 ($100 in chips) 
Seat 3: Poker9803 ($100 in chips) 
Seat 4: S3MPR3IGUAL ($103.18 in chips) 
Seat 5: laloo246 ($100 in chips) 
Seat 6: 98steff ($79.20 in chips) 
S3MPR3IGUAL: posts small blind $0.50
laloo246: posts big blind $1
*** HOLE CARDS ***
98steff: folds 
Pippa83: folds 
Poker9803: folds 
S3MPR3IGUAL: raises $2 to $3
laloo246: calls $2
*** FLOP *** [5d As 2d]
S3MPR3IGUAL: bets $1.60
laloo246: calls $1.60
*** TURN *** [5d As 2d] [9d]
S3MPR3IGUAL: bets $5.77
laloo246: folds 
Uncalled bet ($5.77) returned to S3MPR3IGUAL
S3MPR3IGUAL collected $8.74 from pot
S3MPR3IGUAL: doesn't show hand 
*** SUMMARY ***
Total pot $9.20 | Rake $0.46 
Board [5d As 2d 9d]
Seat 1: Pippa83 folded before Flop (didn't bet)
Seat 3: Poker9803 (button) folded before Flop (didn't bet)
Seat 4: S3MPR3IGUAL (small blind) collected ($8.74)
Seat 5: laloo246 (big blind) folded on the Turn
Seat 6: 98steff folded before Flop (didn't bet)



PokerStars Hand #254626193060:  Hold'em No Limit ($0.50/$1.00 USD) - 2025/01/30 19:33:10 WET [2025/01/30 14:33:10 ET]
Table 'Erynia' 6-max Seat #4 is the button
Seat 1: Pippa83 ($100 in chips) 
Seat 3: Poker9803 ($100 in chips) 
Seat 4: S3MPR3IGUAL ($107.32 in chips) 
Seat 5: laloo246 ($100 in chips) 
Seat 6: 98steff ($79.20 in chips) 
laloo246: posts small blind $0.50
98steff: posts big blind $1
*** HOLE CARDS ***
Pippa83: raises $1.20 to $2.20
Poker9803: folds 
S3MPR3IGUAL: folds 
laloo246: folds 
98steff: calls $1.20
*** FLOP *** [Tc Jd 4c]
98steff: checks 
sskripka joins the table at seat #2 
Pippa83: bets $1.54
98steff: calls $1.54
*** TURN *** [Tc Jd 4c] [2s]
98steff: checks 
Pippa83: bets $4.50
98steff: calls $4.50
*** RIVER *** [Tc Jd 4c 2s] [Ad]
98steff: checks 
Pippa83: bets $8
98steff: calls $8
*** SHOW DOWN ***
Pippa83: shows [8d 9d] (high card Ace)
98steff: shows [Ac Qs] (a pair of Aces)
98steff collected $30.92 from pot
*** SUMMARY ***
Total pot $32.98 | Rake $2.06 
Board [Tc Jd 4c 2s Ad]
Seat 1: Pippa83 showed [8d 9d] and lost with high card Ace
Seat 3: Poker9803 folded before Flop (didn't bet)
Seat 4: S3MPR3IGUAL (button) folded before Flop (didn't bet)
Seat 5: laloo246 (small blind) folded before Flop
Seat 6: 98steff (big blind) showed [Ac Qs] and won ($30.92) with a pair of Aces



PokerStars Hand #254626209935:  Hold'em No Limit ($0.50/$1.00 USD) - 2025/01/30 19:34:10 WET [2025/01/30 14:34:10 ET]
Table 'Erynia' 6-max Seat #5 is the button
Seat 2: sskripka ($100 in chips) is sitting out
Seat 1: Pippa83 ($100 in chips) 
Seat 3: Poker9803 ($100 in chips) 
Seat 4: S3MPR3IGUAL ($107.32 in chips) 
Seat 5: laloo246 ($100 in chips) 
Seat 6: 98steff ($93.88 in chips) 
98steff: posts small blind $0.50
Pippa83: posts big blind $1
sskripka: sits out 
*** HOLE CARDS ***
Poker9803: folds 
S3MPR3IGUAL: raises $1.20 to $2.20
laloo246: folds 
98steff: calls $1.70
Pippa83: folds 
*** FLOP *** [Tc Th 6c]
98steff: checks 
S3MPR3IGUAL: bets $1.44
98steff: folds 
Uncalled bet ($1.44) returned to S3MPR3IGUAL
S3MPR3IGUAL collected $5.13 from pot
S3MPR3IGUAL: doesn't show hand 
*** SUMMARY ***
Total pot $5.40 | Rake $0.27 
Board [Tc Th 6c]
Seat 2: sskripka
Seat 1: Pippa83 (big blind) folded before Flop
Seat 3: Poker9803 folded before Flop (didn't bet)
Seat 4: S3MPR3IGUAL collected ($5.13)
Seat 5: laloo246 (button) folded before Flop (didn't bet)
Seat 6: 98steff (small blind) folded on the Flop



PokerStars Hand #254626218558:  Hold'em No Limit ($0.50/$1.00 USD) - 2025/01/30 19:34:40 WET [2025/01/30 14:34:40 ET]
Table 'Erynia' 6-max Seat #6 is the button
Seat 1: Pippa83 ($100 in chips) 
Seat 2: sskripka ($100 in chips) 
Seat 3: Poker9803 ($100 in chips) 
Seat 4: S3MPR3IGUAL ($110.25 in chips) 
Seat 5: laloo246 ($100 in chips) 
Seat 6: 98steff ($91.68 in chips) 
Pippa83: posts small blind $0.50
sskripka: posts big blind $1
*** HOLE CARDS ***
Poker9803: folds 
S3MPR3IGUAL: raises $1.20 to $2.20
laloo246: folds 
98steff: calls $2.20
Pippa83: folds 
sskripka: raises $11.80 to $14
S3MPR3IGUAL: folds 
98steff: folds 
Uncalled bet ($11.80) returned to sskripka
sskripka collected $7.10 from pot
sskripka: doesn't show hand 
*** SUMMARY ***
Total pot $7.10 | Rake $0 
Seat 1: Pippa83 (small blind) folded before Flop
Seat 2: sskripka (big blind) collected ($7.10)
Seat 3: Poker9803 folded before Flop (didn't bet)
Seat 4: S3MPR3IGUAL folded before Flop
Seat 5: laloo246 folded before Flop (didn't bet)
Seat 6: 98steff (button) folded before Flop



PokerStars Hand #254626227743:  Hold'em No Limit ($0.50/$1.00 USD) - 2025/01/30 19:35:12 WET [2025/01/30 14:35:12 ET]
Table 'Erynia' 6-max Seat #1 is the button
Seat 1: Pippa83 ($100 in chips) 
Seat 2: sskripka ($104.90 in chips) 
Seat 3: Poker9803 ($100 in chips) 
Seat 4: S3MPR3IGUAL ($108.05 in chips) 
Seat 5: laloo246 ($100 in chips) 
Seat 6: 98steff ($89.48 in chips) 
sskripka: posts small blind $0.50
Poker9803: posts big blind $1
*** HOLE CARDS ***
S3MPR3IGUAL: folds 
laloo246: folds 
98steff: folds 
Pippa83: raises $1.50 to $2.50
sskripka: folds 
Poker9803: folds 
Uncalled bet ($1.50) returned to Pippa83
Pippa83 collected $2.50 from pot
Pippa83: doesn't show hand 
*** SUMMARY ***
Total pot $2.50 | Rake $0 
Seat 1: Pippa83 (button) collected ($2.50)
Seat 2: sskripka (small blind) folded before Flop
Seat 3: Poker9803 (big blind) folded before Flop
Seat 4: S3MPR3IGUAL folded before Flop (didn't bet)
Seat 5: laloo246 folded before Flop (didn't bet)
Seat 6: 98steff folded before Flop (didn't bet)



PokerStars Hand #254626239835:  Hold'em No Limit ($0.50/$1.00 USD) - 2025/01/30 19:35:54 WET [2025/01/30 14:35:54 ET]
Table 'Erynia' 6-max Seat #2 is the button
Seat 1: Pippa83 ($101.50 in chips) 
Seat 2: sskripka ($104.40 in chips) 
Seat 3: Poker9803 ($100 in chips) 
Seat 4: S3MPR3IGUAL ($108.05 in chips) 
Seat 5: laloo246 ($100 in chips) 
Seat 6: 98steff ($89.48 in chips) 
Poker9803: posts small blind $0.50
S3MPR3IGUAL: posts big blind $1
*** HOLE CARDS ***
laloo246: folds 
98steff: calls $1
Pippa83: folds 
sskripka: folds 
Poker9803: folds 
S3MPR3IGUAL: checks 
*** FLOP *** [9c As 3d]
S3MPR3IGUAL: checks 
98steff: bets $1
S3MPR3IGUAL: calls $1
*** TURN *** [9c As 3d] [7c]
S3MPR3IGUAL: checks 
98steff: bets $1
S3MPR3IGUAL: calls $1
*** RIVER *** [9c As 3d 7c] [6h]
S3MPR3IGUAL: checks 
98steff: checks 
*** SHOW DOWN ***
S3MPR3IGUAL: shows [4d 3c] (a pair of Threes)
98steff: shows [9d 8d] (a pair of Nines)
98steff collected $6.10 from pot
*** SUMMARY ***
Total pot $6.50 | Rake $0.40 
Board [9c As 3d 7c 6h]
Seat 1: Pippa83 folded before Flop (didn't bet)
Seat 2: sskripka (button) folded before Flop (didn't bet)
Seat 3: Poker9803 (small blind) folded before Flop
Seat 4: S3MPR3IGUAL (big blind) showed [4d 3c] and lost with a pair of Threes
Seat 5: laloo246 folded before Flop (didn't bet)
Seat 6: 98steff showed [9d 8d] and won ($6.10) with a pair of Nines



PokerStars Hand #254626249299:  Hold'em No Limit ($0.50/$1.00 USD) - 2025/01/30 19:36:28 WET [2025/01/30 14:36:28 ET]
Table 'Erynia' 6-max Seat #3 is the button
Seat 1: Pippa83 ($101.50 in chips) 
Seat 2: sskripka ($104.40 in chips) 
Seat 3: Poker9803 ($100 in chips) 
Seat 4: S3MPR3IGUAL ($105.05 in chips) 
Seat 5: laloo246 ($100 in chips) 
Seat 6: 98steff ($92.58 in chips) 
S3MPR3IGUAL: posts small blind $0.50
laloo246: posts big blind $1
*** HOLE CARDS ***
98steff: folds 
Pippa83: folds 
sskripka: folds 
Poker9803: raises $1.50 to $2.50
S3MPR3IGUAL: raises $7.50 to $10
laloo246: folds 
Poker9803: folds 
Uncalled bet ($7.50) returned to S3MPR3IGUAL
S3MPR3IGUAL collected $6 from pot
S3MPR3IGUAL: doesn't show hand 
*** SUMMARY ***
Total pot $6 | Rake $0 
Seat 1: Pippa83 folded before Flop (didn't bet)
Seat 2: sskripka folded before Flop (didn't bet)
Seat 3: Poker9803 (button) folded before Flop
Seat 4: S3MPR3IGUAL (small blind) collected ($6)
Seat 5: laloo246 (big blind) folded before Flop
Seat 6: 98steff folded before Flop (didn't bet)



PokerStars Hand #254626260828:  Hold'em No Limit ($0.50/$1.00 USD) - 2025/01/30 19:37:08 WET [2025/01/30 14:37:08 ET]
Table 'Erynia' 6-max Seat #4 is the button
Seat 1: Pippa83 ($101.50 in chips) 
Seat 2: sskripka ($104.40 in chips) 
Seat 3: Poker9803 ($100 in chips) 
Seat 4: S3MPR3IGUAL ($108.55 in chips) 
Seat 5: laloo246 ($100 in chips) 
Seat 6: 98steff ($92.58 in chips) 
laloo246: posts small blind $0.50
98steff: posts big blind $1
*** HOLE CARDS ***
Pippa83: raises $1.20 to $2.20
sskripka: folds 
Poker9803: folds 
S3MPR3IGUAL: folds 
laloo246: folds 
98steff: calls $1.20
*** FLOP *** [6d Td 8s]
98steff: checks 
Pippa83: bets $2.50
98steff: folds 
Uncalled bet ($2.50) returned to Pippa83
Pippa83 collected $4.66 from pot
Pippa83: doesn't show hand 
*** SUMMARY ***
Total pot $4.90 | Rake $0.24 
Board [6d Td 8s]
Seat 1: Pippa83 collected ($4.66)
Seat 2: sskripka folded before Flop (didn't bet)
Seat 3: Poker9803 folded before Flop (didn't bet)
Seat 4: S3MPR3IGUAL (button) folded before Flop (didn't bet)
Seat 5: laloo246 (small blind) folded before Flop
Seat 6: 98steff (big blind) folded on the Flop



PokerStars Hand #254626331514:  Hold'em No Limit ($0.50/$1.00 USD) - 2025/01/30 19:41:16 WET [2025/01/30 14:41:16 ET]
Table 'Erynia' 6-max Seat #4 is the button
Seat 2: Dante21b ($100 in chips) is sitting out
Seat 1: Pippa83 ($100 in chips) 
Seat 3: Poker9803 ($100 in chips) 
Seat 4: S3MPR3IGUAL ($105.55 in chips) 
Seat 5: laloo246 ($113.56 in chips) 
Seat 6: 98steff ($91.86 in chips) 
laloo246: posts small blind $0.50
98steff: posts big blind $1
Dante21b: sits out 
*** HOLE CARDS ***
Pippa83: folds 
Poker9803: folds 
S3MPR3IGUAL: raises $1.20 to $2.20
laloo246: folds 
98steff: raises $4.90 to $7.10
S3MPR3IGUAL: calls $4.90
*** FLOP *** [5s 4d 4s]
98steff: bets $15.96
S3MPR3IGUAL: folds 
Uncalled bet ($15.96) returned to 98steff
98steff collected $13.78 from pot
*** SUMMARY ***
Total pot $14.70 | Rake $0.92 
Board [5s 4d 4s]
Seat 2: Dante21b
Seat 1: Pippa83 folded before Flop (didn't bet)
Seat 3: Poker9803 folded before Flop (didn't bet)
Seat 4: S3MPR3IGUAL (button) folded on the Flop
Seat 5: laloo246 (small blind) folded before Flop
Seat 6: 98steff (big blind) collected ($13.78)



PokerStars Hand #254626350463:  Hold'em No Limit ($0.50/$1.00 USD) - 2025/01/30 19:42:22 WET [2025/01/30 14:42:22 ET]
Table 'Erynia' 6-max Seat #5 is the button
Seat 2: Dante21b ($100 in chips) is sitting out
Seat 1: Pippa83 ($100 in chips) 
Seat 3: Poker9803 ($100 in chips) 
Seat 4: S3MPR3IGUAL ($100 in chips) 
Seat 5: laloo246 ($113.06 in chips) 
Seat 6: 98steff ($98.54 in chips) 
98steff: posts small blind $0.50
Pippa83: posts big blind $1
Dante21b: sits out 
*** HOLE CARDS ***
Poker9803: folds 
S3MPR3IGUAL: folds 
laloo246: raises $1.50 to $2.50
98steff: folds 
Pippa83: folds 
Uncalled bet ($1.50) returned to laloo246
laloo246 collected $2.50 from pot
laloo246: doesn't show hand 
*** SUMMARY ***
Total pot $2.50 | Rake $0 
Seat 2: Dante21b
Seat 1: Pippa83 (big blind) folded before Flop
Seat 3: Poker9803 folded before Flop (didn't bet)
Seat 4: S3MPR3IGUAL folded before Flop (didn't bet)
Seat 5: laloo246 (button) collected ($2.50)
Seat 6: 98steff (small blind) folded before Flop



PokerStars Hand #254626355261:  Hold'em No Limit ($0.50/$1.00 USD) - 2025/01/30 19:42:39 WET [2025/01/30 14:42:39 ET]
Table 'Erynia' 6-max Seat #6 is the button
Seat 1: Pippa83 ($100 in chips) 
Seat 2: Dante21b ($100 in chips) 
Seat 3: Poker9803 ($100 in chips) 
Seat 4: S3MPR3IGUAL ($100 in chips) 
Seat 5: laloo246 ($114.56 in chips) 
Seat 6: 98steff ($98.04 in chips) 
Pippa83: posts small blind $0.50
Dante21b: posts big blind $1
*** HOLE CARDS ***
Poker9803: raises $1.50 to $2.50
S3MPR3IGUAL: folds 
laloo246: folds 
98steff: folds 
Pippa83: folds 
Dante21b: calls $1.50
*** FLOP *** [7s 6d Tc]
Dante21b: checks 
Poker9803: bets $1.72
Dante21b: calls $1.72
*** TURN *** [7s 6d Tc] [4c]
Dante21b: checks 
Poker9803: checks 
*** RIVER *** [7s 6d Tc 4c] [2h]
Dante21b: checks 
Poker9803: checks 
*** SHOW DOWN ***
Dante21b: shows [Kc 6c] (a pair of Sixes)
Poker9803: mucks hand 
Dante21b collected $8.49 from pot
*** SUMMARY ***
Total pot $8.94 | Rake $0.45 
Board [7s 6d Tc 4c 2h]
Seat 1: Pippa83 (small blind) folded before Flop
Seat 2: Dante21b (big blind) showed [Kc 6c] and won ($8.49) with a pair of Sixes
Seat 3: Poker9803 mucked
Seat 4: S3MPR3IGUAL folded before Flop (didn't bet)
Seat 5: laloo246 folded before Flop (didn't bet)
Seat 6: 98steff (button) folded before Flop (didn't bet)



PokerStars Hand #254626371712:  Hold'em No Limit ($0.50/$1.00 USD) - 2025/01/30 19:43:36 WET [2025/01/30 14:43:36 ET]
Table 'Erynia' 6-max Seat #1 is the button
Seat 1: Pippa83 ($100 in chips) 
Seat 2: Dante21b ($104.27 in chips) 
Seat 3: Poker9803 ($100 in chips) 
Seat 4: S3MPR3IGUAL ($100 in chips) 
Seat 5: laloo246 ($114.56 in chips) 
Seat 6: 98steff ($98.04 in chips) 
Dante21b: posts small blind $0.50
Poker9803: posts big blind $1
*** HOLE CARDS ***
S3MPR3IGUAL: folds 
laloo246: folds 
98steff: calls $1
Pippa83: raises $2.50 to $3.50
Dante21b: folds 
Poker9803: folds 
98steff: calls $2.50
*** FLOP *** [6s 2s Qs]
98steff: checks 
Pippa83: bets $2.02
98steff: folds 
Uncalled bet ($2.02) returned to Pippa83
Pippa83 collected $8.08 from pot
Pippa83: doesn't show hand 
*** SUMMARY ***
Total pot $8.50 | Rake $0.42 
Board [6s 2s Qs]
Seat 1: Pippa83 (button) collected ($8.08)
Seat 2: Dante21b (small blind) folded before Flop
Seat 3: Poker9803 (big blind) folded before Flop
Seat 4: S3MPR3IGUAL folded before Flop (didn't bet)
Seat 5: laloo246 folded before Flop (didn't bet)
Seat 6: 98steff folded on the Flop



PokerStars Hand #254626384124:  Hold'em No Limit ($0.50/$1.00 USD) - 2025/01/30 19:44:21 WET [2025/01/30 14:44:21 ET]
Table 'Erynia' 6-max Seat #2 is the button
Seat 1: Pippa83 ($104.58 in chips) 
Seat 2: Dante21b ($103.77 in chips) 
Seat 3: Poker9803 ($100 in chips) 
Seat 4: S3MPR3IGUAL ($100 in chips) 
Seat 5: laloo246 ($114.56 in chips) 
Seat 6: 98steff ($94.54 in chips) 
Poker9803: posts small blind $0.50
S3MPR3IGUAL: posts big blind $1
*** HOLE CARDS ***
laloo246: folds 
98steff: folds 
Pippa83: folds 
Dante21b: raises $1.50 to $2.50
Poker9803: folds 
S3MPR3IGUAL: raises $8.50 to $11
Dante21b: calls $8.50
*** FLOP *** [Qc 3c 9d]
S3MPR3IGUAL: bets $10.70
Dante21b: calls $10.70
*** TURN *** [Qc 3c 9d] [Ks]
S3MPR3IGUAL: bets $23
Dante21b: calls $23
*** RIVER *** [Qc 3c 9d Ks] [5c]
S3MPR3IGUAL: checks 
Dante21b: checks 
*** SHOW DOWN ***
S3MPR3IGUAL: shows [Kh Ah] (a pair of Kings)
Dante21b: mucks hand 
S3MPR3IGUAL collected $87.40 from pot
*** SUMMARY ***
Total pot $89.90 | Rake $2.50 
Board [Qc 3c 9d Ks 5c]
Seat 1: Pippa83 folded before Flop (didn't bet)
Seat 2: Dante21b (button) mucked
Seat 3: Poker9803 (small blind) folded before Flop
Seat 4: S3MPR3IGUAL (big blind) showed [Kh Ah] and won ($87.40) with a pair of Kings
Seat 5: laloo246 folded before Flop (didn't bet)
Seat 6: 98steff folded before Flop (didn't bet)



PokerStars Hand #254626404416:  Hold'em No Limit ($0.50/$1.00 USD) - 2025/01/30 19:45:33 WET [2025/01/30 14:45:33 ET]
Table 'Erynia' 6-max Seat #3 is the button
Seat 1: Pippa83 ($104.58 in chips) 
Seat 2: Dante21b ($100 in chips) 
Seat 3: Poker9803 ($100 in chips) 
Seat 4: S3MPR3IGUAL ($142.70 in chips) 
Seat 5: laloo246 ($114.56 in chips) 
Seat 6: 98steff ($94.54 in chips) 
S3MPR3IGUAL: posts small blind $0.50
laloo246: posts big blind $1
*** HOLE CARDS ***
98steff: calls $1
Pippa83: folds 
Dante21b: folds 
Poker9803: folds 
S3MPR3IGUAL: raises $3 to $4
laloo246: folds 
98steff: calls $3
*** FLOP *** [6d Qd As]
S3MPR3IGUAL: bets $2.39
98steff: calls $2.39
*** TURN *** [6d Qd As] [Qs]
S3MPR3IGUAL: bets $6.55
98steff: folds 
Uncalled bet ($6.55) returned to S3MPR3IGUAL
S3MPR3IGUAL collected $13.09 from pot
S3MPR3IGUAL: doesn't show hand 
*** SUMMARY ***
Total pot $13.78 | Rake $0.69 
Board [6d Qd As Qs]
Seat 1: Pippa83 folded before Flop (didn't bet)
Seat 2: Dante21b folded before Flop (didn't bet)
Seat 3: Poker9803 (button) folded before Flop (didn't bet)
Seat 4: S3MPR3IGUAL (small blind) collected ($13.09)
Seat 5: laloo246 (big blind) folded before Flop
Seat 6: 98steff folded on the Turn



PokerStars Hand #254626417205:  Hold'em No Limit ($0.50/$1.00 USD) - 2025/01/30 19:46:19 WET [2025/01/30 14:46:19 ET]
Table 'Erynia' 6-max Seat #4 is the button
Seat 1: Pippa83 ($104.58 in chips) 
Seat 2: Dante21b ($100 in chips) 
Seat 3: Poker9803 ($100 in chips) 
Seat 4: S3MPR3IGUAL ($149.40 in chips) 
Seat 5: laloo246 ($113.56 in chips) 
Seat 6: 98steff ($88.15 in chips) 
laloo246: posts small blind $0.50
98steff: posts big blind $1
*** HOLE CARDS ***
Pippa83: folds 
Dante21b: folds 
Poker9803: folds 
S3MPR3IGUAL: folds 
laloo246: raises $2 to $3
98steff: raises $7 to $10
laloo246: folds 
Uncalled bet ($7) returned to 98steff
98steff collected $6 from pot
*** SUMMARY ***
Total pot $6 | Rake $0 
Seat 1: Pippa83 folded before Flop (didn't bet)
Seat 2: Dante21b folded before Flop (didn't bet)
Seat 3: Poker9803 folded before Flop (didn't bet)
Seat 4: S3MPR3IGUAL (button) folded before Flop (didn't bet)
Seat 5: laloo246 (small blind) folded before Flop
Seat 6: 98steff (big blind) collected ($6)



PokerStars Hand #254626279863:  Hold'em No Limit ($0.50/$1.00 USD) - 2025/01/30 19:38:15 WET [2025/01/30 14:38:15 ET]
Table 'Erynia' 6-max Seat #5 is the button
Seat 1: Pippa83 ($103.96 in chips) 
Seat 2: sskripka ($104.40 in chips) 
Seat 3: Poker9803 ($100 in chips) 
Seat 4: S3MPR3IGUAL ($108.55 in chips) 
Seat 5: laloo246 ($100 in chips) 
Seat 6: 98steff ($90.38 in chips) 
98steff: posts small blind $0.50
Pippa83: posts big blind $1
*** HOLE CARDS ***
sskripka: folds 
Poker9803: folds 
S3MPR3IGUAL: folds 
laloo246: raises $1.50 to $2.50
98steff: calls $2
Pippa83: calls $1.50
*** FLOP *** [3d 2s Qc]
98steff: checks 
Pippa83: checks 
laloo246: bets $2.35
98steff: folds 
Pippa83: calls $2.35
*** TURN *** [3d 2s Qc] [9d]
Pippa83: checks 
laloo246: bets $8.69
Pippa83: calls $8.69
*** RIVER *** [3d 2s Qc 9d] [Js]
Pippa83: checks 
laloo246: bets $25.10
Pippa83: folds 
Uncalled bet ($25.10) returned to laloo246
laloo246 collected $28.10 from pot
laloo246: doesn't show hand 
*** SUMMARY ***
Total pot $29.58 | Rake $1.48 
Board [3d 2s Qc 9d Js]
Seat 1: Pippa83 (big blind) folded on the River
Seat 2: sskripka folded before Flop (didn't bet)
Seat 3: Poker9803 folded before Flop (didn't bet)
Seat 4: S3MPR3IGUAL folded before Flop (didn't bet)
Seat 5: laloo246 (button) collected ($28.10)
Seat 6: 98steff (small blind) folded on the Flop



PokerStars Hand #254626312120:  Hold'em No Limit ($0.50/$1.00 USD) - 2025/01/30 19:40:08 WET [2025/01/30 14:40:08 ET]
Table 'Erynia' 6-max Seat #6 is the button
Seat 2: sskripka ($104.40 in chips) is sitting out
Seat 1: Pippa83 ($100 in chips) 
Seat 3: Poker9803 ($100 in chips) 
Seat 4: S3MPR3IGUAL ($108.55 in chips) 
Seat 5: laloo246 ($114.56 in chips) 
Seat 6: 98steff ($87.88 in chips) 
Pippa83: posts small blind $0.50
sskripka: is sitting out 
Poker9803: posts big blind $1
*** HOLE CARDS ***
S3MPR3IGUAL: folds 
laloo246: folds 
98steff: folds 
Pippa83: folds 
Uncalled bet ($0.50) returned to Poker9803
Poker9803 collected $1 from pot
Poker9803: doesn't show hand 
*** SUMMARY ***
Total pot $1 | Rake $0 
Seat 2: sskripka
Seat 1: Pippa83 (small blind) folded before Flop
Seat 3: Poker9803 (big blind) collected ($1)
Seat 4: S3MPR3IGUAL folded before Flop (didn't bet)
Seat 5: laloo246 folded before Flop (didn't bet)
Seat 6: 98steff (button) folded before Flop (didn't bet)



PokerStars Hand #254626315579:  Hold'em No Limit ($0.50/$1.00 USD) - 2025/01/30 19:40:20 WET [2025/01/30 14:40:20 ET]
Table 'Erynia' 6-max Seat #1 is the button
Seat 2: sskripka ($104.40 in chips) is sitting out
Seat 1: Pippa83 ($100 in chips) 
Seat 3: Poker9803 ($100.50 in chips) 
Seat 4: S3MPR3IGUAL ($108.55 in chips) 
Seat 5: laloo246 ($114.56 in chips) 
Seat 6: 98steff ($87.88 in chips) 
Poker9803: posts small blind $0.50
S3MPR3IGUAL: posts big blind $1
*** HOLE CARDS ***
laloo246: folds 
98steff: calls $1
Pippa83: folds 
Poker9803: folds 
S3MPR3IGUAL: raises $3 to $4
98steff: calls $3
*** FLOP *** [3h 5h 4h]
sskripka leaves the table
S3MPR3IGUAL: checks 
98steff: bets $8.08
S3MPR3IGUAL: folds 
Uncalled bet ($8.08) returned to 98steff
98steff collected $7.98 from pot
*** SUMMARY ***
Total pot $8.50 | Rake $0.52 
Board [3h 5h 4h]
Seat 2: sskripka
Seat 1: Pippa83 (button) folded before Flop (didn't bet)
Seat 3: Poker9803 (small blind) folded before Flop
Seat 4: S3MPR3IGUAL (big blind) folded on the Flop
Seat 5: laloo246 folded before Flop (didn't bet)
Seat 6: 98steff collected ($7.98)



PokerStars Hand #254626324783:  Hold'em No Limit ($0.50/$1.00 USD) - 2025/01/30 19:40:52 WET [2025/01/30 14:40:52 ET]
Table 'Erynia' 6-max Seat #3 is the button
Seat 1: Pippa83 ($100 in chips) 
Seat 3: Poker9803 ($100 in chips) 
Seat 4: S3MPR3IGUAL ($104.55 in chips) 
Seat 5: laloo246 ($114.56 in chips) 
Seat 6: 98steff ($91.86 in chips) 
S3MPR3IGUAL: posts small blind $0.50
laloo246: posts big blind $1
*** HOLE CARDS ***
98steff: folds 
Pippa83: folds 
Poker9803: folds 
S3MPR3IGUAL: raises $2 to $3
Dante21b joins the table at seat #2 
laloo246: folds 
Uncalled bet ($2) returned to S3MPR3IGUAL
S3MPR3IGUAL collected $2 from pot
S3MPR3IGUAL: doesn't show hand 
*** SUMMARY ***
Total pot $2 | Rake $0 
Seat 1: Pippa83 folded before Flop (didn't bet)
Seat 3: Poker9803 (button) folded before Flop (didn't bet)
Seat 4: S3MPR3IGUAL (small blind) collected ($2)
Seat 5: laloo246 (big blind) folded before Flop
Seat 6: 98steff folded before Flop (didn't bet)



PokerStars Hand #254626435592:  Hold'em No Limit ($0.50/$1.00 USD) - 2025/01/30 19:47:24 WET [2025/01/30 14:47:24 ET]
Table 'Erynia' 6-max Seat #5 is the button
Seat 1: Pippa83 ($104.58 in chips) 
Seat 2: Dante21b ($100 in chips) 
Seat 3: Poker9803 ($100 in chips) 
Seat 4: S3MPR3IGUAL ($149.40 in chips) 
Seat 5: laloo246 ($110.56 in chips) 
Seat 6: 98steff ($91.15 in chips) 
98steff: posts small blind $0.50
Pippa83: posts big blind $1
*** HOLE CARDS ***
Dante21b: raises $1.50 to $2.50
Poker9803: folds 
S3MPR3IGUAL: folds 
laloo246: folds 
98steff: folds 
Pippa83: folds 
Uncalled bet ($1.50) returned to Dante21b
Dante21b collected $2.50 from pot
Dante21b: doesn't show hand 
*** SUMMARY ***
Total pot $2.50 | Rake $0 
Seat 1: Pippa83 (big blind) folded before Flop
Seat 2: Dante21b collected ($2.50)
Seat 3: Poker9803 folded before Flop (didn't bet)
Seat 4: S3MPR3IGUAL folded before Flop (didn't bet)
Seat 5: laloo246 (button) folded before Flop (didn't bet)
Seat 6: 98steff (small blind) folded before Flop



PokerStars Hand #254626439570:  Hold'em No Limit ($0.50/$1.00 USD) - 2025/01/30 19:47:38 WET [2025/01/30 14:47:38 ET]
Table 'Erynia' 6-max Seat #6 is the button
Seat 1: Pippa83 ($103.58 in chips) 
Seat 2: Dante21b ($101.50 in chips) 
Seat 3: Poker9803 ($100 in chips) 
Seat 4: S3MPR3IGUAL ($149.40 in chips) 
Seat 5: laloo246 ($110.56 in chips) 
Seat 6: 98steff ($90.65 in chips) 
Pippa83: posts small blind $0.50
Dante21b: posts big blind $1
*** HOLE CARDS ***
Poker9803: folds 
S3MPR3IGUAL: folds 
laloo246: raises $1.20 to $2.20
98steff: calls $2.20
Pippa83: folds 
Dante21b: folds 
*** FLOP *** [2h Qs 7h]
laloo246: bets $1.85
98steff: raises $9.30 to $11.15
laloo246: folds 
Uncalled bet ($9.30) returned to 98steff
98steff collected $9 from pot
*** SUMMARY ***
Total pot $9.60 | Rake $0.60 
Board [2h Qs 7h]
Seat 1: Pippa83 (small blind) folded before Flop
Seat 2: Dante21b (big blind) folded before Flop
Seat 3: Poker9803 folded before Flop (didn't bet)
Seat 4: S3MPR3IGUAL folded before Flop (didn't bet)
Seat 5: laloo246 folded on the Flop
Seat 6: 98steff (button) collected ($9)



PokerStars Hand #254626455146:  Hold'em No Limit ($0.50/$1.00 USD) - 2025/01/30 19:48:32 WET [2025/01/30 14:48:32 ET]
Table 'Erynia' 6-max Seat #1 is the button
Seat 1: Pippa83 ($103.08 in chips) 
Seat 2: Dante21b ($100.50 in chips) 
Seat 3: Poker9803 ($100 in chips) 
Seat 4: S3MPR3IGUAL ($149.40 in chips) 
Seat 5: laloo246 ($106.51 in chips) 
Seat 6: 98steff ($95.60 in chips) 
Dante21b: posts small blind $0.50
Poker9803: posts big blind $1
*** HOLE CARDS ***
S3MPR3IGUAL: folds 
laloo246: folds 
98steff: calls $1
laloo246 leaves the table
Pippa83: raises $2.50 to $3.50
Dante21b: folds 
iadsan joins the table at seat #5 
Poker9803: folds 
98steff: calls $2.50
*** FLOP *** [Td 5s 7c]
98steff: bets $8.08
Pippa83: calls $8.08
*** TURN *** [Td 5s 7c] [Kc]
98steff: checks 
Pippa83: checks 
*** RIVER *** [Td 5s 7c Kc] [3c]
98steff: bets $11.72
Pippa83: folds 
Uncalled bet ($11.72) returned to 98steff
98steff collected $23.12 from pot
*** SUMMARY ***
Total pot $24.66 | Rake $1.54 
Board [Td 5s 7c Kc 3c]
Seat 1: Pippa83 (button) folded on the River
Seat 2: Dante21b (small blind) folded before Flop
Seat 3: Poker9803 (big blind) folded before Flop
Seat 4: S3MPR3IGUAL folded before Flop (didn't bet)
Seat 5: laloo246 folded before Flop (didn't bet)
Seat 6: 98steff collected ($23.12)



PokerStars Hand #254626474645:  Hold'em No Limit ($0.50/$1.00 USD) - 2025/01/30 19:49:40 WET [2025/01/30 14:49:40 ET]
Table 'Erynia' 6-max Seat #2 is the button
Seat 5: iadsan ($100 in chips) is sitting out
Seat 1: Pippa83 ($100 in chips) 
Seat 2: Dante21b ($100 in chips) 
Seat 3: Poker9803 ($100 in chips) 
Seat 4: S3MPR3IGUAL ($149.40 in chips) 
Seat 6: 98steff ($107.14 in chips) 
Poker9803: posts small blind $0.50
S3MPR3IGUAL: posts big blind $1
iadsan: sits out 
*** HOLE CARDS ***
98steff: calls $1
Pippa83: raises $2.50 to $3.50
Dante21b: folds 
Poker9803: folds 
S3MPR3IGUAL: folds 
98steff: calls $2.50
*** FLOP *** [6c 7c Qh]
98steff: checks 
Pippa83: bets $2.67
98steff: folds 
Uncalled bet ($2.67) returned to Pippa83
Pippa83 collected $8.08 from pot
Pippa83: doesn't show hand 
*** SUMMARY ***
Total pot $8.50 | Rake $0.42 
Board [6c 7c Qh]
Seat 5: iadsan
Seat 1: Pippa83 collected ($8.08)
Seat 2: Dante21b (button) folded before Flop (didn't bet)
Seat 3: Poker9803 (small blind) folded before Flop
Seat 4: S3MPR3IGUAL (big blind) folded before Flop
Seat 6: 98steff folded on the Flop



PokerStars Hand #254626483632:  Hold'em No Limit ($0.50/$1.00 USD) - 2025/01/30 19:50:11 WET [2025/01/30 14:50:11 ET]
Table 'Erynia' 6-max Seat #3 is the button
Seat 1: Pippa83 ($104.58 in chips) 
Seat 2: Dante21b ($100 in chips) 
Seat 3: Poker9803 ($100 in chips) 
Seat 4: S3MPR3IGUAL ($148.40 in chips) 
Seat 5: iadsan ($100 in chips) 
Seat 6: 98steff ($103.64 in chips) 
S3MPR3IGUAL: posts small blind $0.50
iadsan: posts big blind $1
*** HOLE CARDS ***
98steff: folds 
Pippa83: folds 
Dante21b: folds 
Poker9803: folds 
S3MPR3IGUAL: raises $2 to $3
iadsan: calls $2
*** FLOP *** [7s Qd 9c]
S3MPR3IGUAL: checks 
iadsan: checks 
*** TURN *** [7s Qd 9c] [2d]
S3MPR3IGUAL: checks 
iadsan: checks 
*** RIVER *** [7s Qd 9c 2d] [5h]
S3MPR3IGUAL: bets $2.85
iadsan: folds 
Uncalled bet ($2.85) returned to S3MPR3IGUAL
S3MPR3IGUAL collected $5.70 from pot
S3MPR3IGUAL: doesn't show hand 
*** SUMMARY ***
Total pot $6 | Rake $0.30 
Board [7s Qd 9c 2d 5h]
Seat 1: Pippa83 folded before Flop (didn't bet)
Seat 2: Dante21b folded before Flop (didn't bet)
Seat 3: Poker9803 (button) folded before Flop (didn't bet)
Seat 4: S3MPR3IGUAL (small blind) collected ($5.70)
Seat 5: iadsan (big blind) folded on the River
Seat 6: 98steff folded before Flop (didn't bet)



PokerStars Hand #254626495702:  Hold'em No Limit ($0.50/$1.00 USD) - 2025/01/30 19:50:53 WET [2025/01/30 14:50:53 ET]
Table 'Erynia' 6-max Seat #4 is the button
Seat 1: Pippa83 ($104.58 in chips) 
Seat 2: Dante21b ($100 in chips) 
Seat 3: Poker9803 ($100 in chips) 
Seat 4: S3MPR3IGUAL ($151.10 in chips) 
Seat 5: iadsan ($97 in chips) 
Seat 6: 98steff ($103.64 in chips) 
iadsan: posts small blind $0.50
98steff: posts big blind $1
*** HOLE CARDS ***
Pippa83: raises $1.20 to $2.20
Dante21b: folds 
Poker9803: raises $5.28 to $7.48
S3MPR3IGUAL: folds 
iadsan: folds 
98steff: folds 
Pippa83: folds 
Uncalled bet ($5.28) returned to Poker9803
Poker9803 collected $5.90 from pot
Poker9803: doesn't show hand 
*** SUMMARY ***
Total pot $5.90 | Rake $0 
Seat 1: Pippa83 folded before Flop
Seat 2: Dante21b folded before Flop (didn't bet)
Seat 3: Poker9803 collected ($5.90)
Seat 4: S3MPR3IGUAL (button) folded before Flop (didn't bet)
Seat 5: iadsan (small blind) folded before Flop
Seat 6: 98steff (big blind) folded before Flop



PokerStars Hand #254626503153:  Hold'em No Limit ($0.50/$1.00 USD) - 2025/01/30 19:51:19 WET [2025/01/30 14:51:19 ET]
Table 'Erynia' 6-max Seat #5 is the button
Seat 1: Pippa83 ($102.38 in chips) 
Seat 2: Dante21b ($100 in chips) 
Seat 3: Poker9803 ($103.70 in chips) 
Seat 4: S3MPR3IGUAL ($151.10 in chips) 
Seat 5: iadsan ($96.50 in chips) 
Seat 6: 98steff ($102.64 in chips) 
98steff: posts small blind $0.50
Pippa83: posts big blind $1
*** HOLE CARDS ***
Dante21b: folds 
Poker9803: folds 
S3MPR3IGUAL: folds 
iadsan: raises $2 to $3
98steff: folds 
Pippa83: calls $2
*** FLOP *** [5d 3s As]
Pippa83: checks 
iadsan: bets $3.09
Pippa83: calls $3.09
*** TURN *** [5d 3s As] [3c]
Pippa83: checks 
iadsan: bets $6.03
Pippa83: folds 
Uncalled bet ($6.03) returned to iadsan
iadsan collected $12.05 from pot
iadsan: doesn't show hand 
*** SUMMARY ***
Total pot $12.68 | Rake $0.63 
Board [5d 3s As 3c]
Seat 1: Pippa83 (big blind) folded on the Turn
Seat 2: Dante21b folded before Flop (didn't bet)
Seat 3: Poker9803 folded before Flop (didn't bet)
Seat 4: S3MPR3IGUAL folded before Flop (didn't bet)
Seat 5: iadsan (button) collected ($12.05)
Seat 6: 98steff (small blind) folded before Flop



PokerStars Hand #254626515564:  Hold'em No Limit ($0.50/$1.00 USD) - 2025/01/30 19:52:02 WET [2025/01/30 14:52:02 ET]
Table 'Erynia' 6-max Seat #6 is the button
Seat 1: Pippa83 ($100 in chips) 
Seat 2: Dante21b ($100 in chips) 
Seat 3: Poker9803 ($103.70 in chips) 
Seat 4: S3MPR3IGUAL ($151.10 in chips) 
Seat 5: iadsan ($102.46 in chips) 
Seat 6: 98steff ($102.14 in chips) 
Pippa83: posts small blind $0.50
Dante21b: posts big blind $1
*** HOLE CARDS ***
Poker9803: folds 
S3MPR3IGUAL: folds 
iadsan: folds 
98steff: raises $2 to $3
Pippa83: folds 
Dante21b: calls $2
*** FLOP *** [2d 5s 9s]
Dante21b: checks 
98steff: checks 
*** TURN *** [2d 5s 9s] [Kd]
Dante21b: checks 
98steff: checks 
*** RIVER *** [2d 5s 9s Kd] [2c]
Dante21b: checks 
98steff: checks 
*** SHOW DOWN ***
Dante21b: shows [6s 6c] (two pair, Sixes and Deuces)
98steff: mucks hand 
Dante21b collected $6.18 from pot
*** SUMMARY ***
Total pot $6.50 | Rake $0.32 
Board [2d 5s 9s Kd 2c]
Seat 1: Pippa83 (small blind) folded before Flop
Seat 2: Dante21b (big blind) showed [6s 6c] and won ($6.18) with two pair, Sixes and Deuces
Seat 3: Poker9803 folded before Flop (didn't bet)
Seat 4: S3MPR3IGUAL folded before Flop (didn't bet)
Seat 5: iadsan folded before Flop (didn't bet)
Seat 6: 98steff (button) mucked



PokerStars Hand #254626528384:  Hold'em No Limit ($0.50/$1.00 USD) - 2025/01/30 19:52:47 WET [2025/01/30 14:52:47 ET]
Table 'Erynia' 6-max Seat #1 is the button
Seat 1: Pippa83 ($100 in chips) 
Seat 2: Dante21b ($103.18 in chips) 
Seat 3: Poker9803 ($103.70 in chips) 
Seat 4: S3MPR3IGUAL ($151.10 in chips) 
Seat 5: iadsan ($102.46 in chips) 
Seat 6: 98steff ($99.14 in chips) 
Dante21b: posts small blind $0.50
Poker9803: posts big blind $1
*** HOLE CARDS ***
S3MPR3IGUAL: folds 
iadsan: raises $1 to $2
98steff: folds 
Pippa83: folds 
Dante21b: folds 
Poker9803: calls $1
*** FLOP *** [Ac 3c 8d]
Poker9803: checks 
iadsan: bets $2.14
Poker9803: folds 
Uncalled bet ($2.14) returned to iadsan
iadsan collected $4.28 from pot
iadsan: doesn't show hand 
*** SUMMARY ***
Total pot $4.50 | Rake $0.22 
Board [Ac 3c 8d]
Seat 1: Pippa83 (button) folded before Flop (didn't bet)
Seat 2: Dante21b (small blind) folded before Flop
Seat 3: Poker9803 (big blind) folded on the Flop
Seat 4: S3MPR3IGUAL folded before Flop (didn't bet)
Seat 5: iadsan collected ($4.28)
Seat 6: 98steff folded before Flop (didn't bet)



PokerStars Hand #254626538858:  Hold'em No Limit ($0.50/$1.00 USD) - 2025/01/30 19:53:24 WET [2025/01/30 14:53:24 ET]
Table 'Erynia' 6-max Seat #2 is the button
Seat 1: Pippa83 ($100 in chips) 
Seat 2: Dante21b ($102.68 in chips) 
Seat 3: Poker9803 ($101.70 in chips) 
Seat 4: S3MPR3IGUAL ($151.10 in chips) 
Seat 5: iadsan ($104.74 in chips) 
Seat 6: 98steff ($99.14 in chips) 
Poker9803: posts small blind $0.50
S3MPR3IGUAL: posts big blind $1
*** HOLE CARDS ***
iadsan: folds 
98steff: folds 
Pippa83: folds 
Dante21b: folds 
Poker9803: folds 
Uncalled bet ($0.50) returned to S3MPR3IGUAL
S3MPR3IGUAL collected $1 from pot
S3MPR3IGUAL: doesn't show hand 
*** SUMMARY ***
Total pot $1 | Rake $0 
Seat 1: Pippa83 folded before Flop (didn't bet)
Seat 2: Dante21b (button) folded before Flop (didn't bet)
Seat 3: Poker9803 (small blind) folded before Flop
Seat 4: S3MPR3IGUAL (big blind) collected ($1)
Seat 5: iadsan folded before Flop (didn't bet)
Seat 6: 98steff folded before Flop (didn't bet)



PokerStars Hand #254626542319:  Hold'em No Limit ($0.50/$1.00 USD) - 2025/01/30 19:53:35 WET [2025/01/30 14:53:35 ET]
Table 'Erynia' 6-max Seat #3 is the button
Seat 1: Pippa83 ($100 in chips) 
Seat 2: Dante21b ($102.68 in chips) 
Seat 3: Poker9803 ($101.20 in chips) 
Seat 4: S3MPR3IGUAL ($151.60 in chips) 
Seat 5: iadsan ($104.74 in chips) 
Seat 6: 98steff ($99.14 in chips) 
S3MPR3IGUAL: posts small blind $0.50
iadsan: posts big blind $1
*** HOLE CARDS ***
98steff: calls $1
Pippa83: folds 
Dante21b: folds 
Poker9803: folds 
S3MPR3IGUAL: folds 
iadsan: checks 
*** FLOP *** [Qs 2s 7h]
iadsan: checks 
98steff: checks 
*** TURN *** [Qs 2s 7h] [5s]
iadsan: checks 
98steff: bets $5
iadsan: folds 
Uncalled bet ($5) returned to 98steff
98steff collected $2.35 from pot
*** SUMMARY ***
Total pot $2.50 | Rake $0.15 
Board [Qs 2s 7h 5s]
Seat 1: Pippa83 folded before Flop (didn't bet)
Seat 2: Dante21b folded before Flop (didn't bet)
Seat 3: Poker9803 (button) folded before Flop (didn't bet)
Seat 4: S3MPR3IGUAL (small blind) folded before Flop
Seat 5: iadsan (big blind) folded on the Turn
Seat 6: 98steff collected ($2.35)



PokerStars Hand #254626552763:  Hold'em No Limit ($0.50/$1.00 USD) - 2025/01/30 19:54:12 WET [2025/01/30 14:54:12 ET]
Table 'Erynia' 6-max Seat #4 is the button
Seat 1: Pippa83 ($100 in chips) 
Seat 2: Dante21b ($102.68 in chips) 
Seat 3: Poker9803 ($101.20 in chips) 
Seat 4: S3MPR3IGUAL ($151.10 in chips) 
Seat 5: iadsan ($103.74 in chips) 
Seat 6: 98steff ($100.49 in chips) 
iadsan: posts small blind $0.50
98steff: posts big blind $1
*** HOLE CARDS ***
Pippa83: folds 
Dante21b: folds 
Poker9803: raises $1.50 to $2.50
S3MPR3IGUAL: folds 
iadsan: folds 
98steff: calls $1.50
*** FLOP *** [8c Kc 7h]
98steff: checks 
Poker9803: checks 
*** TURN *** [8c Kc 7h] [Ah]
98steff: bets $2.61
Poker9803: calls $2.61
*** RIVER *** [8c Kc 7h Ah] [4s]
98steff: bets $5.09
Poker9803: folds 
Uncalled bet ($5.09) returned to 98steff
98steff collected $10.04 from pot
*** SUMMARY ***
Total pot $10.72 | Rake $0.68 
Board [8c Kc 7h Ah 4s]
Seat 1: Pippa83 folded before Flop (didn't bet)
Seat 2: Dante21b folded before Flop (didn't bet)
Seat 3: Poker9803 folded on the River
Seat 4: S3MPR3IGUAL (button) folded before Flop (didn't bet)
Seat 5: iadsan (small blind) folded before Flop
Seat 6: 98steff (big blind) collected ($10.04)



PokerStars Hand #254626570053:  Hold'em No Limit ($0.50/$1.00 USD) - 2025/01/30 19:55:14 WET [2025/01/30 14:55:14 ET]
Table 'Erynia' 6-max Seat #5 is the button
Seat 1: Pippa83 ($100 in chips) 
Seat 2: Dante21b ($102.68 in chips) 
Seat 3: Poker9803 ($100 in chips) 
Seat 4: S3MPR3IGUAL ($151.10 in chips) 
Seat 5: iadsan ($103.24 in chips) 
Seat 6: 98steff ($105.42 in chips) 
98steff: posts small blind $0.50
Pippa83: posts big blind $1
*** HOLE CARDS ***
Dante21b: raises $1.50 to $2.50
Poker9803: folds 
S3MPR3IGUAL: folds 
iadsan: folds 
98steff: calls $2
Pippa83: folds 
*** FLOP *** [7c Th 9s]
98steff: checks 
Dante21b: bets $5.70
98steff: folds 
Uncalled bet ($5.70) returned to Dante21b
Dante21b collected $5.70 from pot
Dante21b: doesn't show hand 
*** SUMMARY ***
Total pot $6 | Rake $0.30 
Board [7c Th 9s]
Seat 1: Pippa83 (big blind) folded before Flop
Seat 2: Dante21b collected ($5.70)
Seat 3: Poker9803 folded before Flop (didn't bet)
Seat 4: S3MPR3IGUAL folded before Flop (didn't bet)
Seat 5: iadsan (button) folded before Flop (didn't bet)
Seat 6: 98steff (small blind) folded on the Flop



PokerStars Hand #254626579513:  Hold'em No Limit ($0.50/$1.00 USD) - 2025/01/30 19:56:00 WET [2025/01/30 14:56:00 ET]
Table 'Erynia' 6-max Seat #6 is the button
Seat 1: Pippa83 ($100 in chips) 
Seat 2: Dante21b ($105.88 in chips) 
Seat 3: Poker9803 ($100 in chips) 
Seat 4: S3MPR3IGUAL ($151.10 in chips) 
Seat 5: iadsan ($103.24 in chips) 
Seat 6: 98steff ($102.92 in chips) 
Pippa83: posts small blind $0.50
Dante21b: posts big blind $1
*** HOLE CARDS ***
Poker9803: folds 
S3MPR3IGUAL: folds 
iadsan: folds 
98steff: calls $1
Pippa83: folds 
Dante21b: raises $5 to $6
98steff: folds 
Uncalled bet ($5) returned to Dante21b
Dante21b collected $2.50 from pot
Dante21b: doesn't show hand 
*** SUMMARY ***
Total pot $2.50 | Rake $0 
Seat 1: Pippa83 (small blind) folded before Flop
Seat 2: Dante21b (big blind) collected ($2.50)
Seat 3: Poker9803 folded before Flop (didn't bet)
Seat 4: S3MPR3IGUAL folded before Flop (didn't bet)
Seat 5: iadsan folded before Flop (didn't bet)
Seat 6: 98steff (button) folded before Flop



PokerStars Hand #254626583940:  Hold'em No Limit ($0.50/$1.00 USD) - 2025/01/30 19:56:22 WET [2025/01/30 14:56:22 ET]
Table 'Erynia' 6-max Seat #1 is the button
Seat 1: Pippa83 ($100 in chips) 
Seat 2: Dante21b ($107.38 in chips) 
Seat 3: Poker9803 ($100 in chips) 
Seat 4: S3MPR3IGUAL ($151.10 in chips) 
Seat 5: iadsan ($103.24 in chips) 
Seat 6: 98steff ($101.92 in chips) 
Dante21b: posts small blind $0.50
Poker9803: posts big blind $1
*** HOLE CARDS ***
S3MPR3IGUAL: folds 
iadsan: folds 
98steff: raises $2 to $3
Pippa83: folds 
Dante21b: folds 
Poker9803: folds 
Uncalled bet ($2) returned to 98steff
98steff collected $2.50 from pot
*** SUMMARY ***
Total pot $2.50 | Rake $0 
Seat 1: Pippa83 (button) folded before Flop (didn't bet)
Seat 2: Dante21b (small blind) folded before Flop
Seat 3: Poker9803 (big blind) folded before Flop
Seat 4: S3MPR3IGUAL folded before Flop (didn't bet)
Seat 5: iadsan folded before Flop (didn't bet)
Seat 6: 98steff collected ($2.50)



PokerStars Hand #254626588828:  Hold'em No Limit ($0.50/$1.00 USD) - 2025/01/30 19:56:47 WET [2025/01/30 14:56:47 ET]
Table 'Erynia' 6-max Seat #2 is the button
Seat 1: Pippa83 ($100 in chips) 
Seat 2: Dante21b ($106.88 in chips) 
Seat 3: Poker9803 ($100 in chips) 
Seat 4: S3MPR3IGUAL ($151.10 in chips) 
Seat 5: iadsan ($103.24 in chips) 
Seat 6: 98steff ($103.42 in chips) 
Poker9803: posts small blind $0.50
S3MPR3IGUAL: posts big blind $1
*** HOLE CARDS ***
iadsan: folds 
98steff: calls $1
Pippa83: raises $2.50 to $3.50
Dante21b: folds 
Poker9803: folds 
S3MPR3IGUAL: folds 
98steff: raises $6.50 to $10
Pippa83: folds 
Uncalled bet ($6.50) returned to 98steff
98steff collected $8.50 from pot
*** SUMMARY ***
Total pot $8.50 | Rake $0 
Seat 1: Pippa83 folded before Flop
Seat 2: Dante21b (button) folded before Flop (didn't bet)
Seat 3: Poker9803 (small blind) folded before Flop
Seat 4: S3MPR3IGUAL (big blind) folded before Flop
Seat 5: iadsan folded before Flop (didn't bet)
Seat 6: 98steff collected ($8.50)



PokerStars Hand #254626594691:  Hold'em No Limit ($0.50/$1.00 USD) - 2025/01/30 19:57:16 WET [2025/01/30 14:57:16 ET]
Table 'Erynia' 6-max Seat #3 is the button
Seat 1: Pippa83 ($100 in chips) 
Seat 2: Dante21b ($106.88 in chips) 
Seat 3: Poker9803 ($100 in chips) 
Seat 4: S3MPR3IGUAL ($150.10 in chips) 
Seat 5: iadsan ($103.24 in chips) 
Seat 6: 98steff ($108.42 in chips) 
S3MPR3IGUAL: posts small blind $0.50
iadsan: posts big blind $1
*** HOLE CARDS ***
98steff: folds 
Pippa83: folds 
Dante21b: folds 
Poker9803: folds 
S3MPR3IGUAL: raises $2 to $3
iadsan: calls $2
*** FLOP *** [4d 9d 3h]
S3MPR3IGUAL: checks 
iadsan: checks 
*** TURN *** [4d 9d 3h] [Qd]
S3MPR3IGUAL: bets $2.85
iadsan: calls $2.85
*** RIVER *** [4d 9d 3h Qd] [4c]
S3MPR3IGUAL: bets $8.33
iadsan: calls $8.33
*** SHOW DOWN ***
S3MPR3IGUAL: shows [Ts Kd] (a pair of Fours)
iadsan: shows [Qh Ks] (two pair, Queens and Fours)
iadsan collected $26.94 from pot
*** SUMMARY ***
Total pot $28.36 | Rake $1.42 
Board [4d 9d 3h Qd 4c]
Seat 1: Pippa83 folded before Flop (didn't bet)
Seat 2: Dante21b folded before Flop (didn't bet)
Seat 3: Poker9803 (button) folded before Flop (didn't bet)
Seat 4: S3MPR3IGUAL (small blind) showed [Ts Kd] and lost with a pair of Fours
Seat 5: iadsan (big blind) showed [Qh Ks] and won ($26.94) with two pair, Queens and Fours
Seat 6: 98steff folded before Flop (didn't bet)



PokerStars Hand #254626601069:  Hold'em No Limit ($0.50/$1.00 USD) - 2025/01/30 19:57:47 WET [2025/01/30 14:57:47 ET]
Table 'Erynia' 6-max Seat #4 is the button
Seat 1: Pippa83 ($100 in chips) 
Seat 2: Dante21b ($106.88 in chips) 
Seat 3: Poker9803 ($100 in chips) 
Seat 4: S3MPR3IGUAL ($135.92 in chips) 
Seat 5: iadsan ($116 in chips) 
Seat 6: 98steff ($108.42 in chips) 
iadsan: posts small blind $0.50
98steff: posts big blind $1
*** HOLE CARDS ***
Pippa83: folds 
Dante21b: folds 
Poker9803: raises $1.50 to $2.50
S3MPR3IGUAL: folds 
iadsan: folds 
98steff: folds 
Uncalled bet ($1.50) returned to Poker9803
Poker9803 collected $2.50 from pot
Poker9803: doesn't show hand 
*** SUMMARY ***
Total pot $2.50 | Rake $0 
Seat 1: Pippa83 folded before Flop (didn't bet)
Seat 2: Dante21b folded before Flop (didn't bet)
Seat 3: Poker9803 collected ($2.50)
Seat 4: S3MPR3IGUAL (button) folded before Flop (didn't bet)
Seat 5: iadsan (small blind) folded before Flop
Seat 6: 98steff (big blind) folded before Flop



PokerStars Hand #254626605879:  Hold'em No Limit ($0.50/$1.00 USD) - 2025/01/30 19:58:11 WET [2025/01/30 14:58:11 ET]
Table 'Erynia' 6-max Seat #5 is the button
Seat 1: Pippa83 ($100 in chips) 
Seat 2: Dante21b ($106.88 in chips) 
Seat 3: Poker9803 ($101.50 in chips) 
Seat 4: S3MPR3IGUAL ($135.92 in chips) 
Seat 5: iadsan ($115.50 in chips) 
Seat 6: 98steff ($107.42 in chips) 
98steff: posts small blind $0.50
Pippa83: posts big blind $1
*** HOLE CARDS ***
Dante21b: raises $1.50 to $2.50
Poker9803: folds 
S3MPR3IGUAL: folds 
iadsan: folds 
98steff: raises $6 to $8.50
Pippa83: folds 
Dante21b: calls $6
*** FLOP *** [8h 6s 5h]
98steff: bets $17.10
Dante21b: folds 
Uncalled bet ($17.10) returned to 98steff
98steff collected $16.88 from pot
*** SUMMARY ***
Total pot $18 | Rake $1.12 
Board [8h 6s 5h]
Seat 1: Pippa83 (big blind) folded before Flop
Seat 2: Dante21b folded on the Flop
Seat 3: Poker9803 folded before Flop (didn't bet)
Seat 4: S3MPR3IGUAL folded before Flop (didn't bet)
Seat 5: iadsan (button) folded before Flop (didn't bet)
Seat 6: 98steff (small blind) collected ($16.88)



PokerStars Hand #254626614077:  Hold'em No Limit ($0.50/$1.00 USD) - 2025/01/30 19:58:52 WET [2025/01/30 14:58:52 ET]
Table 'Erynia' 6-max Seat #6 is the button
Seat 1: Pippa83 ($100 in chips) 
Seat 2: Dante21b ($98.38 in chips) 
Seat 3: Poker9803 ($101.50 in chips) 
Seat 4: S3MPR3IGUAL ($135.92 in chips) 
Seat 5: iadsan ($115.50 in chips) 
Seat 6: 98steff ($115.80 in chips) 
Pippa83: posts small blind $0.50
Dante21b: posts big blind $1
*** HOLE CARDS ***
Poker9803: folds 
S3MPR3IGUAL: folds 
iadsan: folds 
98steff: folds 
Pippa83: raises $2 to $3
Dante21b: raises $6 to $9
Pippa83: folds 
Uncalled bet ($6) returned to Dante21b
Dante21b collected $6 from pot
Dante21b: doesn't show hand 
*** SUMMARY ***
Total pot $6 | Rake $0 
Seat 1: Pippa83 (small blind) folded before Flop
Seat 2: Dante21b (big blind) collected ($6)
Seat 3: Poker9803 folded before Flop (didn't bet)
Seat 4: S3MPR3IGUAL folded before Flop (didn't bet)
Seat 5: iadsan folded before Flop (didn't bet)
Seat 6: 98steff (button) folded before Flop (didn't bet)



PokerStars Hand #254626625206:  Hold'em No Limit ($0.50/$1.00 USD) - 2025/01/30 19:59:47 WET [2025/01/30 14:59:47 ET]
Table 'Erynia' 6-max Seat #1 is the button
Seat 1: Pippa83 ($100 in chips) 
Seat 2: Dante21b ($101.38 in chips) 
Seat 3: Poker9803 ($101.50 in chips) 
Seat 4: S3MPR3IGUAL ($135.92 in chips) 
Seat 5: iadsan ($115.50 in chips) 
Seat 6: 98steff ($115.80 in chips) 
Dante21b: posts small blind $0.50
Poker9803: posts big blind $1
*** HOLE CARDS ***
S3MPR3IGUAL: folds 
iadsan: folds 
98steff: calls $1
Pippa83: raises $2.50 to $3.50
Dante21b: folds 
Poker9803: folds 
98steff: calls $2.50
*** FLOP *** [Ad 7h 6s]
98steff: checks 
Pippa83: bets $2.67
98steff: folds 
Uncalled bet ($2.67) returned to Pippa83
Pippa83 collected $8.08 from pot
Pippa83: doesn't show hand 
*** SUMMARY ***
Total pot $8.50 | Rake $0.42 
Board [Ad 7h 6s]
Seat 1: Pippa83 (button) collected ($8.08)
Seat 2: Dante21b (small blind) folded before Flop
Seat 3: Poker9803 (big blind) folded before Flop
Seat 4: S3MPR3IGUAL folded before Flop (didn't bet)
Seat 5: iadsan folded before Flop (didn't bet)
Seat 6: 98steff folded on the Flop



PokerStars Hand #254626632260:  Hold'em No Limit ($0.50/$1.00 USD) - 2025/01/30 20:00:21 WET [2025/01/30 15:00:21 ET]
Table 'Erynia' 6-max Seat #2 is the button
Seat 1: Pippa83 ($104.58 in chips) 
Seat 2: Dante21b ($100.88 in chips) 
Seat 3: Poker9803 ($100.50 in chips) 
Seat 4: S3MPR3IGUAL ($135.92 in chips) 
Seat 5: iadsan ($115.50 in chips) 
Seat 6: 98steff ($112.30 in chips) 
Poker9803: posts small blind $0.50
S3MPR3IGUAL: posts big blind $1
*** HOLE CARDS ***
iadsan: folds 
98steff: folds 
Pippa83: folds 
Dante21b: raises $1.50 to $2.50
Poker9803: folds 
S3MPR3IGUAL: folds 
Uncalled bet ($1.50) returned to Dante21b
Dante21b collected $2.50 from pot
Dante21b: doesn't show hand 
*** SUMMARY ***
Total pot $2.50 | Rake $0 
Seat 1: Pippa83 folded before Flop (didn't bet)
Seat 2: Dante21b (button) collected ($2.50)
Seat 3: Poker9803 (small blind) folded before Flop
Seat 4: S3MPR3IGUAL (big blind) folded before Flop
Seat 5: iadsan folded before Flop (didn't bet)
Seat 6: 98steff folded before Flop (didn't bet)



PokerStars Hand #254626637196:  Hold'em No Limit ($0.50/$1.00 USD) - 2025/01/30 20:00:44 WET [2025/01/30 15:00:44 ET]
Table 'Erynia' 6-max Seat #3 is the button
Seat 1: Pippa83 ($104.58 in chips) 
Seat 2: Dante21b ($102.38 in chips) 
Seat 3: Poker9803 ($100 in chips) 
Seat 4: S3MPR3IGUAL ($134.92 in chips) 
Seat 5: iadsan ($115.50 in chips) 
Seat 6: 98steff ($112.30 in chips) 
S3MPR3IGUAL: posts small blind $0.50
iadsan: posts big blind $1
*** HOLE CARDS ***
98steff: folds 
Pippa83: folds 
Dante21b: folds 
Poker9803: folds 
S3MPR3IGUAL: folds 
Uncalled bet ($0.50) returned to iadsan
iadsan collected $1 from pot
iadsan: doesn't show hand 
*** SUMMARY ***
Total pot $1 | Rake $0 
Seat 1: Pippa83 folded before Flop (didn't bet)
Seat 2: Dante21b folded before Flop (didn't bet)
Seat 3: Poker9803 (button) folded before Flop (didn't bet)
Seat 4: S3MPR3IGUAL (small blind) folded before Flop
Seat 5: iadsan (big blind) collected ($1)
Seat 6: 98steff folded before Flop (didn't bet)



PokerStars Hand #254626641871:  Hold'em No Limit ($0.50/$1.00 USD) - 2025/01/30 20:01:05 WET [2025/01/30 15:01:05 ET]
Table 'Erynia' 6-max Seat #4 is the button
Seat 1: Pippa83 ($104.58 in chips) 
Seat 2: Dante21b ($102.38 in chips) 
Seat 3: Poker9803 ($100 in chips) 
Seat 4: S3MPR3IGUAL ($134.42 in chips) 
Seat 5: iadsan ($116 in chips) 
Seat 6: 98steff ($112.30 in chips) 
iadsan: posts small blind $0.50
98steff: posts big blind $1
*** HOLE CARDS ***
Pippa83: folds 
Dante21b: folds 
Poker9803: folds 
S3MPR3IGUAL: folds 
iadsan: calls $0.50
98steff: checks 
*** FLOP *** [9s Ah 7d]
iadsan: checks 
98steff: checks 
*** TURN *** [9s Ah 7d] [4c]
iadsan: checks 
98steff: checks 
*** RIVER *** [9s Ah 7d 4c] [2c]
iadsan: checks 
98steff: checks 
*** SHOW DOWN ***
iadsan: shows [Ts Qs] (high card Ace)
98steff: mucks hand 
iadsan collected $1.90 from pot
*** SUMMARY ***
Total pot $2 | Rake $0.10 
Board [9s Ah 7d 4c 2c]
Seat 1: Pippa83 folded before Flop (didn't bet)
Seat 2: Dante21b folded before Flop (didn't bet)
Seat 3: Poker9803 folded before Flop (didn't bet)
Seat 4: S3MPR3IGUAL (button) folded before Flop (didn't bet)
Seat 5: iadsan (small blind) showed [Ts Qs] and won ($1.90) with high card Ace
Seat 6: 98steff (big blind) mucked



PokerStars Hand #254626653884:  Hold'em No Limit ($0.50/$1.00 USD) - 2025/01/30 20:01:54 WET [2025/01/30 15:01:54 ET]
Table 'Erynia' 6-max Seat #5 is the button
Seat 1: Pippa83 ($104.58 in chips) 
Seat 2: Dante21b ($102.38 in chips) 
Seat 3: Poker9803 ($100 in chips) 
Seat 4: S3MPR3IGUAL ($134.42 in chips) 
Seat 5: iadsan ($116.90 in chips) 
Seat 6: 98steff ($111.30 in chips) 
98steff: posts small blind $0.50
Pippa83: posts big blind $1
*** HOLE CARDS ***
Dante21b: folds 
Poker9803: folds 
S3MPR3IGUAL: folds 
iadsan: folds 
98steff: folds 
Uncalled bet ($0.50) returned to Pippa83
Pippa83 collected $1 from pot
Pippa83: doesn't show hand 
*** SUMMARY ***
Total pot $1 | Rake $0 
Seat 1: Pippa83 (big blind) collected ($1)
Seat 2: Dante21b folded before Flop (didn't bet)
Seat 3: Poker9803 folded before Flop (didn't bet)
Seat 4: S3MPR3IGUAL folded before Flop (didn't bet)
Seat 5: iadsan (button) folded before Flop (didn't bet)
Seat 6: 98steff (small blind) folded before Flop



PokerStars Hand #254626656526:  Hold'em No Limit ($0.50/$1.00 USD) - 2025/01/30 20:02:04 WET [2025/01/30 15:02:04 ET]
Table 'Erynia' 6-max Seat #6 is the button
Seat 1: Pippa83 ($105.08 in chips) 
Seat 2: Dante21b ($102.38 in chips) 
Seat 3: Poker9803 ($100 in chips) 
Seat 4: S3MPR3IGUAL ($134.42 in chips) 
Seat 5: iadsan ($116.90 in chips) 
Seat 6: 98steff ($110.80 in chips) 
Pippa83: posts small blind $0.50
Dante21b: posts big blind $1
*** HOLE CARDS ***
Poker9803: raises $1.50 to $2.50
S3MPR3IGUAL: folds 
iadsan: folds 
98steff: folds 
Pippa83: folds 
Dante21b: folds 
Uncalled bet ($1.50) returned to Poker9803
Poker9803 collected $2.50 from pot
Poker9803: doesn't show hand 
*** SUMMARY ***
Total pot $2.50 | Rake $0 
Seat 1: Pippa83 (small blind) folded before Flop
Seat 2: Dante21b (big blind) folded before Flop
Seat 3: Poker9803 collected ($2.50)
Seat 4: S3MPR3IGUAL folded before Flop (didn't bet)
Seat 5: iadsan folded before Flop (didn't bet)
Seat 6: 98steff (button) folded before Flop (didn't bet)



PokerStars Hand #254626660614:  Hold'em No Limit ($0.50/$1.00 USD) - 2025/01/30 20:02:20 WET [2025/01/30 15:02:20 ET]
Table 'Erynia' 6-max Seat #1 is the button
Seat 1: Pippa83 ($104.58 in chips) 
Seat 2: Dante21b ($101.38 in chips) 
Seat 3: Poker9803 ($101.50 in chips) 
Seat 4: S3MPR3IGUAL ($134.42 in chips) 
Seat 5: iadsan ($116.90 in chips) 
Seat 6: 98steff ($110.80 in chips) 
Dante21b: posts small blind $0.50
Poker9803: posts big blind $1
*** HOLE CARDS ***
S3MPR3IGUAL: folds 
iadsan: folds 
98steff: folds 
Pippa83: raises $1.50 to $2.50
Dante21b: folds 
Poker9803: folds 
Uncalled bet ($1.50) returned to Pippa83
Pippa83 collected $2.50 from pot
Pippa83: doesn't show hand 
*** SUMMARY ***
Total pot $2.50 | Rake $0 
Seat 1: Pippa83 (button) collected ($2.50)
Seat 2: Dante21b (small blind) folded before Flop
Seat 3: Poker9803 (big blind) folded before Flop
Seat 4: S3MPR3IGUAL folded before Flop (didn't bet)
Seat 5: iadsan folded before Flop (didn't bet)
Seat 6: 98steff folded before Flop (didn't bet)



PokerStars Hand #254626664246:  Hold'em No Limit ($0.50/$1.00 USD) - 2025/01/30 20:02:33 WET [2025/01/30 15:02:33 ET]
Table 'Erynia' 6-max Seat #2 is the button
Seat 1: Pippa83 ($106.08 in chips) 
Seat 2: Dante21b ($100.88 in chips) 
Seat 3: Poker9803 ($100.50 in chips) 
Seat 4: S3MPR3IGUAL ($134.42 in chips) 
Seat 5: iadsan ($116.90 in chips) 
Seat 6: 98steff ($110.80 in chips) 
Poker9803: posts small blind $0.50
S3MPR3IGUAL: posts big blind $1
*** HOLE CARDS ***
iadsan: folds 
98steff: calls $1
Pippa83: folds 
Dante21b: raises $3 to $4
Poker9803: folds 
S3MPR3IGUAL: folds 
98steff: calls $3
*** FLOP *** [3c 6h Js]
98steff: checks 
Dante21b: checks 
*** TURN *** [3c 6h Js] [5d]
98steff: bets $4.51
Dante21b: calls $4.51
*** RIVER *** [3c 6h Js 5d] [7c]
98steff: checks 
Dante21b: checks 
*** SHOW DOWN ***
98steff: shows [As 5s] (a pair of Fives)
Dante21b: shows [Ac 6c] (a pair of Sixes)
Dante21b collected $17.59 from pot
*** SUMMARY ***
Total pot $18.52 | Rake $0.93 
Board [3c 6h Js 5d 7c]
Seat 1: Pippa83 folded before Flop (didn't bet)
Seat 2: Dante21b (button) showed [Ac 6c] and won ($17.59) with a pair of Sixes
Seat 3: Poker9803 (small blind) folded before Flop
Seat 4: S3MPR3IGUAL (big blind) folded before Flop
Seat 5: iadsan folded before Flop (didn't bet)
Seat 6: 98steff showed [As 5s] and lost with a pair of Fives



PokerStars Hand #254626677276:  Hold'em No Limit ($0.50/$1.00 USD) - 2025/01/30 20:03:20 WET [2025/01/30 15:03:20 ET]
Table 'Erynia' 6-max Seat #3 is the button
Seat 1: Pippa83 ($106.08 in chips) 
Seat 2: Dante21b ($109.96 in chips) 
Seat 3: Poker9803 ($100 in chips) 
Seat 4: S3MPR3IGUAL ($133.42 in chips) 
Seat 5: iadsan ($116.90 in chips) 
Seat 6: 98steff ($102.29 in chips) 
S3MPR3IGUAL: posts small blind $0.50
iadsan: posts big blind $1
*** HOLE CARDS ***
98steff: folds 
Pippa83: folds 
Dante21b: folds 
Poker9803: folds 
S3MPR3IGUAL: raises $2 to $3
iadsan: folds 
Uncalled bet ($2) returned to S3MPR3IGUAL
S3MPR3IGUAL collected $2 from pot
S3MPR3IGUAL: doesn't show hand 
*** SUMMARY ***
Total pot $2 | Rake $0 
Seat 1: Pippa83 folded before Flop (didn't bet)
Seat 2: Dante21b folded before Flop (didn't bet)
Seat 3: Poker9803 (button) folded before Flop (didn't bet)
Seat 4: S3MPR3IGUAL (small blind) collected ($2)
Seat 5: iadsan (big blind) folded before Flop
Seat 6: 98steff folded before Flop (didn't bet)



PokerStars Hand #254626681697:  Hold'em No Limit ($0.50/$1.00 USD) - 2025/01/30 20:03:37 WET [2025/01/30 15:03:37 ET]
Table 'Erynia' 6-max Seat #4 is the button
Seat 1: Pippa83 ($106.08 in chips) 
Seat 2: Dante21b ($109.96 in chips) 
Seat 3: Poker9803 ($100 in chips) 
Seat 4: S3MPR3IGUAL ($134.42 in chips) 
Seat 5: iadsan ($115.90 in chips) 
Seat 6: 98steff ($102.29 in chips) 
iadsan: posts small blind $0.50
98steff: posts big blind $1
*** HOLE CARDS ***
Pippa83: folds 
Dante21b: folds 
Poker9803: folds 
S3MPR3IGUAL: folds 
iadsan: calls $0.50
98steff: checks 
*** FLOP *** [Ac 7c 8h]
iadsan: bets $1
98steff: folds 
Uncalled bet ($1) returned to iadsan
iadsan collected $1.90 from pot
iadsan: doesn't show hand 
*** SUMMARY ***
Total pot $2 | Rake $0.10 
Board [Ac 7c 8h]
Seat 1: Pippa83 folded before Flop (didn't bet)
Seat 2: Dante21b folded before Flop (didn't bet)
Seat 3: Poker9803 folded before Flop (didn't bet)
Seat 4: S3MPR3IGUAL (button) folded before Flop (didn't bet)
Seat 5: iadsan (small blind) collected ($1.90)
Seat 6: 98steff (big blind) folded on the Flop



PokerStars Hand #254626689309:  Hold'em No Limit ($0.50/$1.00 USD) - 2025/01/30 20:04:03 WET [2025/01/30 15:04:03 ET]
Table 'Erynia' 6-max Seat #5 is the button
Seat 1: Pippa83 ($106.08 in chips) 
Seat 2: Dante21b ($109.96 in chips) 
Seat 3: Poker9803 ($100 in chips) 
Seat 4: S3MPR3IGUAL ($134.42 in chips) 
Seat 5: iadsan ($116.80 in chips) 
Seat 6: 98steff ($101.29 in chips) 
98steff: posts small blind $0.50
Pippa83: posts big blind $1
*** HOLE CARDS ***
Dante21b: folds 
Poker9803: folds 
S3MPR3IGUAL: folds 
iadsan: raises $2 to $3
98steff: raises $2 to $5
Pippa83: folds 
iadsan: calls $2
*** FLOP *** [2c 6s Qd]
98steff: bets $5.23
iadsan: calls $5.23
*** TURN *** [2c 6s Qd] [2h]
98steff: checks 
iadsan: bets $10.20
98steff: folds 
Uncalled bet ($10.20) returned to iadsan
iadsan collected $20.39 from pot
iadsan: doesn't show hand 
*** SUMMARY ***
Total pot $21.46 | Rake $1.07 
Board [2c 6s Qd 2h]
Seat 1: Pippa83 (big blind) folded before Flop
Seat 2: Dante21b folded before Flop (didn't bet)
Seat 3: Poker9803 folded before Flop (didn't bet)
Seat 4: S3MPR3IGUAL folded before Flop (didn't bet)
Seat 5: iadsan (button) collected ($20.39)
Seat 6: 98steff (small blind) folded on the Turn



PokerStars Hand #254626700350:  Hold'em No Limit ($0.50/$1.00 USD) - 2025/01/30 20:04:42 WET [2025/01/30 15:04:42 ET]
Table 'Erynia' 6-max Seat #6 is the button
Seat 1: Pippa83 ($105.08 in chips) 
Seat 2: Dante21b ($109.96 in chips) 
Seat 3: Poker9803 ($100 in chips) 
Seat 4: S3MPR3IGUAL ($134.42 in chips) 
Seat 5: iadsan ($126.96 in chips) 
Seat 6: 98steff ($91.06 in chips) 
Pippa83: posts small blind $0.50
Dante21b: posts big blind $1
*** HOLE CARDS ***
Poker9803: folds 
S3MPR3IGUAL: raises $1.20 to $2.20
iadsan: folds 
98steff: folds 
Pippa83: folds 
Dante21b: folds 
Uncalled bet ($1.20) returned to S3MPR3IGUAL
S3MPR3IGUAL collected $2.50 from pot
S3MPR3IGUAL: doesn't show hand 
*** SUMMARY ***
Total pot $2.50 | Rake $0 
Seat 1: Pippa83 (small blind) folded before Flop
Seat 2: Dante21b (big blind) folded before Flop
Seat 3: Poker9803 folded before Flop (didn't bet)
Seat 4: S3MPR3IGUAL collected ($2.50)
Seat 5: iadsan folded before Flop (didn't bet)
Seat 6: 98steff (button) folded before Flop (didn't bet)



PokerStars Hand #254626704080:  Hold'em No Limit ($0.50/$1.00 USD) - 2025/01/30 20:04:55 WET [2025/01/30 15:04:55 ET]
Table 'Erynia' 6-max Seat #1 is the button
Seat 1: Pippa83 ($104.58 in chips) 
Seat 2: Dante21b ($108.96 in chips) 
Seat 3: Poker9803 ($100 in chips) 
Seat 4: S3MPR3IGUAL ($135.92 in chips) 
Seat 5: iadsan ($126.96 in chips) 
Seat 6: 98steff ($91.06 in chips) 
Dante21b: posts small blind $0.50
Poker9803: posts big blind $1
*** HOLE CARDS ***
S3MPR3IGUAL: folds 
iadsan: folds 
98steff: folds 
Pippa83: raises $1.50 to $2.50
Dante21b: folds 
Poker9803: folds 
Uncalled bet ($1.50) returned to Pippa83
Pippa83 collected $2.50 from pot
Pippa83: doesn't show hand 
*** SUMMARY ***
Total pot $2.50 | Rake $0 
Seat 1: Pippa83 (button) collected ($2.50)
Seat 2: Dante21b (small blind) folded before Flop
Seat 3: Poker9803 (big blind) folded before Flop
Seat 4: S3MPR3IGUAL folded before Flop (didn't bet)
Seat 5: iadsan folded before Flop (didn't bet)
Seat 6: 98steff folded before Flop (didn't bet)



PokerStars Hand #254626710883:  Hold'em No Limit ($0.50/$1.00 USD) - 2025/01/30 20:05:18 WET [2025/01/30 15:05:18 ET]
Table 'Erynia' 6-max Seat #2 is the button
Seat 1: Pippa83 ($106.08 in chips) 
Seat 2: Dante21b ($108.46 in chips) 
Seat 3: Poker9803 ($100 in chips) 
Seat 4: S3MPR3IGUAL ($135.92 in chips) 
Seat 5: iadsan ($126.96 in chips) 
Seat 6: 98steff ($91.06 in chips) 
Poker9803: posts small blind $0.50
S3MPR3IGUAL: posts big blind $1
*** HOLE CARDS ***
iadsan: folds 
98steff: folds 
Pippa83: folds 
Dante21b: folds 
Poker9803: folds 
Uncalled bet ($0.50) returned to S3MPR3IGUAL
S3MPR3IGUAL collected $1 from pot
S3MPR3IGUAL: doesn't show hand 
*** SUMMARY ***
Total pot $1 | Rake $0 
Seat 1: Pippa83 folded before Flop (didn't bet)
Seat 2: Dante21b (button) folded before Flop (didn't bet)
Seat 3: Poker9803 (small blind) folded before Flop
Seat 4: S3MPR3IGUAL (big blind) collected ($1)
Seat 5: iadsan folded before Flop (didn't bet)
Seat 6: 98steff folded before Flop (didn't bet)



PokerStars Hand #254626714838:  Hold'em No Limit ($0.50/$1.00 USD) - 2025/01/30 20:05:31 WET [2025/01/30 15:05:31 ET]
Table 'Erynia' 6-max Seat #3 is the button
Seat 1: Pippa83 ($106.08 in chips) 
Seat 2: Dante21b ($108.46 in chips) 
Seat 3: Poker9803 ($100 in chips) 
Seat 4: S3MPR3IGUAL ($136.42 in chips) 
Seat 5: iadsan ($126.96 in chips) 
Seat 6: 98steff ($91.06 in chips) 
S3MPR3IGUAL: posts small blind $0.50
iadsan: posts big blind $1
*** HOLE CARDS ***
98steff: folds 
Pippa83: folds 
Dante21b: folds 
Poker9803: folds 
S3MPR3IGUAL: folds 
Uncalled bet ($0.50) returned to iadsan
iadsan collected $1 from pot
iadsan: doesn't show hand 
*** SUMMARY ***
Total pot $1 | Rake $0 
Seat 1: Pippa83 folded before Flop (didn't bet)
Seat 2: Dante21b folded before Flop (didn't bet)
Seat 3: Poker9803 (button) folded before Flop (didn't bet)
Seat 4: S3MPR3IGUAL (small blind) folded before Flop
Seat 5: iadsan (big blind) collected ($1)
Seat 6: 98steff folded before Flop (didn't bet)



PokerStars Hand #254626718277:  Hold'em No Limit ($0.50/$1.00 USD) - 2025/01/30 20:05:43 WET [2025/01/30 15:05:43 ET]
Table 'Erynia' 6-max Seat #4 is the button
Seat 1: Pippa83 ($106.08 in chips) 
Seat 2: Dante21b ($108.46 in chips) 
Seat 3: Poker9803 ($100 in chips) 
Seat 4: S3MPR3IGUAL ($135.92 in chips) 
Seat 5: iadsan ($127.46 in chips) 
Seat 6: 98steff ($91.06 in chips) 
iadsan: posts small blind $0.50
98steff: posts big blind $1
*** HOLE CARDS ***
Pippa83: folds 
Dante21b: folds 
Poker9803: raises $1.50 to $2.50
S3MPR3IGUAL: folds 
iadsan: folds 
98steff: calls $1.50
*** FLOP *** [Jd 5d 7d]
98steff: bets $2.61
Poker9803: raises $7.39 to $10
98steff: folds 
Uncalled bet ($7.39) returned to Poker9803
Poker9803 collected $10.18 from pot
Poker9803: doesn't show hand 
*** SUMMARY ***
Total pot $10.72 | Rake $0.54 
Board [Jd 5d 7d]
Seat 1: Pippa83 folded before Flop (didn't bet)
Seat 2: Dante21b folded before Flop (didn't bet)
Seat 3: Poker9803 collected ($10.18)
Seat 4: S3MPR3IGUAL (button) folded before Flop (didn't bet)
Seat 5: iadsan (small blind) folded before Flop
Seat 6: 98steff (big blind) folded on the Flop



PokerStars Hand #254626729409:  Hold'em No Limit ($0.50/$1.00 USD) - 2025/01/30 20:06:20 WET [2025/01/30 15:06:20 ET]
Table 'Erynia' 6-max Seat #5 is the button
Seat 1: Pippa83 ($106.08 in chips) 
Seat 2: Dante21b ($108.46 in chips) 
Seat 3: Poker9803 ($105.07 in chips) 
Seat 4: S3MPR3IGUAL ($135.92 in chips) 
Seat 5: iadsan ($126.96 in chips) 
Seat 6: 98steff ($85.95 in chips) 
98steff: posts small blind $0.50
Pippa83: posts big blind $1
*** HOLE CARDS ***
Dante21b has timed out
Dante21b: folds 
Poker9803: folds 
S3MPR3IGUAL: folds 
iadsan: folds 
98steff: folds 
Uncalled bet ($0.50) returned to Pippa83
Pippa83 collected $1 from pot
Pippa83: doesn't show hand 
*** SUMMARY ***
Total pot $1 | Rake $0 
Seat 1: Pippa83 (big blind) collected ($1)
Seat 2: Dante21b folded before Flop (didn't bet)
Seat 3: Poker9803 folded before Flop (didn't bet)
Seat 4: S3MPR3IGUAL folded before Flop (didn't bet)
Seat 5: iadsan (button) folded before Flop (didn't bet)
Seat 6: 98steff (small blind) folded before Flop



PokerStars Hand #254626734650:  Hold'em No Limit ($0.50/$1.00 USD) - 2025/01/30 20:06:38 WET [2025/01/30 15:06:38 ET]
Table 'Erynia' 6-max Seat #6 is the button
Seat 2: Dante21b ($108.46 in chips) is sitting out
Seat 1: Pippa83 ($106.58 in chips) 
Seat 3: Poker9803 ($105.07 in chips) 
Seat 4: S3MPR3IGUAL ($135.92 in chips) 
Seat 5: iadsan ($126.96 in chips) 
Seat 6: 98steff ($85.45 in chips) 
Pippa83: posts small blind $0.50
Poker9803: posts big blind $1
*** HOLE CARDS ***
S3MPR3IGUAL: folds 
iadsan: calls $1
98steff: calls $1
Pippa83: folds 
Poker9803: checks 
*** FLOP *** [2c 3c 6c]
Poker9803: checks 
iadsan: checks 
98steff: checks 
*** TURN *** [2c 3c 6c] [6d]
Poker9803: checks 
iadsan: checks 
98steff: checks 
*** RIVER *** [2c 3c 6c 6d] [4s]
Poker9803: checks 
iadsan: checks 
98steff: bets $3.32
Poker9803: calls $3.32
iadsan: folds 
*** SHOW DOWN ***
98steff: shows [5s Ah] (a straight, Deuce to Six)
Poker9803: mucks hand 
98steff collected $9.50 from pot
*** SUMMARY ***
Total pot $10.14 | Rake $0.64 
Board [2c 3c 6c 6d 4s]
Seat 2: Dante21b
Seat 1: Pippa83 (small blind) folded before Flop
Seat 3: Poker9803 (big blind) mucked
Seat 4: S3MPR3IGUAL folded before Flop (didn't bet)
Seat 5: iadsan folded on the River
Seat 6: 98steff (button) showed [5s Ah] and won ($9.50) with a straight, Deuce to Six



PokerStars Hand #254626751679:  Hold'em No Limit ($0.50/$1.00 USD) - 2025/01/30 20:07:35 WET [2025/01/30 15:07:35 ET]
Table 'Erynia' 6-max Seat #1 is the button
Seat 2: Dante21b ($108.46 in chips) is sitting out
Seat 4: S3MPR3IGUAL ($135.92 in chips) is sitting out
Seat 1: Pippa83 ($106.08 in chips) 
Seat 3: Poker9803 ($100.75 in chips) 
Seat 5: iadsan ($125.96 in chips) 
Seat 6: 98steff ($90.63 in chips) 
Poker9803: posts small blind $0.50
S3MPR3IGUAL: is sitting out 
iadsan: posts big blind $1
*** HOLE CARDS ***
S3MPR3IGUAL leaves the table
98steff: folds 
Pippa83: raises $1.50 to $2.50
Poker9803: folds 
iadsan: calls $1.50
*** FLOP *** [5s 5c Qc]
iadsan: checks 
Pippa83: bets $1.31
iadsan: folds 
Uncalled bet ($1.31) returned to Pippa83
Pippa83 collected $5.22 from pot
Pippa83: doesn't show hand 
*** SUMMARY ***
Total pot $5.50 | Rake $0.28 
Board [5s 5c Qc]
Seat 2: Dante21b
Seat 4: S3MPR3IGUAL
Seat 1: Pippa83 (button) collected ($5.22)
Seat 3: Poker9803 (small blind) folded before Flop
Seat 5: iadsan (big blind) folded on the Flop
Seat 6: 98steff folded before Flop (didn't bet)



PokerStars Hand #254626758648:  Hold'em No Limit ($0.50/$1.00 USD) - 2025/01/30 20:07:59 WET [2025/01/30 15:07:59 ET]
Table 'Erynia' 6-max Seat #3 is the button
Seat 2: Dante21b ($108.46 in chips) is sitting out
Seat 1: Pippa83 ($108.80 in chips) 
Seat 3: Poker9803 ($100.25 in chips) 
Seat 5: iadsan ($123.46 in chips) 
Seat 6: 98steff ($90.63 in chips) 
iadsan: posts small blind $0.50
98steff: posts big blind $1
*** HOLE CARDS ***
Pippa83: folds 
Poker9803: raises $1.50 to $2.50
iadsan: folds 
98steff: folds 
Uncalled bet ($1.50) returned to Poker9803
Poker9803 collected $2.50 from pot
Poker9803: doesn't show hand 
*** SUMMARY ***
Total pot $2.50 | Rake $0 
Seat 2: Dante21b
Seat 1: Pippa83 folded before Flop (didn't bet)
Seat 3: Poker9803 (button) collected ($2.50)
Seat 5: iadsan (small blind) folded before Flop
Seat 6: 98steff (big blind) folded before Flop



PokerStars Hand #254626813332:  Hold'em No Limit ($0.50/$1.00 USD) - 2025/01/30 20:11:04 WET [2025/01/30 15:11:04 ET]
Table 'Erynia' 6-max Seat #5 is the button
Seat 2: Dante21b ($108.46 in chips) is sitting out
Seat 1: Pippa83 ($107.30 in chips) 
Seat 3: Poker9803 ($102.75 in chips) 
Seat 4: socito ($100 in chips) 
Seat 5: iadsan ($122.74 in chips) 
Seat 6: 98steff ($96.20 in chips) 
98steff: posts small blind $0.50
Pippa83: posts big blind $1
*** HOLE CARDS ***
Poker9803: folds 
socito: folds 
iadsan: folds 
98steff: folds 
Uncalled bet ($0.50) returned to Pippa83
Pippa83 collected $1 from pot
Pippa83: doesn't show hand 
*** SUMMARY ***
Total pot $1 | Rake $0 
Seat 2: Dante21b
Seat 1: Pippa83 (big blind) collected ($1)
Seat 3: Poker9803 folded before Flop (didn't bet)
Seat 4: socito folded before Flop (didn't bet)
Seat 5: iadsan (button) folded before Flop (didn't bet)
Seat 6: 98steff (small blind) folded before Flop



PokerStars Hand #254626817571:  Hold'em No Limit ($0.50/$1.00 USD) - 2025/01/30 20:11:18 WET [2025/01/30 15:11:18 ET]
Table 'Erynia' 6-max Seat #6 is the button
Seat 2: Dante21b ($108.46 in chips) is sitting out
Seat 1: Pippa83 ($107.80 in chips) 
Seat 3: Poker9803 ($102.75 in chips) 
Seat 4: socito ($100 in chips) 
Seat 5: iadsan ($122.74 in chips) 
Seat 6: 98steff ($95.70 in chips) 
Pippa83: posts small blind $0.50
Poker9803: posts big blind $1
*** HOLE CARDS ***
socito: folds 
iadsan: calls $1
98steff: raises $3 to $4
Pippa83: folds 
Poker9803: folds 
iadsan: calls $3
*** FLOP *** [8d Jc 3h]
iadsan: checks 
98steff: checks 
*** TURN *** [8d Jc 3h] [Qh]
iadsan: checks 
98steff: bets $9.02
iadsan: folds 
Uncalled bet ($9.02) returned to 98steff
98steff collected $8.90 from pot
*** SUMMARY ***
Total pot $9.50 | Rake $0.60 
Board [8d Jc 3h Qh]
Seat 2: Dante21b
Seat 1: Pippa83 (small blind) folded before Flop
Seat 3: Poker9803 (big blind) folded before Flop
Seat 4: socito folded before Flop (didn't bet)
Seat 5: iadsan folded on the Turn
Seat 6: 98steff (button) collected ($8.90)



PokerStars Hand #254626826029:  Hold'em No Limit ($0.50/$1.00 USD) - 2025/01/30 20:11:48 WET [2025/01/30 15:11:48 ET]
Table 'Erynia' 6-max Seat #1 is the button
Seat 2: Dante21b ($108.46 in chips) is sitting out
Seat 1: Pippa83 ($107.30 in chips) 
Seat 3: Poker9803 ($101.75 in chips) 
Seat 4: socito ($100 in chips) 
Seat 5: iadsan ($118.74 in chips) 
Seat 6: 98steff ($100.60 in chips) 
Poker9803: posts small blind $0.50
socito: posts big blind $1
*** HOLE CARDS ***
iadsan: folds 
98steff: folds 
Pippa83: folds 
Poker9803: folds 
Uncalled bet ($0.50) returned to socito
socito collected $1 from pot
socito: doesn't show hand 
*** SUMMARY ***
Total pot $1 | Rake $0 
Seat 2: Dante21b
Seat 1: Pippa83 (button) folded before Flop (didn't bet)
Seat 3: Poker9803 (small blind) folded before Flop
Seat 4: socito (big blind) collected ($1)
Seat 5: iadsan folded before Flop (didn't bet)
Seat 6: 98steff folded before Flop (didn't bet)



PokerStars Hand #254626830893:  Hold'em No Limit ($0.50/$1.00 USD) - 2025/01/30 20:12:04 WET [2025/01/30 15:12:04 ET]
Table 'Erynia' 6-max Seat #3 is the button
Seat 2: Dante21b ($108.46 in chips) is sitting out
Seat 1: Pippa83 ($107.30 in chips) 
Seat 3: Poker9803 ($101.25 in chips) 
Seat 4: socito ($100.50 in chips) 
Seat 5: iadsan ($118.74 in chips) 
Seat 6: 98steff ($100.60 in chips) 
socito: posts small blind $0.50
iadsan: posts big blind $1
*** HOLE CARDS ***
98steff: folds 
Pippa83: folds 
Poker9803: folds 
socito: raises $2 to $3
iadsan: calls $2
*** FLOP *** [3s Ts 6d]
socito: bets $1.88
iadsan: folds 
Uncalled bet ($1.88) returned to socito
socito collected $5.70 from pot
socito: doesn't show hand 
*** SUMMARY ***
Total pot $6 | Rake $0.30 
Board [3s Ts 6d]
Seat 2: Dante21b
Seat 1: Pippa83 folded before Flop (didn't bet)
Seat 3: Poker9803 (button) folded before Flop (didn't bet)
Seat 4: socito (small blind) collected ($5.70)
Seat 5: iadsan (big blind) folded on the Flop
Seat 6: 98steff folded before Flop (didn't bet)



PokerStars Hand #254626844141:  Hold'em No Limit ($0.50/$1.00 USD) - 2025/01/30 20:12:49 WET [2025/01/30 15:12:49 ET]
Table 'Erynia' 6-max Seat #4 is the button
Seat 2: Dante21b ($108.46 in chips) is sitting out
Seat 1: Pippa83 ($107.30 in chips) 
Seat 3: Poker9803 ($101.25 in chips) 
Seat 4: socito ($103.20 in chips) 
Seat 5: iadsan ($115.74 in chips) 
Seat 6: 98steff ($100.60 in chips) 
iadsan: posts small blind $0.50
98steff: posts big blind $1
*** HOLE CARDS ***
Pippa83: folds 
Poker9803: raises $1.50 to $2.50
socito: folds 
iadsan: folds 
98steff: calls $1.50
*** FLOP *** [4c 3d 8c]
98steff: checks 
Poker9803: bets $1.72
98steff: calls $1.72
*** TURN *** [4c 3d 8c] [Jc]
98steff: bets $8.49
Poker9803: folds 
Uncalled bet ($8.49) returned to 98steff
98steff collected $8.38 from pot
*** SUMMARY ***
Total pot $8.94 | Rake $0.56 
Board [4c 3d 8c Jc]
Seat 2: Dante21b
Seat 1: Pippa83 folded before Flop (didn't bet)
Seat 3: Poker9803 folded on the Turn
Seat 4: socito (button) folded before Flop (didn't bet)
Seat 5: iadsan (small blind) folded before Flop
Seat 6: 98steff (big blind) collected ($8.38)



PokerStars Hand #254626859377:  Hold'em No Limit ($0.50/$1.00 USD) - 2025/01/30 20:13:40 WET [2025/01/30 15:13:40 ET]
Table 'Erynia' 6-max Seat #5 is the button
Seat 2: Dante21b ($108.46 in chips) is sitting out
Seat 1: Pippa83 ($107.30 in chips) 
Seat 3: Poker9803 ($100 in chips) 
Seat 4: socito ($103.20 in chips) 
Seat 5: iadsan ($115.24 in chips) 
Seat 6: 98steff ($104.76 in chips) 
98steff: posts small blind $0.50
Pippa83: posts big blind $1
*** HOLE CARDS ***
Poker9803: folds 
socito: folds 
iadsan: raises $2 to $3
98steff: folds 
Pippa83: folds 
Uncalled bet ($2) returned to iadsan
iadsan collected $2.50 from pot
iadsan: doesn't show hand 
*** SUMMARY ***
Total pot $2.50 | Rake $0 
Seat 2: Dante21b
Seat 1: Pippa83 (big blind) folded before Flop
Seat 3: Poker9803 folded before Flop (didn't bet)
Seat 4: socito folded before Flop (didn't bet)
Seat 5: iadsan (button) collected ($2.50)
Seat 6: 98steff (small blind) folded before Flop



PokerStars Hand #254626863019:  Hold'em No Limit ($0.50/$1.00 USD) - 2025/01/30 20:13:52 WET [2025/01/30 15:13:52 ET]
Table 'Erynia' 6-max Seat #6 is the button
Seat 2: Dante21b ($108.46 in chips) is sitting out
Seat 1: Pippa83 ($106.30 in chips) 
Seat 3: Poker9803 ($100 in chips) 
Seat 4: socito ($103.20 in chips) 
Seat 5: iadsan ($116.74 in chips) 
Seat 6: 98steff ($104.26 in chips) 
Pippa83: posts small blind $0.50
Poker9803: posts big blind $1
*** HOLE CARDS ***
socito: folds 
iadsan: folds 
98steff: folds 
Pippa83: folds 
Uncalled bet ($0.50) returned to Poker9803
Poker9803 collected $1 from pot
Dante21b leaves the table
Poker9803: doesn't show hand 
*** SUMMARY ***
Total pot $1 | Rake $0 
Seat 2: Dante21b
Seat 1: Pippa83 (small blind) folded before Flop
Seat 3: Poker9803 (big blind) collected ($1)
Seat 4: socito folded before Flop (didn't bet)
Seat 5: iadsan folded before Flop (didn't bet)
Seat 6: 98steff (button) folded before Flop (didn't bet)



PokerStars Hand #254626868626:  Hold'em No Limit ($0.50/$1.00 USD) - 2025/01/30 20:14:11 WET [2025/01/30 15:14:11 ET]
Table 'Erynia' 6-max Seat #1 is the button
Seat 1: Pippa83 ($105.80 in chips) 
Seat 3: Poker9803 ($100.50 in chips) 
Seat 4: socito ($103.20 in chips) 
Seat 5: iadsan ($116.74 in chips) 
Seat 6: 98steff ($104.26 in chips) 
Poker9803: posts small blind $0.50
socito: posts big blind $1
*** HOLE CARDS ***
iadsan: calls $1
98steff: folds 
Pippa83: folds 
Poker9803: folds 
socito: raises $3.50 to $4.50
iadsan: calls $3.50
*** FLOP *** [7c 2s 8h]
socito: checks 
iadsan: checks 
*** TURN *** [7c 2s 8h] [4s]
socito: checks 
sta$igk joins the table at seat #2 
iadsan: bets $4.51
socito: calls $4.51
*** RIVER *** [7c 2s 8h 4s] [8s]
socito: checks 
iadsan: checks 
*** SHOW DOWN ***
socito: shows [Ac Jc] (a pair of Eights)
iadsan: shows [5d 7d] (two pair, Eights and Sevens)
iadsan collected $17.59 from pot
*** SUMMARY ***
Total pot $18.52 | Rake $0.93 
Board [7c 2s 8h 4s 8s]
Seat 1: Pippa83 (button) folded before Flop (didn't bet)
Seat 3: Poker9803 (small blind) folded before Flop
Seat 4: socito (big blind) showed [Ac Jc] and lost with a pair of Eights
Seat 5: iadsan showed [5d 7d] and won ($17.59) with two pair, Eights and Sevens
Seat 6: 98steff folded before Flop (didn't bet)



PokerStars Hand #254626884341:  Hold'em No Limit ($0.50/$1.00 USD) - 2025/01/30 20:15:03 WET [2025/01/30 15:15:03 ET]
Table 'Erynia' 6-max Seat #3 is the button
Seat 2: sta$igk ($100 in chips) is sitting out
Seat 1: Pippa83 ($105.80 in chips) 
Seat 3: Poker9803 ($100 in chips) 
Seat 4: socito ($100 in chips) 
Seat 5: iadsan ($125.32 in chips) 
Seat 6: 98steff ($104.26 in chips) 
socito: posts small blind $0.50
iadsan: posts big blind $1
sta$igk: sits out 
*** HOLE CARDS ***
98steff: folds 
Pippa83: raises $1.50 to $2.50
Poker9803: folds 
socito: folds 
iadsan: calls $1.50
*** FLOP *** [Tc 8d 7c]
iadsan: checks 
Pippa83: checks 
*** TURN *** [Tc 8d 7c] [8c]
iadsan: bets $2.61
Pippa83: folds 
Uncalled bet ($2.61) returned to iadsan
iadsan collected $5.22 from pot
iadsan: doesn't show hand 
*** SUMMARY ***
Total pot $5.50 | Rake $0.28 
Board [Tc 8d 7c 8c]
Seat 2: sta$igk
Seat 1: Pippa83 folded on the Turn
Seat 3: Poker9803 (button) folded before Flop (didn't bet)
Seat 4: socito (small blind) folded before Flop
Seat 5: iadsan (big blind) collected ($5.22)
Seat 6: 98steff folded before Flop (didn't bet)



PokerStars Hand #254626899744:  Hold'em No Limit ($0.50/$1.00 USD) - 2025/01/30 20:15:55 WET [2025/01/30 15:15:55 ET]
Table 'Erynia' 6-max Seat #4 is the button
Seat 2: sta$igk ($100 in chips) is sitting out
Seat 1: Pippa83 ($103.30 in chips) 
Seat 3: Poker9803 ($100 in chips) 
Seat 4: socito ($100 in chips) 
Seat 5: iadsan ($128.04 in chips) 
Seat 6: 98steff ($104.26 in chips) 
iadsan: posts small blind $0.50
98steff: posts big blind $1
sta$igk: sits out 
*** HOLE CARDS ***
Pippa83: folds 
Poker9803: folds 
socito: folds 
iadsan: calls $0.50
98steff: checks 
*** FLOP *** [8c 6s 2d]
iadsan: checks 
98steff: bets $1
iadsan: calls $1
*** TURN *** [8c 6s 2d] [9s]
iadsan: checks 
98steff: bets $1
iadsan: folds 
Uncalled bet ($1) returned to 98steff
98steff collected $3.75 from pot
*** SUMMARY ***
Total pot $4 | Rake $0.25 
Board [8c 6s 2d 9s]
Seat 2: sta$igk
Seat 1: Pippa83 folded before Flop (didn't bet)
Seat 3: Poker9803 folded before Flop (didn't bet)
Seat 4: socito (button) folded before Flop (didn't bet)
Seat 5: iadsan (small blind) folded on the Turn
Seat 6: 98steff (big blind) collected ($3.75)



PokerStars Hand #254626912830:  Hold'em No Limit ($0.50/$1.00 USD) - 2025/01/30 20:16:39 WET [2025/01/30 15:16:39 ET]
Table 'Erynia' 6-max Seat #5 is the button
Seat 2: sta$igk ($100 in chips) is sitting out
Seat 1: Pippa83 ($103.30 in chips) 
Seat 3: Poker9803 ($100 in chips) 
Seat 4: socito ($100 in chips) 
Seat 5: iadsan ($126.04 in chips) 
Seat 6: 98steff ($106.01 in chips) 
98steff: posts small blind $0.50
Pippa83: posts big blind $1
sta$igk: sits out 
*** HOLE CARDS ***
Poker9803: folds 
socito: raises $1.50 to $2.50
iadsan: folds 
98steff: calls $2
Pippa83: folds 
*** FLOP *** [Js 6s Kc]
98steff: checks 
socito: checks 
*** TURN *** [Js 6s Kc] [2c]
98steff: checks 
socito: bets $3.76
98steff: folds 
Uncalled bet ($3.76) returned to socito
socito collected $5.70 from pot
socito: doesn't show hand 
*** SUMMARY ***
Total pot $6 | Rake $0.30 
Board [Js 6s Kc 2c]
Seat 2: sta$igk
Seat 1: Pippa83 (big blind) folded before Flop
Seat 3: Poker9803 folded before Flop (didn't bet)
Seat 4: socito collected ($5.70)
Seat 5: iadsan (button) folded before Flop (didn't bet)
Seat 6: 98steff (small blind) folded on the Turn



PokerStars Hand #254626923627:  Hold'em No Limit ($0.50/$1.00 USD) - 2025/01/30 20:17:15 WET [2025/01/30 15:17:15 ET]
Table 'Erynia' 6-max Seat #6 is the button
Seat 1: Pippa83 ($102.30 in chips) 
Seat 2: sta$igk ($100 in chips) 
Seat 3: Poker9803 ($100 in chips) 
Seat 4: socito ($103.20 in chips) 
Seat 5: iadsan ($126.04 in chips) 
Seat 6: 98steff ($103.51 in chips) 
Pippa83: posts small blind $0.50
sta$igk: posts big blind $1
*** HOLE CARDS ***
Poker9803: folds 
socito: folds 
iadsan: calls $1
98steff: folds 
Pippa83: calls $0.50
sta$igk: checks 
*** FLOP *** [3c 9h 5s]
Pippa83: checks 
sta$igk: checks 
iadsan: checks 
*** TURN *** [3c 9h 5s] [6s]
Pippa83: checks 
sta$igk: bets $5.70
iadsan: folds 
Pippa83: folds 
Uncalled bet ($5.70) returned to sta$igk
sta$igk collected $2.85 from pot
sta$igk: doesn't show hand 
*** SUMMARY ***
Total pot $3 | Rake $0.15 
Board [3c 9h 5s 6s]
Seat 1: Pippa83 (small blind) folded on the Turn
Seat 2: sta$igk (big blind) collected ($2.85)
Seat 3: Poker9803 folded before Flop (didn't bet)
Seat 4: socito folded before Flop (didn't bet)
Seat 5: iadsan folded on the Turn
Seat 6: 98steff (button) folded before Flop (didn't bet)



PokerStars Hand #254626936259:  Hold'em No Limit ($0.50/$1.00 USD) - 2025/01/30 20:17:57 WET [2025/01/30 15:17:57 ET]
Table 'Erynia' 6-max Seat #1 is the button
Seat 1: Pippa83 ($101.30 in chips) 
Seat 2: sta$igk ($101.85 in chips) 
Seat 3: Poker9803 ($100 in chips) 
Seat 4: socito ($103.20 in chips) 
Seat 5: iadsan ($125.04 in chips) 
Seat 6: 98steff ($103.51 in chips) 
sta$igk: posts small blind $0.50
Poker9803: posts big blind $1
*** HOLE CARDS ***
socito: folds 
iadsan: raises $1 to $2
98steff: calls $2
Pippa83: folds 
sta$igk: folds 
Poker9803: folds 
*** FLOP *** [Jc Ts Td]
iadsan: checks 
98steff: checks 
*** TURN *** [Jc Ts Td] [9h]
iadsan: checks 
98steff: checks 
*** RIVER *** [Jc Ts Td 9h] [Kc]
iadsan: checks 
98steff: checks 
*** SHOW DOWN ***
iadsan: shows [As 3s] (a pair of Tens)
98steff: shows [2c Ac] (a pair of Tens)
iadsan collected $2.61 from pot
98steff collected $2.57 from pot
*** SUMMARY ***
Total pot $5.50 | Rake $0.32 
Board [Jc Ts Td 9h Kc]
Seat 1: Pippa83 (button) folded before Flop (didn't bet)
Seat 2: sta$igk (small blind) folded before Flop
Seat 3: Poker9803 (big blind) folded before Flop
Seat 4: socito folded before Flop (didn't bet)
Seat 5: iadsan showed [As 3s] and won ($2.61) with a pair of Tens
Seat 6: 98steff showed [2c Ac] and won ($2.57) with a pair of Tens



PokerStars Hand #254626950258:  Hold'em No Limit ($0.50/$1.00 USD) - 2025/01/30 20:18:43 WET [2025/01/30 15:18:43 ET]
Table 'Erynia' 6-max Seat #2 is the button
Seat 1: Pippa83 ($101.30 in chips) 
Seat 2: sta$igk ($101.35 in chips) 
Seat 3: Poker9803 ($100 in chips) 
Seat 4: socito ($103.20 in chips) 
Seat 5: iadsan ($125.65 in chips) 
Seat 6: 98steff ($104.08 in chips) 
Poker9803: posts small blind $0.50
socito: posts big blind $1
*** HOLE CARDS ***
iadsan: calls $1
98steff: folds 
Pippa83: folds 
sta$igk: folds 
Poker9803: folds 
socito: checks 
*** FLOP *** [Qd 2s Tc]
socito: checks 
iadsan: bets $1.19
socito: calls $1.19
*** TURN *** [Qd 2s Tc] [Js]
socito: checks 
iadsan: checks 
*** RIVER *** [Qd 2s Tc Js] [9h]
socito: checks 
iadsan: checks 
*** SHOW DOWN ***
socito: shows [3c 2c] (a pair of Deuces)
iadsan: mucks hand 
socito collected $4.64 from pot
*** SUMMARY ***
Total pot $4.88 | Rake $0.24 
Board [Qd 2s Tc Js 9h]
Seat 1: Pippa83 folded before Flop (didn't bet)
Seat 2: sta$igk (button) folded before Flop (didn't bet)
Seat 3: Poker9803 (small blind) folded before Flop
Seat 4: socito (big blind) showed [3c 2c] and won ($4.64) with a pair of Deuces
Seat 5: iadsan mucked
Seat 6: 98steff folded before Flop (didn't bet)



PokerStars Hand #254626971361:  Hold'em No Limit ($0.50/$1.00 USD) - 2025/01/30 20:19:54 WET [2025/01/30 15:19:54 ET]
Table 'Erynia' 6-max Seat #3 is the button
Seat 1: Pippa83 ($101.30 in chips) 
Seat 2: sta$igk ($101.35 in chips) 
Seat 3: Poker9803 ($100 in chips) 
Seat 4: socito ($105.65 in chips) 
Seat 5: iadsan ($123.46 in chips) 
Seat 6: 98steff ($104.08 in chips) 
socito: posts small blind $0.50
iadsan: posts big blind $1
*** HOLE CARDS ***
98steff: calls $1
Pippa83: folds 
sta$igk: folds 
Poker9803: folds 
socito: folds 
iadsan: checks 
*** FLOP *** [Kh As Js]
iadsan: checks 
98steff: checks 
*** TURN *** [Kh As Js] [4c]
iadsan: checks 
98steff: bets $1
iadsan: folds 
Uncalled bet ($1) returned to 98steff
98steff collected $2.35 from pot
*** SUMMARY ***
Total pot $2.50 | Rake $0.15 
Board [Kh As Js 4c]
Seat 1: Pippa83 folded before Flop (didn't bet)
Seat 2: sta$igk folded before Flop (didn't bet)
Seat 3: Poker9803 (button) folded before Flop (didn't bet)
Seat 4: socito (small blind) folded before Flop
Seat 5: iadsan (big blind) folded on the Turn
Seat 6: 98steff collected ($2.35)



PokerStars Hand #254626983218:  Hold'em No Limit ($0.50/$1.00 USD) - 2025/01/30 20:20:33 WET [2025/01/30 15:20:33 ET]
Table 'Erynia' 6-max Seat #4 is the button
Seat 1: Pippa83 ($101.30 in chips) 
Seat 2: sta$igk ($101.35 in chips) 
Seat 3: Poker9803 ($100 in chips) 
Seat 4: socito ($105.15 in chips) 
Seat 5: iadsan ($122.46 in chips) 
Seat 6: 98steff ($105.43 in chips) 
iadsan: posts small blind $0.50
98steff: posts big blind $1
*** HOLE CARDS ***
Pippa83: folds 
sta$igk: folds 
Poker9803: raises $1.50 to $2.50
socito: folds 
iadsan: calls $2
98steff: calls $1.50
*** FLOP *** [Ah 9d Kh]
iadsan: checks 
98steff: bets $3.56
Poker9803: calls $3.56
iadsan: folds 
*** TURN *** [Ah 9d Kh] [Qs]
98steff: checks 
Poker9803: bets $10.42
98steff: calls $10.42
*** RIVER *** [Ah 9d Kh Qs] [4s]
98steff: checks 
Poker9803: bets $25.27
98steff: folds 
Uncalled bet ($25.27) returned to Poker9803
Poker9803 collected $33.69 from pot
Poker9803: doesn't show hand 
*** SUMMARY ***
Total pot $35.46 | Rake $1.77 
Board [Ah 9d Kh Qs 4s]
Seat 1: Pippa83 folded before Flop (didn't bet)
Seat 2: sta$igk folded before Flop (didn't bet)
Seat 3: Poker9803 collected ($33.69)
Seat 4: socito (button) folded before Flop (didn't bet)
Seat 5: iadsan (small blind) folded on the Flop
Seat 6: 98steff (big blind) folded on the River



PokerStars Hand #254627006348:  Hold'em No Limit ($0.50/$1.00 USD) - 2025/01/30 20:21:50 WET [2025/01/30 15:21:50 ET]
Table 'Erynia' 6-max Seat #5 is the button
Seat 1: Pippa83 ($101.30 in chips) 
Seat 2: sta$igk ($101.35 in chips) 
Seat 3: Poker9803 ($117.21 in chips) 
Seat 4: socito ($105.15 in chips) 
Seat 5: iadsan ($119.96 in chips) 
Seat 6: 98steff ($88.95 in chips) 
98steff: posts small blind $0.50
Pippa83: posts big blind $1
*** HOLE CARDS ***
sta$igk: folds 
Poker9803: folds 
socito: folds 
iadsan: folds 
98steff: calls $0.50
Pippa83: raises $2.50 to $3.50
98steff: folds 
Uncalled bet ($2.50) returned to Pippa83
Pippa83 collected $2 from pot
Pippa83: doesn't show hand 
*** SUMMARY ***
Total pot $2 | Rake $0 
Seat 1: Pippa83 (big blind) collected ($2)
Seat 2: sta$igk folded before Flop (didn't bet)
Seat 3: Poker9803 folded before Flop (didn't bet)
Seat 4: socito folded before Flop (didn't bet)
Seat 5: iadsan (button) folded before Flop (didn't bet)
Seat 6: 98steff (small blind) folded before Flop



PokerStars Hand #254627023612:  Hold'em No Limit ($0.50/$1.00 USD) - 2025/01/30 20:22:47 WET [2025/01/30 15:22:47 ET]
Table 'Erynia' 6-max Seat #6 is the button
Seat 1: Pippa83 ($102.30 in chips) 
Seat 2: sta$igk ($101.35 in chips) 
Seat 3: Poker9803 ($117.21 in chips) 
Seat 4: socito ($105.15 in chips) 
Seat 5: iadsan ($119.96 in chips) 
Seat 6: 98steff ($87.95 in chips) 
Pippa83: posts small blind $0.50
sta$igk: posts big blind $1
*** HOLE CARDS ***
Poker9803: folds 
socito: folds 
iadsan: raises $1 to $2
98steff: folds 
Pippa83: folds 
sta$igk: folds 
Uncalled bet ($1) returned to iadsan
iadsan collected $2.50 from pot
iadsan: doesn't show hand 
*** SUMMARY ***
Total pot $2.50 | Rake $0 
Seat 1: Pippa83 (small blind) folded before Flop
Seat 2: sta$igk (big blind) folded before Flop
Seat 3: Poker9803 folded before Flop (didn't bet)
Seat 4: socito folded before Flop (didn't bet)
Seat 5: iadsan collected ($2.50)
Seat 6: 98steff (button) folded before Flop (didn't bet)



PokerStars Hand #254627027794:  Hold'em No Limit ($0.50/$1.00 USD) - 2025/01/30 20:23:01 WET [2025/01/30 15:23:01 ET]
Table 'Erynia' 6-max Seat #1 is the button
Seat 1: Pippa83 ($101.80 in chips) 
Seat 2: sta$igk ($100.35 in chips) 
Seat 3: Poker9803 ($117.21 in chips) 
Seat 4: socito ($105.15 in chips) 
Seat 5: iadsan ($121.46 in chips) 
Seat 6: 98steff ($87.95 in chips) 
sta$igk: posts small blind $0.50
Poker9803: posts big blind $1
*** HOLE CARDS ***
socito: folds 
iadsan: raises $2 to $3
98steff: folds 
Pippa83: folds 
sta$igk: folds 
Poker9803: folds 
Uncalled bet ($2) returned to iadsan
iadsan collected $2.50 from pot
iadsan: doesn't show hand 
*** SUMMARY ***
Total pot $2.50 | Rake $0 
Seat 1: Pippa83 (button) folded before Flop (didn't bet)
Seat 2: sta$igk (small blind) folded before Flop
Seat 3: Poker9803 (big blind) folded before Flop
Seat 4: socito folded before Flop (didn't bet)
Seat 5: iadsan collected ($2.50)
Seat 6: 98steff folded before Flop (didn't bet)



PokerStars Hand #254627032089:  Hold'em No Limit ($0.50/$1.00 USD) - 2025/01/30 20:23:15 WET [2025/01/30 15:23:15 ET]
Table 'Erynia' 6-max Seat #2 is the button
Seat 1: Pippa83 ($101.80 in chips) 
Seat 2: sta$igk ($100 in chips) 
Seat 3: Poker9803 ($116.21 in chips) 
Seat 4: socito ($105.15 in chips) 
Seat 5: iadsan ($122.96 in chips) 
Seat 6: 98steff ($87.95 in chips) 
Poker9803: posts small blind $0.50
socito: posts big blind $1
*** HOLE CARDS ***
iadsan: folds 
98steff: raises $2 to $3
Pippa83: folds 
sta$igk: folds 
Poker9803: folds 
socito: folds 
Uncalled bet ($2) returned to 98steff
98steff collected $2.50 from pot
*** SUMMARY ***
Total pot $2.50 | Rake $0 
Seat 1: Pippa83 folded before Flop (didn't bet)
Seat 2: sta$igk (button) folded before Flop (didn't bet)
Seat 3: Poker9803 (small blind) folded before Flop
Seat 4: socito (big blind) folded before Flop
Seat 5: iadsan folded before Flop (didn't bet)
Seat 6: 98steff collected ($2.50)



PokerStars Hand #254627036534:  Hold'em No Limit ($0.50/$1.00 USD) - 2025/01/30 20:23:30 WET [2025/01/30 15:23:30 ET]
Table 'Erynia' 6-max Seat #3 is the button
Seat 1: Pippa83 ($101.80 in chips) 
Seat 2: sta$igk ($100 in chips) 
Seat 3: Poker9803 ($115.71 in chips) 
Seat 4: socito ($104.15 in chips) 
Seat 5: iadsan ($122.96 in chips) 
Seat 6: 98steff ($89.45 in chips) 
socito: posts small blind $0.50
iadsan: posts big blind $1
*** HOLE CARDS ***
98steff: folds 
Pippa83: folds 
sta$igk: folds 
Poker9803: folds 
socito: folds 
Uncalled bet ($0.50) returned to iadsan
iadsan collected $1 from pot
iadsan: doesn't show hand 
*** SUMMARY ***
Total pot $1 | Rake $0 
Seat 1: Pippa83 folded before Flop (didn't bet)
Seat 2: sta$igk folded before Flop (didn't bet)
Seat 3: Poker9803 (button) folded before Flop (didn't bet)
Seat 4: socito (small blind) folded before Flop
Seat 5: iadsan (big blind) collected ($1)
Seat 6: 98steff folded before Flop (didn't bet)



PokerStars Hand #254627043504:  Hold'em No Limit ($0.50/$1.00 USD) - 2025/01/30 20:23:53 WET [2025/01/30 15:23:53 ET]
Table 'Erynia' 6-max Seat #4 is the button
Seat 1: Pippa83 ($101.80 in chips) 
Seat 2: sta$igk ($100 in chips) 
Seat 3: Poker9803 ($115.71 in chips) 
Seat 4: socito ($103.65 in chips) 
Seat 5: iadsan ($123.46 in chips) 
Seat 6: 98steff ($89.45 in chips) 
iadsan: posts small blind $0.50
98steff: posts big blind $1
*** HOLE CARDS ***
Pippa83: folds 
sta$igk: folds 
Poker9803: raises $1.50 to $2.50
socito: folds 
iadsan: folds 
98steff: calls $1.50
*** FLOP *** [Td 3c Qc]
98steff: checks 
Poker9803: bets $1.72
98steff: calls $1.72
*** TURN *** [Td 3c Qc] [8c]
98steff: checks 
Poker9803: bets $6.37
98steff: folds 
Uncalled bet ($6.37) returned to Poker9803
Poker9803 collected $8.49 from pot
Poker9803: doesn't show hand 
*** SUMMARY ***
Total pot $8.94 | Rake $0.45 
Board [Td 3c Qc 8c]
Seat 1: Pippa83 folded before Flop (didn't bet)
Seat 2: sta$igk folded before Flop (didn't bet)
Seat 3: Poker9803 collected ($8.49)
Seat 4: socito (button) folded before Flop (didn't bet)
Seat 5: iadsan (small blind) folded before Flop
Seat 6: 98steff (big blind) folded on the Turn



PokerStars Hand #254627056458:  Hold'em No Limit ($0.50/$1.00 USD) - 2025/01/30 20:24:36 WET [2025/01/30 15:24:36 ET]
Table 'Erynia' 6-max Seat #5 is the button
Seat 1: Pippa83 ($101.80 in chips) 
Seat 2: sta$igk ($100 in chips) 
Seat 3: Poker9803 ($119.98 in chips) 
Seat 4: socito ($103.65 in chips) 
Seat 5: iadsan ($122.96 in chips) 
Seat 6: 98steff ($85.23 in chips) 
98steff: posts small blind $0.50
Pippa83: posts big blind $1
*** HOLE CARDS ***
sta$igk: folds 
Poker9803: folds 
socito: folds 
iadsan: raises $1 to $2
98steff: folds 
Pippa83: folds 
Uncalled bet ($1) returned to iadsan
iadsan collected $2.50 from pot
iadsan: doesn't show hand 
*** SUMMARY ***
Total pot $2.50 | Rake $0 
Seat 1: Pippa83 (big blind) folded before Flop
Seat 2: sta$igk folded before Flop (didn't bet)
Seat 3: Poker9803 folded before Flop (didn't bet)
Seat 4: socito folded before Flop (didn't bet)
Seat 5: iadsan (button) collected ($2.50)
Seat 6: 98steff (small blind) folded before Flop



PokerStars Hand #254627060688:  Hold'em No Limit ($0.50/$1.00 USD) - 2025/01/30 20:24:50 WET [2025/01/30 15:24:50 ET]
Table 'Erynia' 6-max Seat #6 is the button
Seat 1: Pippa83 ($100.80 in chips) 
Seat 2: sta$igk ($100 in chips) 
Seat 3: Poker9803 ($119.98 in chips) 
Seat 4: socito ($103.65 in chips) 
Seat 5: iadsan ($124.46 in chips) 
Seat 6: 98steff ($84.73 in chips) 
Pippa83: posts small blind $0.50
sta$igk: posts big blind $1
*** HOLE CARDS ***
Poker9803: folds 
socito: raises $1.50 to $2.50
iadsan: folds 
98steff: folds 
Pippa83: folds 
sta$igk: calls $1.50
*** FLOP *** [3c 9c 8h]
sta$igk: checks 
socito: checks 
*** TURN *** [3c 9c 8h] [Ac]
98steff leaves the table
EAroca joins the table at seat #6 
sta$igk: checks 
socito: checks 
*** RIVER *** [3c 9c 8h Ac] [7s]
sta$igk: bets $3.92
socito: calls $3.92
*** SHOW DOWN ***
sta$igk: shows [2h 2s] (a pair of Deuces)
socito: shows [Ks Ah] (a pair of Aces)
socito collected $12.67 from pot
*** SUMMARY ***
Total pot $13.34 | Rake $0.67 
Board [3c 9c 8h Ac 7s]
Seat 1: Pippa83 (small blind) folded before Flop
Seat 2: sta$igk (big blind) showed [2h 2s] and lost with a pair of Deuces
Seat 3: Poker9803 folded before Flop (didn't bet)
Seat 4: socito showed [Ks Ah] and won ($12.67) with a pair of Aces
Seat 5: iadsan folded before Flop (didn't bet)
Seat 6: 98steff (button) folded before Flop (didn't bet)



PokerStars Hand #254627085946:  Hold'em No Limit ($0.50/$1.00 USD) - 2025/01/30 20:26:14 WET [2025/01/30 15:26:14 ET]
Table 'Erynia' 6-max Seat #1 is the button
Seat 6: EAroca ($100 in chips) is sitting out
Seat 1: Pippa83 ($100.30 in chips) 
Seat 2: sta$igk ($100 in chips) 
Seat 3: Poker9803 ($119.98 in chips) 
Seat 4: socito ($109.90 in chips) 
Seat 5: iadsan ($124.46 in chips) 
sta$igk: posts small blind $0.50
Poker9803: posts big blind $1
EAroca: sits out 
*** HOLE CARDS ***
socito: folds 
iadsan: raises $2 to $3
Pippa83: folds 
sta$igk: folds 
Poker9803: folds 
Uncalled bet ($2) returned to iadsan
iadsan collected $2.50 from pot
iadsan: doesn't show hand 
*** SUMMARY ***
Total pot $2.50 | Rake $0 
Seat 6: EAroca
Seat 1: Pippa83 (button) folded before Flop (didn't bet)
Seat 2: sta$igk (small blind) folded before Flop
Seat 3: Poker9803 (big blind) folded before Flop
Seat 4: socito folded before Flop (didn't bet)
Seat 5: iadsan collected ($2.50)



PokerStars Hand #254627089727:  Hold'em No Limit ($0.50/$1.00 USD) - 2025/01/30 20:26:27 WET [2025/01/30 15:26:27 ET]
Table 'Erynia' 6-max Seat #2 is the button
Seat 6: EAroca ($100 in chips) is sitting out
Seat 1: Pippa83 ($100.30 in chips) 
Seat 2: sta$igk ($100 in chips) 
Seat 3: Poker9803 ($118.98 in chips) 
Seat 4: socito ($109.90 in chips) 
Seat 5: iadsan ($125.96 in chips) 
Poker9803: posts small blind $0.50
socito: posts big blind $1
EAroca: sits out 
*** HOLE CARDS ***
iadsan: raises $2 to $3
Pippa83: folds 
sta$igk: folds 
Poker9803: raises $10.80 to $13.80
socito: folds 
iadsan: calls $10.80
*** FLOP *** [6c 3d 6h]
Poker9803: bets $8.97
EAroca leaves the table
iadsan: folds 
Uncalled bet ($8.97) returned to Poker9803
BoyLoc0 joins the table at seat #6 
Poker9803 collected $27.17 from pot
Poker9803: doesn't show hand 
*** SUMMARY ***
Total pot $28.60 | Rake $1.43 
Board [6c 3d 6h]
Seat 6: EAroca
Seat 1: Pippa83 folded before Flop (didn't bet)
Seat 2: sta$igk (button) folded before Flop (didn't bet)
Seat 3: Poker9803 (small blind) collected ($27.17)
Seat 4: socito (big blind) folded before Flop
Seat 5: iadsan folded on the Flop



PokerStars Hand #254627100867:  Hold'em No Limit ($0.50/$1.00 USD) - 2025/01/30 20:27:04 WET [2025/01/30 15:27:04 ET]
Table 'Erynia' 6-max Seat #3 is the button
Seat 6: BoyLoc0 ($100 in chips) is sitting out
Seat 1: Pippa83 ($100.30 in chips) 
Seat 2: sta$igk ($100 in chips) 
Seat 3: Poker9803 ($132.35 in chips) 
Seat 4: socito ($108.90 in chips) 
Seat 5: iadsan ($112.16 in chips) 
socito: posts small blind $0.50
iadsan: posts big blind $1
BoyLoc0: sits out 
*** HOLE CARDS ***
Pippa83: raises $1.20 to $2.20
sta$igk: raises $5.30 to $7.50
Poker9803: folds 
socito: folds 
iadsan: folds 
Pippa83: folds 
Uncalled bet ($5.30) returned to sta$igk
sta$igk collected $5.90 from pot
sta$igk: doesn't show hand 
*** SUMMARY ***
Total pot $5.90 | Rake $0 
Seat 6: BoyLoc0
Seat 1: Pippa83 folded before Flop
Seat 2: sta$igk collected ($5.90)
Seat 3: Poker9803 (button) folded before Flop (didn't bet)
Seat 4: socito (small blind) folded before Flop
Seat 5: iadsan (big blind) folded before Flop



PokerStars Hand #254627105959:  Hold'em No Limit ($0.50/$1.00 USD) - 2025/01/30 20:27:21 WET [2025/01/30 15:27:21 ET]
Table 'Erynia' 6-max Seat #4 is the button
Seat 1: Pippa83 ($100 in chips) 
Seat 2: sta$igk ($103.70 in chips) 
Seat 3: Poker9803 ($132.35 in chips) 
Seat 4: socito ($108.40 in chips) 
Seat 5: iadsan ($111.16 in chips) 
Seat 6: BoyLoc0 ($100 in chips) 
iadsan: posts small blind $0.50
BoyLoc0: posts big blind $1
*** HOLE CARDS ***
Pippa83: folds 
sta$igk: folds 
Poker9803: folds 
socito: folds 
iadsan: calls $0.50
BoyLoc0: checks 
*** FLOP *** [4h As 5d]
iadsan: checks 
BoyLoc0: bets $2
iadsan: folds 
Uncalled bet ($2) returned to BoyLoc0
BoyLoc0 collected $1.90 from pot
BoyLoc0: doesn't show hand 
*** SUMMARY ***
Total pot $2 | Rake $0.10 
Board [4h As 5d]
Seat 1: Pippa83 folded before Flop (didn't bet)
Seat 2: sta$igk folded before Flop (didn't bet)
Seat 3: Poker9803 folded before Flop (didn't bet)
Seat 4: socito (button) folded before Flop (didn't bet)
Seat 5: iadsan (small blind) folded on the Flop
Seat 6: BoyLoc0 (big blind) collected ($1.90)



PokerStars Hand #254627116344:  Hold'em No Limit ($0.50/$1.00 USD) - 2025/01/30 20:27:56 WET [2025/01/30 15:27:56 ET]
Table 'Erynia' 6-max Seat #5 is the button
Seat 1: Pippa83 ($100 in chips) 
Seat 2: sta$igk ($103.70 in chips) 
Seat 3: Poker9803 ($132.35 in chips) 
Seat 4: socito ($108.40 in chips) 
Seat 5: iadsan ($110.16 in chips) 
Seat 6: BoyLoc0 ($100.90 in chips) 
BoyLoc0: posts small blind $0.50
Pippa83: posts big blind $1
*** HOLE CARDS ***
sta$igk: folds 
Poker9803: folds 
socito: folds 
iadsan: folds 
BoyLoc0: raises $2 to $3
Pippa83: folds 
Uncalled bet ($2) returned to BoyLoc0
BoyLoc0 collected $2 from pot
BoyLoc0: doesn't show hand 
*** SUMMARY ***
Total pot $2 | Rake $0 
Seat 1: Pippa83 (big blind) folded before Flop
Seat 2: sta$igk folded before Flop (didn't bet)
Seat 3: Poker9803 folded before Flop (didn't bet)
Seat 4: socito folded before Flop (didn't bet)
Seat 5: iadsan (button) folded before Flop (didn't bet)
Seat 6: BoyLoc0 (small blind) collected ($2)



PokerStars Hand #254627121776:  Hold'em No Limit ($0.50/$1.00 USD) - 2025/01/30 20:28:14 WET [2025/01/30 15:28:14 ET]
Table 'Erynia' 6-max Seat #6 is the button
Seat 1: Pippa83 ($100 in chips) 
Seat 2: sta$igk ($103.70 in chips) 
Seat 3: Poker9803 ($132.35 in chips) 
Seat 4: socito ($108.40 in chips) 
Seat 5: iadsan ($110.16 in chips) 
Seat 6: BoyLoc0 ($101.90 in chips) 
Pippa83: posts small blind $0.50
sta$igk: posts big blind $1
*** HOLE CARDS ***
Poker9803: folds 
socito: folds 
iadsan: folds 
BoyLoc0: folds 
Pippa83: folds 
Uncalled bet ($0.50) returned to sta$igk
sta$igk collected $1 from pot
sta$igk: doesn't show hand 
*** SUMMARY ***
Total pot $1 | Rake $0 
Seat 1: Pippa83 (small blind) folded before Flop
Seat 2: sta$igk (big blind) collected ($1)
Seat 3: Poker9803 folded before Flop (didn't bet)
Seat 4: socito folded before Flop (didn't bet)
Seat 5: iadsan folded before Flop (didn't bet)
Seat 6: BoyLoc0 (button) folded before Flop (didn't bet)



PokerStars Hand #254627126248:  Hold'em No Limit ($0.50/$1.00 USD) - 2025/01/30 20:28:29 WET [2025/01/30 15:28:29 ET]
Table 'Erynia' 6-max Seat #1 is the button
Seat 3: Poker9803 ($132.35 in chips) is sitting out
Seat 1: Pippa83 ($100 in chips) 
Seat 2: sta$igk ($104.20 in chips) 
Seat 4: socito ($108.40 in chips) 
Seat 5: iadsan ($110.16 in chips) 
Seat 6: BoyLoc0 ($101.90 in chips) 
sta$igk: posts small blind $0.50
Poker9803: is sitting out 
socito: posts big blind $1
*** HOLE CARDS ***
iadsan: folds 
BoyLoc0: raises $1.50 to $2.50
Pippa83: folds 
Poker9803 leaves the table
sta$igk: folds 
socito: folds 
Uncalled bet ($1.50) returned to BoyLoc0
BoyLoc0 collected $2.50 from pot
BoyLoc0: doesn't show hand 
*** SUMMARY ***
Total pot $2.50 | Rake $0 
Seat 3: Poker9803
Seat 1: Pippa83 (button) folded before Flop (didn't bet)
Seat 2: sta$igk (small blind) folded before Flop
Seat 4: socito (big blind) folded before Flop
Seat 5: iadsan folded before Flop (didn't bet)
Seat 6: BoyLoc0 collected ($2.50)



PokerStars Hand #254627132317:  Hold'em No Limit ($0.50/$1.00 USD) - 2025/01/30 20:28:49 WET [2025/01/30 15:28:49 ET]
Table 'Erynia' 6-max Seat #2 is the button
Seat 1: Pippa83 ($100 in chips) 
Seat 2: sta$igk ($103.70 in chips) 
Seat 4: socito ($107.40 in chips) 
Seat 5: iadsan ($110.16 in chips) 
Seat 6: BoyLoc0 ($103.40 in chips) 
socito: posts small blind $0.50
iadsan: posts big blind $1
*** HOLE CARDS ***
Nazareno1999 joins the table at seat #3 
BoyLoc0: folds 
Pippa83: raises $1.50 to $2.50
sta$igk: folds 
socito: folds 
iadsan: folds 
Uncalled bet ($1.50) returned to Pippa83
Pippa83 collected $2.50 from pot
Pippa83: doesn't show hand 
*** SUMMARY ***
Total pot $2.50 | Rake $0 
Seat 1: Pippa83 collected ($2.50)
Seat 2: sta$igk (button) folded before Flop (didn't bet)
Seat 4: socito (small blind) folded before Flop
Seat 5: iadsan (big blind) folded before Flop
Seat 6: BoyLoc0 folded before Flop (didn't bet)



PokerStars Hand #254627137265:  Hold'em No Limit ($0.50/$1.00 USD) - 2025/01/30 20:29:05 WET [2025/01/30 15:29:05 ET]
Table 'Erynia' 6-max Seat #4 is the button
Seat 3: Nazareno1999 ($100 in chips) is sitting out
Seat 1: Pippa83 ($101.50 in chips) 
Seat 2: sta$igk ($103.70 in chips) 
Seat 4: socito ($106.90 in chips) 
Seat 5: iadsan ($109.16 in chips) 
Seat 6: BoyLoc0 ($103.40 in chips) 
iadsan: posts small blind $0.50
BoyLoc0: posts big blind $1
Nazareno1999: sits out 
*** HOLE CARDS ***
Pippa83: folds 
sta$igk: raises $1.50 to $2.50
socito: raises $5 to $7.50
iadsan: folds 
BoyLoc0: folds 
sta$igk: folds 
Uncalled bet ($5) returned to socito
socito collected $6.50 from pot
socito: doesn't show hand 
*** SUMMARY ***
Total pot $6.50 | Rake $0 
Seat 3: Nazareno1999
Seat 1: Pippa83 folded before Flop (didn't bet)
Seat 2: sta$igk folded before Flop
Seat 4: socito (button) collected ($6.50)
Seat 5: iadsan (small blind) folded before Flop
Seat 6: BoyLoc0 (big blind) folded before Flop



PokerStars Hand #254627142589:  Hold'em No Limit ($0.50/$1.00 USD) - 2025/01/30 20:29:23 WET [2025/01/30 15:29:23 ET]
Table 'Erynia' 6-max Seat #5 is the button
Seat 1: Pippa83 ($101.50 in chips) is sitting out
Seat 3: Nazareno1999 ($100 in chips) is sitting out
Seat 2: sta$igk ($101.20 in chips) 
Seat 4: socito ($110.90 in chips) 
Seat 5: iadsan ($108.66 in chips) 
Seat 6: BoyLoc0 ($102.40 in chips) 
BoyLoc0: posts small blind $0.50
Pippa83: is sitting out 
sta$igk: posts big blind $1
Nazareno1999: sits out 
*** HOLE CARDS ***
socito: folds 
Pippa83 leaves the table
iadsan: folds 
BoyLoc0: folds 
Uncalled bet ($0.50) returned to sta$igk
sta$igk collected $1 from pot
sta$igk: doesn't show hand 
*** SUMMARY ***
Total pot $1 | Rake $0 
Seat 1: Pippa83
Seat 3: Nazareno1999
Seat 2: sta$igk (big blind) collected ($1)
Seat 4: socito folded before Flop (didn't bet)
Seat 5: iadsan (button) folded before Flop (didn't bet)
Seat 6: BoyLoc0 (small blind) folded before Flop



PokerStars Hand #254627145357:  Hold'em No Limit ($0.50/$1.00 USD) - 2025/01/30 20:29:33 WET [2025/01/30 15:29:33 ET]
Table 'Erynia' 6-max Seat #6 is the button
Seat 2: sta$igk ($101.70 in chips) 
Seat 3: Nazareno1999 ($100 in chips) 
Seat 4: socito ($110.90 in chips) 
Seat 5: iadsan ($108.66 in chips) 
Seat 6: BoyLoc0 ($101.90 in chips) 
sta$igk: posts small blind $0.50
Nazareno1999: posts big blind $1
*** HOLE CARDS ***
socito: raises $1.50 to $2.50
iadsan: calls $2.50
BoyLoc0: folds 
sta$igk: folds 
Nazareno1999: calls $1.50
*** FLOP *** [9c 6s 2c]
Nazareno1999: checks 
franco232315 joins the table at seat #1 
socito: checks 
iadsan: checks 
*** TURN *** [9c 6s 2c] [6c]
Nazareno1999: checks 
sta$igk leaves the table
socito: checks 
kvcsszblcs joins the table at seat #2 
iadsan: checks 
*** RIVER *** [9c 6s 2c 6c] [Ac]
Nazareno1999: bets $5.70
socito: folds 
socito leaves the table
iadsan: folds 
Uncalled bet ($5.70) returned to Nazareno1999
Nazareno1999 collected $7.60 from pot
Nazareno1999: doesn't show hand 
DJNezz joins the table at seat #4 
*** SUMMARY ***
Total pot $8 | Rake $0.40 
Board [9c 6s 2c 6c Ac]
Seat 2: sta$igk (small blind) folded before Flop
Seat 3: Nazareno1999 (big blind) collected ($7.60)
Seat 4: socito folded on the River
Seat 5: iadsan folded on the River
Seat 6: BoyLoc0 (button) folded before Flop (didn't bet)



PokerStars Hand #254627165864:  Hold'em No Limit ($0.50/$1.00 USD) - 2025/01/30 20:30:42 WET [2025/01/30 15:30:42 ET]
Table 'Erynia' 6-max Seat #3 is the button
Seat 1: franco232315 ($100 in chips) is sitting out
Seat 2: kvcsszblcs ($100 in chips) is sitting out
Seat 4: DJNezz ($100 in chips) is sitting out
Seat 3: Nazareno1999 ($105.10 in chips) 
Seat 5: iadsan ($106.16 in chips) 
Seat 6: BoyLoc0 ($101.90 in chips) 
iadsan: posts small blind $0.50
BoyLoc0: posts big blind $1
franco232315: sits out 
kvcsszblcs: sits out 
*** HOLE CARDS ***
Nazareno1999: folds 
iadsan: raises $1 to $2
BoyLoc0: calls $1
*** FLOP *** [4c Td Ts]
iadsan: bets $1.90
BoyLoc0: calls $1.90
*** TURN *** [4c Td Ts] [9s]
iadsan: bets $3.71
BoyLoc0: calls $3.71
*** RIVER *** [4c Td Ts 9s] [3d]
iadsan: bets $7.23
BoyLoc0: calls $7.23
*** SHOW DOWN ***
iadsan: shows [Kc Ks] (two pair, Kings and Tens)
BoyLoc0: mucks hand 
iadsan collected $28.68 from pot
*** SUMMARY ***
Total pot $29.68 | Rake $1 
Board [4c Td Ts 9s 3d]
Seat 1: franco232315
Seat 2: kvcsszblcs
Seat 4: DJNezz
Seat 3: Nazareno1999 (button) folded before Flop (didn't bet)
Seat 5: iadsan (small blind) showed [Kc Ks] and won ($28.68) with two pair, Kings and Tens
Seat 6: BoyLoc0 (big blind) mucked



PokerStars Hand #254627178795:  Hold'em No Limit ($0.50/$1.00 USD) - 2025/01/30 20:31:25 WET [2025/01/30 15:31:25 ET]
Table 'Erynia' 6-max Seat #5 is the button
Seat 2: kvcsszblcs ($100 in chips) is sitting out
Seat 4: DJNezz ($100 in chips) is sitting out
Seat 1: franco232315 ($100 in chips) 
Seat 3: Nazareno1999 ($105.10 in chips) 
Seat 5: iadsan ($120 in chips) 
Seat 6: BoyLoc0 ($100 in chips) 
BoyLoc0: posts small blind $0.50
franco232315: posts big blind $1
kvcsszblcs: sits out 
DJNezz: sits out 
*** HOLE CARDS ***
Nazareno1999: folds 
iadsan: folds 
BoyLoc0: raises $2 to $3
franco232315: folds 
Uncalled bet ($2) returned to BoyLoc0
BoyLoc0 collected $2 from pot
BoyLoc0: doesn't show hand 
*** SUMMARY ***
Total pot $2 | Rake $0 
Seat 2: kvcsszblcs
Seat 4: DJNezz
Seat 1: franco232315 (big blind) folded before Flop
Seat 3: Nazareno1999 folded before Flop (didn't bet)
Seat 5: iadsan (button) folded before Flop (didn't bet)
Seat 6: BoyLoc0 (small blind) collected ($2)



PokerStars Hand #254627187033:  Hold'em No Limit ($0.50/$1.00 USD) - 2025/01/30 20:31:52 WET [2025/01/30 15:31:52 ET]
Table 'Erynia' 6-max Seat #6 is the button
Seat 4: DJNezz ($100 in chips) is sitting out
Seat 1: franco232315 ($100 in chips) 
Seat 2: kvcsszblcs ($100 in chips) 
Seat 3: Nazareno1999 ($105.10 in chips) 
Seat 5: iadsan ($120 in chips) 
Seat 6: BoyLoc0 ($101 in chips) 
franco232315: posts small blind $0.50
kvcsszblcs: posts big blind $1
DJNezz: sits out 
*** HOLE CARDS ***
Nazareno1999: folds 
iadsan: raises $2 to $3
BoyLoc0: folds 
franco232315: folds 
kvcsszblcs: folds 
Uncalled bet ($2) returned to iadsan
iadsan collected $2.50 from pot
iadsan: doesn't show hand 
*** SUMMARY ***
Total pot $2.50 | Rake $0 
Seat 4: DJNezz
Seat 1: franco232315 (small blind) folded before Flop
Seat 2: kvcsszblcs (big blind) folded before Flop
Seat 3: Nazareno1999 folded before Flop (didn't bet)
Seat 5: iadsan collected ($2.50)
Seat 6: BoyLoc0 (button) folded before Flop (didn't bet)



PokerStars Hand #254627192884:  Hold'em No Limit ($0.50/$1.00 USD) - 2025/01/30 20:32:12 WET [2025/01/30 15:32:12 ET]
Table 'Erynia' 6-max Seat #1 is the button
Seat 4: DJNezz ($100 in chips) is sitting out
Seat 1: franco232315 ($100 in chips) 
Seat 2: kvcsszblcs ($100 in chips) 
Seat 3: Nazareno1999 ($105.10 in chips) 
Seat 5: iadsan ($121.50 in chips) 
Seat 6: BoyLoc0 ($101 in chips) 
kvcsszblcs: posts small blind $0.50
Nazareno1999: posts big blind $1
DJNezz: sits out 
*** HOLE CARDS ***
iadsan: calls $1
BoyLoc0: folds 
franco232315: folds 
kvcsszblcs: folds 
Nazareno1999: checks 
*** FLOP *** [3d Th 9c]
Nazareno1999: checks 
iadsan: checks 
*** TURN *** [3d Th 9c] [4c]
Nazareno1999: checks 
iadsan: checks 
*** RIVER *** [3d Th 9c 4c] [Ac]
Nazareno1999: bets $1.79
iadsan: folds 
Uncalled bet ($1.79) returned to Nazareno1999
Nazareno1999 collected $2.38 from pot
Nazareno1999: doesn't show hand 
*** SUMMARY ***
Total pot $2.50 | Rake $0.12 
Board [3d Th 9c 4c Ac]
Seat 4: DJNezz
Seat 1: franco232315 (button) folded before Flop (didn't bet)
Seat 2: kvcsszblcs (small blind) folded before Flop
Seat 3: Nazareno1999 (big blind) collected ($2.38)
Seat 5: iadsan folded on the River
Seat 6: BoyLoc0 folded before Flop (didn't bet)



PokerStars Hand #254627203299:  Hold'em No Limit ($0.50/$1.00 USD) - 2025/01/30 20:32:47 WET [2025/01/30 15:32:47 ET]
Table 'Erynia' 6-max Seat #2 is the button
Seat 1: franco232315 ($100 in chips) 
Seat 2: kvcsszblcs ($100 in chips) 
Seat 3: Nazareno1999 ($106.48 in chips) 
Seat 4: DJNezz ($100 in chips) 
Seat 5: iadsan ($120.50 in chips) 
Seat 6: BoyLoc0 ($101 in chips) 
Nazareno1999: posts small blind $0.50
DJNezz: posts big blind $1
*** HOLE CARDS ***
iadsan: folds 
BoyLoc0: folds 
franco232315: raises $1.50 to $2.50
kvcsszblcs: folds 
Nazareno1999: folds 
DJNezz: folds 
Uncalled bet ($1.50) returned to franco232315
franco232315 collected $2.50 from pot
franco232315: doesn't show hand 
*** SUMMARY ***
Total pot $2.50 | Rake $0 
Seat 1: franco232315 collected ($2.50)
Seat 2: kvcsszblcs (button) folded before Flop (didn't bet)
Seat 3: Nazareno1999 (small blind) folded before Flop
Seat 4: DJNezz (big blind) folded before Flop
Seat 5: iadsan folded before Flop (didn't bet)
Seat 6: BoyLoc0 folded before Flop (didn't bet)



PokerStars Hand #254627214744:  Hold'em No Limit ($0.50/$1.00 USD) - 2025/01/30 20:33:26 WET [2025/01/30 15:33:26 ET]
Table 'Erynia' 6-max Seat #3 is the button
Seat 1: franco232315 ($101.50 in chips) 
Seat 2: kvcsszblcs ($100 in chips) 
Seat 3: Nazareno1999 ($105.98 in chips) 
Seat 4: DJNezz ($100 in chips) 
Seat 5: iadsan ($120.50 in chips) 
Seat 6: BoyLoc0 ($101 in chips) 
DJNezz: posts small blind $0.50
iadsan: posts big blind $1
*** HOLE CARDS ***
BoyLoc0: folds 
franco232315: folds 
kvcsszblcs: raises $1 to $2
Nazareno1999: folds 
DJNezz: folds 
iadsan: calls $1
*** FLOP *** [6h 3s 9d]
iadsan: checks 
kvcsszblcs: checks 
*** TURN *** [6h 3s 9d] [Th]
iadsan: bets $2.14
kvcsszblcs: folds 
Uncalled bet ($2.14) returned to iadsan
iadsan collected $4.28 from pot
iadsan: doesn't show hand 
*** SUMMARY ***
Total pot $4.50 | Rake $0.22 
Board [6h 3s 9d Th]
Seat 1: franco232315 folded before Flop (didn't bet)
Seat 2: kvcsszblcs folded on the Turn
Seat 3: Nazareno1999 (button) folded before Flop (didn't bet)
Seat 4: DJNezz (small blind) folded before Flop
Seat 5: iadsan (big blind) collected ($4.28)
Seat 6: BoyLoc0 folded before Flop (didn't bet)



PokerStars Hand #254627229056:  Hold'em No Limit ($0.50/$1.00 USD) - 2025/01/30 20:34:14 WET [2025/01/30 15:34:14 ET]
Table 'Erynia' 6-max Seat #4 is the button
Seat 1: franco232315 ($101.50 in chips) 
Seat 2: kvcsszblcs ($100 in chips) 
Seat 3: Nazareno1999 ($105.98 in chips) 
Seat 4: DJNezz ($100 in chips) 
Seat 5: iadsan ($122.78 in chips) 
Seat 6: BoyLoc0 ($101 in chips) 
iadsan: posts small blind $0.50
BoyLoc0: posts big blind $1
*** HOLE CARDS ***
franco232315: raises $1.20 to $2.20
kvcsszblcs: folds 
Nazareno1999: folds 
DJNezz: folds 
iadsan: folds 
BoyLoc0: calls $1.20
*** FLOP *** [As Tc 8c]
BoyLoc0: checks 
franco232315: bets $1.54
BoyLoc0: calls $1.54
*** TURN *** [As Tc 8c] [3d]
BoyLoc0: checks 
franco232315: bets $11.37
BoyLoc0: folds 
Uncalled bet ($11.37) returned to franco232315
franco232315 collected $7.58 from pot
franco232315: doesn't show hand 
*** SUMMARY ***
Total pot $7.98 | Rake $0.40 
Board [As Tc 8c 3d]
Seat 1: franco232315 collected ($7.58)
Seat 2: kvcsszblcs folded before Flop (didn't bet)
Seat 3: Nazareno1999 folded before Flop (didn't bet)
Seat 4: DJNezz (button) folded before Flop (didn't bet)
Seat 5: iadsan (small blind) folded before Flop
Seat 6: BoyLoc0 (big blind) folded on the Turn



PokerStars Hand #254627243783:  Hold'em No Limit ($0.50/$1.00 USD) - 2025/01/30 20:35:03 WET [2025/01/30 15:35:03 ET]
Table 'Erynia' 6-max Seat #5 is the button
Seat 1: franco232315 ($105.34 in chips) 
Seat 2: kvcsszblcs ($100 in chips) 
Seat 3: Nazareno1999 ($105.98 in chips) 
Seat 4: DJNezz ($100 in chips) 
Seat 5: iadsan ($122.28 in chips) 
Seat 6: BoyLoc0 ($100 in chips) 
BoyLoc0: posts small blind $0.50
franco232315: posts big blind $1
*** HOLE CARDS ***
kvcsszblcs: folds 
Nazareno1999: folds 
DJNezz: folds 
iadsan: raises $2 to $3
BoyLoc0: folds 
franco232315: calls $2
*** FLOP *** [Kh 6c Qs]
franco232315: checks 
iadsan: bets $3.09
franco232315: calls $3.09
*** TURN *** [Kh 6c Qs] [Js]
franco232315: checks 
iadsan: bets $6.03
franco232315: folds 
Uncalled bet ($6.03) returned to iadsan
iadsan collected $12.05 from pot
iadsan: doesn't show hand 
*** SUMMARY ***
Total pot $12.68 | Rake $0.63 
Board [Kh 6c Qs Js]
Seat 1: franco232315 (big blind) folded on the Turn
Seat 2: kvcsszblcs folded before Flop (didn't bet)
Seat 3: Nazareno1999 folded before Flop (didn't bet)
Seat 4: DJNezz folded before Flop (didn't bet)
Seat 5: iadsan (button) collected ($12.05)
Seat 6: BoyLoc0 (small blind) folded before Flop



PokerStars Hand #254627263177:  Hold'em No Limit ($0.50/$1.00 USD) - 2025/01/30 20:36:08 WET [2025/01/30 15:36:08 ET]
Table 'Erynia' 6-max Seat #6 is the button
Seat 1: franco232315 ($100 in chips) 
Seat 2: kvcsszblcs ($100 in chips) 
Seat 3: Nazareno1999 ($105.98 in chips) 
Seat 4: DJNezz ($100 in chips) 
Seat 5: iadsan ($128.24 in chips) 
Seat 6: BoyLoc0 ($100 in chips) 
franco232315: posts small blind $0.50
kvcsszblcs: posts big blind $1
*** HOLE CARDS ***
Nazareno1999: folds 
DJNezz: folds 
iadsan: folds 
BoyLoc0: folds 
franco232315: raises $2 to $3
kvcsszblcs: folds 
Uncalled bet ($2) returned to franco232315
franco232315 collected $2 from pot
franco232315: doesn't show hand 
*** SUMMARY ***
Total pot $2 | Rake $0 
Seat 1: franco232315 (small blind) collected ($2)
Seat 2: kvcsszblcs (big blind) folded before Flop
Seat 3: Nazareno1999 folded before Flop (didn't bet)
Seat 4: DJNezz folded before Flop (didn't bet)
Seat 5: iadsan folded before Flop (didn't bet)
Seat 6: BoyLoc0 (button) folded before Flop (didn't bet)



PokerStars Hand #254627268974:  Hold'em No Limit ($0.50/$1.00 USD) - 2025/01/30 20:36:27 WET [2025/01/30 15:36:27 ET]
Table 'Erynia' 6-max Seat #1 is the button
Seat 1: franco232315 ($101 in chips) 
Seat 2: kvcsszblcs ($100 in chips) 
Seat 3: Nazareno1999 ($105.98 in chips) 
Seat 4: DJNezz ($100 in chips) 
Seat 5: iadsan ($128.24 in chips) 
Seat 6: BoyLoc0 ($100 in chips) 
kvcsszblcs: posts small blind $0.50
Nazareno1999: posts big blind $1
*** HOLE CARDS ***
DJNezz: folds 
iadsan: folds 
BoyLoc0: folds 
franco232315: folds 
kvcsszblcs: folds 
Uncalled bet ($0.50) returned to Nazareno1999
Nazareno1999 collected $1 from pot
Nazareno1999: doesn't show hand 
*** SUMMARY ***
Total pot $1 | Rake $0 
Seat 1: franco232315 (button) folded before Flop (didn't bet)
Seat 2: kvcsszblcs (small blind) folded before Flop
Seat 3: Nazareno1999 (big blind) collected ($1)
Seat 4: DJNezz folded before Flop (didn't bet)
Seat 5: iadsan folded before Flop (didn't bet)
Seat 6: BoyLoc0 folded before Flop (didn't bet)



PokerStars Hand #254627277140:  Hold'em No Limit ($0.50/$1.00 USD) - 2025/01/30 20:36:54 WET [2025/01/30 15:36:54 ET]
Table 'Erynia' 6-max Seat #2 is the button
Seat 1: franco232315 ($101 in chips) 
Seat 2: kvcsszblcs ($100 in chips) 
Seat 3: Nazareno1999 ($106.48 in chips) 
Seat 4: DJNezz ($100 in chips) 
Seat 5: iadsan ($128.24 in chips) 
Seat 6: BoyLoc0 ($100 in chips) 
Nazareno1999: posts small blind $0.50
DJNezz: posts big blind $1
*** HOLE CARDS ***
iadsan: calls $1
BoyLoc0: folds 
franco232315: raises $3 to $4
kvcsszblcs: folds 
Nazareno1999: folds 
DJNezz: calls $3
iadsan: calls $3
*** FLOP *** [Th 6d Kd]
DJNezz: checks 
iadsan: checks 
franco232315: bets $3.92
DJNezz: folds 
iadsan: calls $3.92
*** TURN *** [Th 6d Kd] [4s]
iadsan: checks 
franco232315: checks 
*** RIVER *** [Th 6d Kd 4s] [8d]
iadsan: checks 
franco232315: bets $19
iadsan: folds 
Uncalled bet ($19) returned to franco232315
franco232315 collected $19.32 from pot
franco232315: doesn't show hand 
*** SUMMARY ***
Total pot $20.34 | Rake $1.02 
Board [Th 6d Kd 4s 8d]
Seat 1: franco232315 collected ($19.32)
Seat 2: kvcsszblcs (button) folded before Flop (didn't bet)
Seat 3: Nazareno1999 (small blind) folded before Flop
Seat 4: DJNezz (big blind) folded on the Flop
Seat 5: iadsan folded on the River
Seat 6: BoyLoc0 folded before Flop (didn't bet)



PokerStars Hand #254627303861:  Hold'em No Limit ($0.50/$1.00 USD) - 2025/01/30 20:38:24 WET [2025/01/30 15:38:24 ET]
Table 'Erynia' 6-max Seat #3 is the button
Seat 1: franco232315 ($112.40 in chips) 
Seat 2: kvcsszblcs ($100 in chips) 
Seat 3: Nazareno1999 ($105.98 in chips) 
Seat 4: DJNezz ($100 in chips) 
Seat 5: iadsan ($120.32 in chips) 
Seat 6: BoyLoc0 ($100 in chips) 
DJNezz: posts small blind $0.50
iadsan: posts big blind $1
*** HOLE CARDS ***
BoyLoc0: folds 
franco232315: folds 
kvcsszblcs: folds 
Nazareno1999: folds 
DJNezz: folds 
Uncalled bet ($0.50) returned to iadsan
iadsan collected $1 from pot
iadsan: doesn't show hand 
*** SUMMARY ***
Total pot $1 | Rake $0 
Seat 1: franco232315 folded before Flop (didn't bet)
Seat 2: kvcsszblcs folded before Flop (didn't bet)
Seat 3: Nazareno1999 (button) folded before Flop (didn't bet)
Seat 4: DJNezz (small blind) folded before Flop
Seat 5: iadsan (big blind) collected ($1)
Seat 6: BoyLoc0 folded before Flop (didn't bet)



PokerStars Hand #254627314373:  Hold'em No Limit ($0.50/$1.00 USD) - 2025/01/30 20:38:59 WET [2025/01/30 15:38:59 ET]
Table 'Erynia' 6-max Seat #4 is the button
Seat 1: franco232315 ($112.40 in chips) 
Seat 2: kvcsszblcs ($100 in chips) 
Seat 3: Nazareno1999 ($105.98 in chips) 
Seat 4: DJNezz ($100 in chips) 
Seat 5: iadsan ($120.82 in chips) 
Seat 6: BoyLoc0 ($100 in chips) 
iadsan: posts small blind $0.50
BoyLoc0: posts big blind $1
*** HOLE CARDS ***
franco232315: folds 
kvcsszblcs: folds 
Nazareno1999: folds 
DJNezz: raises $1.20 to $2.20
iadsan: folds 
BoyLoc0: calls $1.20
*** FLOP *** [Ks 4d 6s]
BoyLoc0: checks 
DJNezz: bets $1.54
BoyLoc0: calls $1.54
*** TURN *** [Ks 4d 6s] [As]
BoyLoc0: checks 
DJNezz: checks 
*** RIVER *** [Ks 4d 6s As] [3h]
BoyLoc0: bets $5.69
DJNezz: folds 
Uncalled bet ($5.69) returned to BoyLoc0
BoyLoc0 collected $7.58 from pot
BoyLoc0: doesn't show hand 
*** SUMMARY ***
Total pot $7.98 | Rake $0.40 
Board [Ks 4d 6s As 3h]
Seat 1: franco232315 folded before Flop (didn't bet)
Seat 2: kvcsszblcs folded before Flop (didn't bet)
Seat 3: Nazareno1999 folded before Flop (didn't bet)
Seat 4: DJNezz (button) folded on the River
Seat 5: iadsan (small blind) folded before Flop
Seat 6: BoyLoc0 (big blind) collected ($7.58)



PokerStars Hand #254627334222:  Hold'em No Limit ($0.50/$1.00 USD) - 2025/01/30 20:40:05 WET [2025/01/30 15:40:05 ET]
Table 'Erynia' 6-max Seat #5 is the button
Seat 1: franco232315 ($112.40 in chips) 
Seat 2: kvcsszblcs ($100 in chips) 
Seat 3: Nazareno1999 ($105.98 in chips) 
Seat 4: DJNezz ($100 in chips) 
Seat 5: iadsan ($120.32 in chips) 
Seat 6: BoyLoc0 ($103.84 in chips) 
BoyLoc0: posts small blind $0.50
franco232315: posts big blind $1
*** HOLE CARDS ***
kvcsszblcs: folds 
Nazareno1999: folds 
DJNezz: folds 
iadsan: raises $2 to $3
BoyLoc0: folds 
franco232315: calls $2
*** FLOP *** [Kc Jd 2s]
franco232315: checks 
iadsan: bets $3.09
franco232315: raises $6.18 to $9.27
iadsan: calls $6.18
*** TURN *** [Kc Jd 2s] [3c]
franco232315: bets $15.70
iadsan: folds 
Uncalled bet ($15.70) returned to franco232315
franco232315 collected $23.79 from pot
franco232315: doesn't show hand 
*** SUMMARY ***
Total pot $25.04 | Rake $1.25 
Board [Kc Jd 2s 3c]
Seat 1: franco232315 (big blind) collected ($23.79)
Seat 2: kvcsszblcs folded before Flop (didn't bet)
Seat 3: Nazareno1999 folded before Flop (didn't bet)
Seat 4: DJNezz folded before Flop (didn't bet)
Seat 5: iadsan (button) folded on the Turn
Seat 6: BoyLoc0 (small blind) folded before Flop



PokerStars Hand #254627353946:  Hold'em No Limit ($0.50/$1.00 USD) - 2025/01/30 20:41:10 WET [2025/01/30 15:41:10 ET]
Table 'Erynia' 6-max Seat #6 is the button
Seat 1: franco232315 ($123.92 in chips) 
Seat 2: kvcsszblcs ($100 in chips) 
Seat 3: Nazareno1999 ($105.98 in chips) 
Seat 4: DJNezz ($100 in chips) 
Seat 5: iadsan ($108.05 in chips) 
Seat 6: BoyLoc0 ($103.34 in chips) 
franco232315: posts small blind $0.50
kvcsszblcs: posts big blind $1
*** HOLE CARDS ***
Nazareno1999: folds 
DJNezz: folds 
iadsan: folds 
BoyLoc0: folds 
franco232315: folds 
Uncalled bet ($0.50) returned to kvcsszblcs
kvcsszblcs collected $1 from pot
kvcsszblcs: doesn't show hand 
*** SUMMARY ***
Total pot $1 | Rake $0 
Seat 1: franco232315 (small blind) folded before Flop
Seat 2: kvcsszblcs (big blind) collected ($1)
Seat 3: Nazareno1999 folded before Flop (didn't bet)
Seat 4: DJNezz folded before Flop (didn't bet)
Seat 5: iadsan folded before Flop (didn't bet)
Seat 6: BoyLoc0 (button) folded before Flop (didn't bet)



PokerStars Hand #254627361002:  Hold'em No Limit ($0.50/$1.00 USD) - 2025/01/30 20:41:34 WET [2025/01/30 15:41:34 ET]
Table 'Erynia' 6-max Seat #1 is the button
Seat 1: franco232315 ($123.42 in chips) 
Seat 2: kvcsszblcs ($100.50 in chips) 
Seat 3: Nazareno1999 ($105.98 in chips) 
Seat 4: DJNezz ($100 in chips) 
Seat 5: iadsan ($108.05 in chips) 
Seat 6: BoyLoc0 ($103.34 in chips) 
kvcsszblcs: posts small blind $0.50
Nazareno1999: posts big blind $1
*** HOLE CARDS ***
DJNezz: raises $1.20 to $2.20
iadsan: raises $3.80 to $6
BoyLoc0: folds 
franco232315: folds 
kvcsszblcs: folds 
Nazareno1999: folds 
DJNezz: calls $3.80
*** FLOP *** [Jc Qs Kd]
DJNezz: checks 
iadsan: bets $6.41
DJNezz: calls $6.41
*** TURN *** [Jc Qs Kd] [Jd]
DJNezz: checks 
iadsan: bets $12.50
DJNezz: folds 
Uncalled bet ($12.50) returned to iadsan
iadsan collected $25 from pot
iadsan: doesn't show hand 
*** SUMMARY ***
Total pot $26.32 | Rake $1.32 
Board [Jc Qs Kd Jd]
Seat 1: franco232315 (button) folded before Flop (didn't bet)
Seat 2: kvcsszblcs (small blind) folded before Flop
Seat 3: Nazareno1999 (big blind) folded before Flop
Seat 4: DJNezz folded on the Turn
Seat 5: iadsan collected ($25)
Seat 6: BoyLoc0 folded before Flop (didn't bet)



PokerStars Hand #254627381282:  Hold'em No Limit ($0.50/$1.00 USD) - 2025/01/30 20:42:42 WET [2025/01/30 15:42:42 ET]
Table 'Erynia' 6-max Seat #2 is the button
Seat 1: franco232315 ($123.42 in chips) 
Seat 2: kvcsszblcs ($100 in chips) 
Seat 3: Nazareno1999 ($104.98 in chips) 
Seat 4: DJNezz ($100 in chips) 
Seat 5: iadsan ($120.64 in chips) 
Seat 6: BoyLoc0 ($103.34 in chips) 
Nazareno1999: posts small blind $0.50
DJNezz: posts big blind $1
*** HOLE CARDS ***
iadsan: folds 
BoyLoc0: folds 
franco232315: folds 
kvcsszblcs: raises $1.25 to $2.25
Nazareno1999: folds 
DJNezz: folds 
Uncalled bet ($1.25) returned to kvcsszblcs
kvcsszblcs collected $2.50 from pot
kvcsszblcs: doesn't show hand 
*** SUMMARY ***
Total pot $2.50 | Rake $0 
Seat 1: franco232315 folded before Flop (didn't bet)
Seat 2: kvcsszblcs (button) collected ($2.50)
Seat 3: Nazareno1999 (small blind) folded before Flop
Seat 4: DJNezz (big blind) folded before Flop
Seat 5: iadsan folded before Flop (didn't bet)
Seat 6: BoyLoc0 folded before Flop (didn't bet)



PokerStars Hand #254627388153:  Hold'em No Limit ($0.50/$1.00 USD) - 2025/01/30 20:43:05 WET [2025/01/30 15:43:05 ET]
Table 'Erynia' 6-max Seat #3 is the button
Seat 1: franco232315 ($123.42 in chips) 
Seat 2: kvcsszblcs ($101.50 in chips) 
Seat 3: Nazareno1999 ($104.48 in chips) 
Seat 4: DJNezz ($100 in chips) 
Seat 5: iadsan ($120.64 in chips) 
Seat 6: BoyLoc0 ($103.34 in chips) 
DJNezz: posts small blind $0.50
iadsan: posts big blind $1
*** HOLE CARDS ***
BoyLoc0: raises $1.50 to $2.50
franco232315: folds 
kvcsszblcs: folds 
Nazareno1999: calls $2.50
DJNezz: calls $2
iadsan: calls $1.50
*** FLOP *** [9s 5h Ts]
DJNezz: checks 
iadsan: checks 
BoyLoc0: checks 
Nazareno1999: checks 
*** TURN *** [9s 5h Ts] [4c]
DJNezz: bets $7.13
iadsan: folds 
BoyLoc0: calls $7.13
Nazareno1999: folds 
*** RIVER *** [9s 5h Ts 4c] [3h]
DJNezz: checks 
BoyLoc0: bets $7.61
DJNezz: calls $7.61
*** SHOW DOWN ***
BoyLoc0: shows [Qc Jc] (high card Queen)
DJNezz: shows [4s 4h] (three of a kind, Fours)
DJNezz collected $37.51 from pot
*** SUMMARY ***
Total pot $39.48 | Rake $1.97 
Board [9s 5h Ts 4c 3h]
Seat 1: franco232315 folded before Flop (didn't bet)
Seat 2: kvcsszblcs folded before Flop (didn't bet)
Seat 3: Nazareno1999 (button) folded on the Turn
Seat 4: DJNezz (small blind) showed [4s 4h] and won ($37.51) with three of a kind, Fours
Seat 5: iadsan (big blind) folded on the Turn
Seat 6: BoyLoc0 showed [Qc Jc] and lost with high card Queen



PokerStars Hand #254627417355:  Hold'em No Limit ($0.50/$1.00 USD) - 2025/01/30 20:44:43 WET [2025/01/30 15:44:43 ET]
Table 'Erynia' 6-max Seat #4 is the button
Seat 1: franco232315 ($123.42 in chips) 
Seat 2: kvcsszblcs ($101.50 in chips) 
Seat 3: Nazareno1999 ($101.98 in chips) 
Seat 4: DJNezz ($120.27 in chips) 
Seat 5: iadsan ($118.14 in chips) 
Seat 6: BoyLoc0 ($100 in chips) 
iadsan: posts small blind $0.50
BoyLoc0: posts big blind $1
*** HOLE CARDS ***
franco232315: raises $1.20 to $2.20
kvcsszblcs: folds 
Nazareno1999: folds 
DJNezz: folds 
iadsan: calls $1.70
BoyLoc0: folds 
*** FLOP *** [Jc 7h Th]
iadsan: checks 
franco232315: bets $2.57
iadsan: calls $2.57
*** TURN *** [Jc 7h Th] [4d]
iadsan: checks 
franco232315: bets $13
iadsan: calls $13
*** RIVER *** [Jc 7h Th 4d] [Qd]
iadsan: checks 
franco232315: checks 
*** SHOW DOWN ***
iadsan: shows [7d Td] (two pair, Tens and Sevens)
franco232315: mucks hand 
iadsan collected $34.71 from pot
*** SUMMARY ***
Total pot $36.54 | Rake $1.83 
Board [Jc 7h Th 4d Qd]
Seat 1: franco232315 mucked
Seat 2: kvcsszblcs folded before Flop (didn't bet)
Seat 3: Nazareno1999 folded before Flop (didn't bet)
Seat 4: DJNezz (button) folded before Flop (didn't bet)
Seat 5: iadsan (small blind) showed [7d Td] and won ($34.71) with two pair, Tens and Sevens
Seat 6: BoyLoc0 (big blind) folded before Flop



PokerStars Hand #254627436106:  Hold'em No Limit ($0.50/$1.00 USD) - 2025/01/30 20:45:46 WET [2025/01/30 15:45:46 ET]
Table 'Erynia' 6-max Seat #5 is the button
Seat 1: franco232315 ($105.65 in chips) 
Seat 2: kvcsszblcs ($101.50 in chips) 
Seat 3: Nazareno1999 ($101.98 in chips) 
Seat 4: DJNezz ($120.27 in chips) 
Seat 5: iadsan ($135.08 in chips) 
Seat 6: BoyLoc0 ($100 in chips) 
BoyLoc0: posts small blind $0.50
franco232315: posts big blind $1
*** HOLE CARDS ***
kvcsszblcs: folds 
Nazareno1999: folds 
DJNezz: folds 
iadsan: folds 
BoyLoc0: folds 
Uncalled bet ($0.50) returned to franco232315
franco232315 collected $1 from pot
franco232315: doesn't show hand 
*** SUMMARY ***
Total pot $1 | Rake $0 
Seat 1: franco232315 (big blind) collected ($1)
Seat 2: kvcsszblcs folded before Flop (didn't bet)
Seat 3: Nazareno1999 folded before Flop (didn't bet)
Seat 4: DJNezz folded before Flop (didn't bet)
Seat 5: iadsan (button) folded before Flop (didn't bet)
Seat 6: BoyLoc0 (small blind) folded before Flop



PokerStars Hand #254627440184:  Hold'em No Limit ($0.50/$1.00 USD) - 2025/01/30 20:46:00 WET [2025/01/30 15:46:00 ET]
Table 'Erynia' 6-max Seat #6 is the button
Seat 1: franco232315 ($106.15 in chips) 
Seat 2: kvcsszblcs ($101.50 in chips) 
Seat 3: Nazareno1999 ($101.98 in chips) 
Seat 4: DJNezz ($120.27 in chips) 
Seat 5: iadsan ($135.08 in chips) 
Seat 6: BoyLoc0 ($100 in chips) 
franco232315: posts small blind $0.50
kvcsszblcs: posts big blind $1
*** HOLE CARDS ***
Nazareno1999: folds 
DJNezz: raises $1.20 to $2.20
iadsan: folds 
BoyLoc0: raises $5.30 to $7.50
franco232315: folds 
kvcsszblcs: folds 
DJNezz: raises $12.50 to $20
BoyLoc0: calls $12.50
*** FLOP *** [6c 3h Ah]
DJNezz: bets $10.01
BoyLoc0: calls $10.01
*** TURN *** [6c 3h Ah] [7s]
DJNezz: bets $19.48
BoyLoc0: folds 
Uncalled bet ($19.48) returned to DJNezz
DJNezz collected $59.02 from pot
*** SUMMARY ***
Total pot $61.52 | Rake $2.50 
Board [6c 3h Ah 7s]
Seat 1: franco232315 (small blind) folded before Flop
Seat 2: kvcsszblcs (big blind) folded before Flop
Seat 3: Nazareno1999 folded before Flop (didn't bet)
Seat 4: DJNezz collected ($59.02)
Seat 5: iadsan folded before Flop (didn't bet)
Seat 6: BoyLoc0 (button) folded on the Turn



PokerStars Hand #254627462077:  Hold'em No Limit ($0.50/$1.00 USD) - 2025/01/30 20:47:13 WET [2025/01/30 15:47:13 ET]
Table 'Erynia' 6-max Seat #1 is the button
Seat 1: franco232315 ($105.65 in chips) 
Seat 2: kvcsszblcs ($100.50 in chips) 
Seat 3: Nazareno1999 ($101.98 in chips) 
Seat 4: DJNezz ($149.28 in chips) 
Seat 5: iadsan ($135.08 in chips) 
Seat 6: BoyLoc0 ($100 in chips) 
kvcsszblcs: posts small blind $0.50
Nazareno1999: posts big blind $1
*** HOLE CARDS ***
DJNezz: raises $1.20 to $2.20
iadsan: calls $2.20
BoyLoc0: folds 
franco232315: folds 
kvcsszblcs: folds 
Nazareno1999: folds 
*** FLOP *** [Js 2h Jc]
DJNezz: checks 
iadsan: bets $2.80
DJNezz: calls $2.80
*** TURN *** [Js 2h Jc] [Ac]
DJNezz: checks 
iadsan: checks 
*** RIVER *** [Js 2h Jc Ac] [2c]
DJNezz: checks 
iadsan: checks 
*** SHOW DOWN ***
DJNezz: shows [Qs Ks] (two pair, Jacks and Deuces)
iadsan: shows [9h 9c] (two pair, Jacks and Nines)
iadsan collected $10.92 from pot
*** SUMMARY ***
Total pot $11.50 | Rake $0.58 
Board [Js 2h Jc Ac 2c]
Seat 1: franco232315 (button) folded before Flop (didn't bet)
Seat 2: kvcsszblcs (small blind) folded before Flop
Seat 3: Nazareno1999 (big blind) folded before Flop
Seat 4: DJNezz showed [Qs Ks] and lost with two pair, Jacks and Deuces
Seat 5: iadsan showed [9h 9c] and won ($10.92) with two pair, Jacks and Nines
Seat 6: BoyLoc0 folded before Flop (didn't bet)



PokerStars Hand #254627482428:  Hold'em No Limit ($0.50/$1.00 USD) - 2025/01/30 20:48:20 WET [2025/01/30 15:48:20 ET]
Table 'Erynia' 6-max Seat #2 is the button
Seat 1: franco232315 ($105.65 in chips) 
Seat 2: kvcsszblcs ($100 in chips) 
Seat 3: Nazareno1999 ($100.98 in chips) 
Seat 4: DJNezz ($144.28 in chips) 
Seat 5: iadsan ($141 in chips) 
Seat 6: BoyLoc0 ($100 in chips) 
Nazareno1999: posts small blind $0.50
DJNezz: posts big blind $1
*** HOLE CARDS ***
iadsan: folds 
BoyLoc0: raises $1.50 to $2.50
franco232315: folds 
kvcsszblcs: raises $5.50 to $8
Nazareno1999: folds 
DJNezz: folds 
BoyLoc0: folds 
Uncalled bet ($5.50) returned to kvcsszblcs
kvcsszblcs collected $6.50 from pot
kvcsszblcs: doesn't show hand 
*** SUMMARY ***
Total pot $6.50 | Rake $0 
Seat 1: franco232315 folded before Flop (didn't bet)
Seat 2: kvcsszblcs (button) collected ($6.50)
Seat 3: Nazareno1999 (small blind) folded before Flop
Seat 4: DJNezz (big blind) folded before Flop
Seat 5: iadsan folded before Flop (didn't bet)
Seat 6: BoyLoc0 folded before Flop



PokerStars Hand #254627491154:  Hold'em No Limit ($0.50/$1.00 USD) - 2025/01/30 20:48:50 WET [2025/01/30 15:48:50 ET]
Table 'Erynia' 6-max Seat #3 is the button
Seat 1: franco232315 ($105.65 in chips) 
Seat 2: kvcsszblcs ($104 in chips) 
Seat 3: Nazareno1999 ($100.48 in chips) 
Seat 4: DJNezz ($143.28 in chips) 
Seat 5: iadsan ($141 in chips) 
Seat 6: BoyLoc0 ($100 in chips) 
DJNezz: posts small blind $0.50
iadsan: posts big blind $1
*** HOLE CARDS ***
BoyLoc0: folds 
franco232315: folds 
kvcsszblcs: raises $1 to $2
Nazareno1999: folds 
DJNezz: folds 
iadsan: calls $1
*** FLOP *** [Kd Ts 7s]
iadsan: checks 
kvcsszblcs: bets $5.35
iadsan: folds 
Uncalled bet ($5.35) returned to kvcsszblcs
kvcsszblcs collected $4.28 from pot
kvcsszblcs: doesn't show hand 
*** SUMMARY ***
Total pot $4.50 | Rake $0.22 
Board [Kd Ts 7s]
Seat 1: franco232315 folded before Flop (didn't bet)
Seat 2: kvcsszblcs collected ($4.28)
Seat 3: Nazareno1999 (button) folded before Flop (didn't bet)
Seat 4: DJNezz (small blind) folded before Flop
Seat 5: iadsan (big blind) folded on the Flop
Seat 6: BoyLoc0 folded before Flop (didn't bet)



PokerStars Hand #254627501314:  Hold'em No Limit ($0.50/$1.00 USD) - 2025/01/30 20:49:24 WET [2025/01/30 15:49:24 ET]
Table 'Erynia' 6-max Seat #4 is the button
Seat 1: franco232315 ($105.65 in chips) 
Seat 2: kvcsszblcs ($106.28 in chips) 
Seat 3: Nazareno1999 ($100.48 in chips) 
Seat 4: DJNezz ($142.78 in chips) 
Seat 5: iadsan ($139 in chips) 
Seat 6: BoyLoc0 ($100 in chips) 
iadsan: posts small blind $0.50
BoyLoc0: posts big blind $1
*** HOLE CARDS ***
franco232315: folds 
kvcsszblcs: raises $1 to $2
Nazareno1999: folds 
DJNezz: folds 
iadsan: folds 
BoyLoc0: folds 
Uncalled bet ($1) returned to kvcsszblcs
kvcsszblcs collected $2.50 from pot
kvcsszblcs: doesn't show hand 
*** SUMMARY ***
Total pot $2.50 | Rake $0 
Seat 1: franco232315 folded before Flop (didn't bet)
Seat 2: kvcsszblcs collected ($2.50)
Seat 3: Nazareno1999 folded before Flop (didn't bet)
Seat 4: DJNezz (button) folded before Flop (didn't bet)
Seat 5: iadsan (small blind) folded before Flop
Seat 6: BoyLoc0 (big blind) folded before Flop



PokerStars Hand #254627508671:  Hold'em No Limit ($0.50/$1.00 USD) - 2025/01/30 20:49:49 WET [2025/01/30 15:49:49 ET]
Table 'Erynia' 6-max Seat #5 is the button
Seat 1: franco232315 ($105.65 in chips) 
Seat 2: kvcsszblcs ($107.78 in chips) 
Seat 3: Nazareno1999 ($100.48 in chips) 
Seat 4: DJNezz ($142.78 in chips) 
Seat 5: iadsan ($138.50 in chips) 
Seat 6: BoyLoc0 ($100 in chips) 
BoyLoc0: posts small blind $0.50
franco232315: posts big blind $1
*** HOLE CARDS ***
kvcsszblcs: folds 
Nazareno1999: raises $1.20 to $2.20
DJNezz: folds 
iadsan: calls $2.20
BoyLoc0: folds 
franco232315: folds 
*** FLOP *** [9s 6h Jh]
Nazareno1999: bets $1.85
iadsan: calls $1.85
*** TURN *** [9s 6h Jh] [Ac]
Nazareno1999: bets $7.34
iadsan: folds 
Uncalled bet ($7.34) returned to Nazareno1999
Nazareno1999 collected $9.12 from pot
Nazareno1999: doesn't show hand 
*** SUMMARY ***
Total pot $9.60 | Rake $0.48 
Board [9s 6h Jh Ac]
Seat 1: franco232315 (big blind) folded before Flop
Seat 2: kvcsszblcs folded before Flop (didn't bet)
Seat 3: Nazareno1999 collected ($9.12)
Seat 4: DJNezz folded before Flop (didn't bet)
Seat 5: iadsan (button) folded on the Turn
Seat 6: BoyLoc0 (small blind) folded before Flop



PokerStars Hand #254627523187:  Hold'em No Limit ($0.50/$1.00 USD) - 2025/01/30 20:50:37 WET [2025/01/30 15:50:37 ET]
Table 'Erynia' 6-max Seat #6 is the button
Seat 1: franco232315 ($104.65 in chips) 
Seat 2: kvcsszblcs ($107.78 in chips) 
Seat 3: Nazareno1999 ($105.55 in chips) 
Seat 4: DJNezz ($142.78 in chips) 
Seat 5: iadsan ($134.45 in chips) 
Seat 6: BoyLoc0 ($100 in chips) 
franco232315: posts small blind $0.50
kvcsszblcs: posts big blind $1
*** HOLE CARDS ***
Nazareno1999: folds 
DJNezz: folds 
iadsan: folds 
BoyLoc0: raises $1.50 to $2.50
franco232315: folds 
kvcsszblcs: raises $9.50 to $12
BoyLoc0: calls $9.50
*** FLOP *** [4h 7c Tc]
kvcsszblcs: bets $15.38
BoyLoc0: calls $15.38
*** TURN *** [4h 7c Tc] [6h]
kvcsszblcs: bets $80.40 and is all-in
BoyLoc0: folds 
Uncalled bet ($80.40) returned to kvcsszblcs
kvcsszblcs collected $52.76 from pot
kvcsszblcs: doesn't show hand 
*** SUMMARY ***
Total pot $55.26 | Rake $2.50 
Board [4h 7c Tc 6h]
Seat 1: franco232315 (small blind) folded before Flop
Seat 2: kvcsszblcs (big blind) collected ($52.76)
Seat 3: Nazareno1999 folded before Flop (didn't bet)
Seat 4: DJNezz folded before Flop (didn't bet)
Seat 5: iadsan folded before Flop (didn't bet)
Seat 6: BoyLoc0 (button) folded on the Turn



PokerStars Hand #254627542796:  Hold'em No Limit ($0.50/$1.00 USD) - 2025/01/30 20:51:43 WET [2025/01/30 15:51:43 ET]
Table 'Erynia' 6-max Seat #1 is the button
Seat 1: franco232315 ($104.15 in chips) 
Seat 2: kvcsszblcs ($133.16 in chips) 
Seat 3: Nazareno1999 ($105.55 in chips) 
Seat 4: DJNezz ($142.78 in chips) 
Seat 5: iadsan ($134.45 in chips) 
Seat 6: BoyLoc0 ($100 in chips) 
kvcsszblcs: posts small blind $0.50
Nazareno1999: posts big blind $1
*** HOLE CARDS ***
DJNezz: folds 
iadsan: folds 
BoyLoc0: folds 
franco232315: raises $1.50 to $2.50
kvcsszblcs: folds 
Nazareno1999: raises $9 to $11.50
franco232315: calls $9
*** FLOP *** [2s 8h Qh]
Nazareno1999: bets $7.37
iadsan leaves the table
franco232315: calls $7.37
*** TURN *** [2s 8h Qh] [6c]
Nazareno1999: checks 
franco232315: checks 
*** RIVER *** [2s 8h Qh 6c] [2c]
Nazareno1999: bets $26.25
franco232315: calls $26.25
*** SHOW DOWN ***
Nazareno1999: shows [Qc Tc] (two pair, Queens and Deuces)
franco232315: mucks hand 
Nazareno1999 collected $88.24 from pot
*** SUMMARY ***
Total pot $90.74 | Rake $2.50 
Board [2s 8h Qh 6c 2c]
Seat 1: franco232315 (button) mucked
Seat 2: kvcsszblcs (small blind) folded before Flop
Seat 3: Nazareno1999 (big blind) showed [Qc Tc] and won ($88.24) with two pair, Queens and Deuces
Seat 4: DJNezz folded before Flop (didn't bet)
Seat 5: iadsan folded before Flop (didn't bet)
Seat 6: BoyLoc0 folded before Flop (didn't bet)



PokerStars Hand #254627583101:  Hold'em No Limit ($0.50/$1.00 USD) - 2025/01/30 20:53:59 WET [2025/01/30 15:53:59 ET]
Table 'Erynia' 6-max Seat #2 is the button
Seat 1: franco232315 ($100 in chips) 
Seat 2: kvcsszblcs ($132.66 in chips) 
Seat 3: Nazareno1999 ($148.67 in chips) 
Seat 4: DJNezz ($142.78 in chips) 
Seat 6: BoyLoc0 ($100 in chips) 
Nazareno1999: posts small blind $0.50
DJNezz: posts big blind $1
*** HOLE CARDS ***
BoyLoc0: raises $1.50 to $2.50
franco232315: folds 
kvcsszblcs: raises $5.50 to $8
Nazareno1999: folds 
DJNezz: folds 
kuca86 joins the table at seat #5 
BoyLoc0: folds 
Uncalled bet ($5.50) returned to kvcsszblcs
kvcsszblcs collected $6.50 from pot
kvcsszblcs: doesn't show hand 
*** SUMMARY ***
Total pot $6.50 | Rake $0 
Seat 1: franco232315 folded before Flop (didn't bet)
Seat 2: kvcsszblcs (button) collected ($6.50)
Seat 3: Nazareno1999 (small blind) folded before Flop
Seat 4: DJNezz (big blind) folded before Flop
Seat 6: BoyLoc0 folded before Flop



PokerStars Hand #254627594424:  Hold'em No Limit ($0.50/$1.00 USD) - 2025/01/30 20:54:37 WET [2025/01/30 15:54:37 ET]
Table 'Erynia' 6-max Seat #3 is the button
Seat 1: franco232315 ($100 in chips) 
Seat 2: kvcsszblcs ($136.66 in chips) 
Seat 3: Nazareno1999 ($148.17 in chips) 
Seat 4: DJNezz ($141.78 in chips) 
Seat 5: kuca86 ($100 in chips) 
Seat 6: BoyLoc0 ($100 in chips) 
DJNezz: posts small blind $0.50
kuca86: posts big blind $1
*** HOLE CARDS ***
BoyLoc0: raises $1.50 to $2.50
franco232315: folds 
kvcsszblcs: raises $5.50 to $8
Nazareno1999: folds 
DJNezz: folds 
kuca86: folds 
BoyLoc0: calls $5.50
*** FLOP *** [Jh Tc 3c]
BoyLoc0: checks 
kvcsszblcs: bets $6.65
BoyLoc0: calls $6.65
*** TURN *** [Jh Tc 3c] [2h]
BoyLoc0: checks 
kvcsszblcs: bets $21.95
BoyLoc0: calls $21.95
*** RIVER *** [Jh Tc 3c 2h] [6d]
BoyLoc0: checks 
kvcsszblcs: bets $100.06 and is all-in
BoyLoc0: calls $63.40 and is all-in
Uncalled bet ($36.66) returned to kvcsszblcs
*** SHOW DOWN ***
kvcsszblcs: shows [Qh Qc] (a pair of Queens)
BoyLoc0: shows [Qs As] (high card Ace)
kvcsszblcs collected $199 from pot
*** SUMMARY ***
Total pot $201.50 | Rake $2.50 
Board [Jh Tc 3c 2h 6d]
Seat 1: franco232315 folded before Flop (didn't bet)
Seat 2: kvcsszblcs showed [Qh Qc] and won ($199) with a pair of Queens
Seat 3: Nazareno1999 (button) folded before Flop (didn't bet)
Seat 4: DJNezz (small blind) folded before Flop
Seat 5: kuca86 (big blind) folded before Flop
Seat 6: BoyLoc0 showed [Qs As] and lost with high card Ace



PokerStars Hand #254627615098:  Hold'em No Limit ($0.50/$1.00 USD) - 2025/01/30 20:56:00 WET [2025/01/30 15:56:00 ET]
Table 'Erynia' 6-max Seat #5 is the button
Seat 1: franco232315 ($100 in chips) is sitting out
Seat 2: kvcsszblcs ($235.66 in chips) is sitting out
Seat 3: Nazareno1999 ($148.17 in chips) is sitting out
Seat 6: BoyLoc0 ($100 in chips) is sitting out
Seat 4: DJNezz ($141.28 in chips) 
Seat 5: kuca86 ($100 in chips) 
kuca86: posts small blind $0.50
BoyLoc0: is sitting out 
franco232315: is sitting out 
kvcsszblcs: is sitting out 
Nazareno1999: is sitting out 
DJNezz: posts big blind $1
*** HOLE CARDS ***
BoyLoc0 leaves the table
kuca86: raises $1.50 to $2.50
Nazareno1999 leaves the table
franco232315 leaves the table
kvcsszblcs leaves the table
DJNezz: calls $1.50
*** FLOP *** [2d 4d 9d]
DJNezz: checks 
kuca86: bets $1.19
DJNezz: folds 
Uncalled bet ($1.19) returned to kuca86
kuca86 collected $4.75 from pot
kuca86: doesn't show hand 
*** SUMMARY ***
Total pot $5 | Rake $0.25 
Board [2d 4d 9d]
Seat 1: franco232315
Seat 2: kvcsszblcs
Seat 3: Nazareno1999
Seat 6: BoyLoc0
Seat 4: DJNezz (big blind) folded on the Flop
Seat 5: kuca86 (button) (small blind) collected ($4.75)



PokerStars Hand #254627621637:  Hold'em No Limit ($0.50/$1.00 USD) - 2025/01/30 20:56:32 WET [2025/01/30 15:56:32 ET]
Table 'Erynia' 6-max Seat #4 is the button
Seat 4: DJNezz ($138.78 in chips) 
Seat 5: kuca86 ($102.25 in chips) 
DJNezz: posts small blind $0.50
kuca86: posts big blind $1
*** HOLE CARDS ***
DJNezz: raises $2 to $3
kuca86: calls $2
*** FLOP *** [Ks Ah Jd]
kuca86: checks 
DJNezz: bets $2.85
kuca86: calls $2.85
*** TURN *** [Ks Ah Jd] [4c]
kuca86: checks 
DJNezz: checks 
*** RIVER *** [Ks Ah Jd 4c] [9s]
kuca86: bets $4.11
DJNezz: folds 
Uncalled bet ($4.11) returned to kuca86
kuca86 collected $11.12 from pot
kuca86: doesn't show hand 
*** SUMMARY ***
Total pot $11.70 | Rake $0.58 
Board [Ks Ah Jd 4c 9s]
Seat 4: DJNezz (button) (small blind) folded on the River
Seat 5: kuca86 (big blind) collected ($11.12)



