PokerStars Hand #254630051592:  Hold'em No Limit ($0.50/$1.00 USD) - 2025/01/30 23:22:17 WET [2025/01/30 18:22:17 ET]
Table 'Siwa' 6-max Seat #1 is the button
Seat 4: Tibibacsi ($100 in chips) is sitting out
Seat 5: Rezzonner ($100 in chips) is sitting out
Seat 1: S3MPR3IGUAL ($100 in chips) 
Seat 2: olivierd1803 ($66.18 in chips) 
Seat 3: tintin641 ($100 in chips) 
Seat 6: shootingGRID ($134.32 in chips) 
olivierd1803: posts small blind $0.50
tintin641: posts big blind $1
Tibibacsi: sits out 
Rezzonner: sits out 
*** HOLE CARDS ***
shootingGRID: raises $1.25 to $2.25
S3MPR3IGUAL: folds 
olivierd1803: folds 
tintin641: folds 
Uncalled bet ($1.25) returned to shootingGRID
shootingGRID collected $2.50 from pot
*** SUMMARY ***
Total pot $2.50 | Rake $0 
Seat 4: Tibibacsi
Seat 5: Rezzonner
Seat 1: S3MPR3IGUAL (button) folded before Flop (didn't bet)
Seat 2: olivierd1803 (small blind) folded before Flop
Seat 3: tintin641 (big blind) folded before Flop
Seat 6: shootingGRID collected ($2.50)



PokerStars Hand #254630057098:  Hold'em No Limit ($0.50/$1.00 USD) - 2025/01/30 23:22:39 WET [2025/01/30 18:22:39 ET]
Table 'Siwa' 6-max Seat #2 is the button
Seat 5: Rezzonner ($100 in chips) is sitting out
Seat 1: S3MPR3IGUAL ($100 in chips) 
Seat 2: olivierd1803 ($65.68 in chips) 
Seat 3: tintin641 ($100 in chips) 
Seat 4: Tibibacsi ($100 in chips) 
Seat 6: shootingGRID ($135.82 in chips) 
tintin641: posts small blind $0.50
Tibibacsi: posts big blind $1
Rezzonner: sits out 
*** HOLE CARDS ***
shootingGRID: folds 
S3MPR3IGUAL: raises $1.20 to $2.20
olivierd1803: folds 
tintin641: raises $8.80 to $11
Tibibacsi: folds 
S3MPR3IGUAL: calls $8.80
*** FLOP *** [8s 9d 3d]
tintin641: bets $16.39
S3MPR3IGUAL: raises $22.61 to $39
tintin641: raises $50 to $89 and is all-in
S3MPR3IGUAL: calls $50 and is all-in
*** TURN *** [8s 9d 3d] [4h]
*** RIVER *** [8s 9d 3d 4h] [Th]
*** SHOW DOWN ***
tintin641: shows [Qh Qd] (a pair of Queens)
S3MPR3IGUAL: shows [6d 7d] (a straight, Six to Ten)
S3MPR3IGUAL collected $198.50 from pot
*** SUMMARY ***
Total pot $201 | Rake $2.50 
Board [8s 9d 3d 4h Th]
Seat 5: Rezzonner
Seat 1: S3MPR3IGUAL showed [6d 7d] and won ($198.50) with a straight, Six to Ten
Seat 2: olivierd1803 (button) folded before Flop (didn't bet)
Seat 3: tintin641 (small blind) showed [Qh Qd] and lost with a pair of Queens
Seat 4: Tibibacsi (big blind) folded before Flop
Seat 6: shootingGRID folded before Flop (didn't bet)



PokerStars Hand #254630072904:  Hold'em No Limit ($0.50/$1.00 USD) - 2025/01/30 23:23:41 WET [2025/01/30 18:23:41 ET]
Table 'Siwa' 6-max Seat #3 is the button
Seat 1: S3MPR3IGUAL ($198.50 in chips) 
Seat 2: olivierd1803 ($99.43 in chips) 
Seat 3: tintin641 ($100 in chips) 
Seat 4: Tibibacsi ($100 in chips) 
Seat 5: Rezzonner ($100 in chips) 
Seat 6: shootingGRID ($135.82 in chips) 
Tibibacsi: posts small blind $0.50
Rezzonner: posts big blind $1
*** HOLE CARDS ***
shootingGRID: folds 
S3MPR3IGUAL: folds 
olivierd1803: raises $1 to $2
tintin641: folds 
Tibibacsi: raises $7 to $9
Rezzonner: folds 
olivierd1803: calls $7
*** FLOP *** [4d Jc 8c]
Tibibacsi: bets $9.03
olivierd1803: folds 
Uncalled bet ($9.03) returned to Tibibacsi
Tibibacsi collected $18.05 from pot
Tibibacsi: doesn't show hand 
*** SUMMARY ***
Total pot $19 | Rake $0.95 
Board [4d Jc 8c]
Seat 1: S3MPR3IGUAL folded before Flop (didn't bet)
Seat 2: olivierd1803 folded on the Flop
Seat 3: tintin641 (button) folded before Flop (didn't bet)
Seat 4: Tibibacsi (small blind) collected ($18.05)
Seat 5: Rezzonner (big blind) folded before Flop
Seat 6: shootingGRID folded before Flop (didn't bet)



PokerStars Hand #254630083241:  Hold'em No Limit ($0.50/$1.00 USD) - 2025/01/30 23:24:23 WET [2025/01/30 18:24:23 ET]
Table 'Siwa' 6-max Seat #4 is the button
Seat 1: S3MPR3IGUAL ($198.50 in chips) 
Seat 2: olivierd1803 ($90.43 in chips) 
Seat 3: tintin641 ($100 in chips) 
Seat 4: Tibibacsi ($109.05 in chips) 
Seat 5: Rezzonner ($100 in chips) 
Seat 6: shootingGRID ($135.82 in chips) 
Rezzonner: posts small blind $0.50
shootingGRID: posts big blind $1
*** HOLE CARDS ***
S3MPR3IGUAL: folds 
olivierd1803: folds 
tintin641: folds 
Tibibacsi: folds 
Rezzonner: raises $2 to $3
shootingGRID: raises $6 to $9
Rezzonner: raises $13 to $22
shootingGRID: calls $13
*** FLOP *** [2h 5s 8h]
Rezzonner: bets $10.45
shootingGRID: raises $103.37 to $113.82 and is all-in
Rezzonner: calls $67.55 and is all-in
Uncalled bet ($35.82) returned to shootingGRID
*** FIRST TURN *** [2h 5s 8h] [Ac]
*** FIRST RIVER *** [2h 5s 8h Ac] [Kh]
*** SECOND TURN *** [2h 5s 8h] [5d]
*** SECOND RIVER *** [2h 5s 8h 5d] [7c]
*** FIRST SHOW DOWN ***
Rezzonner: shows [Ks As] (two pair, Aces and Kings)
shootingGRID: shows [9c 9h] (a pair of Nines)
Rezzonner collected $98.75 from pot
*** SECOND SHOW DOWN ***
Rezzonner: shows [Ks As] (a pair of Fives)
shootingGRID: shows [9c 9h] (two pair, Nines and Fives)
shootingGRID collected $98.75 from pot
*** SUMMARY ***
Total pot $200 | Rake $2.50 
Hand was run twice
FIRST Board [2h 5s 8h Ac Kh]
SECOND Board [2h 5s 8h 5d 7c]
Seat 1: S3MPR3IGUAL folded before Flop (didn't bet)
Seat 2: olivierd1803 folded before Flop (didn't bet)
Seat 3: tintin641 folded before Flop (didn't bet)
Seat 4: Tibibacsi (button) folded before Flop (didn't bet)
Seat 5: Rezzonner (small blind) showed [Ks As] and won ($98.75) with two pair, Aces and Kings, and lost with a pair of Fives
Seat 6: shootingGRID (big blind) showed [9c 9h] and lost with a pair of Nines, and won ($98.75) with two pair, Nines and Fives



PokerStars Hand #254630108150:  Hold'em No Limit ($0.50/$1.00 USD) - 2025/01/30 23:26:02 WET [2025/01/30 18:26:02 ET]
Table 'Siwa' 6-max Seat #5 is the button
Seat 1: S3MPR3IGUAL ($198.50 in chips) 
Seat 2: olivierd1803 ($90.43 in chips) 
Seat 3: tintin641 ($100 in chips) 
Seat 4: Tibibacsi ($109.05 in chips) 
Seat 5: Rezzonner ($100 in chips) 
Seat 6: shootingGRID ($134.57 in chips) 
shootingGRID: posts small blind $0.50
S3MPR3IGUAL: posts big blind $1
*** HOLE CARDS ***
olivierd1803: folds 
tintin641: raises $1.50 to $2.50
Tibibacsi: folds 
Rezzonner: folds 
shootingGRID: folds 
S3MPR3IGUAL: folds 
Uncalled bet ($1.50) returned to tintin641
tintin641 collected $2.50 from pot
tintin641: doesn't show hand 
*** SUMMARY ***
Total pot $2.50 | Rake $0 
Seat 1: S3MPR3IGUAL (big blind) folded before Flop
Seat 2: olivierd1803 folded before Flop (didn't bet)
Seat 3: tintin641 collected ($2.50)
Seat 4: Tibibacsi folded before Flop (didn't bet)
Seat 5: Rezzonner (button) folded before Flop (didn't bet)
Seat 6: shootingGRID (small blind) folded before Flop



PokerStars Hand #254630112364:  Hold'em No Limit ($0.50/$1.00 USD) - 2025/01/30 23:26:18 WET [2025/01/30 18:26:18 ET]
Table 'Siwa' 6-max Seat #6 is the button
Seat 1: S3MPR3IGUAL ($197.50 in chips) 
Seat 2: olivierd1803 ($90.43 in chips) 
Seat 3: tintin641 ($101.50 in chips) 
Seat 4: Tibibacsi ($109.05 in chips) 
Seat 5: Rezzonner ($100 in chips) 
Seat 6: shootingGRID ($134.07 in chips) 
S3MPR3IGUAL: posts small blind $0.50
olivierd1803: posts big blind $1
*** HOLE CARDS ***
tintin641: folds 
Tibibacsi: folds 
Rezzonner: folds 
shootingGRID: folds 
S3MPR3IGUAL: raises $2 to $3
olivierd1803: calls $2
*** FLOP *** [9d Ks Th]
S3MPR3IGUAL: bets $1.60
olivierd1803: calls $1.60
*** TURN *** [9d Ks Th] [2s]
S3MPR3IGUAL: checks 
olivierd1803: checks 
*** RIVER *** [9d Ks Th 2s] [3h]
S3MPR3IGUAL: checks 
olivierd1803: bets $4.37
S3MPR3IGUAL: folds 
Uncalled bet ($4.37) returned to olivierd1803
olivierd1803 collected $8.74 from pot
*** SUMMARY ***
Total pot $9.20 | Rake $0.46 
Board [9d Ks Th 2s 3h]
Seat 1: S3MPR3IGUAL (small blind) folded on the River
Seat 2: olivierd1803 (big blind) collected ($8.74)
Seat 3: tintin641 folded before Flop (didn't bet)
Seat 4: Tibibacsi folded before Flop (didn't bet)
Seat 5: Rezzonner folded before Flop (didn't bet)
Seat 6: shootingGRID (button) folded before Flop (didn't bet)



PokerStars Hand #254630135295:  Hold'em No Limit ($0.50/$1.00 USD) - 2025/01/30 23:27:50 WET [2025/01/30 18:27:50 ET]
Table 'Siwa' 6-max Seat #1 is the button
Seat 1: S3MPR3IGUAL ($192.90 in chips) 
Seat 2: olivierd1803 ($94.57 in chips) 
Seat 3: tintin641 ($101.50 in chips) 
Seat 4: Tibibacsi ($109.05 in chips) 
Seat 5: Rezzonner ($100 in chips) 
Seat 6: shootingGRID ($134.07 in chips) 
olivierd1803: posts small blind $0.50
tintin641: posts big blind $1
*** HOLE CARDS ***
Tibibacsi: folds 
Rezzonner: folds 
shootingGRID: folds 
S3MPR3IGUAL: raises $1.20 to $2.20
olivierd1803: folds 
tintin641: calls $1.20
*** FLOP *** [3c Qc Ad]
tintin641: checks 
S3MPR3IGUAL: bets $1.30
tintin641: calls $1.30
*** TURN *** [3c Qc Ad] [4d]
tintin641: checks 
S3MPR3IGUAL: checks 
*** RIVER *** [3c Qc Ad 4d] [2c]
tintin641: checks 
S3MPR3IGUAL: bets $11.04
tintin641: folds 
Uncalled bet ($11.04) returned to S3MPR3IGUAL
S3MPR3IGUAL collected $7.12 from pot
S3MPR3IGUAL: doesn't show hand 
*** SUMMARY ***
Total pot $7.50 | Rake $0.38 
Board [3c Qc Ad 4d 2c]
Seat 1: S3MPR3IGUAL (button) collected ($7.12)
Seat 2: olivierd1803 (small blind) folded before Flop
Seat 3: tintin641 (big blind) folded on the River
Seat 4: Tibibacsi folded before Flop (didn't bet)
Seat 5: Rezzonner folded before Flop (didn't bet)
Seat 6: shootingGRID folded before Flop (didn't bet)



PokerStars Hand #254630156531:  Hold'em No Limit ($0.50/$1.00 USD) - 2025/01/30 23:29:16 WET [2025/01/30 18:29:16 ET]
Table 'Siwa' 6-max Seat #2 is the button
Seat 1: S3MPR3IGUAL ($196.52 in chips) 
Seat 2: olivierd1803 ($94.07 in chips) 
Seat 3: tintin641 ($100 in chips) 
Seat 4: Tibibacsi ($109.05 in chips) 
Seat 5: Rezzonner ($100 in chips) 
Seat 6: shootingGRID ($134.07 in chips) 
tintin641: posts small blind $0.50
Tibibacsi: posts big blind $1
*** HOLE CARDS ***
Rezzonner: folds 
shootingGRID: raises $1.25 to $2.25
S3MPR3IGUAL: raises $4.75 to $7
olivierd1803: folds 
tintin641: folds 
Tibibacsi: folds 
shootingGRID: folds 
Uncalled bet ($4.75) returned to S3MPR3IGUAL
S3MPR3IGUAL collected $6 from pot
S3MPR3IGUAL: doesn't show hand 
*** SUMMARY ***
Total pot $6 | Rake $0 
Seat 1: S3MPR3IGUAL collected ($6)
Seat 2: olivierd1803 (button) folded before Flop (didn't bet)
Seat 3: tintin641 (small blind) folded before Flop
Seat 4: Tibibacsi (big blind) folded before Flop
Seat 5: Rezzonner folded before Flop (didn't bet)
Seat 6: shootingGRID folded before Flop



PokerStars Hand #254630167394:  Hold'em No Limit ($0.50/$1.00 USD) - 2025/01/30 23:30:00 WET [2025/01/30 18:30:00 ET]
Table 'Siwa' 6-max Seat #3 is the button
Seat 1: S3MPR3IGUAL ($200.27 in chips) 
Seat 2: olivierd1803 ($94.07 in chips) 
Seat 3: tintin641 ($100 in chips) 
Seat 4: Tibibacsi ($108.05 in chips) 
Seat 5: Rezzonner ($100 in chips) 
Seat 6: shootingGRID ($131.82 in chips) 
Tibibacsi: posts small blind $0.50
Rezzonner: posts big blind $1
*** HOLE CARDS ***
shootingGRID: raises $1.25 to $2.25
S3MPR3IGUAL: folds 
olivierd1803: folds 
tintin641: folds 
Tibibacsi: folds 
Rezzonner: calls $1.25
*** FLOP *** [Qh 2h 7s]
Rezzonner: checks 
shootingGRID: bets $3.56
Rezzonner: calls $3.56
*** TURN *** [Qh 2h 7s] [3d]
Rezzonner: checks 
shootingGRID: bets $8.63
Rezzonner: calls $8.63
*** RIVER *** [Qh 2h 7s 3d] [5s]
Rezzonner: checks 
shootingGRID: bets $20.93
Rezzonner: folds 
Uncalled bet ($20.93) returned to shootingGRID
shootingGRID collected $27.91 from pot
*** SUMMARY ***
Total pot $29.38 | Rake $1.47 
Board [Qh 2h 7s 3d 5s]
Seat 1: S3MPR3IGUAL folded before Flop (didn't bet)
Seat 2: olivierd1803 folded before Flop (didn't bet)
Seat 3: tintin641 (button) folded before Flop (didn't bet)
Seat 4: Tibibacsi (small blind) folded before Flop
Seat 5: Rezzonner (big blind) folded on the River
Seat 6: shootingGRID collected ($27.91)



PokerStars Hand #254630190060:  Hold'em No Limit ($0.50/$1.00 USD) - 2025/01/30 23:31:32 WET [2025/01/30 18:31:32 ET]
Table 'Siwa' 6-max Seat #4 is the button
Seat 1: S3MPR3IGUAL ($200.27 in chips) 
Seat 2: olivierd1803 ($94.07 in chips) 
Seat 3: tintin641 ($100 in chips) 
Seat 4: Tibibacsi ($107.55 in chips) 
Seat 5: Rezzonner ($100 in chips) 
Seat 6: shootingGRID ($145.29 in chips) 
Rezzonner: posts small blind $0.50
shootingGRID: posts big blind $1
*** HOLE CARDS ***
S3MPR3IGUAL: folds 
olivierd1803: folds 
tintin641: raises $1.50 to $2.50
Tibibacsi: folds 
Rezzonner: folds 
shootingGRID: folds 
Uncalled bet ($1.50) returned to tintin641
tintin641 collected $2.50 from pot
tintin641: doesn't show hand 
*** SUMMARY ***
Total pot $2.50 | Rake $0 
Seat 1: S3MPR3IGUAL folded before Flop (didn't bet)
Seat 2: olivierd1803 folded before Flop (didn't bet)
Seat 3: tintin641 collected ($2.50)
Seat 4: Tibibacsi (button) folded before Flop (didn't bet)
Seat 5: Rezzonner (small blind) folded before Flop
Seat 6: shootingGRID (big blind) folded before Flop



PokerStars Hand #254630193468:  Hold'em No Limit ($0.50/$1.00 USD) - 2025/01/30 23:31:46 WET [2025/01/30 18:31:46 ET]
Table 'Siwa' 6-max Seat #5 is the button
Seat 1: S3MPR3IGUAL ($200.27 in chips) 
Seat 2: olivierd1803 ($94.07 in chips) 
Seat 3: tintin641 ($101.50 in chips) 
Seat 4: Tibibacsi ($107.55 in chips) 
Seat 5: Rezzonner ($100 in chips) 
Seat 6: shootingGRID ($144.29 in chips) 
shootingGRID: posts small blind $0.50
S3MPR3IGUAL: posts big blind $1
*** HOLE CARDS ***
olivierd1803: folds 
tintin641: folds 
Tibibacsi: folds 
Rezzonner: folds 
shootingGRID: raises $2 to $3
S3MPR3IGUAL: calls $2
*** FLOP *** [Td Ts Ah]
shootingGRID: bets $1.88
S3MPR3IGUAL: calls $1.88
*** TURN *** [Td Ts Ah] [9h]
shootingGRID: checks 
S3MPR3IGUAL: bets $14.37
shootingGRID: folds 
Uncalled bet ($14.37) returned to S3MPR3IGUAL
S3MPR3IGUAL collected $9.27 from pot
S3MPR3IGUAL: doesn't show hand 
*** SUMMARY ***
Total pot $9.76 | Rake $0.49 
Board [Td Ts Ah 9h]
Seat 1: S3MPR3IGUAL (big blind) collected ($9.27)
Seat 2: olivierd1803 folded before Flop (didn't bet)
Seat 3: tintin641 folded before Flop (didn't bet)
Seat 4: Tibibacsi folded before Flop (didn't bet)
Seat 5: Rezzonner (button) folded before Flop (didn't bet)
Seat 6: shootingGRID (small blind) folded on the Turn



PokerStars Hand #254630210758:  Hold'em No Limit ($0.50/$1.00 USD) - 2025/01/30 23:32:57 WET [2025/01/30 18:32:57 ET]
Table 'Siwa' 6-max Seat #6 is the button
Seat 1: S3MPR3IGUAL ($204.66 in chips) 
Seat 2: olivierd1803 ($94.07 in chips) 
Seat 3: tintin641 ($101.50 in chips) 
Seat 4: Tibibacsi ($107.55 in chips) 
Seat 5: Rezzonner ($100 in chips) 
Seat 6: shootingGRID ($139.41 in chips) 
S3MPR3IGUAL: posts small blind $0.50
olivierd1803: posts big blind $1
*** HOLE CARDS ***
tintin641: folds 
Tibibacsi: folds 
Rezzonner: folds 
shootingGRID: folds 
S3MPR3IGUAL: folds 
Uncalled bet ($0.50) returned to olivierd1803
olivierd1803 collected $1 from pot
*** SUMMARY ***
Total pot $1 | Rake $0 
Seat 1: S3MPR3IGUAL (small blind) folded before Flop
Seat 2: olivierd1803 (big blind) collected ($1)
Seat 3: tintin641 folded before Flop (didn't bet)
Seat 4: Tibibacsi folded before Flop (didn't bet)
Seat 5: Rezzonner folded before Flop (didn't bet)
Seat 6: shootingGRID (button) folded before Flop (didn't bet)



PokerStars Hand #254630213831:  Hold'em No Limit ($0.50/$1.00 USD) - 2025/01/30 23:33:10 WET [2025/01/30 18:33:10 ET]
Table 'Siwa' 6-max Seat #1 is the button
Seat 1: S3MPR3IGUAL ($204.16 in chips) 
Seat 2: olivierd1803 ($94.57 in chips) 
Seat 3: tintin641 ($101.50 in chips) 
Seat 4: Tibibacsi ($107.55 in chips) 
Seat 5: Rezzonner ($100 in chips) 
Seat 6: shootingGRID ($139.41 in chips) 
olivierd1803: posts small blind $0.50
tintin641: posts big blind $1
*** HOLE CARDS ***
Tibibacsi: folds 
Rezzonner: folds 
shootingGRID: raises $1.25 to $2.25
S3MPR3IGUAL: folds 
olivierd1803: folds 
tintin641: folds 
Uncalled bet ($1.25) returned to shootingGRID
shootingGRID collected $2.50 from pot
*** SUMMARY ***
Total pot $2.50 | Rake $0 
Seat 1: S3MPR3IGUAL (button) folded before Flop (didn't bet)
Seat 2: olivierd1803 (small blind) folded before Flop
Seat 3: tintin641 (big blind) folded before Flop
Seat 4: Tibibacsi folded before Flop (didn't bet)
Seat 5: Rezzonner folded before Flop (didn't bet)
Seat 6: shootingGRID collected ($2.50)



PokerStars Hand #254630217533:  Hold'em No Limit ($0.50/$1.00 USD) - 2025/01/30 23:33:25 WET [2025/01/30 18:33:25 ET]
Table 'Siwa' 6-max Seat #2 is the button
Seat 1: S3MPR3IGUAL ($204.16 in chips) 
Seat 2: olivierd1803 ($94.07 in chips) 
Seat 3: tintin641 ($100.50 in chips) 
Seat 4: Tibibacsi ($107.55 in chips) 
Seat 5: Rezzonner ($100 in chips) 
Seat 6: shootingGRID ($140.91 in chips) 
tintin641: posts small blind $0.50
Tibibacsi: posts big blind $1
*** HOLE CARDS ***
Rezzonner: folds 
shootingGRID: folds 
S3MPR3IGUAL: folds 
olivierd1803: folds 
tintin641: folds 
Uncalled bet ($0.50) returned to Tibibacsi
Tibibacsi collected $1 from pot
Tibibacsi: doesn't show hand 
*** SUMMARY ***
Total pot $1 | Rake $0 
Seat 1: S3MPR3IGUAL folded before Flop (didn't bet)
Seat 2: olivierd1803 (button) folded before Flop (didn't bet)
Seat 3: tintin641 (small blind) folded before Flop
Seat 4: Tibibacsi (big blind) collected ($1)
Seat 5: Rezzonner folded before Flop (didn't bet)
Seat 6: shootingGRID folded before Flop (didn't bet)



PokerStars Hand #254630221093:  Hold'em No Limit ($0.50/$1.00 USD) - 2025/01/30 23:33:40 WET [2025/01/30 18:33:40 ET]
Table 'Siwa' 6-max Seat #3 is the button
Seat 1: S3MPR3IGUAL ($204.16 in chips) 
Seat 2: olivierd1803 ($94.07 in chips) 
Seat 3: tintin641 ($100 in chips) 
Seat 4: Tibibacsi ($108.05 in chips) 
Seat 5: Rezzonner ($100 in chips) 
Seat 6: shootingGRID ($140.91 in chips) 
Tibibacsi: posts small blind $0.50
Rezzonner: posts big blind $1
*** HOLE CARDS ***
shootingGRID: folds 
S3MPR3IGUAL: raises $1.20 to $2.20
olivierd1803: folds 
tintin641: folds 
Tibibacsi: folds 
Rezzonner: folds 
Uncalled bet ($1.20) returned to S3MPR3IGUAL
S3MPR3IGUAL collected $2.50 from pot
S3MPR3IGUAL: doesn't show hand 
*** SUMMARY ***
Total pot $2.50 | Rake $0 
Seat 1: S3MPR3IGUAL collected ($2.50)
Seat 2: olivierd1803 folded before Flop (didn't bet)
Seat 3: tintin641 (button) folded before Flop (didn't bet)
Seat 4: Tibibacsi (small blind) folded before Flop
Seat 5: Rezzonner (big blind) folded before Flop
Seat 6: shootingGRID folded before Flop (didn't bet)



PokerStars Hand #254630223975:  Hold'em No Limit ($0.50/$1.00 USD) - 2025/01/30 23:33:52 WET [2025/01/30 18:33:52 ET]
Table 'Siwa' 6-max Seat #4 is the button
Seat 1: S3MPR3IGUAL ($205.66 in chips) 
Seat 2: olivierd1803 ($94.07 in chips) 
Seat 3: tintin641 ($100 in chips) 
Seat 4: Tibibacsi ($107.55 in chips) 
Seat 5: Rezzonner ($100 in chips) 
Seat 6: shootingGRID ($140.91 in chips) 
Rezzonner: posts small blind $0.50
shootingGRID: posts big blind $1
*** HOLE CARDS ***
S3MPR3IGUAL: folds 
olivierd1803: folds 
tintin641: folds 
Tibibacsi: raises $1.50 to $2.50
Rezzonner: folds 
shootingGRID: folds 
Uncalled bet ($1.50) returned to Tibibacsi
Tibibacsi collected $2.50 from pot
Tibibacsi: doesn't show hand 
*** SUMMARY ***
Total pot $2.50 | Rake $0 
Seat 1: S3MPR3IGUAL folded before Flop (didn't bet)
Seat 2: olivierd1803 folded before Flop (didn't bet)
Seat 3: tintin641 folded before Flop (didn't bet)
Seat 4: Tibibacsi (button) collected ($2.50)
Seat 5: Rezzonner (small blind) folded before Flop
Seat 6: shootingGRID (big blind) folded before Flop



PokerStars Hand #254630228044:  Hold'em No Limit ($0.50/$1.00 USD) - 2025/01/30 23:34:08 WET [2025/01/30 18:34:08 ET]
Table 'Siwa' 6-max Seat #5 is the button
Seat 1: S3MPR3IGUAL ($205.66 in chips) 
Seat 2: olivierd1803 ($94.07 in chips) 
Seat 3: tintin641 ($100 in chips) 
Seat 4: Tibibacsi ($109.05 in chips) 
Seat 5: Rezzonner ($100 in chips) 
Seat 6: shootingGRID ($139.91 in chips) 
shootingGRID: posts small blind $0.50
S3MPR3IGUAL: posts big blind $1
*** HOLE CARDS ***
olivierd1803: folds 
tintin641: folds 
Tibibacsi: folds 
Rezzonner: raises $1.50 to $2.50
shootingGRID: folds 
S3MPR3IGUAL: calls $1.50
*** FLOP *** [7s Ks Ts]
S3MPR3IGUAL: checks 
Rezzonner: checks 
*** TURN *** [7s Ks Ts] [Qh]
S3MPR3IGUAL: checks 
Rezzonner: bets $3.13
S3MPR3IGUAL: calls $3.13
*** RIVER *** [7s Ks Ts Qh] [Qs]
S3MPR3IGUAL: checks 
Rezzonner: checks 
*** SHOW DOWN ***
S3MPR3IGUAL: shows [4d 4s] (a flush, King high)
Rezzonner: shows [6d 6s] (a flush, King high - Six higher)
Rezzonner collected $11.17 from pot
*** SUMMARY ***
Total pot $11.76 | Rake $0.59 
Board [7s Ks Ts Qh Qs]
Seat 1: S3MPR3IGUAL (big blind) showed [4d 4s] and lost with a flush, King high
Seat 2: olivierd1803 folded before Flop (didn't bet)
Seat 3: tintin641 folded before Flop (didn't bet)
Seat 4: Tibibacsi folded before Flop (didn't bet)
Seat 5: Rezzonner (button) showed [6d 6s] and won ($11.17) with a flush, King high
Seat 6: shootingGRID (small blind) folded before Flop



PokerStars Hand #254630239370:  Hold'em No Limit ($0.50/$1.00 USD) - 2025/01/30 23:34:55 WET [2025/01/30 18:34:55 ET]
Table 'Siwa' 6-max Seat #6 is the button
Seat 1: S3MPR3IGUAL ($200.03 in chips) 
Seat 2: olivierd1803 ($94.07 in chips) 
Seat 3: tintin641 ($100 in chips) 
Seat 4: Tibibacsi ($109.05 in chips) 
Seat 5: Rezzonner ($105.54 in chips) 
Seat 6: shootingGRID ($139.41 in chips) 
S3MPR3IGUAL: posts small blind $0.50
olivierd1803: posts big blind $1
*** HOLE CARDS ***
tintin641: folds 
Tibibacsi: folds 
Rezzonner: folds 
shootingGRID: raises $1.50 to $2.50
S3MPR3IGUAL: folds 
olivierd1803: calls $1.50
*** FLOP *** [9s Ah Kd]
olivierd1803: checks 
shootingGRID: bets $1.72
olivierd1803: calls $1.72
*** TURN *** [9s Ah Kd] [8d]
olivierd1803: checks 
shootingGRID: checks 
*** RIVER *** [9s Ah Kd 8d] [5s]
olivierd1803: checks 
shootingGRID: checks 
*** SHOW DOWN ***
olivierd1803: shows [9c 7s] (a pair of Nines)
shootingGRID: shows [2c Ac] (a pair of Aces)
shootingGRID collected $8.49 from pot
*** SUMMARY ***
Total pot $8.94 | Rake $0.45 
Board [9s Ah Kd 8d 5s]
Seat 1: S3MPR3IGUAL (small blind) folded before Flop
Seat 2: olivierd1803 (big blind) showed [9c 7s] and lost with a pair of Nines
Seat 3: tintin641 folded before Flop (didn't bet)
Seat 4: Tibibacsi folded before Flop (didn't bet)
Seat 5: Rezzonner folded before Flop (didn't bet)
Seat 6: shootingGRID (button) showed [2c Ac] and won ($8.49) with a pair of Aces



PokerStars Hand #254630247811:  Hold'em No Limit ($0.50/$1.00 USD) - 2025/01/30 23:35:29 WET [2025/01/30 18:35:29 ET]
Table 'Siwa' 6-max Seat #1 is the button
Seat 1: S3MPR3IGUAL ($199.53 in chips) 
Seat 2: olivierd1803 ($89.85 in chips) 
Seat 3: tintin641 ($100 in chips) 
Seat 4: Tibibacsi ($109.05 in chips) 
Seat 5: Rezzonner ($105.54 in chips) 
Seat 6: shootingGRID ($143.68 in chips) 
olivierd1803: posts small blind $0.50
tintin641: posts big blind $1
*** HOLE CARDS ***
Tibibacsi: folds 
Rezzonner: raises $1.50 to $2.50
shootingGRID: folds 
S3MPR3IGUAL: raises $5 to $7.50
olivierd1803: folds 
tintin641: folds 
Rezzonner: folds 
Uncalled bet ($5) returned to S3MPR3IGUAL
S3MPR3IGUAL collected $6.50 from pot
S3MPR3IGUAL: doesn't show hand 
*** SUMMARY ***
Total pot $6.50 | Rake $0 
Seat 1: S3MPR3IGUAL (button) collected ($6.50)
Seat 2: olivierd1803 (small blind) folded before Flop
Seat 3: tintin641 (big blind) folded before Flop
Seat 4: Tibibacsi folded before Flop (didn't bet)
Seat 5: Rezzonner folded before Flop
Seat 6: shootingGRID folded before Flop (didn't bet)



PokerStars Hand #254630251779:  Hold'em No Limit ($0.50/$1.00 USD) - 2025/01/30 23:35:46 WET [2025/01/30 18:35:46 ET]
Table 'Siwa' 6-max Seat #2 is the button
Seat 1: S3MPR3IGUAL ($203.53 in chips) 
Seat 2: olivierd1803 ($89.35 in chips) 
Seat 3: tintin641 ($100 in chips) 
Seat 4: Tibibacsi ($109.05 in chips) 
Seat 5: Rezzonner ($103.04 in chips) 
Seat 6: shootingGRID ($143.68 in chips) 
tintin641: posts small blind $0.50
Tibibacsi: posts big blind $1
*** HOLE CARDS ***
Rezzonner: folds 
shootingGRID: folds 
S3MPR3IGUAL: raises $1.20 to $2.20
olivierd1803: calls $2.20
tintin641: raises $11.30 to $13.50
Tibibacsi: folds 
S3MPR3IGUAL: folds 
olivierd1803: folds 
Uncalled bet ($11.30) returned to tintin641
tintin641 collected $7.60 from pot
tintin641: doesn't show hand 
*** SUMMARY ***
Total pot $7.60 | Rake $0 
Seat 1: S3MPR3IGUAL folded before Flop
Seat 2: olivierd1803 (button) folded before Flop
Seat 3: tintin641 (small blind) collected ($7.60)
Seat 4: Tibibacsi (big blind) folded before Flop
Seat 5: Rezzonner folded before Flop (didn't bet)
Seat 6: shootingGRID folded before Flop (didn't bet)



PokerStars Hand #254630258684:  Hold'em No Limit ($0.50/$1.00 USD) - 2025/01/30 23:36:14 WET [2025/01/30 18:36:14 ET]
Table 'Siwa' 6-max Seat #3 is the button
Seat 1: S3MPR3IGUAL ($201.33 in chips) 
Seat 2: olivierd1803 ($87.15 in chips) 
Seat 3: tintin641 ($105.40 in chips) 
Seat 4: Tibibacsi ($108.05 in chips) 
Seat 5: Rezzonner ($103.04 in chips) 
Seat 6: shootingGRID ($143.68 in chips) 
Tibibacsi: posts small blind $0.50
Rezzonner: posts big blind $1
*** HOLE CARDS ***
shootingGRID: folds 
S3MPR3IGUAL: raises $1.20 to $2.20
olivierd1803: calls $2.20
tintin641: folds 
Tibibacsi: raises $10.80 to $13
Rezzonner: folds 
S3MPR3IGUAL: calls $10.80
olivierd1803: folds 
*** FLOP *** [9c 3c 5h]
Tibibacsi: bets $20.81
S3MPR3IGUAL: calls $20.81
*** TURN *** [9c 3c 5h] [5s]
Tibibacsi: checks 
S3MPR3IGUAL: bets $167.52 and is all-in
Tibibacsi: calls $74.24 and is all-in
Uncalled bet ($93.28) returned to S3MPR3IGUAL
*** RIVER *** [9c 3c 5h 5s] [4h]
*** SHOW DOWN ***
Tibibacsi: shows [Kc Kh] (two pair, Kings and Fives)
S3MPR3IGUAL: shows [Ts Td] (two pair, Tens and Fives)
Tibibacsi collected $216.80 from pot
*** SUMMARY ***
Total pot $219.30 | Rake $2.50 
Board [9c 3c 5h 5s 4h]
Seat 1: S3MPR3IGUAL showed [Ts Td] and lost with two pair, Tens and Fives
Seat 2: olivierd1803 folded before Flop
Seat 3: tintin641 (button) folded before Flop (didn't bet)
Seat 4: Tibibacsi (small blind) showed [Kc Kh] and won ($216.80) with two pair, Kings and Fives
Seat 5: Rezzonner (big blind) folded before Flop
Seat 6: shootingGRID folded before Flop (didn't bet)



PokerStars Hand #254630395866:  Hold'em No Limit ($0.50/$1.00 USD) - 2025/01/30 23:45:49 WET [2025/01/30 18:45:49 ET]
Table 'Siwa' 6-max Seat #4 is the button
Seat 6: shootingGRID ($139.99 in chips) is sitting out
Seat 2: I TAKE IT 85 ($105.25 in chips) 
Seat 4: kuca86 ($100 in chips) 
kuca86: posts small blind $0.50
I TAKE IT 85: posts big blind $1
*** HOLE CARDS ***
kuca86: raises $1.50 to $2.50
I TAKE IT 85: folds 
Uncalled bet ($1.50) returned to kuca86
kuca86 collected $2 from pot
kuca86: doesn't show hand 
*** SUMMARY ***
Total pot $2 | Rake $0 
Seat 6: shootingGRID
Seat 2: I TAKE IT 85 (big blind) folded before Flop
Seat 4: kuca86 (button) (small blind) collected ($2)



PokerStars Hand #254630400927:  Hold'em No Limit ($0.50/$1.00 USD) - 2025/01/30 23:46:11 WET [2025/01/30 18:46:11 ET]
Table 'Siwa' 6-max Seat #2 is the button
Seat 6: shootingGRID ($139.99 in chips) is sitting out
Seat 2: I TAKE IT 85 ($104.25 in chips) 
Seat 4: kuca86 ($101 in chips) 
I TAKE IT 85: posts small blind $0.50
kuca86: posts big blind $1
*** HOLE CARDS ***
I TAKE IT 85: raises $1.50 to $2.50
kuca86: folds 
Uncalled bet ($1.50) returned to I TAKE IT 85
I TAKE IT 85 collected $2 from pot
I TAKE IT 85: doesn't show hand 
*** SUMMARY ***
Total pot $2 | Rake $0 
Seat 6: shootingGRID
Seat 2: I TAKE IT 85 (button) (small blind) collected ($2)
Seat 4: kuca86 (big blind) folded before Flop



PokerStars Hand #254630403075:  Hold'em No Limit ($0.50/$1.00 USD) - 2025/01/30 23:46:20 WET [2025/01/30 18:46:20 ET]
Table 'Siwa' 6-max Seat #4 is the button
Seat 6: shootingGRID ($139.99 in chips) is sitting out
Seat 2: I TAKE IT 85 ($105.25 in chips) 
Seat 4: kuca86 ($100 in chips) 
kuca86: posts small blind $0.50
I TAKE IT 85: posts big blind $1
*** HOLE CARDS ***
kuca86: raises $1.50 to $2.50
I TAKE IT 85: calls $1.50
*** FLOP *** [2h Ad 6h]
I TAKE IT 85: checks 
kuca86: bets $1.76
I TAKE IT 85: calls $1.76
*** TURN *** [2h Ad 6h] [9d]
I TAKE IT 85: checks 
kuca86: bets $5.66
shootingGRID leaves the table
I TAKE IT 85: calls $5.66
*** RIVER *** [2h Ad 6h 9d] [6d]
I TAKE IT 85: checks 
kuca86: bets $21.68
I TAKE IT 85: folds 
Uncalled bet ($21.68) returned to kuca86
kuca86 collected $18.85 from pot
kuca86: doesn't show hand 
*** SUMMARY ***
Total pot $19.84 | Rake $0.99 
Board [2h Ad 6h 9d 6d]
Seat 6: shootingGRID
Seat 2: I TAKE IT 85 (big blind) folded on the River
Seat 4: kuca86 (button) (small blind) collected ($18.85)



PokerStars Hand #254630422009:  Hold'em No Limit ($0.50/$1.00 USD) - 2025/01/30 23:47:42 WET [2025/01/30 18:47:42 ET]
Table 'Siwa' 6-max Seat #2 is the button
Seat 2: I TAKE IT 85 ($100 in chips) 
Seat 4: kuca86 ($108.93 in chips) 
I TAKE IT 85: posts small blind $0.50
kuca86: posts big blind $1
*** HOLE CARDS ***
I TAKE IT 85: raises $1.50 to $2.50
kuca86: folds 
Uncalled bet ($1.50) returned to I TAKE IT 85
I TAKE IT 85 collected $2 from pot
I TAKE IT 85: doesn't show hand 
*** SUMMARY ***
Total pot $2 | Rake $0 
Seat 2: I TAKE IT 85 (button) (small blind) collected ($2)
Seat 4: kuca86 (big blind) folded before Flop



PokerStars Hand #254630425010:  Hold'em No Limit ($0.50/$1.00 USD) - 2025/01/30 23:47:55 WET [2025/01/30 18:47:55 ET]
Table 'Siwa' 6-max Seat #4 is the button
Seat 2: I TAKE IT 85 ($101 in chips) 
Seat 4: kuca86 ($107.93 in chips) 
kuca86: posts small blind $0.50
I TAKE IT 85: posts big blind $1
*** HOLE CARDS ***
kuca86: folds 
Uncalled bet ($0.50) returned to I TAKE IT 85
I TAKE IT 85 collected $1 from pot
I TAKE IT 85: doesn't show hand 
*** SUMMARY ***
Total pot $1 | Rake $0 
Seat 2: I TAKE IT 85 (big blind) collected ($1)
Seat 4: kuca86 (button) (small blind) folded before Flop



PokerStars Hand #254630426612:  Hold'em No Limit ($0.50/$1.00 USD) - 2025/01/30 23:48:02 WET [2025/01/30 18:48:02 ET]
Table 'Siwa' 6-max Seat #2 is the button
Seat 2: I TAKE IT 85 ($101.50 in chips) 
Seat 4: kuca86 ($107.43 in chips) 
I TAKE IT 85: posts small blind $0.50
kuca86: posts big blind $1
*** HOLE CARDS ***
I TAKE IT 85: raises $1.50 to $2.50
kuca86: raises $7.50 to $10
I TAKE IT 85: folds 
Uncalled bet ($7.50) returned to kuca86
kuca86 collected $5 from pot
kuca86: doesn't show hand 
*** SUMMARY ***
Total pot $5 | Rake $0 
Seat 2: I TAKE IT 85 (button) (small blind) folded before Flop
Seat 4: kuca86 (big blind) collected ($5)



PokerStars Hand #254630431532:  Hold'em No Limit ($0.50/$1.00 USD) - 2025/01/30 23:48:23 WET [2025/01/30 18:48:23 ET]
Table 'Siwa' 6-max Seat #4 is the button
Seat 2: I TAKE IT 85 ($100 in chips) 
Seat 4: kuca86 ($109.93 in chips) 
kuca86: posts small blind $0.50
I TAKE IT 85: posts big blind $1
*** HOLE CARDS ***
kuca86: folds 
Uncalled bet ($0.50) returned to I TAKE IT 85
kuca86 leaves the table
I TAKE IT 85 collected $1 from pot
I TAKE IT 85: doesn't show hand 
*** SUMMARY ***
Total pot $1 | Rake $0 
Seat 2: I TAKE IT 85 (big blind) collected ($1)
Seat 4: kuca86 (button) (small blind) folded before Flop



