PokerStars Hand #254631755027:  Hold'em No Limit ($0.50/$1.00 USD) - 2025/01/30 1:46:30 WET [2025/01/30 20:46:30 ET]
Table 'Anchises' 6-max Seat #4 is the button
Seat 2: tomas94b ($100.50 in chips) 
Seat 3: Timonessb ($100 in chips) 
Seat 4: nikalas22 ($103.50 in chips) 
tomas94b: posts small blind $0.50
Timonessb: posts big blind $1
*** HOLE CARDS ***
nikalas22: folds 
tomas94b: folds 
Uncalled bet ($0.50) returned to Timonessb
Timonessb collected $1 from pot
nikalas22 leaves the table
*** SUMMARY ***
Total pot $1 | Rake $0 
Seat 2: tomas94b (small blind) folded before Flop
Seat 3: Timonessb (big blind) collected ($1)
Seat 4: nikalas22 (button) folded before Flop (didn't bet)



PokerStars Hand #254631757367:  Hold'em No Limit ($0.50/$1.00 USD) - 2025/01/30 1:46:44 WET [2025/01/30 20:46:44 ET]
Table 'Anchises' 6-max Seat #3 is the button
Seat 2: tomas94b ($100 in chips) 
Seat 3: Timonessb ($100.50 in chips) 
Timonessb: posts small blind $0.50
tomas94b: posts big blind $1
*** HOLE CARDS ***
Timonessb: folds 
Uncalled bet ($0.50) returned to tomas94b
tomas94b collected $1 from pot
*** SUMMARY ***
Total pot $1 | Rake $0 
Seat 2: tomas94b (big blind) collected ($1)
Seat 3: Timonessb (button) (small blind) folded before Flop



PokerStars Hand #254631758209:  Hold'em No Limit ($0.50/$1.00 USD) - 2025/01/30 1:46:49 WET [2025/01/30 20:46:49 ET]
Table 'Anchises' 6-max Seat #2 is the button
Seat 2: tomas94b ($100.50 in chips) 
Seat 3: Timonessb ($100 in chips) 
tomas94b: posts small blind $0.50
Timonessb: posts big blind $1
*** HOLE CARDS ***
nikalas22 joins the table at seat #6 
tomas94b: raises $2 to $3
Timonessb: folds 
Uncalled bet ($2) returned to tomas94b
tomas94b collected $2 from pot
*** SUMMARY ***
Total pot $2 | Rake $0 
Seat 2: tomas94b (button) (small blind) collected ($2)
Seat 3: Timonessb (big blind) folded before Flop



PokerStars Hand #254631759728:  Hold'em No Limit ($0.50/$1.00 USD) - 2025/01/30 1:46:58 WET [2025/01/30 20:46:58 ET]
Table 'Anchises' 6-max Seat #2 is the button
Seat 2: tomas94b ($101.50 in chips) 
Seat 3: Timonessb ($100 in chips) 
Seat 6: nikalas22 ($103.50 in chips) 
Timonessb: posts small blind $0.50
nikalas22: posts big blind $1
*** HOLE CARDS ***
tomas94b: folds 
Timonessb: raises $2 to $3
nikalas22: calls $2
*** FLOP *** [7s 6d 6c]
Timonessb: checks 
nikalas22: bets $1.71
Timonessb: calls $1.71
*** TURN *** [7s 6d 6c] [6s]
Timonessb: bets $2.95
nikalas22: calls $2.95
*** RIVER *** [7s 6d 6c 6s] [Kc]
Timonessb: checks 
nikalas22: checks 
*** SHOW DOWN ***
Timonessb: shows [Jd Qh] (three of a kind, Sixes)
nikalas22: shows [8c 7d] (a full house, Sixes full of Sevens)
nikalas22 collected $14.55 from pot
*** SUMMARY ***
Total pot $15.32 | Rake $0.77 
Board [7s 6d 6c 6s Kc]
Seat 2: tomas94b (button) folded before Flop (didn't bet)
Seat 3: Timonessb (small blind) showed [Jd Qh] and lost with three of a kind, Sixes
Seat 6: nikalas22 (big blind) showed [8c 7d] and won ($14.55) with a full house, Sixes full of Sevens



PokerStars Hand #254631763677:  Hold'em No Limit ($0.50/$1.00 USD) - 2025/01/30 1:47:21 WET [2025/01/30 20:47:21 ET]
Table 'Anchises' 6-max Seat #3 is the button
Seat 2: tomas94b ($101.50 in chips) 
Seat 3: Timonessb ($100 in chips) 
Seat 6: nikalas22 ($110.39 in chips) 
nikalas22: posts small blind $0.50
tomas94b: posts big blind $1
*** HOLE CARDS ***
Timonessb: raises $1.50 to $2.50
nikalas22: folds 
tomas94b: folds 
Uncalled bet ($1.50) returned to Timonessb
Timonessb collected $2.50 from pot
*** SUMMARY ***
Total pot $2.50 | Rake $0 
Seat 2: tomas94b (big blind) folded before Flop
Seat 3: Timonessb (button) collected ($2.50)
Seat 6: nikalas22 (small blind) folded before Flop



PokerStars Hand #254631765281:  Hold'em No Limit ($0.50/$1.00 USD) - 2025/01/30 1:47:31 WET [2025/01/30 20:47:31 ET]
Table 'Anchises' 6-max Seat #6 is the button
Seat 2: tomas94b ($100.50 in chips) 
Seat 3: Timonessb ($101.50 in chips) 
Seat 6: nikalas22 ($109.89 in chips) 
tomas94b: posts small blind $0.50
Timonessb: posts big blind $1
*** HOLE CARDS ***
nikalas22: folds 
tomas94b: folds 
Uncalled bet ($0.50) returned to Timonessb
Timonessb collected $1 from pot
*** SUMMARY ***
Total pot $1 | Rake $0 
Seat 2: tomas94b (small blind) folded before Flop
Seat 3: Timonessb (big blind) collected ($1)
Seat 6: nikalas22 (button) folded before Flop (didn't bet)



PokerStars Hand #254631766872:  Hold'em No Limit ($0.50/$1.00 USD) - 2025/01/30 1:47:40 WET [2025/01/30 20:47:40 ET]
Table 'Anchises' 6-max Seat #2 is the button
Seat 2: tomas94b ($100 in chips) 
Seat 3: Timonessb ($102 in chips) 
Seat 6: nikalas22 ($109.89 in chips) 
Timonessb: posts small blind $0.50
nikalas22: posts big blind $1
*** HOLE CARDS ***
tomas94b: raises $2.50 to $3.50
Timonessb: folds 
nikalas22: folds 
Uncalled bet ($2.50) returned to tomas94b
tomas94b collected $2.50 from pot
*** SUMMARY ***
Total pot $2.50 | Rake $0 
Seat 2: tomas94b (button) collected ($2.50)
Seat 3: Timonessb (small blind) folded before Flop
Seat 6: nikalas22 (big blind) folded before Flop



PokerStars Hand #254631769452:  Hold'em No Limit ($0.50/$1.00 USD) - 2025/01/30 1:47:56 WET [2025/01/30 20:47:56 ET]
Table 'Anchises' 6-max Seat #3 is the button
Seat 2: tomas94b ($101.50 in chips) 
Seat 3: Timonessb ($101.50 in chips) 
Seat 6: nikalas22 ($108.89 in chips) 
nikalas22: posts small blind $0.50
tomas94b: posts big blind $1
*** HOLE CARDS ***
Timonessb: folds 
nikalas22: folds 
Uncalled bet ($0.50) returned to tomas94b
tomas94b collected $1 from pot
*** SUMMARY ***
Total pot $1 | Rake $0 
Seat 2: tomas94b (big blind) collected ($1)
Seat 3: Timonessb (button) folded before Flop (didn't bet)
Seat 6: nikalas22 (small blind) folded before Flop



PokerStars Hand #254631771065:  Hold'em No Limit ($0.50/$1.00 USD) - 2025/01/30 1:48:05 WET [2025/01/30 20:48:05 ET]
Table 'Anchises' 6-max Seat #6 is the button
Seat 2: tomas94b ($102 in chips) 
Seat 3: Timonessb ($101.50 in chips) 
Seat 6: nikalas22 ($108.39 in chips) 
tomas94b: posts small blind $0.50
Timonessb: posts big blind $1
*** HOLE CARDS ***
nikalas22: raises $1.50 to $2.50
tomas94b: folds 
Timonessb: folds 
Uncalled bet ($1.50) returned to nikalas22
nikalas22 collected $2.50 from pot
nikalas22: doesn't show hand 
*** SUMMARY ***
Total pot $2.50 | Rake $0 
Seat 2: tomas94b (small blind) folded before Flop
Seat 3: Timonessb (big blind) folded before Flop
Seat 6: nikalas22 (button) collected ($2.50)



PokerStars Hand #254631772594:  Hold'em No Limit ($0.50/$1.00 USD) - 2025/01/30 1:48:15 WET [2025/01/30 20:48:15 ET]
Table 'Anchises' 6-max Seat #2 is the button
Seat 2: tomas94b ($101.50 in chips) 
Seat 3: Timonessb ($100.50 in chips) 
Seat 6: nikalas22 ($109.89 in chips) 
Timonessb: posts small blind $0.50
nikalas22: posts big blind $1
*** HOLE CARDS ***
tomas94b: raises $2.50 to $3.50
Timonessb: folds 
nikalas22: folds 
Uncalled bet ($2.50) returned to tomas94b
tomas94b collected $2.50 from pot
*** SUMMARY ***
Total pot $2.50 | Rake $0 
Seat 2: tomas94b (button) collected ($2.50)
Seat 3: Timonessb (small blind) folded before Flop
Seat 6: nikalas22 (big blind) folded before Flop



PokerStars Hand #254631775254:  Hold'em No Limit ($0.50/$1.00 USD) - 2025/01/30 1:48:31 WET [2025/01/30 20:48:31 ET]
Table 'Anchises' 6-max Seat #3 is the button
Seat 2: tomas94b ($103 in chips) 
Seat 3: Timonessb ($100 in chips) 
Seat 6: nikalas22 ($108.89 in chips) 
nikalas22: posts small blind $0.50
tomas94b: posts big blind $1
*** HOLE CARDS ***
Timonessb: raises $1.50 to $2.50
nikalas22: folds 
tomas94b: folds 
Uncalled bet ($1.50) returned to Timonessb
Timonessb collected $2.50 from pot
*** SUMMARY ***
Total pot $2.50 | Rake $0 
Seat 2: tomas94b (big blind) folded before Flop
Seat 3: Timonessb (button) collected ($2.50)
Seat 6: nikalas22 (small blind) folded before Flop



PokerStars Hand #254631776928:  Hold'em No Limit ($0.50/$1.00 USD) - 2025/01/30 1:48:41 WET [2025/01/30 20:48:41 ET]
Table 'Anchises' 6-max Seat #6 is the button
Seat 2: tomas94b ($102 in chips) 
Seat 3: Timonessb ($101.50 in chips) 
Seat 6: nikalas22 ($108.39 in chips) 
tomas94b: posts small blind $0.50
Timonessb: posts big blind $1
*** HOLE CARDS ***
nikalas22: folds 
tomas94b: raises $2 to $3
Timonessb: folds 
Uncalled bet ($2) returned to tomas94b
tomas94b collected $2 from pot
*** SUMMARY ***
Total pot $2 | Rake $0 
Seat 2: tomas94b (small blind) collected ($2)
Seat 3: Timonessb (big blind) folded before Flop
Seat 6: nikalas22 (button) folded before Flop (didn't bet)



PokerStars Hand #254631778614:  Hold'em No Limit ($0.50/$1.00 USD) - 2025/01/30 1:48:51 WET [2025/01/30 20:48:51 ET]
Table 'Anchises' 6-max Seat #2 is the button
Seat 2: tomas94b ($103 in chips) 
Seat 3: Timonessb ($100.50 in chips) 
Seat 6: nikalas22 ($108.39 in chips) 
Timonessb: posts small blind $0.50
nikalas22: posts big blind $1
*** HOLE CARDS ***
tomas94b: folds 
Timonessb: folds 
Uncalled bet ($0.50) returned to nikalas22
nikalas22 collected $1 from pot
nikalas22: doesn't show hand 
*** SUMMARY ***
Total pot $1 | Rake $0 
Seat 2: tomas94b (button) folded before Flop (didn't bet)
Seat 3: Timonessb (small blind) folded before Flop
Seat 6: nikalas22 (big blind) collected ($1)



PokerStars Hand #254631779736:  Hold'em No Limit ($0.50/$1.00 USD) - 2025/01/30 1:48:58 WET [2025/01/30 20:48:58 ET]
Table 'Anchises' 6-max Seat #3 is the button
Seat 2: tomas94b ($103 in chips) 
Seat 3: Timonessb ($100 in chips) 
Seat 6: nikalas22 ($108.89 in chips) 
nikalas22: posts small blind $0.50
tomas94b: posts big blind $1
*** HOLE CARDS ***
Timonessb: folds 
Timonessb leaves the table
nikalas22: raises $2 to $3
tomas94b: folds 
Uncalled bet ($2) returned to nikalas22
nikalas22 collected $2 from pot
nikalas22: doesn't show hand 
*** SUMMARY ***
Total pot $2 | Rake $0 
Seat 2: tomas94b (big blind) folded before Flop
Seat 3: Timonessb (button) folded before Flop (didn't bet)
Seat 6: nikalas22 (small blind) collected ($2)



