PokerStars Hand #254630659804:  Hold'em No Limit ($0.50/$1.00 USD) - 2025/01/30 0:06:52 WET [2025/01/30 19:06:52 ET]
Table 'Kallisto' 6-max Seat #1 is the button
Seat 1: Palacios777 ($100 in chips) 
Seat 2: shootingGRID ($100 in chips) 
Palacios777: posts small blind $0.50
shootingGRID: posts big blind $1
*** HOLE CARDS ***
Palacios777: raises $1.20 to $2.20
shootingGRID: folds 
Uncalled bet ($1.20) returned to Palacios777
Palacios777 collected $2 from pot
Palacios777: doesn't show hand 
*** SUMMARY ***
Total pot $2 | Rake $0 
Seat 1: Palacios777 (button) (small blind) collected ($2)
Seat 2: shootingGRID (big blind) folded before Flop



PokerStars Hand #254630662786:  Hold'em No Limit ($0.50/$1.00 USD) - 2025/01/30 0:07:06 WET [2025/01/30 19:07:06 ET]
Table 'Kallisto' 6-max Seat #2 is the button
Seat 1: Palacios777 ($101 in chips) 
Seat 2: shootingGRID ($100 in chips) 
shootingGRID: posts small blind $0.50
Palacios777: posts big blind $1
*** HOLE CARDS ***
shootingGRID: raises $1.25 to $2.25
Palacios777: folds 
Uncalled bet ($1.25) returned to shootingGRID
shootingGRID collected $2 from pot
*** SUMMARY ***
Total pot $2 | Rake $0 
Seat 1: Palacios777 (big blind) folded before Flop
Seat 2: shootingGRID (button) (small blind) collected ($2)



PokerStars Hand #254630670967:  Hold'em No Limit ($0.50/$1.00 USD) - 2025/01/30 0:07:44 WET [2025/01/30 19:07:44 ET]
Table 'Kallisto' 6-max Seat #4 is the button
Seat 2: shootingGRID ($101 in chips) is sitting out
Seat 1: Palacios777 ($100 in chips) 
Seat 4: BMG198585 ($26.40 in chips) 
Seat 6: XneferX ($100 in chips) 
XneferX: posts small blind $0.50
Palacios777: posts big blind $1
*** HOLE CARDS ***
CEPTT joins the table at seat #5 
Nazareno1999 joins the table at seat #3 
BMG198585: raises $1 to $2
XneferX: folds 
Palacios777: calls $1
*** FLOP *** [5c As 7c]
Palacios777: checks 
BMG198585: checks 
*** TURN *** [5c As 7c] [Jd]
Palacios777: checks 
BMG198585: bets $3.14
Palacios777: folds 
Uncalled bet ($3.14) returned to BMG198585
BMG198585 collected $4.22 from pot
*** SUMMARY ***
Total pot $4.50 | Rake $0.28 
Board [5c As 7c Jd]
Seat 2: shootingGRID
Seat 1: Palacios777 (big blind) folded on the Turn
Seat 4: BMG198585 (button) collected ($4.22)
Seat 6: XneferX (small blind) folded before Flop



PokerStars Hand #254630771682:  Hold'em No Limit ($0.50/$1.00 USD) - 2025/01/30 0:15:47 WET [2025/01/30 19:15:47 ET]
Table 'Kallisto' 6-max Seat #2 is the button
Seat 1: Palacios777 ($100 in chips) 
Seat 2: shootingGRID ($103.25 in chips) 
Seat 3: Nazareno1999 ($100.90 in chips) 
Seat 4: BMG198585 ($34.46 in chips) 
Seat 5: CEPTT ($104.99 in chips) 
Seat 6: XneferX ($100 in chips) 
Nazareno1999: posts small blind $0.50
BMG198585: posts big blind $1
*** HOLE CARDS ***
CEPTT: folds 
XneferX: folds 
Palacios777: folds 
shootingGRID: raises $1.50 to $2.50
Nazareno1999: folds 
BMG198585: folds 
Uncalled bet ($1.50) returned to shootingGRID
shootingGRID collected $2.50 from pot
*** SUMMARY ***
Total pot $2.50 | Rake $0 
Seat 1: Palacios777 folded before Flop (didn't bet)
Seat 2: shootingGRID (button) collected ($2.50)
Seat 3: Nazareno1999 (small blind) folded before Flop
Seat 4: BMG198585 (big blind) folded before Flop
Seat 5: CEPTT folded before Flop (didn't bet)
Seat 6: XneferX folded before Flop (didn't bet)



PokerStars Hand #254630774757:  Hold'em No Limit ($0.50/$1.00 USD) - 2025/01/30 0:16:02 WET [2025/01/30 19:16:02 ET]
Table 'Kallisto' 6-max Seat #3 is the button
Seat 1: Palacios777 ($100 in chips) 
Seat 2: shootingGRID ($104.75 in chips) 
Seat 3: Nazareno1999 ($100.40 in chips) 
Seat 4: BMG198585 ($33.46 in chips) 
Seat 5: CEPTT ($104.99 in chips) 
Seat 6: XneferX ($100 in chips) 
BMG198585: posts small blind $0.50
CEPTT: posts big blind $1
*** HOLE CARDS ***
XneferX: folds 
Palacios777: raises $1.20 to $2.20
shootingGRID: folds 
Nazareno1999: folds 
BMG198585: folds 
CEPTT: calls $1.20
*** FLOP *** [3c Ts Td]
CEPTT: checks 
Palacios777: bets $1.54
CEPTT: folds 
Uncalled bet ($1.54) returned to Palacios777
Palacios777 collected $4.66 from pot
Palacios777: doesn't show hand 
*** SUMMARY ***
Total pot $4.90 | Rake $0.24 
Board [3c Ts Td]
Seat 1: Palacios777 collected ($4.66)
Seat 2: shootingGRID folded before Flop (didn't bet)
Seat 3: Nazareno1999 (button) folded before Flop (didn't bet)
Seat 4: BMG198585 (small blind) folded before Flop
Seat 5: CEPTT (big blind) folded on the Flop
Seat 6: XneferX folded before Flop (didn't bet)



PokerStars Hand #254630782641:  Hold'em No Limit ($0.50/$1.00 USD) - 2025/01/30 0:16:40 WET [2025/01/30 19:16:40 ET]
Table 'Kallisto' 6-max Seat #4 is the button
Seat 1: Palacios777 ($102.46 in chips) 
Seat 2: shootingGRID ($104.75 in chips) 
Seat 3: Nazareno1999 ($100.40 in chips) 
Seat 4: BMG198585 ($32.96 in chips) 
Seat 5: CEPTT ($102.79 in chips) 
Seat 6: XneferX ($100 in chips) 
CEPTT: posts small blind $0.50
XneferX: posts big blind $1
*** HOLE CARDS ***
Palacios777: folds 
shootingGRID: raises $1.25 to $2.25
Nazareno1999: folds 
BMG198585: calls $2.25
CEPTT: folds 
XneferX: folds 
*** FLOP *** [7c 2c 9s]
shootingGRID: checks 
BMG198585: bets $2.85
shootingGRID: calls $2.85
*** TURN *** [7c 2c 9s] [7h]
shootingGRID: checks 
BMG198585: bets $7.56
shootingGRID: folds 
Uncalled bet ($7.56) returned to BMG198585
BMG198585 collected $10.98 from pot
*** SUMMARY ***
Total pot $11.70 | Rake $0.72 
Board [7c 2c 9s 7h]
Seat 1: Palacios777 folded before Flop (didn't bet)
Seat 2: shootingGRID folded on the Turn
Seat 3: Nazareno1999 folded before Flop (didn't bet)
Seat 4: BMG198585 (button) collected ($10.98)
Seat 5: CEPTT (small blind) folded before Flop
Seat 6: XneferX (big blind) folded before Flop



PokerStars Hand #254630801901:  Hold'em No Limit ($0.50/$1.00 USD) - 2025/01/30 0:18:14 WET [2025/01/30 19:18:14 ET]
Table 'Kallisto' 6-max Seat #5 is the button
Seat 1: Palacios777 ($102.46 in chips) 
Seat 2: shootingGRID ($100 in chips) 
Seat 3: Nazareno1999 ($100.40 in chips) 
Seat 4: BMG198585 ($38.84 in chips) 
Seat 5: CEPTT ($102.29 in chips) 
Seat 6: XneferX ($100 in chips) 
XneferX: posts small blind $0.50
Palacios777: posts big blind $1
*** HOLE CARDS ***
shootingGRID: folds 
Nazareno1999: folds 
BMG198585: folds 
CEPTT: folds 
XneferX: folds 
Uncalled bet ($0.50) returned to Palacios777
Palacios777 collected $1 from pot
Palacios777: doesn't show hand 
*** SUMMARY ***
Total pot $1 | Rake $0 
Seat 1: Palacios777 (big blind) collected ($1)
Seat 2: shootingGRID folded before Flop (didn't bet)
Seat 3: Nazareno1999 folded before Flop (didn't bet)
Seat 4: BMG198585 folded before Flop (didn't bet)
Seat 5: CEPTT (button) folded before Flop (didn't bet)
Seat 6: XneferX (small blind) folded before Flop



PokerStars Hand #254630804522:  Hold'em No Limit ($0.50/$1.00 USD) - 2025/01/30 0:18:27 WET [2025/01/30 19:18:27 ET]
Table 'Kallisto' 6-max Seat #6 is the button
Seat 1: Palacios777 ($102.96 in chips) 
Seat 2: shootingGRID ($100 in chips) 
Seat 3: Nazareno1999 ($100.40 in chips) 
Seat 4: BMG198585 ($38.84 in chips) 
Seat 5: CEPTT ($102.29 in chips) 
Seat 6: XneferX ($100 in chips) 
Palacios777: posts small blind $0.50
shootingGRID: posts big blind $1
*** HOLE CARDS ***
Nazareno1999: folds 
BMG198585: folds 
CEPTT: folds 
XneferX: raises $1.77 to $2.77
Palacios777: folds 
shootingGRID: folds 
Uncalled bet ($1.77) returned to XneferX
XneferX collected $2.50 from pot
XneferX: doesn't show hand 
*** SUMMARY ***
Total pot $2.50 | Rake $0 
Seat 1: Palacios777 (small blind) folded before Flop
Seat 2: shootingGRID (big blind) folded before Flop
Seat 3: Nazareno1999 folded before Flop (didn't bet)
Seat 4: BMG198585 folded before Flop (didn't bet)
Seat 5: CEPTT folded before Flop (didn't bet)
Seat 6: XneferX (button) collected ($2.50)



PokerStars Hand #254630808606:  Hold'em No Limit ($0.50/$1.00 USD) - 2025/01/30 0:18:47 WET [2025/01/30 19:18:47 ET]
Table 'Kallisto' 6-max Seat #1 is the button
Seat 1: Palacios777 ($102.46 in chips) 
Seat 2: shootingGRID ($100 in chips) 
Seat 3: Nazareno1999 ($100.40 in chips) 
Seat 4: BMG198585 ($38.84 in chips) 
Seat 5: CEPTT ($102.29 in chips) 
Seat 6: XneferX ($101.50 in chips) 
shootingGRID: posts small blind $0.50
Nazareno1999: posts big blind $1
*** HOLE CARDS ***
BMG198585: folds 
CEPTT: raises $1.25 to $2.25
XneferX: folds 
Palacios777: folds 
shootingGRID: folds 
Nazareno1999: folds 
Uncalled bet ($1.25) returned to CEPTT
CEPTT collected $2.50 from pot
CEPTT: doesn't show hand 
*** SUMMARY ***
Total pot $2.50 | Rake $0 
Seat 1: Palacios777 (button) folded before Flop (didn't bet)
Seat 2: shootingGRID (small blind) folded before Flop
Seat 3: Nazareno1999 (big blind) folded before Flop
Seat 4: BMG198585 folded before Flop (didn't bet)
Seat 5: CEPTT collected ($2.50)
Seat 6: XneferX folded before Flop (didn't bet)



PokerStars Hand #254630814640:  Hold'em No Limit ($0.50/$1.00 USD) - 2025/01/30 0:19:17 WET [2025/01/30 19:19:17 ET]
Table 'Kallisto' 6-max Seat #2 is the button
Seat 1: Palacios777 ($102.46 in chips) 
Seat 2: shootingGRID ($100 in chips) 
Seat 3: Nazareno1999 ($100 in chips) 
Seat 4: BMG198585 ($38.84 in chips) 
Seat 5: CEPTT ($103.79 in chips) 
Seat 6: XneferX ($101.50 in chips) 
Nazareno1999: posts small blind $0.50
BMG198585: posts big blind $1
*** HOLE CARDS ***
CEPTT: folds 
XneferX: folds 
Palacios777: folds 
shootingGRID: raises $1.50 to $2.50
Nazareno1999: raises $9 to $11.50
BMG198585: folds 
shootingGRID: calls $9
*** FLOP *** [5h 8c 2d]
Nazareno1999: checks 
shootingGRID: bets $7.52
Nazareno1999: calls $7.52
*** TURN *** [5h 8c 2d] [Js]
Nazareno1999: checks 
shootingGRID: checks 
*** RIVER *** [5h 8c 2d Js] [6c]
Nazareno1999: checks 
shootingGRID: checks 
*** SHOW DOWN ***
Nazareno1999: shows [Ah Ks] (high card Ace)
shootingGRID: shows [8s 7s] (a pair of Eights)
shootingGRID collected $37.09 from pot
*** SUMMARY ***
Total pot $39.04 | Rake $1.95 
Board [5h 8c 2d Js 6c]
Seat 1: Palacios777 folded before Flop (didn't bet)
Seat 2: shootingGRID (button) showed [8s 7s] and won ($37.09) with a pair of Eights
Seat 3: Nazareno1999 (small blind) showed [Ah Ks] and lost with high card Ace
Seat 4: BMG198585 (big blind) folded before Flop
Seat 5: CEPTT folded before Flop (didn't bet)
Seat 6: XneferX folded before Flop (didn't bet)



PokerStars Hand #254630829841:  Hold'em No Limit ($0.50/$1.00 USD) - 2025/01/30 0:20:32 WET [2025/01/30 19:20:32 ET]
Table 'Kallisto' 6-max Seat #3 is the button
Seat 1: Palacios777 ($102.46 in chips) 
Seat 2: shootingGRID ($118.07 in chips) 
Seat 3: Nazareno1999 ($100 in chips) 
Seat 4: BMG198585 ($37.84 in chips) 
Seat 5: CEPTT ($103.79 in chips) 
Seat 6: XneferX ($101.50 in chips) 
BMG198585: posts small blind $0.50
CEPTT: posts big blind $1
*** HOLE CARDS ***
XneferX: folds 
Palacios777: folds 
shootingGRID: folds 
Nazareno1999: raises $1.20 to $2.20
BMG198585: calls $1.70
CEPTT: calls $1.20
*** FLOP *** [Kh 4c 2s]
BMG198585: checks 
CEPTT: bets $1.22
Nazareno1999: raises $5.78 to $7
BMG198585: folds 
CEPTT: raises $20.68 to $27.68
Nazareno1999: folds 
Uncalled bet ($20.68) returned to CEPTT
CEPTT collected $19.57 from pot
CEPTT: doesn't show hand 
*** SUMMARY ***
Total pot $20.60 | Rake $1.03 
Board [Kh 4c 2s]
Seat 1: Palacios777 folded before Flop (didn't bet)
Seat 2: shootingGRID folded before Flop (didn't bet)
Seat 3: Nazareno1999 (button) folded on the Flop
Seat 4: BMG198585 (small blind) folded on the Flop
Seat 5: CEPTT (big blind) collected ($19.57)
Seat 6: XneferX folded before Flop (didn't bet)



PokerStars Hand #254630843652:  Hold'em No Limit ($0.50/$1.00 USD) - 2025/01/30 0:21:40 WET [2025/01/30 19:21:40 ET]
Table 'Kallisto' 6-max Seat #4 is the button
Seat 1: Palacios777 ($102.46 in chips) 
Seat 2: shootingGRID ($118.07 in chips) 
Seat 3: Nazareno1999 ($100 in chips) 
Seat 4: BMG198585 ($35.64 in chips) 
Seat 5: CEPTT ($114.16 in chips) 
Seat 6: XneferX ($101.50 in chips) 
CEPTT: posts small blind $0.50
XneferX: posts big blind $1
*** HOLE CARDS ***
Palacios777: folds 
shootingGRID: folds 
Nazareno1999: folds 
BMG198585: raises $1 to $2
CEPTT: folds 
XneferX: folds 
Uncalled bet ($1) returned to BMG198585
BMG198585 collected $2.50 from pot
*** SUMMARY ***
Total pot $2.50 | Rake $0 
Seat 1: Palacios777 folded before Flop (didn't bet)
Seat 2: shootingGRID folded before Flop (didn't bet)
Seat 3: Nazareno1999 folded before Flop (didn't bet)
Seat 4: BMG198585 (button) collected ($2.50)
Seat 5: CEPTT (small blind) folded before Flop
Seat 6: XneferX (big blind) folded before Flop



PokerStars Hand #254630848399:  Hold'em No Limit ($0.50/$1.00 USD) - 2025/01/30 0:22:03 WET [2025/01/30 19:22:03 ET]
Table 'Kallisto' 6-max Seat #5 is the button
Seat 1: Palacios777 ($102.46 in chips) 
Seat 2: shootingGRID ($118.07 in chips) 
Seat 3: Nazareno1999 ($100 in chips) 
Seat 4: BMG198585 ($37.14 in chips) 
Seat 5: CEPTT ($113.66 in chips) 
Seat 6: XneferX ($100.50 in chips) 
XneferX: posts small blind $0.50
Palacios777: posts big blind $1
*** HOLE CARDS ***
shootingGRID: folds 
Nazareno1999: raises $1.20 to $2.20
BMG198585: folds 
CEPTT: folds 
XneferX: folds 
Palacios777: calls $1.20
*** FLOP *** [8h 6c 3c]
Palacios777: checks 
Nazareno1999: bets $2.33
Palacios777: raises $3.17 to $5.50
Nazareno1999: calls $3.17
*** TURN *** [8h 6c 3c] [7s]
Palacios777: bets $20.50
Nazareno1999: folds 
Uncalled bet ($20.50) returned to Palacios777
Palacios777 collected $15.10 from pot
Palacios777: doesn't show hand 
*** SUMMARY ***
Total pot $15.90 | Rake $0.80 
Board [8h 6c 3c 7s]
Seat 1: Palacios777 (big blind) collected ($15.10)
Seat 2: shootingGRID folded before Flop (didn't bet)
Seat 3: Nazareno1999 folded on the Turn
Seat 4: BMG198585 folded before Flop (didn't bet)
Seat 5: CEPTT (button) folded before Flop (didn't bet)
Seat 6: XneferX (small blind) folded before Flop



PokerStars Hand #254630861052:  Hold'em No Limit ($0.50/$1.00 USD) - 2025/01/30 0:23:07 WET [2025/01/30 19:23:07 ET]
Table 'Kallisto' 6-max Seat #6 is the button
Seat 1: Palacios777 ($109.86 in chips) 
Seat 2: shootingGRID ($118.07 in chips) 
Seat 3: Nazareno1999 ($100 in chips) 
Seat 4: BMG198585 ($37.14 in chips) 
Seat 5: CEPTT ($113.66 in chips) 
Seat 6: XneferX ($100 in chips) 
Palacios777: posts small blind $0.50
shootingGRID: posts big blind $1
*** HOLE CARDS ***
Nazareno1999: folds 
BMG198585: folds 
CEPTT: folds 
XneferX: folds 
Palacios777: folds 
Uncalled bet ($0.50) returned to shootingGRID
shootingGRID collected $1 from pot
*** SUMMARY ***
Total pot $1 | Rake $0 
Seat 1: Palacios777 (small blind) folded before Flop
Seat 2: shootingGRID (big blind) collected ($1)
Seat 3: Nazareno1999 folded before Flop (didn't bet)
Seat 4: BMG198585 folded before Flop (didn't bet)
Seat 5: CEPTT folded before Flop (didn't bet)
Seat 6: XneferX (button) folded before Flop (didn't bet)



PokerStars Hand #254630866679:  Hold'em No Limit ($0.50/$1.00 USD) - 2025/01/30 0:23:35 WET [2025/01/30 19:23:35 ET]
Table 'Kallisto' 6-max Seat #1 is the button
Seat 1: Palacios777 ($109.36 in chips) 
Seat 2: shootingGRID ($118.57 in chips) 
Seat 3: Nazareno1999 ($100 in chips) 
Seat 4: BMG198585 ($37.14 in chips) 
Seat 5: CEPTT ($113.66 in chips) 
Seat 6: XneferX ($100 in chips) 
shootingGRID: posts small blind $0.50
Nazareno1999: posts big blind $1
*** HOLE CARDS ***
BMG198585: folds 
CEPTT: folds 
XneferX: folds 
Palacios777: raises $1.50 to $2.50
shootingGRID: raises $9.50 to $12
Nazareno1999: folds 
Palacios777: folds 
Uncalled bet ($9.50) returned to shootingGRID
shootingGRID collected $6 from pot
*** SUMMARY ***
Total pot $6 | Rake $0 
Seat 1: Palacios777 (button) folded before Flop
Seat 2: shootingGRID (small blind) collected ($6)
Seat 3: Nazareno1999 (big blind) folded before Flop
Seat 4: BMG198585 folded before Flop (didn't bet)
Seat 5: CEPTT folded before Flop (didn't bet)
Seat 6: XneferX folded before Flop (didn't bet)



PokerStars Hand #254630874610:  Hold'em No Limit ($0.50/$1.00 USD) - 2025/01/30 0:24:15 WET [2025/01/30 19:24:15 ET]
Table 'Kallisto' 6-max Seat #2 is the button
Seat 1: Palacios777 ($106.86 in chips) 
Seat 2: shootingGRID ($122.07 in chips) 
Seat 3: Nazareno1999 ($100 in chips) 
Seat 4: BMG198585 ($37.14 in chips) 
Seat 5: CEPTT ($113.66 in chips) 
Seat 6: XneferX ($100 in chips) 
Nazareno1999: posts small blind $0.50
BMG198585: posts big blind $1
*** HOLE CARDS ***
CEPTT: folds 
XneferX: raises $1.10 to $2.10
Palacios777: folds 
shootingGRID: folds 
Nazareno1999: folds 
BMG198585: folds 
Uncalled bet ($1.10) returned to XneferX
XneferX collected $2.50 from pot
XneferX: doesn't show hand 
*** SUMMARY ***
Total pot $2.50 | Rake $0 
Seat 1: Palacios777 folded before Flop (didn't bet)
Seat 2: shootingGRID (button) folded before Flop (didn't bet)
Seat 3: Nazareno1999 (small blind) folded before Flop
Seat 4: BMG198585 (big blind) folded before Flop
Seat 5: CEPTT folded before Flop (didn't bet)
Seat 6: XneferX collected ($2.50)



PokerStars Hand #254630878849:  Hold'em No Limit ($0.50/$1.00 USD) - 2025/01/30 0:24:37 WET [2025/01/30 19:24:37 ET]
Table 'Kallisto' 6-max Seat #3 is the button
Seat 1: Palacios777 ($106.86 in chips) 
Seat 2: shootingGRID ($122.07 in chips) 
Seat 3: Nazareno1999 ($100 in chips) 
Seat 4: BMG198585 ($36.14 in chips) 
Seat 5: CEPTT ($113.66 in chips) 
Seat 6: XneferX ($101.50 in chips) 
BMG198585: posts small blind $0.50
CEPTT: posts big blind $1
*** HOLE CARDS ***
XneferX: raises $1.10 to $2.10
Palacios777: folds 
shootingGRID: folds 
Nazareno1999: folds 
BMG198585: folds 
CEPTT: calls $1.10
*** FLOP *** [8d Jd 9d]
CEPTT: checks 
XneferX: checks 
*** TURN *** [8d Jd 9d] [Tc]
CEPTT: checks 
XneferX: checks 
*** RIVER *** [8d Jd 9d Tc] [3s]
CEPTT: bets $2.23
XneferX: folds 
Uncalled bet ($2.23) returned to CEPTT
CEPTT collected $4.46 from pot
CEPTT: doesn't show hand 
*** SUMMARY ***
Total pot $4.70 | Rake $0.24 
Board [8d Jd 9d Tc 3s]
Seat 1: Palacios777 folded before Flop (didn't bet)
Seat 2: shootingGRID folded before Flop (didn't bet)
Seat 3: Nazareno1999 (button) folded before Flop (didn't bet)
Seat 4: BMG198585 (small blind) folded before Flop
Seat 5: CEPTT (big blind) collected ($4.46)
Seat 6: XneferX folded on the River



PokerStars Hand #254630886885:  Hold'em No Limit ($0.50/$1.00 USD) - 2025/01/30 0:25:17 WET [2025/01/30 19:25:17 ET]
Table 'Kallisto' 6-max Seat #4 is the button
Seat 1: Palacios777 ($106.86 in chips) 
Seat 2: shootingGRID ($122.07 in chips) 
Seat 3: Nazareno1999 ($100 in chips) 
Seat 4: BMG198585 ($35.64 in chips) 
Seat 5: CEPTT ($116.02 in chips) 
Seat 6: XneferX ($100 in chips) 
CEPTT: posts small blind $0.50
XneferX: posts big blind $1
*** HOLE CARDS ***
Palacios777: folds 
shootingGRID: folds 
Nazareno1999: folds 
BMG198585: raises $1 to $2
CEPTT: calls $1.50
XneferX: calls $1
*** FLOP *** [7d 5s 3c]
CEPTT: checks 
XneferX: checks 
BMG198585: checks 
*** TURN *** [7d 5s 3c] [8s]
CEPTT: checks 
XneferX: bets $2.91
BMG198585: calls $2.91
CEPTT: calls $2.91
*** RIVER *** [7d 5s 3c 8s] [5h]
CEPTT: checks 
XneferX: checks 
BMG198585: checks 
*** SHOW DOWN ***
CEPTT: shows [4s 4h] (two pair, Fives and Fours)
XneferX: shows [9c 8c] (two pair, Eights and Fives)
BMG198585: mucks hand 
XneferX collected $13.99 from pot
*** SUMMARY ***
Total pot $14.73 | Rake $0.74 
Board [7d 5s 3c 8s 5h]
Seat 1: Palacios777 folded before Flop (didn't bet)
Seat 2: shootingGRID folded before Flop (didn't bet)
Seat 3: Nazareno1999 folded before Flop (didn't bet)
Seat 4: BMG198585 (button) mucked
Seat 5: CEPTT (small blind) showed [4s 4h] and lost with two pair, Fives and Fours
Seat 6: XneferX (big blind) showed [9c 8c] and won ($13.99) with two pair, Eights and Fives



PokerStars Hand #254630905626:  Hold'em No Limit ($0.50/$1.00 USD) - 2025/01/30 0:26:51 WET [2025/01/30 19:26:51 ET]
Table 'Kallisto' 6-max Seat #5 is the button
Seat 1: Palacios777 ($106.86 in chips) 
Seat 2: shootingGRID ($122.07 in chips) 
Seat 3: Nazareno1999 ($100 in chips) 
Seat 4: BMG198585 ($30.73 in chips) 
Seat 5: CEPTT ($111.11 in chips) 
Seat 6: XneferX ($109.08 in chips) 
XneferX: posts small blind $0.50
Palacios777: posts big blind $1
*** HOLE CARDS ***
shootingGRID: folds 
Nazareno1999: folds 
BMG198585: folds 
CEPTT: folds 
XneferX: folds 
Uncalled bet ($0.50) returned to Palacios777
Palacios777 collected $1 from pot
Palacios777: doesn't show hand 
*** SUMMARY ***
Total pot $1 | Rake $0 
Seat 1: Palacios777 (big blind) collected ($1)
Seat 2: shootingGRID folded before Flop (didn't bet)
Seat 3: Nazareno1999 folded before Flop (didn't bet)
Seat 4: BMG198585 folded before Flop (didn't bet)
Seat 5: CEPTT (button) folded before Flop (didn't bet)
Seat 6: XneferX (small blind) folded before Flop



PokerStars Hand #254630909047:  Hold'em No Limit ($0.50/$1.00 USD) - 2025/01/30 0:27:09 WET [2025/01/30 19:27:09 ET]
Table 'Kallisto' 6-max Seat #6 is the button
Seat 1: Palacios777 ($107.36 in chips) 
Seat 2: shootingGRID ($122.07 in chips) 
Seat 3: Nazareno1999 ($100 in chips) 
Seat 4: BMG198585 ($30.73 in chips) 
Seat 5: CEPTT ($111.11 in chips) 
Seat 6: XneferX ($108.58 in chips) 
Palacios777: posts small blind $0.50
shootingGRID: posts big blind $1
*** HOLE CARDS ***
Nazareno1999: folds 
BMG198585: folds 
CEPTT: folds 
XneferX: folds 
Palacios777: raises $1.50 to $2.50
shootingGRID: folds 
Uncalled bet ($1.50) returned to Palacios777
Palacios777 collected $2 from pot
Palacios777: doesn't show hand 
*** SUMMARY ***
Total pot $2 | Rake $0 
Seat 1: Palacios777 (small blind) collected ($2)
Seat 2: shootingGRID (big blind) folded before Flop
Seat 3: Nazareno1999 folded before Flop (didn't bet)
Seat 4: BMG198585 folded before Flop (didn't bet)
Seat 5: CEPTT folded before Flop (didn't bet)
Seat 6: XneferX (button) folded before Flop (didn't bet)



PokerStars Hand #254630914978:  Hold'em No Limit ($0.50/$1.00 USD) - 2025/01/30 0:27:39 WET [2025/01/30 19:27:39 ET]
Table 'Kallisto' 6-max Seat #1 is the button
Seat 1: Palacios777 ($108.36 in chips) 
Seat 2: shootingGRID ($121.07 in chips) 
Seat 3: Nazareno1999 ($100 in chips) 
Seat 4: BMG198585 ($30.73 in chips) 
Seat 5: CEPTT ($111.11 in chips) 
Seat 6: XneferX ($108.58 in chips) 
shootingGRID: posts small blind $0.50
Nazareno1999: posts big blind $1
*** HOLE CARDS ***
BMG198585: raises $1 to $2
CEPTT: raises $4 to $6
XneferX: folds 
Palacios777: folds 
shootingGRID: folds 
Nazareno1999: folds 
BMG198585: calls $4
*** FLOP *** [Ad 4h 2d]
BMG198585: checks 
CEPTT: bets $3.85
BMG198585: folds 
Uncalled bet ($3.85) returned to CEPTT
CEPTT collected $12.82 from pot
CEPTT: doesn't show hand 
*** SUMMARY ***
Total pot $13.50 | Rake $0.68 
Board [Ad 4h 2d]
Seat 1: Palacios777 (button) folded before Flop (didn't bet)
Seat 2: shootingGRID (small blind) folded before Flop
Seat 3: Nazareno1999 (big blind) folded before Flop
Seat 4: BMG198585 folded on the Flop
Seat 5: CEPTT collected ($12.82)
Seat 6: XneferX folded before Flop (didn't bet)



PokerStars Hand #254630924444:  Hold'em No Limit ($0.50/$1.00 USD) - 2025/01/30 0:28:27 WET [2025/01/30 19:28:27 ET]
Table 'Kallisto' 6-max Seat #2 is the button
Seat 1: Palacios777 ($108.36 in chips) 
Seat 2: shootingGRID ($120.57 in chips) 
Seat 3: Nazareno1999 ($100 in chips) 
Seat 4: BMG198585 ($24.73 in chips) 
Seat 5: CEPTT ($117.93 in chips) 
Seat 6: XneferX ($108.58 in chips) 
Nazareno1999: posts small blind $0.50
BMG198585: posts big blind $1
*** HOLE CARDS ***
CEPTT: folds 
XneferX: folds 
Palacios777: folds 
shootingGRID: folds 
Nazareno1999: folds 
Uncalled bet ($0.50) returned to BMG198585
BMG198585 collected $1 from pot
*** SUMMARY ***
Total pot $1 | Rake $0 
Seat 1: Palacios777 folded before Flop (didn't bet)
Seat 2: shootingGRID (button) folded before Flop (didn't bet)
Seat 3: Nazareno1999 (small blind) folded before Flop
Seat 4: BMG198585 (big blind) collected ($1)
Seat 5: CEPTT folded before Flop (didn't bet)
Seat 6: XneferX folded before Flop (didn't bet)



PokerStars Hand #254630928255:  Hold'em No Limit ($0.50/$1.00 USD) - 2025/01/30 0:28:47 WET [2025/01/30 19:28:47 ET]
Table 'Kallisto' 6-max Seat #3 is the button
Seat 1: Palacios777 ($108.36 in chips) 
Seat 2: shootingGRID ($120.57 in chips) 
Seat 3: Nazareno1999 ($100 in chips) 
Seat 4: BMG198585 ($25.23 in chips) 
Seat 5: CEPTT ($117.93 in chips) 
Seat 6: XneferX ($108.58 in chips) 
BMG198585: posts small blind $0.50
CEPTT: posts big blind $1
*** HOLE CARDS ***
XneferX: folds 
Palacios777: folds 
shootingGRID: folds 
Nazareno1999: raises $1.20 to $2.20
BMG198585: calls $1.70
CEPTT: folds 
*** FLOP *** [Tc As 2c]
BMG198585: checks 
Nazareno1999: bets $1.69
BMG198585: folds 
Uncalled bet ($1.69) returned to Nazareno1999
Nazareno1999 collected $5.13 from pot
Nazareno1999: doesn't show hand 
*** SUMMARY ***
Total pot $5.40 | Rake $0.27 
Board [Tc As 2c]
Seat 1: Palacios777 folded before Flop (didn't bet)
Seat 2: shootingGRID folded before Flop (didn't bet)
Seat 3: Nazareno1999 (button) collected ($5.13)
Seat 4: BMG198585 (small blind) folded on the Flop
Seat 5: CEPTT (big blind) folded before Flop
Seat 6: XneferX folded before Flop (didn't bet)



PokerStars Hand #254630935244:  Hold'em No Limit ($0.50/$1.00 USD) - 2025/01/30 0:29:23 WET [2025/01/30 19:29:23 ET]
Table 'Kallisto' 6-max Seat #4 is the button
Seat 1: Palacios777 ($108.36 in chips) 
Seat 2: shootingGRID ($120.57 in chips) 
Seat 3: Nazareno1999 ($102.93 in chips) 
Seat 4: BMG198585 ($23.03 in chips) 
Seat 5: CEPTT ($116.93 in chips) 
Seat 6: XneferX ($108.58 in chips) 
CEPTT: posts small blind $0.50
XneferX: posts big blind $1
*** HOLE CARDS ***
Palacios777: folds 
shootingGRID: folds 
Nazareno1999: folds 
BMG198585: raises $1 to $2
CEPTT: folds 
XneferX: folds 
Uncalled bet ($1) returned to BMG198585
BMG198585 collected $2.50 from pot
*** SUMMARY ***
Total pot $2.50 | Rake $0 
Seat 1: Palacios777 folded before Flop (didn't bet)
Seat 2: shootingGRID folded before Flop (didn't bet)
Seat 3: Nazareno1999 folded before Flop (didn't bet)
Seat 4: BMG198585 (button) collected ($2.50)
Seat 5: CEPTT (small blind) folded before Flop
Seat 6: XneferX (big blind) folded before Flop



PokerStars Hand #254630938557:  Hold'em No Limit ($0.50/$1.00 USD) - 2025/01/30 0:29:40 WET [2025/01/30 19:29:40 ET]
Table 'Kallisto' 6-max Seat #5 is the button
Seat 1: Palacios777 ($108.36 in chips) 
Seat 2: shootingGRID ($120.57 in chips) 
Seat 3: Nazareno1999 ($102.93 in chips) 
Seat 4: BMG198585 ($24.53 in chips) 
Seat 5: CEPTT ($116.43 in chips) 
Seat 6: XneferX ($107.58 in chips) 
XneferX: posts small blind $0.50
Palacios777: posts big blind $1
*** HOLE CARDS ***
shootingGRID: folds 
Nazareno1999: folds 
BMG198585: folds 
CEPTT: raises $1.85 to $2.85
XneferX: folds 
Palacios777: calls $1.85
*** FLOP *** [2h Tc 8s]
Palacios777: checks 
CEPTT: checks 
*** TURN *** [2h Tc 8s] [4c]
Palacios777: checks 
CEPTT: checks 
*** RIVER *** [2h Tc 8s 4c] [8d]
Palacios777: checks 
CEPTT: checks 
*** SHOW DOWN ***
Palacios777: shows [6c Ah] (a pair of Eights)
CEPTT: shows [4d 5d] (two pair, Eights and Fours)
CEPTT collected $5.89 from pot
*** SUMMARY ***
Total pot $6.20 | Rake $0.31 
Board [2h Tc 8s 4c 8d]
Seat 1: Palacios777 (big blind) showed [6c Ah] and lost with a pair of Eights
Seat 2: shootingGRID folded before Flop (didn't bet)
Seat 3: Nazareno1999 folded before Flop (didn't bet)
Seat 4: BMG198585 folded before Flop (didn't bet)
Seat 5: CEPTT (button) showed [4d 5d] and won ($5.89) with two pair, Eights and Fours
Seat 6: XneferX (small blind) folded before Flop



PokerStars Hand #254630954624:  Hold'em No Limit ($0.50/$1.00 USD) - 2025/01/30 0:31:01 WET [2025/01/30 19:31:01 ET]
Table 'Kallisto' 6-max Seat #6 is the button
Seat 1: Palacios777 ($105.51 in chips) 
Seat 2: shootingGRID ($120.57 in chips) 
Seat 3: Nazareno1999 ($102.93 in chips) 
Seat 4: BMG198585 ($24.53 in chips) 
Seat 5: CEPTT ($119.47 in chips) 
Seat 6: XneferX ($107.08 in chips) 
Palacios777: posts small blind $0.50
shootingGRID: posts big blind $1
*** HOLE CARDS ***
Nazareno1999: folds 
BMG198585: folds 
CEPTT: folds 
XneferX: folds 
Palacios777: folds 
Uncalled bet ($0.50) returned to shootingGRID
shootingGRID collected $1 from pot
*** SUMMARY ***
Total pot $1 | Rake $0 
Seat 1: Palacios777 (small blind) folded before Flop
Seat 2: shootingGRID (big blind) collected ($1)
Seat 3: Nazareno1999 folded before Flop (didn't bet)
Seat 4: BMG198585 folded before Flop (didn't bet)
Seat 5: CEPTT folded before Flop (didn't bet)
Seat 6: XneferX (button) folded before Flop (didn't bet)



PokerStars Hand #254630957218:  Hold'em No Limit ($0.50/$1.00 USD) - 2025/01/30 0:31:15 WET [2025/01/30 19:31:15 ET]
Table 'Kallisto' 6-max Seat #1 is the button
Seat 3: Nazareno1999 ($102.93 in chips) is sitting out
Seat 1: Palacios777 ($105.01 in chips) 
Seat 2: shootingGRID ($121.07 in chips) 
Seat 4: BMG198585 ($24.53 in chips) 
Seat 5: CEPTT ($119.47 in chips) 
Seat 6: XneferX ($107.08 in chips) 
shootingGRID: posts small blind $0.50
Nazareno1999: is sitting out 
BMG198585: posts big blind $1
*** HOLE CARDS ***
CEPTT: raises $1.25 to $2.25
Nazareno1999 leaves the table
XneferX: folds 
Palacios777: folds 
shootingGRID: folds 
BMG198585: folds 
Uncalled bet ($1.25) returned to CEPTT
CEPTT collected $2.50 from pot
CEPTT: doesn't show hand 
*** SUMMARY ***
Total pot $2.50 | Rake $0 
Seat 3: Nazareno1999
Seat 1: Palacios777 (button) folded before Flop (didn't bet)
Seat 2: shootingGRID (small blind) folded before Flop
Seat 4: BMG198585 (big blind) folded before Flop
Seat 5: CEPTT collected ($2.50)
Seat 6: XneferX folded before Flop (didn't bet)



PokerStars Hand #254630959932:  Hold'em No Limit ($0.50/$1.00 USD) - 2025/01/30 0:31:29 WET [2025/01/30 19:31:29 ET]
Table 'Kallisto' 6-max Seat #2 is the button
Seat 1: Palacios777 ($105.01 in chips) 
Seat 2: shootingGRID ($120.57 in chips) 
Seat 4: BMG198585 ($23.53 in chips) 
Seat 5: CEPTT ($120.97 in chips) 
Seat 6: XneferX ($107.08 in chips) 
BMG198585: posts small blind $0.50
CEPTT: posts big blind $1
*** HOLE CARDS ***
zhino joins the table at seat #3 
XneferX: raises $1.10 to $2.10
Palacios777: folds 
shootingGRID: folds 
BMG198585: folds 
CEPTT: folds 
Uncalled bet ($1.10) returned to XneferX
XneferX collected $2.50 from pot
XneferX: doesn't show hand 
*** SUMMARY ***
Total pot $2.50 | Rake $0 
Seat 1: Palacios777 folded before Flop (didn't bet)
Seat 2: shootingGRID (button) folded before Flop (didn't bet)
Seat 4: BMG198585 (small blind) folded before Flop
Seat 5: CEPTT (big blind) folded before Flop
Seat 6: XneferX collected ($2.50)



PokerStars Hand #254630962971:  Hold'em No Limit ($0.50/$1.00 USD) - 2025/01/30 0:31:45 WET [2025/01/30 19:31:45 ET]
Table 'Kallisto' 6-max Seat #4 is the button
Seat 3: zhino ($100 in chips) is sitting out
Seat 1: Palacios777 ($105.01 in chips) 
Seat 2: shootingGRID ($120.57 in chips) 
Seat 4: BMG198585 ($23.03 in chips) 
Seat 5: CEPTT ($119.97 in chips) 
Seat 6: XneferX ($108.58 in chips) 
CEPTT: posts small blind $0.50
XneferX: posts big blind $1
zhino: sits out 
*** HOLE CARDS ***
Palacios777: folds 
shootingGRID: folds 
BMG198585: raises $1 to $2
CEPTT: folds 
XneferX: folds 
Uncalled bet ($1) returned to BMG198585
BMG198585 collected $2.50 from pot
*** SUMMARY ***
Total pot $2.50 | Rake $0 
Seat 3: zhino
Seat 1: Palacios777 folded before Flop (didn't bet)
Seat 2: shootingGRID folded before Flop (didn't bet)
Seat 4: BMG198585 (button) collected ($2.50)
Seat 5: CEPTT (small blind) folded before Flop
Seat 6: XneferX (big blind) folded before Flop



PokerStars Hand #254630967129:  Hold'em No Limit ($0.50/$1.00 USD) - 2025/01/30 0:32:06 WET [2025/01/30 19:32:06 ET]
Table 'Kallisto' 6-max Seat #5 is the button
Seat 3: zhino ($100 in chips) is sitting out
Seat 1: Palacios777 ($105.01 in chips) 
Seat 2: shootingGRID ($120.57 in chips) 
Seat 4: BMG198585 ($24.53 in chips) 
Seat 5: CEPTT ($119.47 in chips) 
Seat 6: XneferX ($107.58 in chips) 
XneferX: posts small blind $0.50
Palacios777: posts big blind $1
zhino: sits out 
*** HOLE CARDS ***
shootingGRID: folds 
BMG198585: folds 
CEPTT: raises $1.85 to $2.85
XneferX: folds 
Palacios777: calls $1.85
*** FLOP *** [Qc Ts 4c]
Palacios777: checks 
CEPTT: checks 
*** TURN *** [Qc Ts 4c] [2d]
Palacios777: checks 
CEPTT: checks 
*** RIVER *** [Qc Ts 4c 2d] [7d]
Palacios777: checks 
CEPTT: bets $1.77
Palacios777: folds 
Uncalled bet ($1.77) returned to CEPTT
CEPTT collected $5.89 from pot
CEPTT: doesn't show hand 
*** SUMMARY ***
Total pot $6.20 | Rake $0.31 
Board [Qc Ts 4c 2d 7d]
Seat 3: zhino
Seat 1: Palacios777 (big blind) folded on the River
Seat 2: shootingGRID folded before Flop (didn't bet)
Seat 4: BMG198585 folded before Flop (didn't bet)
Seat 5: CEPTT (button) collected ($5.89)
Seat 6: XneferX (small blind) folded before Flop



PokerStars Hand #254630979297:  Hold'em No Limit ($0.50/$1.00 USD) - 2025/01/30 0:33:09 WET [2025/01/30 19:33:09 ET]
Table 'Kallisto' 6-max Seat #6 is the button
Seat 3: zhino ($100 in chips) is sitting out
Seat 1: Palacios777 ($102.16 in chips) 
Seat 2: shootingGRID ($120.57 in chips) 
Seat 4: BMG198585 ($24.53 in chips) 
Seat 5: CEPTT ($122.51 in chips) 
Seat 6: XneferX ($107.08 in chips) 
Palacios777: posts small blind $0.50
shootingGRID: posts big blind $1
zhino: sits out 
*** HOLE CARDS ***
BMG198585: folds 
CEPTT: folds 
XneferX: raises $1.77 to $2.77
Palacios777: folds 
shootingGRID: folds 
Uncalled bet ($1.77) returned to XneferX
XneferX collected $2.50 from pot
XneferX: doesn't show hand 
*** SUMMARY ***
Total pot $2.50 | Rake $0 
Seat 3: zhino
Seat 1: Palacios777 (small blind) folded before Flop
Seat 2: shootingGRID (big blind) folded before Flop
Seat 4: BMG198585 folded before Flop (didn't bet)
Seat 5: CEPTT folded before Flop (didn't bet)
Seat 6: XneferX (button) collected ($2.50)



PokerStars Hand #254630985216:  Hold'em No Limit ($0.50/$1.00 USD) - 2025/01/30 0:33:40 WET [2025/01/30 19:33:40 ET]
Table 'Kallisto' 6-max Seat #1 is the button
Seat 1: Palacios777 ($101.66 in chips) 
Seat 2: shootingGRID ($119.57 in chips) 
Seat 3: zhino ($100 in chips) 
Seat 4: BMG198585 ($24.53 in chips) 
Seat 5: CEPTT ($122.51 in chips) 
Seat 6: XneferX ($108.58 in chips) 
shootingGRID: posts small blind $0.50
zhino: posts big blind $1
*** HOLE CARDS ***
BMG198585: folds 
CEPTT: folds 
XneferX: raises $1.30 to $2.30
Palacios777: folds 
shootingGRID: folds 
zhino: folds 
Uncalled bet ($1.30) returned to XneferX
XneferX collected $2.50 from pot
XneferX: doesn't show hand 
*** SUMMARY ***
Total pot $2.50 | Rake $0 
Seat 1: Palacios777 (button) folded before Flop (didn't bet)
Seat 2: shootingGRID (small blind) folded before Flop
Seat 3: zhino (big blind) folded before Flop
Seat 4: BMG198585 folded before Flop (didn't bet)
Seat 5: CEPTT folded before Flop (didn't bet)
Seat 6: XneferX collected ($2.50)



PokerStars Hand #254630989171:  Hold'em No Limit ($0.50/$1.00 USD) - 2025/01/30 0:34:00 WET [2025/01/30 19:34:00 ET]
Table 'Kallisto' 6-max Seat #2 is the button
Seat 1: Palacios777 ($101.66 in chips) 
Seat 2: shootingGRID ($119.07 in chips) 
Seat 3: zhino ($100 in chips) 
Seat 4: BMG198585 ($24.53 in chips) 
Seat 5: CEPTT ($122.51 in chips) 
Seat 6: XneferX ($110.08 in chips) 
zhino: posts small blind $0.50
BMG198585: posts big blind $1
*** HOLE CARDS ***
CEPTT: folds 
XneferX: folds 
Palacios777: folds 
shootingGRID: folds 
zhino: raises $2.49 to $3.49
BMG198585: folds 
Uncalled bet ($2.49) returned to zhino
zhino collected $2 from pot
zhino: doesn't show hand 
*** SUMMARY ***
Total pot $2 | Rake $0 
Seat 1: Palacios777 folded before Flop (didn't bet)
Seat 2: shootingGRID (button) folded before Flop (didn't bet)
Seat 3: zhino (small blind) collected ($2)
Seat 4: BMG198585 (big blind) folded before Flop
Seat 5: CEPTT folded before Flop (didn't bet)
Seat 6: XneferX folded before Flop (didn't bet)



PokerStars Hand #254630992514:  Hold'em No Limit ($0.50/$1.00 USD) - 2025/01/30 0:34:17 WET [2025/01/30 19:34:17 ET]
Table 'Kallisto' 6-max Seat #3 is the button
Seat 1: Palacios777 ($101.66 in chips) 
Seat 2: shootingGRID ($119.07 in chips) 
Seat 3: zhino ($101 in chips) 
Seat 4: BMG198585 ($23.53 in chips) 
Seat 5: CEPTT ($122.51 in chips) 
Seat 6: XneferX ($110.08 in chips) 
BMG198585: posts small blind $0.50
CEPTT: posts big blind $1
*** HOLE CARDS ***
XneferX: folds 
Palacios777: folds 
shootingGRID: folds 
zhino: folds 
BMG198585: raises $1 to $2
CEPTT: calls $1
*** FLOP *** [8d Js Jd]
BMG198585: bets $1.90
CEPTT: calls $1.90
*** TURN *** [8d Js Jd] [3s]
BMG198585: bets $4.71
CEPTT: calls $4.71
*** RIVER *** [8d Js Jd 3s] [Kd]
BMG198585: bets $14.92 and is all-in
CEPTT: calls $14.92
*** SHOW DOWN ***
BMG198585: shows [5d Jc] (three of a kind, Jacks)
CEPTT: shows [8h 7c] (two pair, Jacks and Eights)
BMG198585 collected $44.12 from pot
*** SUMMARY ***
Total pot $47.06 | Rake $2.94 
Board [8d Js Jd 3s Kd]
Seat 1: Palacios777 folded before Flop (didn't bet)
Seat 2: shootingGRID folded before Flop (didn't bet)
Seat 3: zhino (button) folded before Flop (didn't bet)
Seat 4: BMG198585 (small blind) showed [5d Jc] and won ($44.12) with three of a kind, Jacks
Seat 5: CEPTT (big blind) showed [8h 7c] and lost with two pair, Jacks and Eights
Seat 6: XneferX folded before Flop (didn't bet)



PokerStars Hand #254631006719:  Hold'em No Limit ($0.50/$1.00 USD) - 2025/01/30 0:35:30 WET [2025/01/30 19:35:30 ET]
Table 'Kallisto' 6-max Seat #4 is the button
Seat 1: Palacios777 ($101.66 in chips) 
Seat 2: shootingGRID ($119.07 in chips) 
Seat 3: zhino ($101 in chips) 
Seat 4: BMG198585 ($44.12 in chips) 
Seat 5: CEPTT ($100 in chips) 
Seat 6: XneferX ($110.08 in chips) 
CEPTT: posts small blind $0.50
XneferX: posts big blind $1
*** HOLE CARDS ***
Palacios777: folds 
shootingGRID: folds 
zhino: folds 
BMG198585: raises $1 to $2
CEPTT: raises $4.50 to $6.50
XneferX: folds 
BMG198585: calls $4.50
*** FLOP *** [3c 9h 9s]
CEPTT: bets $3.32
BMG198585: calls $3.32
*** TURN *** [3c 9h 9s] [8d]
CEPTT: bets $2.94
BMG198585: calls $2.94
*** RIVER *** [3c 9h 9s 8d] [4c]
CEPTT: checks 
BMG198585: bets $31.36 and is all-in
CEPTT: folds 
Uncalled bet ($31.36) returned to BMG198585
BMG198585 collected $24.86 from pot
*** SUMMARY ***
Total pot $26.52 | Rake $1.66 
Board [3c 9h 9s 8d 4c]
Seat 1: Palacios777 folded before Flop (didn't bet)
Seat 2: shootingGRID folded before Flop (didn't bet)
Seat 3: zhino folded before Flop (didn't bet)
Seat 4: BMG198585 (button) collected ($24.86)
Seat 5: CEPTT (small blind) folded on the River
Seat 6: XneferX (big blind) folded before Flop



PokerStars Hand #254631022625:  Hold'em No Limit ($0.50/$1.00 USD) - 2025/01/30 0:36:52 WET [2025/01/30 19:36:52 ET]
Table 'Kallisto' 6-max Seat #5 is the button
Seat 1: Palacios777 ($101.66 in chips) is sitting out
Seat 2: shootingGRID ($119.07 in chips) 
Seat 3: zhino ($101 in chips) 
Seat 4: BMG198585 ($56.22 in chips) 
Seat 5: CEPTT ($100 in chips) 
Seat 6: XneferX ($109.08 in chips) 
XneferX: posts small blind $0.50
Palacios777: is sitting out 
shootingGRID: posts big blind $1
*** HOLE CARDS ***
zhino: folds 
BMG198585: folds 
CEPTT: folds 
XneferX: folds 
Uncalled bet ($0.50) returned to shootingGRID
shootingGRID collected $1 from pot
*** SUMMARY ***
Total pot $1 | Rake $0 
Seat 1: Palacios777
Seat 2: shootingGRID (big blind) collected ($1)
Seat 3: zhino folded before Flop (didn't bet)
Seat 4: BMG198585 folded before Flop (didn't bet)
Seat 5: CEPTT (button) folded before Flop (didn't bet)
Seat 6: XneferX (small blind) folded before Flop



PokerStars Hand #254631026553:  Hold'em No Limit ($0.50/$1.00 USD) - 2025/01/30 0:37:13 WET [2025/01/30 19:37:13 ET]
Table 'Kallisto' 6-max Seat #6 is the button
Seat 1: Palacios777 ($101.66 in chips) is sitting out
Seat 2: shootingGRID ($119.57 in chips) 
Seat 3: zhino ($101 in chips) 
Seat 4: BMG198585 ($56.22 in chips) 
Seat 5: CEPTT ($100 in chips) 
Seat 6: XneferX ($108.58 in chips) 
shootingGRID: posts small blind $0.50
zhino: posts big blind $1
*** HOLE CARDS ***
BMG198585: folds 
CEPTT: folds 
XneferX: folds 
shootingGRID: raises $2 to $3
zhino: folds 
Uncalled bet ($2) returned to shootingGRID
shootingGRID collected $2 from pot
*** SUMMARY ***
Total pot $2 | Rake $0 
Seat 1: Palacios777
Seat 2: shootingGRID (small blind) collected ($2)
Seat 3: zhino (big blind) folded before Flop
Seat 4: BMG198585 folded before Flop (didn't bet)
Seat 5: CEPTT folded before Flop (didn't bet)
Seat 6: XneferX (button) folded before Flop (didn't bet)



PokerStars Hand #254631030432:  Hold'em No Limit ($0.50/$1.00 USD) - 2025/01/30 0:37:33 WET [2025/01/30 19:37:33 ET]
Table 'Kallisto' 6-max Seat #2 is the button
Seat 1: Palacios777 ($101.66 in chips) is sitting out
Seat 2: shootingGRID ($120.57 in chips) 
Seat 3: zhino ($100 in chips) 
Seat 4: BMG198585 ($56.22 in chips) 
Seat 5: CEPTT ($100 in chips) 
Seat 6: XneferX ($108.58 in chips) 
zhino: posts small blind $0.50
BMG198585: posts big blind $1
*** HOLE CARDS ***
CEPTT: folds 
XneferX: folds 
shootingGRID: folds 
zhino: raises $2.49 to $3.49
BMG198585: folds 
Uncalled bet ($2.49) returned to zhino
zhino collected $2 from pot
zhino: doesn't show hand 
*** SUMMARY ***
Total pot $2 | Rake $0 
Seat 1: Palacios777
Seat 2: shootingGRID (button) folded before Flop (didn't bet)
Seat 3: zhino (small blind) collected ($2)
Seat 4: BMG198585 (big blind) folded before Flop
Seat 5: CEPTT folded before Flop (didn't bet)
Seat 6: XneferX folded before Flop (didn't bet)



PokerStars Hand #254631060237:  Hold'em No Limit ($0.50/$1.00 USD) - 2025/01/30 0:40:11 WET [2025/01/30 19:40:11 ET]
Table 'Kallisto' 6-max Seat #1 is the button
Seat 1: nikalas22 ($100 in chips) 
Seat 2: shootingGRID ($124.57 in chips) 
Seat 3: zhino ($100 in chips) 
Seat 4: BMG198585 ($52.72 in chips) 
Seat 5: CEPTT ($118.25 in chips) 
Seat 6: XneferX ($107.08 in chips) 
shootingGRID: posts small blind $0.50
zhino: posts big blind $1
*** HOLE CARDS ***
BMG198585: folds 
CEPTT: folds 
XneferX: folds 
nikalas22: raises $1.50 to $2.50
shootingGRID: folds 
zhino: raises $9.49 to $11.99
nikalas22: folds 
Uncalled bet ($9.49) returned to zhino
zhino collected $5.50 from pot
zhino: doesn't show hand 
*** SUMMARY ***
Total pot $5.50 | Rake $0 
Seat 1: nikalas22 (button) folded before Flop
Seat 2: shootingGRID (small blind) folded before Flop
Seat 3: zhino (big blind) collected ($5.50)
Seat 4: BMG198585 folded before Flop (didn't bet)
Seat 5: CEPTT folded before Flop (didn't bet)
Seat 6: XneferX folded before Flop (didn't bet)



PokerStars Hand #254631065040:  Hold'em No Limit ($0.50/$1.00 USD) - 2025/01/30 0:40:36 WET [2025/01/30 19:40:36 ET]
Table 'Kallisto' 6-max Seat #2 is the button
Seat 1: nikalas22 ($100 in chips) 
Seat 2: shootingGRID ($124.07 in chips) 
Seat 3: zhino ($103 in chips) 
Seat 4: BMG198585 ($52.72 in chips) 
Seat 5: CEPTT ($118.25 in chips) 
Seat 6: XneferX ($107.08 in chips) 
zhino: posts small blind $0.50
BMG198585: posts big blind $1
*** HOLE CARDS ***
CEPTT: folds 
XneferX: folds 
nikalas22: folds 
shootingGRID: raises $1.50 to $2.50
zhino: raises $9.49 to $11.99
BMG198585: folds 
shootingGRID: calls $9.49
*** FLOP *** [Qh 5d 4c]
zhino: bets $6.41
shootingGRID: calls $6.41
*** TURN *** [Qh 5d 4c] [5c]
zhino: bets $24.96
shootingGRID: calls $24.96
*** RIVER *** [Qh 5d 4c 5c] [6h]
zhino: checks 
shootingGRID: checks 
*** SHOW DOWN ***
zhino: shows [As Ts] (a pair of Fives)
shootingGRID: shows [9c 9d] (two pair, Nines and Fives)
shootingGRID collected $85.22 from pot
*** SUMMARY ***
Total pot $87.72 | Rake $2.50 
Board [Qh 5d 4c 5c 6h]
Seat 1: nikalas22 folded before Flop (didn't bet)
Seat 2: shootingGRID (button) showed [9c 9d] and won ($85.22) with two pair, Nines and Fives
Seat 3: zhino (small blind) showed [As Ts] and lost with a pair of Fives
Seat 4: BMG198585 (big blind) folded before Flop
Seat 5: CEPTT folded before Flop (didn't bet)
Seat 6: XneferX folded before Flop (didn't bet)



PokerStars Hand #254631081418:  Hold'em No Limit ($0.50/$1.00 USD) - 2025/01/30 0:42:04 WET [2025/01/30 19:42:04 ET]
Table 'Kallisto' 6-max Seat #3 is the button
Seat 1: nikalas22 ($100 in chips) 
Seat 2: shootingGRID ($165.93 in chips) 
Seat 3: zhino ($100 in chips) 
Seat 4: BMG198585 ($51.72 in chips) 
Seat 5: CEPTT ($118.25 in chips) 
Seat 6: XneferX ($107.08 in chips) 
BMG198585: posts small blind $0.50
CEPTT: posts big blind $1
*** HOLE CARDS ***
XneferX: folds 
nikalas22: folds 
shootingGRID: folds 
zhino: folds 
BMG198585: raises $1 to $2
CEPTT: calls $1
*** FLOP *** [5s Ad 6d]
BMG198585: checks 
CEPTT: checks 
*** TURN *** [5s Ad 6d] [Ks]
BMG198585: bets $2.90
CEPTT: folds 
Uncalled bet ($2.90) returned to BMG198585
BMG198585 collected $3.75 from pot
*** SUMMARY ***
Total pot $4 | Rake $0.25 
Board [5s Ad 6d Ks]
Seat 1: nikalas22 folded before Flop (didn't bet)
Seat 2: shootingGRID folded before Flop (didn't bet)
Seat 3: zhino (button) folded before Flop (didn't bet)
Seat 4: BMG198585 (small blind) collected ($3.75)
Seat 5: CEPTT (big blind) folded on the Turn
Seat 6: XneferX folded before Flop (didn't bet)



PokerStars Hand #254631089902:  Hold'em No Limit ($0.50/$1.00 USD) - 2025/01/30 0:42:49 WET [2025/01/30 19:42:49 ET]
Table 'Kallisto' 6-max Seat #4 is the button
Seat 1: nikalas22 ($100 in chips) 
Seat 2: shootingGRID ($165.93 in chips) 
Seat 3: zhino ($100 in chips) 
Seat 4: BMG198585 ($53.47 in chips) 
Seat 5: CEPTT ($116.25 in chips) 
Seat 6: XneferX ($107.08 in chips) 
CEPTT: posts small blind $0.50
XneferX: posts big blind $1
*** HOLE CARDS ***
nikalas22: folds 
shootingGRID: folds 
zhino: folds 
BMG198585: folds 
CEPTT: raises $2 to $3
XneferX: raises $6 to $9
CEPTT: folds 
Uncalled bet ($6) returned to XneferX
XneferX collected $6 from pot
XneferX: doesn't show hand 
*** SUMMARY ***
Total pot $6 | Rake $0 
Seat 1: nikalas22 folded before Flop (didn't bet)
Seat 2: shootingGRID folded before Flop (didn't bet)
Seat 3: zhino folded before Flop (didn't bet)
Seat 4: BMG198585 (button) folded before Flop (didn't bet)
Seat 5: CEPTT (small blind) folded before Flop
Seat 6: XneferX (big blind) collected ($6)



PokerStars Hand #254631094812:  Hold'em No Limit ($0.50/$1.00 USD) - 2025/01/30 0:43:15 WET [2025/01/30 19:43:15 ET]
Table 'Kallisto' 6-max Seat #5 is the button
Seat 1: nikalas22 ($100 in chips) 
Seat 2: shootingGRID ($165.93 in chips) 
Seat 3: zhino ($100 in chips) 
Seat 4: BMG198585 ($53.47 in chips) 
Seat 5: CEPTT ($113.25 in chips) 
Seat 6: XneferX ($110.08 in chips) 
XneferX: posts small blind $0.50
nikalas22: posts big blind $1
*** HOLE CARDS ***
shootingGRID: folds 
zhino: folds 
BMG198585: folds 
CEPTT: raises $1.85 to $2.85
XneferX: folds 
nikalas22: calls $1.85
*** FLOP *** [9h Ac 6h]
nikalas22: checks 
CEPTT: checks 
*** TURN *** [9h Ac 6h] [8d]
nikalas22: bets $8.84
CEPTT: folds 
Uncalled bet ($8.84) returned to nikalas22
nikalas22 collected $5.89 from pot
nikalas22: doesn't show hand 
*** SUMMARY ***
Total pot $6.20 | Rake $0.31 
Board [9h Ac 6h 8d]
Seat 1: nikalas22 (big blind) collected ($5.89)
Seat 2: shootingGRID folded before Flop (didn't bet)
Seat 3: zhino folded before Flop (didn't bet)
Seat 4: BMG198585 folded before Flop (didn't bet)
Seat 5: CEPTT (button) folded on the Turn
Seat 6: XneferX (small blind) folded before Flop



PokerStars Hand #254631102515:  Hold'em No Limit ($0.50/$1.00 USD) - 2025/01/30 0:43:57 WET [2025/01/30 19:43:57 ET]
Table 'Kallisto' 6-max Seat #6 is the button
Seat 1: nikalas22 ($103.04 in chips) 
Seat 2: shootingGRID ($165.93 in chips) 
Seat 3: zhino ($100 in chips) 
Seat 4: BMG198585 ($53.47 in chips) 
Seat 5: CEPTT ($110.40 in chips) 
Seat 6: XneferX ($109.58 in chips) 
nikalas22: posts small blind $0.50
shootingGRID: posts big blind $1
*** HOLE CARDS ***
zhino: raises $1.59 to $2.59
BMG198585: folds 
CEPTT: folds 
XneferX: folds 
nikalas22: folds 
shootingGRID: calls $1.59
*** FLOP *** [6s 5h Th]
shootingGRID: checks 
zhino: bets $3.56
shootingGRID: folds 
Uncalled bet ($3.56) returned to zhino
zhino collected $5.40 from pot
zhino: doesn't show hand 
*** SUMMARY ***
Total pot $5.68 | Rake $0.28 
Board [6s 5h Th]
Seat 1: nikalas22 (small blind) folded before Flop
Seat 2: shootingGRID (big blind) folded on the Flop
Seat 3: zhino collected ($5.40)
Seat 4: BMG198585 folded before Flop (didn't bet)
Seat 5: CEPTT folded before Flop (didn't bet)
Seat 6: XneferX (button) folded before Flop (didn't bet)



PokerStars Hand #254631106842:  Hold'em No Limit ($0.50/$1.00 USD) - 2025/01/30 0:44:20 WET [2025/01/30 19:44:20 ET]
Table 'Kallisto' 6-max Seat #1 is the button
Seat 1: nikalas22 ($102.54 in chips) 
Seat 2: shootingGRID ($163.34 in chips) 
Seat 3: zhino ($102.81 in chips) 
Seat 4: BMG198585 ($53.47 in chips) 
Seat 5: CEPTT ($110.40 in chips) 
Seat 6: XneferX ($109.58 in chips) 
shootingGRID: posts small blind $0.50
zhino: posts big blind $1
*** HOLE CARDS ***
BMG198585: folds 
CEPTT: folds 
XneferX: folds 
nikalas22: folds 
shootingGRID: raises $2 to $3
zhino: folds 
Uncalled bet ($2) returned to shootingGRID
shootingGRID collected $2 from pot
*** SUMMARY ***
Total pot $2 | Rake $0 
Seat 1: nikalas22 (button) folded before Flop (didn't bet)
Seat 2: shootingGRID (small blind) collected ($2)
Seat 3: zhino (big blind) folded before Flop
Seat 4: BMG198585 folded before Flop (didn't bet)
Seat 5: CEPTT folded before Flop (didn't bet)
Seat 6: XneferX folded before Flop (didn't bet)



PokerStars Hand #254631111575:  Hold'em No Limit ($0.50/$1.00 USD) - 2025/01/30 0:44:46 WET [2025/01/30 19:44:46 ET]
Table 'Kallisto' 6-max Seat #2 is the button
Seat 1: nikalas22 ($102.54 in chips) 
Seat 2: shootingGRID ($164.34 in chips) 
Seat 3: zhino ($101.81 in chips) 
Seat 4: BMG198585 ($53.47 in chips) 
Seat 5: CEPTT ($110.40 in chips) 
Seat 6: XneferX ($109.58 in chips) 
zhino: posts small blind $0.50
BMG198585: posts big blind $1
*** HOLE CARDS ***
CEPTT: folds 
XneferX: folds 
nikalas22: folds 
shootingGRID: raises $1.50 to $2.50
zhino: folds 
BMG198585: folds 
Uncalled bet ($1.50) returned to shootingGRID
shootingGRID collected $2.50 from pot
*** SUMMARY ***
Total pot $2.50 | Rake $0 
Seat 1: nikalas22 folded before Flop (didn't bet)
Seat 2: shootingGRID (button) collected ($2.50)
Seat 3: zhino (small blind) folded before Flop
Seat 4: BMG198585 (big blind) folded before Flop
Seat 5: CEPTT folded before Flop (didn't bet)
Seat 6: XneferX folded before Flop (didn't bet)



PokerStars Hand #254631118368:  Hold'em No Limit ($0.50/$1.00 USD) - 2025/01/30 0:45:22 WET [2025/01/30 19:45:22 ET]
Table 'Kallisto' 6-max Seat #3 is the button
Seat 1: nikalas22 ($102.54 in chips) 
Seat 2: shootingGRID ($165.84 in chips) 
Seat 3: zhino ($101.31 in chips) 
Seat 4: BMG198585 ($52.47 in chips) 
Seat 5: CEPTT ($110.40 in chips) 
Seat 6: XneferX ($109.58 in chips) 
BMG198585: posts small blind $0.50
CEPTT: posts big blind $1
*** HOLE CARDS ***
XneferX: folds 
nikalas22: raises $1.50 to $2.50
shootingGRID: folds 
zhino: folds 
BMG198585: folds 
CEPTT: folds 
Uncalled bet ($1.50) returned to nikalas22
nikalas22 collected $2.50 from pot
nikalas22: doesn't show hand 
*** SUMMARY ***
Total pot $2.50 | Rake $0 
Seat 1: nikalas22 collected ($2.50)
Seat 2: shootingGRID folded before Flop (didn't bet)
Seat 3: zhino (button) folded before Flop (didn't bet)
Seat 4: BMG198585 (small blind) folded before Flop
Seat 5: CEPTT (big blind) folded before Flop
Seat 6: XneferX folded before Flop (didn't bet)



PokerStars Hand #254631122662:  Hold'em No Limit ($0.50/$1.00 USD) - 2025/01/30 0:45:45 WET [2025/01/30 19:45:45 ET]
Table 'Kallisto' 6-max Seat #4 is the button
Seat 1: nikalas22 ($104.04 in chips) 
Seat 2: shootingGRID ($165.84 in chips) 
Seat 3: zhino ($101.31 in chips) 
Seat 4: BMG198585 ($51.97 in chips) 
Seat 5: CEPTT ($109.40 in chips) 
Seat 6: XneferX ($109.58 in chips) 
CEPTT: posts small blind $0.50
XneferX: posts big blind $1
*** HOLE CARDS ***
nikalas22: folds 
shootingGRID: raises $1.25 to $2.25
zhino: folds 
BMG198585: folds 
CEPTT: folds 
XneferX: folds 
Uncalled bet ($1.25) returned to shootingGRID
shootingGRID collected $2.50 from pot
*** SUMMARY ***
Total pot $2.50 | Rake $0 
Seat 1: nikalas22 folded before Flop (didn't bet)
Seat 2: shootingGRID collected ($2.50)
Seat 3: zhino folded before Flop (didn't bet)
Seat 4: BMG198585 (button) folded before Flop (didn't bet)
Seat 5: CEPTT (small blind) folded before Flop
Seat 6: XneferX (big blind) folded before Flop



PokerStars Hand #254631128761:  Hold'em No Limit ($0.50/$1.00 USD) - 2025/01/30 0:46:17 WET [2025/01/30 19:46:17 ET]
Table 'Kallisto' 6-max Seat #5 is the button
Seat 1: nikalas22 ($104.04 in chips) 
Seat 2: shootingGRID ($167.34 in chips) 
Seat 3: zhino ($101.31 in chips) 
Seat 4: BMG198585 ($51.97 in chips) 
Seat 5: CEPTT ($108.90 in chips) 
Seat 6: XneferX ($108.58 in chips) 
XneferX: posts small blind $0.50
nikalas22: posts big blind $1
*** HOLE CARDS ***
shootingGRID: folds 
zhino: folds 
BMG198585: folds 
CEPTT: folds 
XneferX: raises $2 to $3
nikalas22: folds 
Uncalled bet ($2) returned to XneferX
XneferX collected $2 from pot
XneferX: doesn't show hand 
*** SUMMARY ***
Total pot $2 | Rake $0 
Seat 1: nikalas22 (big blind) folded before Flop
Seat 2: shootingGRID folded before Flop (didn't bet)
Seat 3: zhino folded before Flop (didn't bet)
Seat 4: BMG198585 folded before Flop (didn't bet)
Seat 5: CEPTT (button) folded before Flop (didn't bet)
Seat 6: XneferX (small blind) collected ($2)



PokerStars Hand #254631132480:  Hold'em No Limit ($0.50/$1.00 USD) - 2025/01/30 0:46:37 WET [2025/01/30 19:46:37 ET]
Table 'Kallisto' 6-max Seat #6 is the button
Seat 1: nikalas22 ($103.04 in chips) 
Seat 2: shootingGRID ($167.34 in chips) 
Seat 3: zhino ($101.31 in chips) 
Seat 4: BMG198585 ($51.97 in chips) 
Seat 5: CEPTT ($108.90 in chips) 
Seat 6: XneferX ($109.58 in chips) 
nikalas22: posts small blind $0.50
shootingGRID: posts big blind $1
*** HOLE CARDS ***
zhino: folds 
BMG198585: folds 
CEPTT: raises $1.25 to $2.25
XneferX: folds 
nikalas22: folds 
shootingGRID: folds 
Uncalled bet ($1.25) returned to CEPTT
CEPTT collected $2.50 from pot
CEPTT: doesn't show hand 
*** SUMMARY ***
Total pot $2.50 | Rake $0 
Seat 1: nikalas22 (small blind) folded before Flop
Seat 2: shootingGRID (big blind) folded before Flop
Seat 3: zhino folded before Flop (didn't bet)
Seat 4: BMG198585 folded before Flop (didn't bet)
Seat 5: CEPTT collected ($2.50)
Seat 6: XneferX (button) folded before Flop (didn't bet)



PokerStars Hand #254631139122:  Hold'em No Limit ($0.50/$1.00 USD) - 2025/01/30 0:47:13 WET [2025/01/30 19:47:13 ET]
Table 'Kallisto' 6-max Seat #1 is the button
Seat 1: nikalas22 ($102.54 in chips) 
Seat 2: shootingGRID ($166.34 in chips) 
Seat 3: zhino ($101.31 in chips) 
Seat 4: BMG198585 ($51.97 in chips) 
Seat 5: CEPTT ($110.40 in chips) 
Seat 6: XneferX ($109.58 in chips) 
shootingGRID: posts small blind $0.50
zhino: posts big blind $1
*** HOLE CARDS ***
BMG198585: raises $1 to $2
CEPTT: calls $2
XneferX: calls $2
nikalas22: folds 
shootingGRID: folds 
zhino: folds 
*** FLOP *** [8c Js 4h]
BMG198585: checks 
CEPTT: checks 
XneferX: bets $2.42
BMG198585: calls $2.42
CEPTT: folds 
*** TURN *** [8c Js 4h] [4c]
BMG198585: checks 
XneferX: checks 
*** RIVER *** [8c Js 4h 4c] [Qd]
BMG198585: bets $18.72
XneferX: folds 
Uncalled bet ($18.72) returned to BMG198585
BMG198585 collected $11.56 from pot
*** SUMMARY ***
Total pot $12.34 | Rake $0.78 
Board [8c Js 4h 4c Qd]
Seat 1: nikalas22 (button) folded before Flop (didn't bet)
Seat 2: shootingGRID (small blind) folded before Flop
Seat 3: zhino (big blind) folded before Flop
Seat 4: BMG198585 collected ($11.56)
Seat 5: CEPTT folded on the Flop
Seat 6: XneferX folded on the River



PokerStars Hand #254631157592:  Hold'em No Limit ($0.50/$1.00 USD) - 2025/01/30 0:48:52 WET [2025/01/30 19:48:52 ET]
Table 'Kallisto' 6-max Seat #2 is the button
Seat 1: nikalas22 ($102.54 in chips) 
Seat 2: shootingGRID ($165.84 in chips) 
Seat 3: zhino ($100.31 in chips) 
Seat 4: BMG198585 ($59.11 in chips) 
Seat 5: CEPTT ($108.40 in chips) 
Seat 6: XneferX ($105.16 in chips) 
zhino: posts small blind $0.50
BMG198585: posts big blind $1
*** HOLE CARDS ***
CEPTT: folds 
XneferX: folds 
nikalas22: folds 
shootingGRID: folds 
zhino: raises $2.49 to $3.49
BMG198585: calls $2.49
*** FLOP *** [6c 6d 8c]
zhino: checks 
BMG198585: checks 
*** TURN *** [6c 6d 8c] [8d]
zhino: checks 
BMG198585: bets $4.32
zhino: folds 
Uncalled bet ($4.32) returned to BMG198585
BMG198585 collected $6.54 from pot
*** SUMMARY ***
Total pot $6.98 | Rake $0.44 
Board [6c 6d 8c 8d]
Seat 1: nikalas22 folded before Flop (didn't bet)
Seat 2: shootingGRID (button) folded before Flop (didn't bet)
Seat 3: zhino (small blind) folded on the Turn
Seat 4: BMG198585 (big blind) collected ($6.54)
Seat 5: CEPTT folded before Flop (didn't bet)
Seat 6: XneferX folded before Flop (didn't bet)



PokerStars Hand #254631164583:  Hold'em No Limit ($0.50/$1.00 USD) - 2025/01/30 0:49:29 WET [2025/01/30 19:49:29 ET]
Table 'Kallisto' 6-max Seat #3 is the button
Seat 1: nikalas22 ($102.54 in chips) 
Seat 2: shootingGRID ($165.84 in chips) 
Seat 3: zhino ($100 in chips) 
Seat 4: BMG198585 ($62.16 in chips) 
Seat 5: CEPTT ($108.40 in chips) 
Seat 6: XneferX ($105.16 in chips) 
BMG198585: posts small blind $0.50
CEPTT: posts big blind $1
*** HOLE CARDS ***
XneferX: folds 
nikalas22: folds 
shootingGRID: raises $1.25 to $2.25
zhino: raises $5.74 to $7.99
BMG198585: folds 
CEPTT: folds 
shootingGRID: calls $5.74
*** FLOP *** [Tc 7s 9h]
shootingGRID: checks 
zhino: checks 
*** TURN *** [Tc 7s 9h] [4s]
shootingGRID: bets $8.31
zhino: calls $8.31
*** RIVER *** [Tc 7s 9h 4s] [3d]
shootingGRID: bets $25.80
zhino: calls $25.80
*** SHOW DOWN ***
shootingGRID: shows [6d 5d] (a straight, Three to Seven)
zhino: mucks hand 
shootingGRID collected $83.20 from pot
*** SUMMARY ***
Total pot $85.70 | Rake $2.50 
Board [Tc 7s 9h 4s 3d]
Seat 1: nikalas22 folded before Flop (didn't bet)
Seat 2: shootingGRID showed [6d 5d] and won ($83.20) with a straight, Three to Seven
Seat 3: zhino (button) mucked
Seat 4: BMG198585 (small blind) folded before Flop
Seat 5: CEPTT (big blind) folded before Flop
Seat 6: XneferX folded before Flop (didn't bet)



PokerStars Hand #254631177009:  Hold'em No Limit ($0.50/$1.00 USD) - 2025/01/30 0:50:36 WET [2025/01/30 19:50:36 ET]
Table 'Kallisto' 6-max Seat #4 is the button
Seat 1: nikalas22 ($102.54 in chips) 
Seat 2: shootingGRID ($206.94 in chips) 
Seat 3: zhino ($100 in chips) 
Seat 4: BMG198585 ($61.66 in chips) 
Seat 5: CEPTT ($107.40 in chips) 
Seat 6: XneferX ($105.16 in chips) 
CEPTT: posts small blind $0.50
XneferX: posts big blind $1
*** HOLE CARDS ***
nikalas22: raises $1.50 to $2.50
shootingGRID: folds 
zhino: folds 
BMG198585: calls $2.50
CEPTT: folds 
XneferX: folds 
*** FLOP *** [2s 7c 8h]
nikalas22: checks 
BMG198585: bets $3.09
nikalas22: folds 
Uncalled bet ($3.09) returned to BMG198585
BMG198585 collected $6.10 from pot
*** SUMMARY ***
Total pot $6.50 | Rake $0.40 
Board [2s 7c 8h]
Seat 1: nikalas22 folded on the Flop
Seat 2: shootingGRID folded before Flop (didn't bet)
Seat 3: zhino folded before Flop (didn't bet)
Seat 4: BMG198585 (button) collected ($6.10)
Seat 5: CEPTT (small blind) folded before Flop
Seat 6: XneferX (big blind) folded before Flop



PokerStars Hand #254631185497:  Hold'em No Limit ($0.50/$1.00 USD) - 2025/01/30 0:51:22 WET [2025/01/30 19:51:22 ET]
Table 'Kallisto' 6-max Seat #5 is the button
Seat 1: nikalas22 ($100.04 in chips) 
Seat 2: shootingGRID ($206.94 in chips) 
Seat 3: zhino ($100 in chips) 
Seat 4: BMG198585 ($65.26 in chips) 
Seat 5: CEPTT ($106.90 in chips) 
Seat 6: XneferX ($104.16 in chips) 
XneferX: posts small blind $0.50
nikalas22: posts big blind $1
*** HOLE CARDS ***
shootingGRID: folds 
zhino: raises $1.59 to $2.59
BMG198585: folds 
CEPTT: folds 
XneferX: folds 
nikalas22: folds 
Uncalled bet ($1.59) returned to zhino
zhino collected $2.50 from pot
zhino: doesn't show hand 
*** SUMMARY ***
Total pot $2.50 | Rake $0 
Seat 1: nikalas22 (big blind) folded before Flop
Seat 2: shootingGRID folded before Flop (didn't bet)
Seat 3: zhino collected ($2.50)
Seat 4: BMG198585 folded before Flop (didn't bet)
Seat 5: CEPTT (button) folded before Flop (didn't bet)
Seat 6: XneferX (small blind) folded before Flop



PokerStars Hand #254631191995:  Hold'em No Limit ($0.50/$1.00 USD) - 2025/01/30 0:51:58 WET [2025/01/30 19:51:58 ET]
Table 'Kallisto' 6-max Seat #6 is the button
Seat 1: nikalas22 ($100 in chips) 
Seat 2: shootingGRID ($206.94 in chips) 
Seat 3: zhino ($101.50 in chips) 
Seat 4: BMG198585 ($65.26 in chips) 
Seat 5: CEPTT ($106.90 in chips) 
Seat 6: XneferX ($103.66 in chips) 
nikalas22: posts small blind $0.50
shootingGRID: posts big blind $1
*** HOLE CARDS ***
zhino: raises $1.59 to $2.59
BMG198585: folds 
CEPTT: folds 
XneferX: folds 
nikalas22: folds 
shootingGRID: calls $1.59
*** FLOP *** [5h 3h Jd]
shootingGRID: checks 
zhino: bets $4
shootingGRID: calls $4
*** TURN *** [5h 3h Jd] [8h]
shootingGRID: checks 
zhino: bets $9.62
shootingGRID: calls $9.62
*** RIVER *** [5h 3h Jd 8h] [2h]
shootingGRID: bets $10.32
zhino: folds 
Uncalled bet ($10.32) returned to shootingGRID
shootingGRID collected $31.27 from pot
*** SUMMARY ***
Total pot $32.92 | Rake $1.65 
Board [5h 3h Jd 8h 2h]
Seat 1: nikalas22 (small blind) folded before Flop
Seat 2: shootingGRID (big blind) collected ($31.27)
Seat 3: zhino folded on the River
Seat 4: BMG198585 folded before Flop (didn't bet)
Seat 5: CEPTT folded before Flop (didn't bet)
Seat 6: XneferX (button) folded before Flop (didn't bet)



PokerStars Hand #254631208801:  Hold'em No Limit ($0.50/$1.00 USD) - 2025/01/30 0:53:30 WET [2025/01/30 19:53:30 ET]
Table 'Kallisto' 6-max Seat #1 is the button
Seat 1: nikalas22 ($100 in chips) 
Seat 2: shootingGRID ($222 in chips) 
Seat 3: zhino ($100 in chips) 
Seat 4: BMG198585 ($65.26 in chips) 
Seat 5: CEPTT ($106.90 in chips) 
Seat 6: XneferX ($103.66 in chips) 
shootingGRID: posts small blind $0.50
zhino: posts big blind $1
*** HOLE CARDS ***
BMG198585: folds 
CEPTT: folds 
XneferX: folds 
nikalas22: raises $1.50 to $2.50
shootingGRID: folds 
zhino: folds 
Uncalled bet ($1.50) returned to nikalas22
nikalas22 collected $2.50 from pot
nikalas22: doesn't show hand 
*** SUMMARY ***
Total pot $2.50 | Rake $0 
Seat 1: nikalas22 (button) collected ($2.50)
Seat 2: shootingGRID (small blind) folded before Flop
Seat 3: zhino (big blind) folded before Flop
Seat 4: BMG198585 folded before Flop (didn't bet)
Seat 5: CEPTT folded before Flop (didn't bet)
Seat 6: XneferX folded before Flop (didn't bet)



PokerStars Hand #254631212142:  Hold'em No Limit ($0.50/$1.00 USD) - 2025/01/30 0:53:48 WET [2025/01/30 19:53:48 ET]
Table 'Kallisto' 6-max Seat #2 is the button
Seat 1: nikalas22 ($101.50 in chips) 
Seat 2: shootingGRID ($221.50 in chips) 
Seat 3: zhino ($100 in chips) 
Seat 4: BMG198585 ($65.26 in chips) 
Seat 5: CEPTT ($106.90 in chips) 
Seat 6: XneferX ($103.66 in chips) 
zhino: posts small blind $0.50
BMG198585: posts big blind $1
*** HOLE CARDS ***
CEPTT: folds 
XneferX: folds 
nikalas22: folds 
shootingGRID: raises $1.50 to $2.50
zhino: folds 
BMG198585: calls $1.50
*** FLOP *** [4s 4d Ac]
BMG198585: checks 
shootingGRID: bets $1.72
BMG198585: calls $1.72
*** TURN *** [4s 4d Ac] [Jc]
BMG198585: checks 
shootingGRID: bets $4.25
BMG198585: folds 
Uncalled bet ($4.25) returned to shootingGRID
shootingGRID collected $8.49 from pot
*** SUMMARY ***
Total pot $8.94 | Rake $0.45 
Board [4s 4d Ac Jc]
Seat 1: nikalas22 folded before Flop (didn't bet)
Seat 2: shootingGRID (button) collected ($8.49)
Seat 3: zhino (small blind) folded before Flop
Seat 4: BMG198585 (big blind) folded on the Turn
Seat 5: CEPTT folded before Flop (didn't bet)
Seat 6: XneferX folded before Flop (didn't bet)



PokerStars Hand #254631221904:  Hold'em No Limit ($0.50/$1.00 USD) - 2025/01/30 0:54:42 WET [2025/01/30 19:54:42 ET]
Table 'Kallisto' 6-max Seat #3 is the button
Seat 1: nikalas22 ($101.50 in chips) 
Seat 2: shootingGRID ($225.77 in chips) 
Seat 3: zhino ($100 in chips) 
Seat 4: BMG198585 ($61.04 in chips) 
Seat 5: CEPTT ($106.90 in chips) 
Seat 6: XneferX ($103.66 in chips) 
BMG198585: posts small blind $0.50
CEPTT: posts big blind $1
*** HOLE CARDS ***
XneferX: folds 
nikalas22: folds 
shootingGRID: raises $1.25 to $2.25
zhino: folds 
BMG198585: folds 
CEPTT: folds 
Uncalled bet ($1.25) returned to shootingGRID
shootingGRID collected $2.50 from pot
*** SUMMARY ***
Total pot $2.50 | Rake $0 
Seat 1: nikalas22 folded before Flop (didn't bet)
Seat 2: shootingGRID collected ($2.50)
Seat 3: zhino (button) folded before Flop (didn't bet)
Seat 4: BMG198585 (small blind) folded before Flop
Seat 5: CEPTT (big blind) folded before Flop
Seat 6: XneferX folded before Flop (didn't bet)



PokerStars Hand #254631227383:  Hold'em No Limit ($0.50/$1.00 USD) - 2025/01/30 0:55:12 WET [2025/01/30 19:55:12 ET]
Table 'Kallisto' 6-max Seat #4 is the button
Seat 1: nikalas22 ($101.50 in chips) 
Seat 2: shootingGRID ($227.27 in chips) 
Seat 3: zhino ($100 in chips) 
Seat 4: BMG198585 ($60.54 in chips) 
Seat 5: CEPTT ($105.90 in chips) 
Seat 6: XneferX ($103.66 in chips) 
CEPTT: posts small blind $0.50
XneferX: posts big blind $1
*** HOLE CARDS ***
nikalas22: folds 
shootingGRID: folds 
zhino: folds 
BMG198585: folds 
CEPTT: raises $2 to $3
XneferX: raises $6 to $9
CEPTT: folds 
Uncalled bet ($6) returned to XneferX
XneferX collected $6 from pot
XneferX: doesn't show hand 
*** SUMMARY ***
Total pot $6 | Rake $0 
Seat 1: nikalas22 folded before Flop (didn't bet)
Seat 2: shootingGRID folded before Flop (didn't bet)
Seat 3: zhino folded before Flop (didn't bet)
Seat 4: BMG198585 (button) folded before Flop (didn't bet)
Seat 5: CEPTT (small blind) folded before Flop
Seat 6: XneferX (big blind) collected ($6)



PokerStars Hand #254631231918:  Hold'em No Limit ($0.50/$1.00 USD) - 2025/01/30 0:55:42 WET [2025/01/30 19:55:42 ET]
Table 'Kallisto' 6-max Seat #5 is the button
Seat 1: nikalas22 ($101.50 in chips) 
Seat 2: shootingGRID ($227.27 in chips) 
Seat 3: zhino ($100 in chips) 
Seat 4: BMG198585 ($60.54 in chips) 
Seat 5: CEPTT ($102.90 in chips) 
Seat 6: XneferX ($106.66 in chips) 
XneferX: posts small blind $0.50
nikalas22: posts big blind $1
*** HOLE CARDS ***
shootingGRID: folds 
zhino: raises $1.59 to $2.59
BMG198585: calls $2.59
CEPTT: folds 
XneferX: calls $2.09
nikalas22: folds 
*** FLOP *** [Ts 4d 8h]
XneferX: checks 
zhino: checks 
BMG198585: bets $4.17
XneferX: folds 
zhino: calls $4.17
*** TURN *** [Ts 4d 8h] [5s]
zhino: checks 
BMG198585: bets $18.25
zhino: folds 
Uncalled bet ($18.25) returned to BMG198585
BMG198585 collected $16.03 from pot
*** SUMMARY ***
Total pot $17.11 | Rake $1.08 
Board [Ts 4d 8h 5s]
Seat 1: nikalas22 (big blind) folded before Flop
Seat 2: shootingGRID folded before Flop (didn't bet)
Seat 3: zhino folded on the Turn
Seat 4: BMG198585 collected ($16.03)
Seat 5: CEPTT (button) folded before Flop (didn't bet)
Seat 6: XneferX (small blind) folded on the Flop



PokerStars Hand #254631243852:  Hold'em No Limit ($0.50/$1.00 USD) - 2025/01/30 0:57:04 WET [2025/01/30 19:57:04 ET]
Table 'Kallisto' 6-max Seat #6 is the button
Seat 1: nikalas22 ($100.50 in chips) 
Seat 2: shootingGRID ($227.27 in chips) 
Seat 3: zhino ($100 in chips) 
Seat 4: BMG198585 ($69.81 in chips) 
Seat 5: CEPTT ($102.90 in chips) 
Seat 6: XneferX ($104.07 in chips) 
nikalas22: posts small blind $0.50
shootingGRID: posts big blind $1
*** HOLE CARDS ***
zhino: folds 
BMG198585: raises $1 to $2
CEPTT: folds 
XneferX: folds 
nikalas22: folds 
shootingGRID: calls $1
*** FLOP *** [9h 8c 6h]
shootingGRID: checks 
BMG198585: bets $3.14
shootingGRID: calls $3.14
*** TURN *** [9h 8c 6h] [3h]
shootingGRID: checks 
BMG198585: bets $7.12
shootingGRID: calls $7.12
*** RIVER *** [9h 8c 6h 3h] [Tc]
shootingGRID: checks 
BMG198585: checks 
*** SHOW DOWN ***
shootingGRID: shows [Th Kd] (a pair of Tens)
BMG198585: shows [Jh Jc] (a pair of Jacks)
BMG198585 collected $23.46 from pot
*** SUMMARY ***
Total pot $25.02 | Rake $1.56 
Board [9h 8c 6h 3h Tc]
Seat 1: nikalas22 (small blind) folded before Flop
Seat 2: shootingGRID (big blind) showed [Th Kd] and lost with a pair of Tens
Seat 3: zhino folded before Flop (didn't bet)
Seat 4: BMG198585 showed [Jh Jc] and won ($23.46) with a pair of Jacks
Seat 5: CEPTT folded before Flop (didn't bet)
Seat 6: XneferX (button) folded before Flop (didn't bet)



PokerStars Hand #254631252984:  Hold'em No Limit ($0.50/$1.00 USD) - 2025/01/30 0:58:07 WET [2025/01/30 19:58:07 ET]
Table 'Kallisto' 6-max Seat #1 is the button
Seat 1: nikalas22 ($100 in chips) 
Seat 2: shootingGRID ($215.01 in chips) 
Seat 3: zhino ($100 in chips) 
Seat 4: BMG198585 ($81.01 in chips) 
Seat 5: CEPTT ($102.90 in chips) 
Seat 6: XneferX ($104.07 in chips) 
shootingGRID: posts small blind $0.50
zhino: posts big blind $1
*** HOLE CARDS ***
BMG198585: folds 
CEPTT: raises $1.25 to $2.25
XneferX: folds 
nikalas22: folds 
shootingGRID: folds 
zhino: folds 
Uncalled bet ($1.25) returned to CEPTT
CEPTT collected $2.50 from pot
CEPTT: doesn't show hand 
*** SUMMARY ***
Total pot $2.50 | Rake $0 
Seat 1: nikalas22 (button) folded before Flop (didn't bet)
Seat 2: shootingGRID (small blind) folded before Flop
Seat 3: zhino (big blind) folded before Flop
Seat 4: BMG198585 folded before Flop (didn't bet)
Seat 5: CEPTT collected ($2.50)
Seat 6: XneferX folded before Flop (didn't bet)



PokerStars Hand #254631257518:  Hold'em No Limit ($0.50/$1.00 USD) - 2025/01/30 0:58:38 WET [2025/01/30 19:58:38 ET]
Table 'Kallisto' 6-max Seat #2 is the button
Seat 1: nikalas22 ($100 in chips) 
Seat 2: shootingGRID ($214.51 in chips) 
Seat 3: zhino ($100 in chips) 
Seat 4: BMG198585 ($81.01 in chips) 
Seat 5: CEPTT ($104.40 in chips) 
Seat 6: XneferX ($104.07 in chips) 
zhino: posts small blind $0.50
BMG198585: posts big blind $1
*** HOLE CARDS ***
CEPTT: raises $1.25 to $2.25
XneferX: folds 
nikalas22: folds 
shootingGRID: raises $5.25 to $7.50
zhino: folds 
BMG198585: folds 
CEPTT: folds 
Uncalled bet ($5.25) returned to shootingGRID
shootingGRID collected $6 from pot
*** SUMMARY ***
Total pot $6 | Rake $0 
Seat 1: nikalas22 folded before Flop (didn't bet)
Seat 2: shootingGRID (button) collected ($6)
Seat 3: zhino (small blind) folded before Flop
Seat 4: BMG198585 (big blind) folded before Flop
Seat 5: CEPTT folded before Flop
Seat 6: XneferX folded before Flop (didn't bet)



PokerStars Hand #254631261741:  Hold'em No Limit ($0.50/$1.00 USD) - 2025/01/30 0:59:07 WET [2025/01/30 19:59:07 ET]
Table 'Kallisto' 6-max Seat #3 is the button
Seat 5: CEPTT ($102.15 in chips) is sitting out
Seat 1: nikalas22 ($100 in chips) 
Seat 2: shootingGRID ($218.26 in chips) 
Seat 3: zhino ($100 in chips) 
Seat 4: BMG198585 ($80.01 in chips) 
Seat 6: XneferX ($104.07 in chips) 
BMG198585: posts small blind $0.50
CEPTT: is sitting out 
XneferX: posts big blind $1
*** HOLE CARDS ***
nikalas22: raises $1.50 to $2.50
shootingGRID: folds 
zhino: folds 
CEPTT leaves the table
BMG198585: calls $2
XneferX: folds 
*** FLOP *** [2d 7d Jh]
BMG198585: checks 
nikalas22: bets $4.28
BMG198585: calls $4.28
*** TURN *** [2d 7d Jh] [9c]
BMG198585: checks 
nikalas22: bets $20.75
BMG198585: calls $20.75
*** RIVER *** [2d 7d Jh 9c] [8d]
BMG198585: checks 
nikalas22: checks 
*** SHOW DOWN ***
BMG198585: shows [Jd Kc] (a pair of Jacks)
nikalas22: shows [Qc Qs] (a pair of Queens)
nikalas22 collected $53.56 from pot
*** SUMMARY ***
Total pot $56.06 | Rake $2.50 
Board [2d 7d Jh 9c 8d]
Seat 5: CEPTT
Seat 1: nikalas22 showed [Qc Qs] and won ($53.56) with a pair of Queens
Seat 2: shootingGRID folded before Flop (didn't bet)
Seat 3: zhino (button) folded before Flop (didn't bet)
Seat 4: BMG198585 (small blind) showed [Jd Kc] and lost with a pair of Jacks
Seat 6: XneferX (big blind) folded before Flop



PokerStars Hand #254631269970:  Hold'em No Limit ($0.50/$1.00 USD) - 2025/01/30 1:00:02 WET [2025/01/30 20:00:02 ET]
Table 'Kallisto' 6-max Seat #4 is the button
Seat 1: nikalas22 ($126.03 in chips) 
Seat 2: shootingGRID ($218.26 in chips) 
Seat 3: zhino ($100 in chips) 
Seat 4: BMG198585 ($52.48 in chips) 
Seat 6: XneferX ($103.07 in chips) 
XneferX: posts small blind $0.50
nikalas22: posts big blind $1
*** HOLE CARDS ***
shootingGRID: folds 
zhino: folds 
BMG198585: raises $1 to $2
XneferX: folds 
nikalas22: calls $1
*** FLOP *** [9s 6d Jc]
nikalas22: checks 
BMG198585: bets $3.14
Timonessb joins the table at seat #5 
nikalas22: raises $6.36 to $9.50
BMG198585: calls $6.36
*** TURN *** [9s 6d Jc] [6s]
nikalas22: bets $16.74
BMG198585: calls $16.74
*** RIVER *** [9s 6d Jc 6s] [Kc]
nikalas22: bets $81.72
BMG198585: calls $24.24 and is all-in
Uncalled bet ($57.48) returned to nikalas22
*** SHOW DOWN ***
nikalas22: shows [Th Qd] (a straight, Nine to King)
BMG198585: shows [Jh Kh] (two pair, Kings and Jacks)
nikalas22 collected $102.96 from pot
*** SUMMARY ***
Total pot $105.46 | Rake $2.50 
Board [9s 6d Jc 6s Kc]
Seat 1: nikalas22 (big blind) showed [Th Qd] and won ($102.96) with a straight, Nine to King
Seat 2: shootingGRID folded before Flop (didn't bet)
Seat 3: zhino folded before Flop (didn't bet)
Seat 4: BMG198585 (button) showed [Jh Kh] and lost with two pair, Kings and Jacks
Seat 6: XneferX (small blind) folded before Flop



PokerStars Hand #254631278907:  Hold'em No Limit ($0.50/$1.00 USD) - 2025/01/30 1:00:58 WET [2025/01/30 20:00:58 ET]
Table 'Kallisto' 6-max Seat #6 is the button
Seat 4: BMG198585 ($0 in chips) is sitting out
Seat 5: Timonessb ($100 in chips) is sitting out
Seat 1: nikalas22 ($176.51 in chips) 
Seat 2: shootingGRID ($218.26 in chips) 
Seat 3: zhino ($100 in chips) 
Seat 6: XneferX ($102.57 in chips) 
nikalas22: posts small blind $0.50
shootingGRID: posts big blind $1
Timonessb: sits out 
*** HOLE CARDS ***
zhino: folds 
XneferX: folds 
nikalas22: folds 
Uncalled bet ($0.50) returned to shootingGRID
shootingGRID collected $1 from pot
*** SUMMARY ***
Total pot $1 | Rake $0 
Seat 4: BMG198585
Seat 5: Timonessb
Seat 1: nikalas22 (small blind) folded before Flop
Seat 2: shootingGRID (big blind) collected ($1)
Seat 3: zhino folded before Flop (didn't bet)
Seat 6: XneferX (button) folded before Flop (didn't bet)



PokerStars Hand #254631281272:  Hold'em No Limit ($0.50/$1.00 USD) - 2025/01/30 1:01:12 WET [2025/01/30 20:01:12 ET]
Table 'Kallisto' 6-max Seat #1 is the button
Seat 4: BMG198585 ($0 in chips) is sitting out
Seat 5: Timonessb ($100 in chips) is sitting out
Seat 1: nikalas22 ($176.01 in chips) 
Seat 2: shootingGRID ($218.76 in chips) 
Seat 3: zhino ($100 in chips) 
Seat 6: XneferX ($102.57 in chips) 
shootingGRID: posts small blind $0.50
zhino: posts big blind $1
Timonessb: sits out 
*** HOLE CARDS ***
XneferX: raises $1.30 to $2.30
nikalas22: folds 
shootingGRID: folds 
zhino: calls $1.30
*** FLOP *** [4s 4h 6h]
zhino: checks 
XneferX: bets $1.65
zhino: folds 
Uncalled bet ($1.65) returned to XneferX
XneferX collected $4.84 from pot
XneferX: doesn't show hand 
*** SUMMARY ***
Total pot $5.10 | Rake $0.26 
Board [4s 4h 6h]
Seat 4: BMG198585
Seat 5: Timonessb
Seat 1: nikalas22 (button) folded before Flop (didn't bet)
Seat 2: shootingGRID (small blind) folded before Flop
Seat 3: zhino (big blind) folded on the Flop
Seat 6: XneferX collected ($4.84)



PokerStars Hand #254631286931:  Hold'em No Limit ($0.50/$1.00 USD) - 2025/01/30 1:01:44 WET [2025/01/30 20:01:44 ET]
Table 'Kallisto' 6-max Seat #2 is the button
Seat 5: Timonessb ($100 in chips) is sitting out
Seat 1: nikalas22 ($176.01 in chips) 
Seat 2: shootingGRID ($218.26 in chips) 
Seat 3: zhino ($100 in chips) 
Seat 4: BMG198585 ($32.21 in chips) 
Seat 6: XneferX ($105.11 in chips) 
zhino: posts small blind $0.50
BMG198585: posts big blind $1
Timonessb: sits out 
*** HOLE CARDS ***
XneferX: folds 
nikalas22: folds 
shootingGRID: raises $1.50 to $2.50
zhino: folds 
BMG198585: calls $1.50
*** FLOP *** [3h Qs Jd]
BMG198585: checks 
shootingGRID: bets $1.72
BMG198585: calls $1.72
*** TURN *** [3h Qs Jd] [Ah]
BMG198585: checks 
shootingGRID: checks 
*** RIVER *** [3h Qs Jd Ah] [2h]
nikalas22 leaves the table
BMG198585: bets $27.99 and is all-in
shootingGRID: folds 
Uncalled bet ($27.99) returned to BMG198585
BMG198585 collected $8.38 from pot
*** SUMMARY ***
Total pot $8.94 | Rake $0.56 
Board [3h Qs Jd Ah 2h]
Seat 5: Timonessb
Seat 1: nikalas22 folded before Flop (didn't bet)
Seat 2: shootingGRID (button) folded on the River
Seat 3: zhino (small blind) folded before Flop
Seat 4: BMG198585 (big blind) collected ($8.38)
Seat 6: XneferX folded before Flop (didn't bet)



PokerStars Hand #254631294741:  Hold'em No Limit ($0.50/$1.00 USD) - 2025/01/30 1:02:29 WET [2025/01/30 20:02:29 ET]
Table 'Kallisto' 6-max Seat #3 is the button
Seat 2: shootingGRID ($214.04 in chips) 
Seat 3: zhino ($100 in chips) 
Seat 4: BMG198585 ($36.37 in chips) 
Seat 5: Timonessb ($100 in chips) 
Seat 6: XneferX ($105.11 in chips) 
BMG198585: posts small blind $0.50
Timonessb: posts big blind $1
*** HOLE CARDS ***
XneferX: folds 
shootingGRID: folds 
zhino: folds 
BMG198585: raises $1 to $2
Timonessb: folds 
Uncalled bet ($1) returned to BMG198585
BMG198585 collected $2 from pot
Nicedaymybro joins the table at seat #1 
*** SUMMARY ***
Total pot $2 | Rake $0 
Seat 2: shootingGRID folded before Flop (didn't bet)
Seat 3: zhino (button) folded before Flop (didn't bet)
Seat 4: BMG198585 (small blind) collected ($2)
Seat 5: Timonessb (big blind) folded before Flop
Seat 6: XneferX folded before Flop (didn't bet)



PokerStars Hand #254631299179:  Hold'em No Limit ($0.50/$1.00 USD) - 2025/01/30 1:02:53 WET [2025/01/30 20:02:53 ET]
Table 'Kallisto' 6-max Seat #4 is the button
Seat 6: XneferX ($105.11 in chips) is sitting out
Seat 1: Nicedaymybro ($100 in chips) 
Seat 2: shootingGRID ($214.04 in chips) 
Seat 3: zhino ($100 in chips) 
Seat 4: BMG198585 ($37.37 in chips) 
Seat 5: Timonessb ($100 in chips) 
Timonessb: posts small blind $0.50
Nicedaymybro: posts big blind $1
*** HOLE CARDS ***
shootingGRID: folds 
zhino: raises $1.79 to $2.79
BMG198585: calls $2.79
Timonessb: folds 
Nicedaymybro: folds 
*** FLOP *** [5s 4d Kc]
zhino: checks 
BMG198585: checks 
*** TURN *** [5s 4d Kc] [Ks]
zhino: bets $2.22
BMG198585: calls $2.22
*** RIVER *** [5s 4d Kc Ks] [2d]
zhino: checks 
BMG198585: bets $8.47
zhino: folds 
Uncalled bet ($8.47) returned to BMG198585
BMG198585 collected $10.80 from pot
*** SUMMARY ***
Total pot $11.52 | Rake $0.72 
Board [5s 4d Kc Ks 2d]
Seat 6: XneferX
Seat 1: Nicedaymybro (big blind) folded before Flop
Seat 2: shootingGRID folded before Flop (didn't bet)
Seat 3: zhino folded on the River
Seat 4: BMG198585 (button) collected ($10.80)
Seat 5: Timonessb (small blind) folded before Flop



PokerStars Hand #254631311324:  Hold'em No Limit ($0.50/$1.00 USD) - 2025/01/30 1:04:00 WET [2025/01/30 20:04:00 ET]
Table 'Kallisto' 6-max Seat #5 is the button
Seat 6: XneferX ($105.11 in chips) is sitting out
Seat 1: Nicedaymybro ($100 in chips) 
Seat 2: shootingGRID ($214.04 in chips) 
Seat 3: zhino ($100 in chips) 
Seat 4: BMG198585 ($43.16 in chips) 
Seat 5: Timonessb ($100 in chips) 
Nicedaymybro: posts small blind $0.50
shootingGRID: posts big blind $1
*** HOLE CARDS ***
zhino: folds 
BMG198585: folds 
Timonessb: folds 
Nicedaymybro: raises $2 to $3
shootingGRID: folds 
Uncalled bet ($2) returned to Nicedaymybro
Nicedaymybro collected $2 from pot
Nicedaymybro: doesn't show hand 
*** SUMMARY ***
Total pot $2 | Rake $0 
Seat 6: XneferX
Seat 1: Nicedaymybro (small blind) collected ($2)
Seat 2: shootingGRID (big blind) folded before Flop
Seat 3: zhino folded before Flop (didn't bet)
Seat 4: BMG198585 folded before Flop (didn't bet)
Seat 5: Timonessb (button) folded before Flop (didn't bet)



PokerStars Hand #254631314441:  Hold'em No Limit ($0.50/$1.00 USD) - 2025/01/30 1:04:18 WET [2025/01/30 20:04:18 ET]
Table 'Kallisto' 6-max Seat #1 is the button
Seat 6: XneferX ($105.11 in chips) is sitting out
Seat 1: Nicedaymybro ($101 in chips) 
Seat 2: shootingGRID ($213.04 in chips) 
Seat 3: zhino ($100 in chips) 
Seat 4: BMG198585 ($43.16 in chips) 
Seat 5: Timonessb ($100 in chips) 
shootingGRID: posts small blind $0.50
zhino: posts big blind $1
*** HOLE CARDS ***
BMG198585: folds 
Timonessb: folds 
Nicedaymybro: raises $1.50 to $2.50
shootingGRID: folds 
zhino: folds 
Uncalled bet ($1.50) returned to Nicedaymybro
Nicedaymybro collected $2.50 from pot
Nicedaymybro: doesn't show hand 
*** SUMMARY ***
Total pot $2.50 | Rake $0 
Seat 6: XneferX
Seat 1: Nicedaymybro (button) collected ($2.50)
Seat 2: shootingGRID (small blind) folded before Flop
Seat 3: zhino (big blind) folded before Flop
Seat 4: BMG198585 folded before Flop (didn't bet)
Seat 5: Timonessb folded before Flop (didn't bet)



PokerStars Hand #254631318069:  Hold'em No Limit ($0.50/$1.00 USD) - 2025/01/30 1:04:38 WET [2025/01/30 20:04:38 ET]
Table 'Kallisto' 6-max Seat #2 is the button
Seat 6: XneferX ($105.11 in chips) is sitting out
Seat 1: Nicedaymybro ($102.50 in chips) 
Seat 2: shootingGRID ($212.54 in chips) 
Seat 3: zhino ($100 in chips) 
Seat 4: BMG198585 ($43.16 in chips) 
Seat 5: Timonessb ($100 in chips) 
zhino: posts small blind $0.50
BMG198585: posts big blind $1
*** HOLE CARDS ***
Timonessb: folds 
Nicedaymybro: folds 
shootingGRID: raises $1.50 to $2.50
zhino: folds 
BMG198585: folds 
Uncalled bet ($1.50) returned to shootingGRID
shootingGRID collected $2.50 from pot
*** SUMMARY ***
Total pot $2.50 | Rake $0 
Seat 6: XneferX
Seat 1: Nicedaymybro folded before Flop (didn't bet)
Seat 2: shootingGRID (button) collected ($2.50)
Seat 3: zhino (small blind) folded before Flop
Seat 4: BMG198585 (big blind) folded before Flop
Seat 5: Timonessb folded before Flop (didn't bet)



PokerStars Hand #254631321753:  Hold'em No Limit ($0.50/$1.00 USD) - 2025/01/30 1:04:58 WET [2025/01/30 20:04:58 ET]
Table 'Kallisto' 6-max Seat #3 is the button
Seat 6: XneferX ($105.11 in chips) is sitting out
Seat 1: Nicedaymybro ($102.50 in chips) 
Seat 2: shootingGRID ($214.04 in chips) 
Seat 3: zhino ($100 in chips) 
Seat 4: BMG198585 ($42.16 in chips) 
Seat 5: Timonessb ($100 in chips) 
BMG198585: posts small blind $0.50
Timonessb: posts big blind $1
*** HOLE CARDS ***
Nicedaymybro: folds 
shootingGRID: folds 
zhino: folds 
BMG198585: raises $1 to $2
Timonessb: calls $1
*** FLOP *** [4s 3d 3s]
BMG198585: checks 
Timonessb: bets $1.94
BMG198585: calls $1.94
*** TURN *** [4s 3d 3s] [Qh]
BMG198585: checks 
Timonessb: checks 
*** RIVER *** [4s 3d 3s Qh] [Td]
BMG198585: bets $9.49
Timonessb: folds 
Uncalled bet ($9.49) returned to BMG198585
BMG198585 collected $7.39 from pot
*** SUMMARY ***
Total pot $7.88 | Rake $0.49 
Board [4s 3d 3s Qh Td]
Seat 6: XneferX
Seat 1: Nicedaymybro folded before Flop (didn't bet)
Seat 2: shootingGRID folded before Flop (didn't bet)
Seat 3: zhino (button) folded before Flop (didn't bet)
Seat 4: BMG198585 (small blind) collected ($7.39)
Seat 5: Timonessb (big blind) folded on the River



PokerStars Hand #254631332509:  Hold'em No Limit ($0.50/$1.00 USD) - 2025/01/30 1:05:58 WET [2025/01/30 20:05:58 ET]
Table 'Kallisto' 6-max Seat #4 is the button
Seat 6: XneferX ($105.11 in chips) is sitting out
Seat 1: Nicedaymybro ($102.50 in chips) 
Seat 2: shootingGRID ($214.04 in chips) 
Seat 3: zhino ($100 in chips) 
Seat 4: BMG198585 ($45.61 in chips) 
Seat 5: Timonessb ($100 in chips) 
Timonessb: posts small blind $0.50
Nicedaymybro: posts big blind $1
*** HOLE CARDS ***
shootingGRID: folds 
zhino: folds 
BMG198585: folds 
Timonessb: raises $2 to $3
Nicedaymybro: folds 
Uncalled bet ($2) returned to Timonessb
Timonessb collected $2 from pot
*** SUMMARY ***
Total pot $2 | Rake $0 
Seat 6: XneferX
Seat 1: Nicedaymybro (big blind) folded before Flop
Seat 2: shootingGRID folded before Flop (didn't bet)
Seat 3: zhino folded before Flop (didn't bet)
Seat 4: BMG198585 (button) folded before Flop (didn't bet)
Seat 5: Timonessb (small blind) collected ($2)



PokerStars Hand #254631336262:  Hold'em No Limit ($0.50/$1.00 USD) - 2025/01/30 1:06:19 WET [2025/01/30 20:06:19 ET]
Table 'Kallisto' 6-max Seat #5 is the button
Seat 6: XneferX ($105.11 in chips) is sitting out
Seat 1: Nicedaymybro ($101.50 in chips) 
Seat 2: shootingGRID ($214.04 in chips) 
Seat 3: zhino ($100 in chips) 
Seat 4: BMG198585 ($45.61 in chips) 
Seat 5: Timonessb ($101 in chips) 
Nicedaymybro: posts small blind $0.50
shootingGRID: posts big blind $1
*** HOLE CARDS ***
zhino: folds 
BMG198585: raises $1 to $2
Timonessb: folds 
Nicedaymybro: folds 
shootingGRID: raises $7 to $9
BMG198585: folds 
Uncalled bet ($7) returned to shootingGRID
shootingGRID collected $4.50 from pot
*** SUMMARY ***
Total pot $4.50 | Rake $0 
Seat 6: XneferX
Seat 1: Nicedaymybro (small blind) folded before Flop
Seat 2: shootingGRID (big blind) collected ($4.50)
Seat 3: zhino folded before Flop (didn't bet)
Seat 4: BMG198585 folded before Flop
Seat 5: Timonessb (button) folded before Flop (didn't bet)



PokerStars Hand #254631340688:  Hold'em No Limit ($0.50/$1.00 USD) - 2025/01/30 1:06:44 WET [2025/01/30 20:06:44 ET]
Table 'Kallisto' 6-max Seat #1 is the button
Seat 6: XneferX ($105.11 in chips) is sitting out
Seat 1: Nicedaymybro ($101 in chips) 
Seat 2: shootingGRID ($216.54 in chips) 
Seat 3: zhino ($100 in chips) 
Seat 4: BMG198585 ($43.61 in chips) 
Seat 5: Timonessb ($101 in chips) 
shootingGRID: posts small blind $0.50
zhino: posts big blind $1
XneferX: sits out 
*** HOLE CARDS ***
BMG198585: folds 
Timonessb: folds 
Nicedaymybro: raises $1.50 to $2.50
shootingGRID: folds 
zhino: folds 
Uncalled bet ($1.50) returned to Nicedaymybro
Nicedaymybro collected $2.50 from pot
Nicedaymybro: doesn't show hand 
*** SUMMARY ***
Total pot $2.50 | Rake $0 
Seat 6: XneferX
Seat 1: Nicedaymybro (button) collected ($2.50)
Seat 2: shootingGRID (small blind) folded before Flop
Seat 3: zhino (big blind) folded before Flop
Seat 4: BMG198585 folded before Flop (didn't bet)
Seat 5: Timonessb folded before Flop (didn't bet)



PokerStars Hand #254631342796:  Hold'em No Limit ($0.50/$1.00 USD) - 2025/01/30 1:06:56 WET [2025/01/30 20:06:56 ET]
Table 'Kallisto' 6-max Seat #2 is the button
Seat 6: XneferX ($105.11 in chips) is sitting out
Seat 1: Nicedaymybro ($102.50 in chips) 
Seat 2: shootingGRID ($216.04 in chips) 
Seat 3: zhino ($100 in chips) 
Seat 4: BMG198585 ($43.61 in chips) 
Seat 5: Timonessb ($101 in chips) 
zhino: posts small blind $0.50
BMG198585: posts big blind $1
XneferX: sits out 
*** HOLE CARDS ***
Timonessb: folds 
Nicedaymybro: folds 
shootingGRID: folds 
zhino: raises $2.49 to $3.49
BMG198585: folds 
Uncalled bet ($2.49) returned to zhino
zhino collected $2 from pot
zhino: doesn't show hand 
*** SUMMARY ***
Total pot $2 | Rake $0 
Seat 6: XneferX
Seat 1: Nicedaymybro folded before Flop (didn't bet)
Seat 2: shootingGRID (button) folded before Flop (didn't bet)
Seat 3: zhino (small blind) collected ($2)
Seat 4: BMG198585 (big blind) folded before Flop
Seat 5: Timonessb folded before Flop (didn't bet)



PokerStars Hand #254631345556:  Hold'em No Limit ($0.50/$1.00 USD) - 2025/01/30 1:07:12 WET [2025/01/30 20:07:12 ET]
Table 'Kallisto' 6-max Seat #3 is the button
Seat 6: XneferX ($105.11 in chips) is sitting out
Seat 1: Nicedaymybro ($102.50 in chips) 
Seat 2: shootingGRID ($216.04 in chips) 
Seat 3: zhino ($101 in chips) 
Seat 4: BMG198585 ($42.61 in chips) 
Seat 5: Timonessb ($101 in chips) 
BMG198585: posts small blind $0.50
Timonessb: posts big blind $1
XneferX: sits out 
*** HOLE CARDS ***
Nicedaymybro: folds 
shootingGRID: folds 
zhino: folds 
BMG198585: raises $1 to $2
Timonessb: calls $1
*** FLOP *** [Js 5d 7c]
BMG198585: bets $1.90
Timonessb: folds 
Uncalled bet ($1.90) returned to BMG198585
BMG198585 collected $3.75 from pot
*** SUMMARY ***
Total pot $4 | Rake $0.25 
Board [Js 5d 7c]
Seat 6: XneferX
Seat 1: Nicedaymybro folded before Flop (didn't bet)
Seat 2: shootingGRID folded before Flop (didn't bet)
Seat 3: zhino (button) folded before Flop (didn't bet)
Seat 4: BMG198585 (small blind) collected ($3.75)
Seat 5: Timonessb (big blind) folded on the Flop



PokerStars Hand #254631350302:  Hold'em No Limit ($0.50/$1.00 USD) - 2025/01/30 1:07:38 WET [2025/01/30 20:07:38 ET]
Table 'Kallisto' 6-max Seat #4 is the button
Seat 1: Nicedaymybro ($102.50 in chips) 
Seat 2: shootingGRID ($216.04 in chips) 
Seat 3: zhino ($101 in chips) 
Seat 4: BMG198585 ($44.36 in chips) 
Seat 5: Timonessb ($100 in chips) 
Seat 6: XneferX ($105.11 in chips) 
Timonessb: posts small blind $0.50
XneferX: posts big blind $1
*** HOLE CARDS ***
Nicedaymybro: folds 
shootingGRID: folds 
zhino: folds 
BMG198585: raises $1 to $2
Timonessb: folds 
XneferX: folds 
Uncalled bet ($1) returned to BMG198585
BMG198585 collected $2.50 from pot
*** SUMMARY ***
Total pot $2.50 | Rake $0 
Seat 1: Nicedaymybro folded before Flop (didn't bet)
Seat 2: shootingGRID folded before Flop (didn't bet)
Seat 3: zhino folded before Flop (didn't bet)
Seat 4: BMG198585 (button) collected ($2.50)
Seat 5: Timonessb (small blind) folded before Flop
Seat 6: XneferX (big blind) folded before Flop



PokerStars Hand #254631353647:  Hold'em No Limit ($0.50/$1.00 USD) - 2025/01/30 1:07:57 WET [2025/01/30 20:07:57 ET]
Table 'Kallisto' 6-max Seat #5 is the button
Seat 1: Nicedaymybro ($102.50 in chips) 
Seat 2: shootingGRID ($216.04 in chips) 
Seat 3: zhino ($101 in chips) 
Seat 4: BMG198585 ($45.86 in chips) 
Seat 5: Timonessb ($100 in chips) 
Seat 6: XneferX ($104.11 in chips) 
XneferX: posts small blind $0.50
Nicedaymybro: posts big blind $1
*** HOLE CARDS ***
shootingGRID: raises $1.25 to $2.25
zhino: folds 
BMG198585: folds 
Timonessb: folds 
XneferX: folds 
Nicedaymybro: folds 
Uncalled bet ($1.25) returned to shootingGRID
shootingGRID collected $2.50 from pot
*** SUMMARY ***
Total pot $2.50 | Rake $0 
Seat 1: Nicedaymybro (big blind) folded before Flop
Seat 2: shootingGRID collected ($2.50)
Seat 3: zhino folded before Flop (didn't bet)
Seat 4: BMG198585 folded before Flop (didn't bet)
Seat 5: Timonessb (button) folded before Flop (didn't bet)
Seat 6: XneferX (small blind) folded before Flop



PokerStars Hand #254631357355:  Hold'em No Limit ($0.50/$1.00 USD) - 2025/01/30 1:08:17 WET [2025/01/30 20:08:17 ET]
Table 'Kallisto' 6-max Seat #6 is the button
Seat 1: Nicedaymybro ($101.50 in chips) 
Seat 2: shootingGRID ($217.54 in chips) 
Seat 3: zhino ($101 in chips) 
Seat 4: BMG198585 ($45.86 in chips) 
Seat 5: Timonessb ($100 in chips) 
Seat 6: XneferX ($103.61 in chips) 
Nicedaymybro: posts small blind $0.50
shootingGRID: posts big blind $1
*** HOLE CARDS ***
zhino: folds 
BMG198585: raises $1 to $2
Timonessb: folds 
XneferX: folds 
Nicedaymybro: folds 
shootingGRID: folds 
Uncalled bet ($1) returned to BMG198585
BMG198585 collected $2.50 from pot
*** SUMMARY ***
Total pot $2.50 | Rake $0 
Seat 1: Nicedaymybro (small blind) folded before Flop
Seat 2: shootingGRID (big blind) folded before Flop
Seat 3: zhino folded before Flop (didn't bet)
Seat 4: BMG198585 collected ($2.50)
Seat 5: Timonessb folded before Flop (didn't bet)
Seat 6: XneferX (button) folded before Flop (didn't bet)



PokerStars Hand #254631362380:  Hold'em No Limit ($0.50/$1.00 USD) - 2025/01/30 1:08:46 WET [2025/01/30 20:08:46 ET]
Table 'Kallisto' 6-max Seat #1 is the button
Seat 1: Nicedaymybro ($101 in chips) 
Seat 2: shootingGRID ($216.54 in chips) 
Seat 3: zhino ($101 in chips) 
Seat 4: BMG198585 ($47.36 in chips) 
Seat 5: Timonessb ($100 in chips) 
Seat 6: XneferX ($103.61 in chips) 
shootingGRID: posts small blind $0.50
zhino: posts big blind $1
*** HOLE CARDS ***
BMG198585: folds 
Timonessb: folds 
XneferX: folds 
Nicedaymybro: folds 
shootingGRID: raises $2 to $3
zhino: folds 
Uncalled bet ($2) returned to shootingGRID
shootingGRID collected $2 from pot
*** SUMMARY ***
Total pot $2 | Rake $0 
Seat 1: Nicedaymybro (button) folded before Flop (didn't bet)
Seat 2: shootingGRID (small blind) collected ($2)
Seat 3: zhino (big blind) folded before Flop
Seat 4: BMG198585 folded before Flop (didn't bet)
Seat 5: Timonessb folded before Flop (didn't bet)
Seat 6: XneferX folded before Flop (didn't bet)



PokerStars Hand #254631364839:  Hold'em No Limit ($0.50/$1.00 USD) - 2025/01/30 1:09:00 WET [2025/01/30 20:09:00 ET]
Table 'Kallisto' 6-max Seat #2 is the button
Seat 1: Nicedaymybro ($101 in chips) 
Seat 2: shootingGRID ($217.54 in chips) 
Seat 3: zhino ($100 in chips) 
Seat 4: BMG198585 ($47.36 in chips) 
Seat 5: Timonessb ($100 in chips) 
Seat 6: XneferX ($103.61 in chips) 
zhino: posts small blind $0.50
BMG198585: posts big blind $1
*** HOLE CARDS ***
Timonessb: folds 
XneferX: folds 
Nicedaymybro: raises $1.50 to $2.50
shootingGRID: folds 
zhino: folds 
BMG198585: calls $1.50
*** FLOP *** [6c Qs Td]
BMG198585: checks 
Nicedaymybro: bets $2.61
BMG198585: calls $2.61
*** TURN *** [6c Qs Td] [8s]
BMG198585: checks 
Nicedaymybro: bets $7.65
BMG198585: calls $7.65
*** RIVER *** [6c Qs Td 8s] [Tc]
BMG198585: bets $34.60 and is all-in
Nicedaymybro: folds 
Uncalled bet ($34.60) returned to BMG198585
BMG198585 collected $24.40 from pot
*** SUMMARY ***
Total pot $26.02 | Rake $1.62 
Board [6c Qs Td 8s Tc]
Seat 1: Nicedaymybro folded on the River
Seat 2: shootingGRID (button) folded before Flop (didn't bet)
Seat 3: zhino (small blind) folded before Flop
Seat 4: BMG198585 (big blind) collected ($24.40)
Seat 5: Timonessb folded before Flop (didn't bet)
Seat 6: XneferX folded before Flop (didn't bet)



PokerStars Hand #254631379308:  Hold'em No Limit ($0.50/$1.00 USD) - 2025/01/30 1:10:22 WET [2025/01/30 20:10:22 ET]
Table 'Kallisto' 6-max Seat #3 is the button
Seat 1: Nicedaymybro ($100 in chips) 
Seat 2: shootingGRID ($217.54 in chips) 
Seat 3: zhino ($100 in chips) 
Seat 4: BMG198585 ($59 in chips) 
Seat 5: Timonessb ($100 in chips) 
Seat 6: XneferX ($103.61 in chips) 
BMG198585: posts small blind $0.50
Timonessb: posts big blind $1
*** HOLE CARDS ***
XneferX: folds 
Nicedaymybro: folds 
shootingGRID: raises $1.25 to $2.25
zhino: folds 
BMG198585: raises $9.50 to $11.75
Timonessb: folds 
shootingGRID: calls $9.50
*** FLOP *** [7s 2h 5d]
BMG198585: bets $11.64
shootingGRID: raises $52.36 to $64
BMG198585: calls $35.61 and is all-in
Uncalled bet ($16.75) returned to shootingGRID
*** TURN *** [7s 2h 5d] [8s]
*** RIVER *** [7s 2h 5d 8s] [6c]
*** SHOW DOWN ***
BMG198585: shows [Ah Qd] (high card Ace)
shootingGRID: shows [9d 9h] (a straight, Five to Nine)
shootingGRID collected $116.50 from pot
*** SUMMARY ***
Total pot $119 | Rake $2.50 
Board [7s 2h 5d 8s 6c]
Seat 1: Nicedaymybro folded before Flop (didn't bet)
Seat 2: shootingGRID showed [9d 9h] and won ($116.50) with a straight, Five to Nine
Seat 3: zhino (button) folded before Flop (didn't bet)
Seat 4: BMG198585 (small blind) showed [Ah Qd] and lost with high card Ace
Seat 5: Timonessb (big blind) folded before Flop
Seat 6: XneferX folded before Flop (didn't bet)



PokerStars Hand #254631386927:  Hold'em No Limit ($0.50/$1.00 USD) - 2025/01/30 1:11:06 WET [2025/01/30 20:11:06 ET]
Table 'Kallisto' 6-max Seat #5 is the button
Seat 4: BMG198585 ($0 in chips) is sitting out
Seat 1: Nicedaymybro ($100 in chips) 
Seat 2: shootingGRID ($275.04 in chips) 
Seat 3: zhino ($100 in chips) 
Seat 5: Timonessb ($100 in chips) 
Seat 6: XneferX ($103.61 in chips) 
XneferX: posts small blind $0.50
Nicedaymybro: posts big blind $1
*** HOLE CARDS ***
shootingGRID: folds 
BMG198585 leaves the table
zhino: raises $1.79 to $2.79
Timonessb: folds 
XneferX: folds 
Nicedaymybro: calls $1.79
*** FLOP *** [7h 7s Ks]
Nicedaymybro: checks 
zhino: checks 
*** TURN *** [7h 7s Ks] [3d]
Nicedaymybro: checks 
zhino: bets $3.41
Nicedaymybro: folds 
Uncalled bet ($3.41) returned to zhino
zhino collected $5.78 from pot
zhino: doesn't show hand 
*** SUMMARY ***
Total pot $6.08 | Rake $0.30 
Board [7h 7s Ks 3d]
Seat 4: BMG198585
Seat 1: Nicedaymybro (big blind) folded on the Turn
Seat 2: shootingGRID folded before Flop (didn't bet)
Seat 3: zhino collected ($5.78)
Seat 5: Timonessb (button) folded before Flop (didn't bet)
Seat 6: XneferX (small blind) folded before Flop



PokerStars Hand #254631395218:  Hold'em No Limit ($0.50/$1.00 USD) - 2025/01/30 1:11:53 WET [2025/01/30 20:11:53 ET]
Table 'Kallisto' 6-max Seat #6 is the button
Seat 2: shootingGRID ($275.04 in chips) is sitting out
Seat 3: zhino ($102.99 in chips) is sitting out
Seat 1: Nicedaymybro ($100 in chips) 
Seat 5: Timonessb ($100 in chips) 
Seat 6: XneferX ($103.11 in chips) 
Nicedaymybro: posts small blind $0.50
shootingGRID: is sitting out 
zhino: is sitting out 
Timonessb: posts big blind $1
*** HOLE CARDS ***
XneferX: folds 
Nicedaymybro: raises $2 to $3
XneferX leaves the table
shootingGRID leaves the table
Timonessb: calls $2
*** FLOP *** [6c 8c Th]
zhino leaves the table
Nicedaymybro: checks 
Timonessb: bets $3.82
Nicedaymybro: folds 
Uncalled bet ($3.82) returned to Timonessb
Timonessb collected $5.70 from pot
*** SUMMARY ***
Total pot $6 | Rake $0.30 
Board [6c 8c Th]
Seat 2: shootingGRID
Seat 3: zhino
Seat 1: Nicedaymybro (small blind) folded on the Flop
Seat 5: Timonessb (big blind) collected ($5.70)
Seat 6: XneferX (button) folded before Flop (didn't bet)



