PokerStars Hand #254629306218:  Hold'em No Limit ($0.50/$1.00 USD) - 2025/01/30 22:34:02 WET [2025/01/30 17:34:02 ET]
Table 'Gezelle' 6-max Seat #1 is the button
Seat 1: laloo246 ($100 in chips) 
Seat 2: Seavus10 ($103 in chips) 
Seat 4: kuca86 ($102.50 in chips) 
Seavus10: posts small blind $0.50
kuca86: posts big blind $1
*** HOLE CARDS ***
laloo246: raises $1.50 to $2.50
Seavus10: folds 
kuca86: folds 
Uncalled bet ($1.50) returned to laloo246
laloo246 collected $2.50 from pot
laloo246: doesn't show hand 
*** SUMMARY ***
Total pot $2.50 | Rake $0 
Seat 1: laloo246 (button) collected ($2.50)
Seat 2: Seavus10 (small blind) folded before Flop
Seat 4: kuca86 (big blind) folded before Flop



PokerStars Hand #254629310281:  Hold'em No Limit ($0.50/$1.00 USD) - 2025/01/30 22:34:17 WET [2025/01/30 17:34:17 ET]
Table 'Gezelle' 6-max Seat #4 is the button
Seat 1: laloo246 ($101.50 in chips) is sitting out
Seat 2: Seavus10 ($102.50 in chips) 
Seat 4: kuca86 ($101.50 in chips) 
kuca86: posts small blind $0.50
laloo246: is sitting out 
Seavus10: posts big blind $1
*** HOLE CARDS ***
kuca86: raises $1.50 to $2.50
Seavus10: folds 
Uncalled bet ($1.50) returned to kuca86
kuca86 collected $2 from pot
kuca86: doesn't show hand 
*** SUMMARY ***
Total pot $2 | Rake $0 
Seat 1: laloo246
Seat 2: Seavus10 (big blind) folded before Flop
Seat 4: kuca86 (button) (small blind) collected ($2)



PokerStars Hand #254629313962:  Hold'em No Limit ($0.50/$1.00 USD) - 2025/01/30 22:34:31 WET [2025/01/30 17:34:31 ET]
Table 'Gezelle' 6-max Seat #2 is the button
Seat 1: laloo246 ($101.50 in chips) is sitting out
Seat 2: Seavus10 ($101.50 in chips) 
Seat 4: kuca86 ($102.50 in chips) 
Seavus10: posts small blind $0.50
kuca86: posts big blind $1
*** HOLE CARDS ***
Seavus10: raises $1.50 to $2.50
kuca86: folds 
Uncalled bet ($1.50) returned to Seavus10
Seavus10 collected $2 from pot
Seavus10: doesn't show hand 
*** SUMMARY ***
Total pot $2 | Rake $0 
Seat 1: laloo246
Seat 2: Seavus10 (button) (small blind) collected ($2)
Seat 4: kuca86 (big blind) folded before Flop



PokerStars Hand #254629317735:  Hold'em No Limit ($0.50/$1.00 USD) - 2025/01/30 22:34:45 WET [2025/01/30 17:34:45 ET]
Table 'Gezelle' 6-max Seat #4 is the button
Seat 1: laloo246 ($101.50 in chips) is sitting out
Seat 2: Seavus10 ($102.50 in chips) 
Seat 4: kuca86 ($101.50 in chips) 
kuca86: posts small blind $0.50
Seavus10: posts big blind $1
*** HOLE CARDS ***
kuca86: folds 
Uncalled bet ($0.50) returned to Seavus10
laloo246 leaves the table
Seavus10 collected $1 from pot
Seavus10: doesn't show hand 
*** SUMMARY ***
Total pot $1 | Rake $0 
Seat 1: laloo246
Seat 2: Seavus10 (big blind) collected ($1)
Seat 4: kuca86 (button) (small blind) folded before Flop



PokerStars Hand #254629320195:  Hold'em No Limit ($0.50/$1.00 USD) - 2025/01/30 22:34:54 WET [2025/01/30 17:34:54 ET]
Table 'Gezelle' 6-max Seat #2 is the button
Seat 2: Seavus10 ($103 in chips) 
Seat 4: kuca86 ($101 in chips) 
Seavus10: posts small blind $0.50
kuca86: posts big blind $1
*** HOLE CARDS ***
Seavus10: raises $1.50 to $2.50
kuca86: folds 
Uncalled bet ($1.50) returned to Seavus10
Seavus10 collected $2 from pot
Seavus10: doesn't show hand 
*** SUMMARY ***
Total pot $2 | Rake $0 
Seat 2: Seavus10 (button) (small blind) collected ($2)
Seat 4: kuca86 (big blind) folded before Flop



PokerStars Hand #254629325660:  Hold'em No Limit ($0.50/$1.00 USD) - 2025/01/30 22:35:14 WET [2025/01/30 17:35:14 ET]
Table 'Gezelle' 6-max Seat #4 is the button
Seat 2: Seavus10 ($104 in chips) 
Seat 4: kuca86 ($100 in chips) 
kuca86: posts small blind $0.50
Seavus10: posts big blind $1
*** HOLE CARDS ***
kuca86: raises $1.50 to $2.50
Seavus10: calls $1.50
*** FLOP *** [2d 6c Th]
Seavus10: checks 
kuca86: checks 
*** TURN *** [2d 6c Th] [2h]
Seavus10: checks 
kuca86: checks 
*** RIVER *** [2d 6c Th 2h] [6d]
Seavus10: checks 
kuca86: checks 
*** SHOW DOWN ***
Seavus10: shows [Js 8s] (two pair, Sixes and Deuces)
kuca86: shows [Ks 7s] (two pair, Sixes and Deuces - King kicker)
kuca86 collected $4.75 from pot
*** SUMMARY ***
Total pot $5 | Rake $0.25 
Board [2d 6c Th 2h 6d]
Seat 2: Seavus10 (big blind) showed [Js 8s] and lost with two pair, Sixes and Deuces
Seat 4: kuca86 (button) (small blind) showed [Ks 7s] and won ($4.75) with two pair, Sixes and Deuces



PokerStars Hand #254629348181:  Hold'em No Limit ($0.50/$1.00 USD) - 2025/01/30 22:36:35 WET [2025/01/30 17:36:35 ET]
Table 'Gezelle' 6-max Seat #2 is the button
Seat 2: Seavus10 ($101.50 in chips) 
Seat 4: kuca86 ($102.25 in chips) 
Seavus10: posts small blind $0.50
kuca86: posts big blind $1
*** HOLE CARDS ***
Seavus10: raises $1.50 to $2.50
kuca86: calls $1.50
*** FLOP *** [Kc 6h As]
kuca86: checks 
Seavus10: bets $4.58
kuca86: calls $4.58
*** TURN *** [Kc 6h As] [2s]
kuca86: checks 
laloo246 joins the table at seat #1 
Seavus10: bets $20.85
kuca86: folds 
Uncalled bet ($20.85) returned to Seavus10
Seavus10 collected $13.45 from pot
Seavus10: doesn't show hand 
*** SUMMARY ***
Total pot $14.16 | Rake $0.71 
Board [Kc 6h As 2s]
Seat 2: Seavus10 (button) (small blind) collected ($13.45)
Seat 4: kuca86 (big blind) folded on the Turn



PokerStars Hand #254629368003:  Hold'em No Limit ($0.50/$1.00 USD) - 2025/01/30 22:37:47 WET [2025/01/30 17:37:47 ET]
Table 'Gezelle' 6-max Seat #2 is the button
Seat 1: laloo246 ($101.50 in chips) 
Seat 2: Seavus10 ($107.87 in chips) 
Seat 4: kuca86 ($100 in chips) 
kuca86: posts small blind $0.50
laloo246: posts big blind $1
*** HOLE CARDS ***
Seavus10: folds 
kuca86: raises $2 to $3
laloo246: calls $2
*** FLOP *** [Kd Ks Kh]
kuca86: bets $1.43
laloo246: calls $1.43
*** TURN *** [Kd Ks Kh] [2c]
kuca86: checks 
laloo246: checks 
*** RIVER *** [Kd Ks Kh 2c] [3c]
kuca86: checks 
laloo246: bets $6.32
kuca86: folds 
Uncalled bet ($6.32) returned to laloo246
laloo246 collected $8.42 from pot
laloo246: doesn't show hand 
*** SUMMARY ***
Total pot $8.86 | Rake $0.44 
Board [Kd Ks Kh 2c 3c]
Seat 1: laloo246 (big blind) collected ($8.42)
Seat 2: Seavus10 (button) folded before Flop (didn't bet)
Seat 4: kuca86 (small blind) folded on the River



PokerStars Hand #254629395163:  Hold'em No Limit ($0.50/$1.00 USD) - 2025/01/30 22:39:25 WET [2025/01/30 17:39:25 ET]
Table 'Gezelle' 6-max Seat #4 is the button
Seat 1: laloo246 ($105.49 in chips) 
Seat 2: Seavus10 ($107.87 in chips) 
Seat 4: kuca86 ($100 in chips) 
laloo246: posts small blind $0.50
Seavus10: posts big blind $1
*** HOLE CARDS ***
kuca86: folds 
laloo246: folds 
Uncalled bet ($0.50) returned to Seavus10
Seavus10 collected $1 from pot
Seavus10: doesn't show hand 
*** SUMMARY ***
Total pot $1 | Rake $0 
Seat 1: laloo246 (small blind) folded before Flop
Seat 2: Seavus10 (big blind) collected ($1)
Seat 4: kuca86 (button) folded before Flop (didn't bet)



PokerStars Hand #254629398088:  Hold'em No Limit ($0.50/$1.00 USD) - 2025/01/30 22:39:36 WET [2025/01/30 17:39:36 ET]
Table 'Gezelle' 6-max Seat #1 is the button
Seat 1: laloo246 ($104.99 in chips) 
Seat 2: Seavus10 ($108.37 in chips) 
Seat 4: kuca86 ($100 in chips) 
Seavus10: posts small blind $0.50
kuca86: posts big blind $1
*** HOLE CARDS ***
laloo246: raises $1.50 to $2.50
Seavus10: folds 
kuca86: folds 
Uncalled bet ($1.50) returned to laloo246
laloo246 collected $2.50 from pot
laloo246: doesn't show hand 
*** SUMMARY ***
Total pot $2.50 | Rake $0 
Seat 1: laloo246 (button) collected ($2.50)
Seat 2: Seavus10 (small blind) folded before Flop
Seat 4: kuca86 (big blind) folded before Flop



PokerStars Hand #254629405352:  Hold'em No Limit ($0.50/$1.00 USD) - 2025/01/30 22:40:02 WET [2025/01/30 17:40:02 ET]
Table 'Gezelle' 6-max Seat #4 is the button
Seat 1: laloo246 ($106.49 in chips) is sitting out
Seat 2: Seavus10 ($107.87 in chips) 
Seat 4: kuca86 ($100 in chips) 
kuca86: posts small blind $0.50
laloo246: is sitting out 
Seavus10: posts big blind $1
*** HOLE CARDS ***
kuca86: folds 
Uncalled bet ($0.50) returned to Seavus10
laloo246 leaves the table
Seavus10 collected $1 from pot
Seavus10: doesn't show hand 
*** SUMMARY ***
Total pot $1 | Rake $0 
Seat 1: laloo246
Seat 2: Seavus10 (big blind) collected ($1)
Seat 4: kuca86 (button) (small blind) folded before Flop



PokerStars Hand #254629407323:  Hold'em No Limit ($0.50/$1.00 USD) - 2025/01/30 22:40:09 WET [2025/01/30 17:40:09 ET]
Table 'Gezelle' 6-max Seat #2 is the button
Seat 2: Seavus10 ($108.37 in chips) 
Seat 4: kuca86 ($100 in chips) 
Seavus10: posts small blind $0.50
kuca86: posts big blind $1
*** HOLE CARDS ***
Seavus10: raises $1.50 to $2.50
kuca86: calls $1.50
*** FLOP *** [5s 3h 6s]
kuca86: checks 
Seavus10: checks 
*** TURN *** [5s 3h 6s] [7d]
kuca86: bets $1.19
Seavus10: folds 
Uncalled bet ($1.19) returned to kuca86
kuca86 collected $4.75 from pot
kuca86: doesn't show hand 
*** SUMMARY ***
Total pot $5 | Rake $0.25 
Board [5s 3h 6s 7d]
Seat 2: Seavus10 (button) (small blind) folded on the Turn
Seat 4: kuca86 (big blind) collected ($4.75)



PokerStars Hand #254629424132:  Hold'em No Limit ($0.50/$1.00 USD) - 2025/01/30 22:41:10 WET [2025/01/30 17:41:10 ET]
Table 'Gezelle' 6-max Seat #4 is the button
Seat 2: Seavus10 ($105.87 in chips) 
Seat 4: kuca86 ($102.25 in chips) 
kuca86: posts small blind $0.50
Seavus10: posts big blind $1
*** HOLE CARDS ***
kuca86: raises $1.50 to $2.50
Seavus10: raises $9 to $11.50
kuca86: folds 
Uncalled bet ($9) returned to Seavus10
Seavus10 collected $5 from pot
Seavus10: doesn't show hand 
*** SUMMARY ***
Total pot $5 | Rake $0 
Seat 2: Seavus10 (big blind) collected ($5)
Seat 4: kuca86 (button) (small blind) folded before Flop



PokerStars Hand #254629429474:  Hold'em No Limit ($0.50/$1.00 USD) - 2025/01/30 22:41:29 WET [2025/01/30 17:41:29 ET]
Table 'Gezelle' 6-max Seat #2 is the button
Seat 2: Seavus10 ($108.37 in chips) 
Seat 4: kuca86 ($100 in chips) 
Seavus10: posts small blind $0.50
kuca86: posts big blind $1
*** HOLE CARDS ***
dervesh joins the table at seat #5 
jono16 joins the table at seat #1 
Seavus10: raises $1.50 to $2.50
Espada Fish joins the table at seat #3 
Rezzonner joins the table at seat #6 
kuca86: folds 
Uncalled bet ($1.50) returned to Seavus10
Seavus10 collected $2 from pot
Seavus10: doesn't show hand 
*** SUMMARY ***
Total pot $2 | Rake $0 
Seat 2: Seavus10 (button) (small blind) collected ($2)
Seat 4: kuca86 (big blind) folded before Flop



PokerStars Hand #254629434363:  Hold'em No Limit ($0.50/$1.00 USD) - 2025/01/30 22:41:47 WET [2025/01/30 17:41:47 ET]
Table 'Gezelle' 6-max Seat #4 is the button
Seat 1: jono16 ($100 in chips) is sitting out
Seat 5: dervesh ($100 in chips) is sitting out
Seat 6: Rezzonner ($100 in chips) is sitting out
Seat 2: Seavus10 ($109.37 in chips) 
Seat 3: Espada Fish ($100 in chips) 
Seat 4: kuca86 ($100 in chips) 
Seavus10: posts small blind $0.50
Espada Fish: posts big blind $1
*** HOLE CARDS ***
kuca86: raises $1.50 to $2.50
Seavus10: folds 
Espada Fish: raises $9.50 to $12
kuca86: folds 
Uncalled bet ($9.50) returned to Espada Fish
Espada Fish collected $5.50 from pot
Espada Fish: doesn't show hand 
*** SUMMARY ***
Total pot $5.50 | Rake $0 
Seat 1: jono16
Seat 5: dervesh
Seat 6: Rezzonner
Seat 2: Seavus10 (small blind) folded before Flop
Seat 3: Espada Fish (big blind) collected ($5.50)
Seat 4: kuca86 (button) folded before Flop



PokerStars Hand #254629441896:  Hold'em No Limit ($0.50/$1.00 USD) - 2025/01/30 22:42:14 WET [2025/01/30 17:42:14 ET]
Table 'Gezelle' 6-max Seat #2 is the button
Seat 1: jono16 ($100 in chips) is sitting out
Seat 5: dervesh ($100 in chips) is sitting out
Seat 6: Rezzonner ($100 in chips) is sitting out
Seat 2: Seavus10 ($108.87 in chips) 
Seat 3: Espada Fish ($103 in chips) 
Seat 4: kuca86 ($100 in chips) 
Espada Fish: posts small blind $0.50
kuca86: posts big blind $1
dervesh: sits out 
Rezzonner: sits out 
jono16: sits out 
*** HOLE CARDS ***
Seavus10: folds 
Espada Fish: raises $2 to $3
kuca86: raises $6 to $9
Espada Fish: folds 
Uncalled bet ($6) returned to kuca86
kuca86 collected $6 from pot
kuca86: doesn't show hand 
*** SUMMARY ***
Total pot $6 | Rake $0 
Seat 1: jono16
Seat 5: dervesh
Seat 6: Rezzonner
Seat 2: Seavus10 (button) folded before Flop (didn't bet)
Seat 3: Espada Fish (small blind) folded before Flop
Seat 4: kuca86 (big blind) collected ($6)



PokerStars Hand #254629450474:  Hold'em No Limit ($0.50/$1.00 USD) - 2025/01/30 22:42:45 WET [2025/01/30 17:42:45 ET]
Table 'Gezelle' 6-max Seat #3 is the button
Seat 1: jono16 ($100 in chips) is sitting out
Seat 6: Rezzonner ($100 in chips) is sitting out
Seat 2: Seavus10 ($108.87 in chips) 
Seat 3: Espada Fish ($100 in chips) 
Seat 4: kuca86 ($103 in chips) 
Seat 5: dervesh ($100 in chips) 
kuca86: posts small blind $0.50
dervesh: posts big blind $1
Rezzonner: sits out 
jono16: sits out 
*** HOLE CARDS ***
Seavus10: folds 
Espada Fish: folds 
kuca86: raises $2 to $3
dervesh: folds 
Uncalled bet ($2) returned to kuca86
kuca86 collected $2 from pot
kuca86: doesn't show hand 
*** SUMMARY ***
Total pot $2 | Rake $0 
Seat 1: jono16
Seat 6: Rezzonner
Seat 2: Seavus10 folded before Flop (didn't bet)
Seat 3: Espada Fish (button) folded before Flop (didn't bet)
Seat 4: kuca86 (small blind) collected ($2)
Seat 5: dervesh (big blind) folded before Flop



PokerStars Hand #254629455694:  Hold'em No Limit ($0.50/$1.00 USD) - 2025/01/30 22:43:04 WET [2025/01/30 17:43:04 ET]
Table 'Gezelle' 6-max Seat #4 is the button
Seat 1: jono16 ($100 in chips) is sitting out
Seat 2: Seavus10 ($108.87 in chips) 
Seat 3: Espada Fish ($100 in chips) 
Seat 4: kuca86 ($104 in chips) 
Seat 5: dervesh ($100 in chips) 
Seat 6: Rezzonner ($100 in chips) 
dervesh: posts small blind $0.50
Rezzonner: posts big blind $1
jono16: sits out 
*** HOLE CARDS ***
Seavus10: folds 
Espada Fish: folds 
kuca86: raises $1.50 to $2.50
dervesh: folds 
Rezzonner: folds 
Uncalled bet ($1.50) returned to kuca86
kuca86 collected $2.50 from pot
kuca86: doesn't show hand 
*** SUMMARY ***
Total pot $2.50 | Rake $0 
Seat 1: jono16
Seat 2: Seavus10 folded before Flop (didn't bet)
Seat 3: Espada Fish folded before Flop (didn't bet)
Seat 4: kuca86 (button) collected ($2.50)
Seat 5: dervesh (small blind) folded before Flop
Seat 6: Rezzonner (big blind) folded before Flop



PokerStars Hand #254629460333:  Hold'em No Limit ($0.50/$1.00 USD) - 2025/01/30 22:43:21 WET [2025/01/30 17:43:21 ET]
Table 'Gezelle' 6-max Seat #5 is the button
Seat 1: jono16 ($100 in chips) 
Seat 2: Seavus10 ($108.87 in chips) 
Seat 3: Espada Fish ($100 in chips) 
Seat 4: kuca86 ($105.50 in chips) 
Seat 5: dervesh ($100 in chips) 
Seat 6: Rezzonner ($100 in chips) 
Rezzonner: posts small blind $0.50
jono16: posts big blind $1
*** HOLE CARDS ***
Seavus10: folds 
Espada Fish: folds 
kuca86: raises $1.50 to $2.50
dervesh: folds 
Rezzonner: folds 
jono16: folds 
Uncalled bet ($1.50) returned to kuca86
kuca86 collected $2.50 from pot
kuca86: doesn't show hand 
*** SUMMARY ***
Total pot $2.50 | Rake $0 
Seat 1: jono16 (big blind) folded before Flop
Seat 2: Seavus10 folded before Flop (didn't bet)
Seat 3: Espada Fish folded before Flop (didn't bet)
Seat 4: kuca86 collected ($2.50)
Seat 5: dervesh (button) folded before Flop (didn't bet)
Seat 6: Rezzonner (small blind) folded before Flop



PokerStars Hand #254629467329:  Hold'em No Limit ($0.50/$1.00 USD) - 2025/01/30 22:43:46 WET [2025/01/30 17:43:46 ET]
Table 'Gezelle' 6-max Seat #6 is the button
Seat 1: jono16 ($100 in chips) 
Seat 2: Seavus10 ($108.87 in chips) 
Seat 3: Espada Fish ($100 in chips) 
Seat 4: kuca86 ($107 in chips) 
Seat 5: dervesh ($100 in chips) 
Seat 6: Rezzonner ($100 in chips) 
jono16: posts small blind $0.50
Seavus10: posts big blind $1
*** HOLE CARDS ***
Espada Fish: folds 
kuca86: folds 
dervesh: raises $1.50 to $2.50
Rezzonner: folds 
jono16: folds 
Seavus10: folds 
Uncalled bet ($1.50) returned to dervesh
dervesh collected $2.50 from pot
dervesh: doesn't show hand 
*** SUMMARY ***
Total pot $2.50 | Rake $0 
Seat 1: jono16 (small blind) folded before Flop
Seat 2: Seavus10 (big blind) folded before Flop
Seat 3: Espada Fish folded before Flop (didn't bet)
Seat 4: kuca86 folded before Flop (didn't bet)
Seat 5: dervesh collected ($2.50)
Seat 6: Rezzonner (button) folded before Flop (didn't bet)



PokerStars Hand #254629473204:  Hold'em No Limit ($0.50/$1.00 USD) - 2025/01/30 22:44:07 WET [2025/01/30 17:44:07 ET]
Table 'Gezelle' 6-max Seat #1 is the button
Seat 1: jono16 ($100 in chips) 
Seat 2: Seavus10 ($107.87 in chips) 
Seat 3: Espada Fish ($100 in chips) 
Seat 4: kuca86 ($107 in chips) 
Seat 5: dervesh ($101.50 in chips) 
Seat 6: Rezzonner ($100 in chips) 
Seavus10: posts small blind $0.50
Espada Fish: posts big blind $1
*** HOLE CARDS ***
kuca86: folds 
dervesh: folds 
Rezzonner: raises $1.50 to $2.50
jono16: folds 
Seavus10: folds 
Espada Fish: calls $1.50
*** FLOP *** [Ah Qh 6c]
Espada Fish: checks 
Rezzonner: bets $1.72
Espada Fish: folds 
Uncalled bet ($1.72) returned to Rezzonner
Rezzonner collected $5.22 from pot
Rezzonner: doesn't show hand 
*** SUMMARY ***
Total pot $5.50 | Rake $0.28 
Board [Ah Qh 6c]
Seat 1: jono16 (button) folded before Flop (didn't bet)
Seat 2: Seavus10 (small blind) folded before Flop
Seat 3: Espada Fish (big blind) folded on the Flop
Seat 4: kuca86 folded before Flop (didn't bet)
Seat 5: dervesh folded before Flop (didn't bet)
Seat 6: Rezzonner collected ($5.22)



PokerStars Hand #254629489415:  Hold'em No Limit ($0.50/$1.00 USD) - 2025/01/30 22:45:06 WET [2025/01/30 17:45:06 ET]
Table 'Gezelle' 6-max Seat #2 is the button
Seat 1: jono16 ($100 in chips) 
Seat 2: Seavus10 ($107.37 in chips) 
Seat 3: Espada Fish ($100 in chips) 
Seat 4: kuca86 ($107 in chips) 
Seat 5: dervesh ($101.50 in chips) 
Seat 6: Rezzonner ($102.72 in chips) 
Espada Fish: posts small blind $0.50
kuca86: posts big blind $1
*** HOLE CARDS ***
dervesh: folds 
Rezzonner: folds 
jono16: folds 
Seavus10: raises $1.50 to $2.50
Espada Fish: folds 
kuca86: calls $1.50
*** FLOP *** [As 2d 9c]
kuca86: checks 
Seavus10: bets $1.31
kuca86: calls $1.31
*** TURN *** [As 2d 9c] [9d]
kuca86: checks 
Seavus10: checks 
*** RIVER *** [As 2d 9c 9d] [3c]
kuca86: checks 
Seavus10: bets $4.14
kuca86: raises $23.99 to $28.13
Seavus10: calls $23.99
*** SHOW DOWN ***
kuca86: shows [9s Kd] (three of a kind, Nines)
Seavus10: mucks hand 
kuca86 collected $61.88 from pot
*** SUMMARY ***
Total pot $64.38 | Rake $2.50 
Board [As 2d 9c 9d 3c]
Seat 1: jono16 folded before Flop (didn't bet)
Seat 2: Seavus10 (button) mucked
Seat 3: Espada Fish (small blind) folded before Flop
Seat 4: kuca86 (big blind) showed [9s Kd] and won ($61.88) with three of a kind, Nines
Seat 5: dervesh folded before Flop (didn't bet)
Seat 6: Rezzonner folded before Flop (didn't bet)



PokerStars Hand #254629527591:  Hold'em No Limit ($0.50/$1.00 USD) - 2025/01/30 22:47:26 WET [2025/01/30 17:47:26 ET]
Table 'Gezelle' 6-max Seat #3 is the button
Seat 1: jono16 ($100 in chips) 
Seat 2: Seavus10 ($100 in chips) 
Seat 3: Espada Fish ($100 in chips) 
Seat 4: kuca86 ($136.94 in chips) 
Seat 5: dervesh ($101.50 in chips) 
Seat 6: Rezzonner ($102.72 in chips) 
kuca86: posts small blind $0.50
dervesh: posts big blind $1
*** HOLE CARDS ***
Rezzonner: folds 
jono16: folds 
Rezzonner leaves the table
Seavus10: folds 
Espada Fish: folds 
BoyLoc0 joins the table at seat #6 
kuca86: folds 
Uncalled bet ($0.50) returned to dervesh
dervesh collected $1 from pot
dervesh: doesn't show hand 
*** SUMMARY ***
Total pot $1 | Rake $0 
Seat 1: jono16 folded before Flop (didn't bet)
Seat 2: Seavus10 folded before Flop (didn't bet)
Seat 3: Espada Fish (button) folded before Flop (didn't bet)
Seat 4: kuca86 (small blind) folded before Flop
Seat 5: dervesh (big blind) collected ($1)
Seat 6: Rezzonner folded before Flop (didn't bet)



PokerStars Hand #254629534035:  Hold'em No Limit ($0.50/$1.00 USD) - 2025/01/30 22:47:49 WET [2025/01/30 17:47:49 ET]
Table 'Gezelle' 6-max Seat #4 is the button
Seat 1: jono16 ($100 in chips) 
Seat 2: Seavus10 ($100 in chips) 
Seat 3: Espada Fish ($100 in chips) 
Seat 4: kuca86 ($136.44 in chips) 
Seat 5: dervesh ($102 in chips) 
Seat 6: BoyLoc0 ($100 in chips) 
dervesh: posts small blind $0.50
BoyLoc0: posts big blind $1
*** HOLE CARDS ***
jono16: folds 
Seavus10: folds 
Espada Fish: folds 
kuca86: folds 
dervesh: folds 
Uncalled bet ($0.50) returned to BoyLoc0
BoyLoc0 collected $1 from pot
BoyLoc0: doesn't show hand 
*** SUMMARY ***
Total pot $1 | Rake $0 
Seat 1: jono16 folded before Flop (didn't bet)
Seat 2: Seavus10 folded before Flop (didn't bet)
Seat 3: Espada Fish folded before Flop (didn't bet)
Seat 4: kuca86 (button) folded before Flop (didn't bet)
Seat 5: dervesh (small blind) folded before Flop
Seat 6: BoyLoc0 (big blind) collected ($1)



PokerStars Hand #254629541265:  Hold'em No Limit ($0.50/$1.00 USD) - 2025/01/30 22:48:16 WET [2025/01/30 17:48:16 ET]
Table 'Gezelle' 6-max Seat #5 is the button
Seat 1: jono16 ($100 in chips) 
Seat 2: Seavus10 ($100 in chips) 
Seat 3: Espada Fish ($100 in chips) 
Seat 4: kuca86 ($136.44 in chips) 
Seat 5: dervesh ($101.50 in chips) 
Seat 6: BoyLoc0 ($100.50 in chips) 
BoyLoc0: posts small blind $0.50
jono16: posts big blind $1
*** HOLE CARDS ***
Seavus10: raises $1 to $2
Espada Fish: folds 
kuca86: folds 
dervesh: folds 
BoyLoc0: folds 
jono16: calls $1
*** FLOP *** [2s 4h Ad]
jono16: checks 
Seavus10: bets $1.07
jono16: calls $1.07
*** TURN *** [2s 4h Ad] [Ks]
jono16: checks 
Seavus10: checks 
*** RIVER *** [2s 4h Ad Ks] [Ah]
jono16: checks 
Seavus10: checks 
*** SHOW DOWN ***
jono16: shows [3d 8d] (a pair of Aces)
Seavus10: shows [Th Kd] (two pair, Aces and Kings)
Seavus10 collected $6.31 from pot
*** SUMMARY ***
Total pot $6.64 | Rake $0.33 
Board [2s 4h Ad Ks Ah]
Seat 1: jono16 (big blind) showed [3d 8d] and lost with a pair of Aces
Seat 2: Seavus10 showed [Th Kd] and won ($6.31) with two pair, Aces and Kings
Seat 3: Espada Fish folded before Flop (didn't bet)
Seat 4: kuca86 folded before Flop (didn't bet)
Seat 5: dervesh (button) folded before Flop (didn't bet)
Seat 6: BoyLoc0 (small blind) folded before Flop



PokerStars Hand #254629567443:  Hold'em No Limit ($0.50/$1.00 USD) - 2025/01/30 22:49:53 WET [2025/01/30 17:49:53 ET]
Table 'Gezelle' 6-max Seat #6 is the button
Seat 1: jono16 ($100 in chips) 
Seat 2: Seavus10 ($103.24 in chips) 
Seat 3: Espada Fish ($100 in chips) 
Seat 4: kuca86 ($136.44 in chips) 
Seat 5: dervesh ($101.50 in chips) 
Seat 6: BoyLoc0 ($100 in chips) 
jono16: posts small blind $0.50
Seavus10: posts big blind $1
*** HOLE CARDS ***
Espada Fish: folds 
kuca86: folds 
dervesh: folds 
BoyLoc0: folds 
jono16: folds 
Uncalled bet ($0.50) returned to Seavus10
Seavus10 collected $1 from pot
Seavus10: doesn't show hand 
*** SUMMARY ***
Total pot $1 | Rake $0 
Seat 1: jono16 (small blind) folded before Flop
Seat 2: Seavus10 (big blind) collected ($1)
Seat 3: Espada Fish folded before Flop (didn't bet)
Seat 4: kuca86 folded before Flop (didn't bet)
Seat 5: dervesh folded before Flop (didn't bet)
Seat 6: BoyLoc0 (button) folded before Flop (didn't bet)



PokerStars Hand #254629570714:  Hold'em No Limit ($0.50/$1.00 USD) - 2025/01/30 22:50:05 WET [2025/01/30 17:50:05 ET]
Table 'Gezelle' 6-max Seat #1 is the button
Seat 1: jono16 ($100 in chips) 
Seat 2: Seavus10 ($103.74 in chips) 
Seat 3: Espada Fish ($100 in chips) 
Seat 4: kuca86 ($136.44 in chips) 
Seat 5: dervesh ($101.50 in chips) 
Seat 6: BoyLoc0 ($100 in chips) 
Seavus10: posts small blind $0.50
Espada Fish: posts big blind $1
*** HOLE CARDS ***
kuca86: folds 
dervesh: raises $1.50 to $2.50
BoyLoc0: folds 
jono16: raises $6.50 to $9
Seavus10: folds 
Espada Fish: folds 
dervesh: folds 
Uncalled bet ($6.50) returned to jono16
jono16 collected $6.50 from pot
*** SUMMARY ***
Total pot $6.50 | Rake $0 
Seat 1: jono16 (button) collected ($6.50)
Seat 2: Seavus10 (small blind) folded before Flop
Seat 3: Espada Fish (big blind) folded before Flop
Seat 4: kuca86 folded before Flop (didn't bet)
Seat 5: dervesh folded before Flop
Seat 6: BoyLoc0 folded before Flop (didn't bet)



PokerStars Hand #254629577644:  Hold'em No Limit ($0.50/$1.00 USD) - 2025/01/30 22:50:31 WET [2025/01/30 17:50:31 ET]
Table 'Gezelle' 6-max Seat #2 is the button
Seat 1: jono16 ($104 in chips) 
Seat 2: Seavus10 ($103.24 in chips) 
Seat 3: Espada Fish ($100 in chips) 
Seat 4: kuca86 ($136.44 in chips) 
Seat 5: dervesh ($100 in chips) 
Seat 6: BoyLoc0 ($100 in chips) 
Espada Fish: posts small blind $0.50
kuca86: posts big blind $1
*** HOLE CARDS ***
dervesh: folds 
BoyLoc0: folds 
jono16: raises $1.20 to $2.20
Seavus10: raises $5.50 to $7.70
Espada Fish: folds 
kuca86: raises $13.30 to $21
jono16: folds 
Seavus10: raises $82.24 to $103.24 and is all-in
kuca86: folds 
Uncalled bet ($82.24) returned to Seavus10
Seavus10 collected $44.70 from pot
Seavus10: doesn't show hand 
*** SUMMARY ***
Total pot $44.70 | Rake $0 
Seat 1: jono16 folded before Flop
Seat 2: Seavus10 (button) collected ($44.70)
Seat 3: Espada Fish (small blind) folded before Flop
Seat 4: kuca86 (big blind) folded before Flop
Seat 5: dervesh folded before Flop (didn't bet)
Seat 6: BoyLoc0 folded before Flop (didn't bet)



PokerStars Hand #254629596072:  Hold'em No Limit ($0.50/$1.00 USD) - 2025/01/30 22:51:39 WET [2025/01/30 17:51:39 ET]
Table 'Gezelle' 6-max Seat #3 is the button
Seat 1: jono16 ($101.80 in chips) 
Seat 2: Seavus10 ($126.94 in chips) 
Seat 3: Espada Fish ($100 in chips) 
Seat 4: kuca86 ($115.44 in chips) 
Seat 5: dervesh ($100 in chips) 
Seat 6: BoyLoc0 ($100 in chips) 
kuca86: posts small blind $0.50
dervesh: posts big blind $1
*** HOLE CARDS ***
BoyLoc0: folds 
jono16: folds 
Seavus10: folds 
Espada Fish: folds 
kuca86: folds 
Uncalled bet ($0.50) returned to dervesh
dervesh collected $1 from pot
dervesh: doesn't show hand 
*** SUMMARY ***
Total pot $1 | Rake $0 
Seat 1: jono16 folded before Flop (didn't bet)
Seat 2: Seavus10 folded before Flop (didn't bet)
Seat 3: Espada Fish (button) folded before Flop (didn't bet)
Seat 4: kuca86 (small blind) folded before Flop
Seat 5: dervesh (big blind) collected ($1)
Seat 6: BoyLoc0 folded before Flop (didn't bet)



PokerStars Hand #254629600664:  Hold'em No Limit ($0.50/$1.00 USD) - 2025/01/30 22:51:56 WET [2025/01/30 17:51:56 ET]
Table 'Gezelle' 6-max Seat #4 is the button
Seat 1: jono16 ($101.80 in chips) 
Seat 2: Seavus10 ($126.94 in chips) 
Seat 3: Espada Fish ($100 in chips) 
Seat 4: kuca86 ($114.94 in chips) 
Seat 5: dervesh ($100.50 in chips) 
Seat 6: BoyLoc0 ($100 in chips) 
dervesh: posts small blind $0.50
BoyLoc0: posts big blind $1
*** HOLE CARDS ***
jono16: folds 
Seavus10: folds 
Espada Fish: raises $1.20 to $2.20
kuca86: folds 
dervesh: folds 
BoyLoc0: folds 
Uncalled bet ($1.20) returned to Espada Fish
Espada Fish collected $2.50 from pot
Espada Fish: doesn't show hand 
*** SUMMARY ***
Total pot $2.50 | Rake $0 
Seat 1: jono16 folded before Flop (didn't bet)
Seat 2: Seavus10 folded before Flop (didn't bet)
Seat 3: Espada Fish collected ($2.50)
Seat 4: kuca86 (button) folded before Flop (didn't bet)
Seat 5: dervesh (small blind) folded before Flop
Seat 6: BoyLoc0 (big blind) folded before Flop



PokerStars Hand #254629606420:  Hold'em No Limit ($0.50/$1.00 USD) - 2025/01/30 22:52:17 WET [2025/01/30 17:52:17 ET]
Table 'Gezelle' 6-max Seat #5 is the button
Seat 1: jono16 ($101.80 in chips) 
Seat 2: Seavus10 ($126.94 in chips) 
Seat 3: Espada Fish ($101.50 in chips) 
Seat 4: kuca86 ($114.94 in chips) 
Seat 5: dervesh ($100 in chips) 
Seat 6: BoyLoc0 ($100 in chips) 
BoyLoc0: posts small blind $0.50
jono16: posts big blind $1
*** HOLE CARDS ***
Seavus10: folds 
Espada Fish: raises $1.20 to $2.20
kuca86: folds 
dervesh: raises $7.80 to $10
BoyLoc0: folds 
jono16: folds 
Espada Fish: calls $7.80
*** FLOP *** [6h Qd 5s]
Espada Fish: checks 
dervesh: bets $8.17
Espada Fish: calls $8.17
*** TURN *** [6h Qd 5s] [Js]
Espada Fish: checks 
dervesh: bets $23.73
Espada Fish: calls $23.73
*** RIVER *** [6h Qd 5s Js] [6c]
Espada Fish: checks 
dervesh: checks 
*** SHOW DOWN ***
Espada Fish: shows [Ah Jh] (two pair, Jacks and Sixes)
dervesh: mucks hand 
Espada Fish collected $82.80 from pot
*** SUMMARY ***
Total pot $85.30 | Rake $2.50 
Board [6h Qd 5s Js 6c]
Seat 1: jono16 (big blind) folded before Flop
Seat 2: Seavus10 folded before Flop (didn't bet)
Seat 3: Espada Fish showed [Ah Jh] and won ($82.80) with two pair, Jacks and Sixes
Seat 4: kuca86 folded before Flop (didn't bet)
Seat 5: dervesh (button) mucked
Seat 6: BoyLoc0 (small blind) folded before Flop



PokerStars Hand #254629644028:  Hold'em No Limit ($0.50/$1.00 USD) - 2025/01/30 22:54:36 WET [2025/01/30 17:54:36 ET]
Table 'Gezelle' 6-max Seat #6 is the button
Seat 1: jono16 ($100.80 in chips) 
Seat 2: Seavus10 ($126.94 in chips) 
Seat 3: Espada Fish ($142.40 in chips) 
Seat 4: kuca86 ($114.94 in chips) 
Seat 5: dervesh ($100 in chips) 
Seat 6: BoyLoc0 ($100 in chips) 
jono16: posts small blind $0.50
Seavus10: posts big blind $1
*** HOLE CARDS ***
Espada Fish: folds 
kuca86: folds 
dervesh: folds 
BoyLoc0: folds 
jono16: folds 
Uncalled bet ($0.50) returned to Seavus10
Seavus10 collected $1 from pot
Seavus10: doesn't show hand 
*** SUMMARY ***
Total pot $1 | Rake $0 
Seat 1: jono16 (small blind) folded before Flop
Seat 2: Seavus10 (big blind) collected ($1)
Seat 3: Espada Fish folded before Flop (didn't bet)
Seat 4: kuca86 folded before Flop (didn't bet)
Seat 5: dervesh folded before Flop (didn't bet)
Seat 6: BoyLoc0 (button) folded before Flop (didn't bet)



PokerStars Hand #254629647856:  Hold'em No Limit ($0.50/$1.00 USD) - 2025/01/30 22:54:50 WET [2025/01/30 17:54:50 ET]
Table 'Gezelle' 6-max Seat #1 is the button
Seat 1: jono16 ($100.30 in chips) 
Seat 2: Seavus10 ($127.44 in chips) 
Seat 3: Espada Fish ($142.40 in chips) 
Seat 4: kuca86 ($114.94 in chips) 
Seat 5: dervesh ($100 in chips) 
Seat 6: BoyLoc0 ($100 in chips) 
Seavus10: posts small blind $0.50
Espada Fish: posts big blind $1
*** HOLE CARDS ***
kuca86: folds 
dervesh: raises $1.50 to $2.50
BoyLoc0: folds 
jono16: folds 
Seavus10: folds 
Espada Fish: folds 
Uncalled bet ($1.50) returned to dervesh
dervesh collected $2.50 from pot
dervesh: doesn't show hand 
*** SUMMARY ***
Total pot $2.50 | Rake $0 
Seat 1: jono16 (button) folded before Flop (didn't bet)
Seat 2: Seavus10 (small blind) folded before Flop
Seat 3: Espada Fish (big blind) folded before Flop
Seat 4: kuca86 folded before Flop (didn't bet)
Seat 5: dervesh collected ($2.50)
Seat 6: BoyLoc0 folded before Flop (didn't bet)



PokerStars Hand #254629651498:  Hold'em No Limit ($0.50/$1.00 USD) - 2025/01/30 22:55:04 WET [2025/01/30 17:55:04 ET]
Table 'Gezelle' 6-max Seat #2 is the button
Seat 1: jono16 ($100.30 in chips) 
Seat 2: Seavus10 ($126.94 in chips) 
Seat 3: Espada Fish ($141.40 in chips) 
Seat 4: kuca86 ($114.94 in chips) 
Seat 5: dervesh ($101.50 in chips) 
Seat 6: BoyLoc0 ($100 in chips) 
Espada Fish: posts small blind $0.50
kuca86: posts big blind $1
*** HOLE CARDS ***
dervesh: folds 
BoyLoc0: folds 
jono16: raises $1.20 to $2.20
Seavus10: folds 
Espada Fish: folds 
kuca86: folds 
Uncalled bet ($1.20) returned to jono16
jono16 collected $2.50 from pot
*** SUMMARY ***
Total pot $2.50 | Rake $0 
Seat 1: jono16 collected ($2.50)
Seat 2: Seavus10 (button) folded before Flop (didn't bet)
Seat 3: Espada Fish (small blind) folded before Flop
Seat 4: kuca86 (big blind) folded before Flop
Seat 5: dervesh folded before Flop (didn't bet)
Seat 6: BoyLoc0 folded before Flop (didn't bet)



PokerStars Hand #254629657787:  Hold'em No Limit ($0.50/$1.00 USD) - 2025/01/30 22:55:31 WET [2025/01/30 17:55:31 ET]
Table 'Gezelle' 6-max Seat #3 is the button
Seat 1: jono16 ($101.80 in chips) 
Seat 2: Seavus10 ($126.94 in chips) 
Seat 3: Espada Fish ($140.90 in chips) 
Seat 4: kuca86 ($113.94 in chips) 
Seat 5: dervesh ($101.50 in chips) 
Seat 6: BoyLoc0 ($100 in chips) 
kuca86: posts small blind $0.50
dervesh: posts big blind $1
*** HOLE CARDS ***
BoyLoc0: folds 
jono16: folds 
Seavus10: folds 
Espada Fish: raises $1.50 to $2.50
kuca86: folds 
dervesh: folds 
Uncalled bet ($1.50) returned to Espada Fish
Espada Fish collected $2.50 from pot
Espada Fish: doesn't show hand 
*** SUMMARY ***
Total pot $2.50 | Rake $0 
Seat 1: jono16 folded before Flop (didn't bet)
Seat 2: Seavus10 folded before Flop (didn't bet)
Seat 3: Espada Fish (button) collected ($2.50)
Seat 4: kuca86 (small blind) folded before Flop
Seat 5: dervesh (big blind) folded before Flop
Seat 6: BoyLoc0 folded before Flop (didn't bet)



PokerStars Hand #254629662711:  Hold'em No Limit ($0.50/$1.00 USD) - 2025/01/30 22:55:55 WET [2025/01/30 17:55:55 ET]
Table 'Gezelle' 6-max Seat #4 is the button
Seat 1: jono16 ($101.80 in chips) 
Seat 2: Seavus10 ($126.94 in chips) 
Seat 3: Espada Fish ($142.40 in chips) 
Seat 4: kuca86 ($113.44 in chips) 
Seat 5: dervesh ($100.50 in chips) 
Seat 6: BoyLoc0 ($100 in chips) 
dervesh: posts small blind $0.50
BoyLoc0: posts big blind $1
*** HOLE CARDS ***
jono16: folds 
Seavus10: folds 
Espada Fish: folds 
kuca86: raises $1.50 to $2.50
dervesh: folds 
BoyLoc0: calls $1.50
*** FLOP *** [Qd 2h Ad]
BoyLoc0: checks 
kuca86: checks 
*** TURN *** [Qd 2h Ad] [Qs]
BoyLoc0: checks 
dervesh leaves the table
kuca86: bets $1.30
BoyLoc0: folds 
Uncalled bet ($1.30) returned to kuca86
kuca86 collected $5.22 from pot
kuca86: doesn't show hand 
*** SUMMARY ***
Total pot $5.50 | Rake $0.28 
Board [Qd 2h Ad Qs]
Seat 1: jono16 folded before Flop (didn't bet)
Seat 2: Seavus10 folded before Flop (didn't bet)
Seat 3: Espada Fish folded before Flop (didn't bet)
Seat 4: kuca86 (button) collected ($5.22)
Seat 5: dervesh (small blind) folded before Flop
Seat 6: BoyLoc0 (big blind) folded on the Turn



PokerStars Hand #254629672562:  Hold'em No Limit ($0.50/$1.00 USD) - 2025/01/30 22:56:45 WET [2025/01/30 17:56:45 ET]
Table 'Gezelle' 6-max Seat #6 is the button
Seat 1: jono16 ($101.80 in chips) 
Seat 2: Seavus10 ($126.94 in chips) 
Seat 3: Espada Fish ($142.40 in chips) 
Seat 4: kuca86 ($116.16 in chips) 
Seat 6: BoyLoc0 ($100 in chips) 
jono16: posts small blind $0.50
Seavus10: posts big blind $1
*** HOLE CARDS ***
Espada Fish: folds 
kuca86: folds 
nikalas22 joins the table at seat #5 
BoyLoc0: raises $1.50 to $2.50
jono16: raises $7.50 to $10
Seavus10: folds 
BoyLoc0: folds 
Uncalled bet ($7.50) returned to jono16
jono16 collected $6 from pot
*** SUMMARY ***
Total pot $6 | Rake $0 
Seat 1: jono16 (small blind) collected ($6)
Seat 2: Seavus10 (big blind) folded before Flop
Seat 3: Espada Fish folded before Flop (didn't bet)
Seat 4: kuca86 folded before Flop (didn't bet)
Seat 6: BoyLoc0 (button) folded before Flop



PokerStars Hand #254629680096:  Hold'em No Limit ($0.50/$1.00 USD) - 2025/01/30 22:57:23 WET [2025/01/30 17:57:23 ET]
Table 'Gezelle' 6-max Seat #1 is the button
Seat 5: nikalas22 ($100 in chips) is sitting out
Seat 1: jono16 ($105.30 in chips) 
Seat 2: Seavus10 ($125.94 in chips) 
Seat 3: Espada Fish ($142.40 in chips) 
Seat 4: kuca86 ($116.16 in chips) 
Seat 6: BoyLoc0 ($100 in chips) 
Seavus10: posts small blind $0.50
Espada Fish: posts big blind $1
nikalas22: sits out 
*** HOLE CARDS ***
kuca86: raises $1.50 to $2.50
BoyLoc0: folds 
jono16: folds 
Seavus10: folds 
Espada Fish: folds 
Uncalled bet ($1.50) returned to kuca86
kuca86 collected $2.50 from pot
kuca86: doesn't show hand 
*** SUMMARY ***
Total pot $2.50 | Rake $0 
Seat 5: nikalas22
Seat 1: jono16 (button) folded before Flop (didn't bet)
Seat 2: Seavus10 (small blind) folded before Flop
Seat 3: Espada Fish (big blind) folded before Flop
Seat 4: kuca86 collected ($2.50)
Seat 6: BoyLoc0 folded before Flop (didn't bet)



PokerStars Hand #254629683099:  Hold'em No Limit ($0.50/$1.00 USD) - 2025/01/30 22:57:38 WET [2025/01/30 17:57:38 ET]
Table 'Gezelle' 6-max Seat #2 is the button
Seat 5: nikalas22 ($100 in chips) is sitting out
Seat 1: jono16 ($105.30 in chips) 
Seat 2: Seavus10 ($125.44 in chips) 
Seat 3: Espada Fish ($141.40 in chips) 
Seat 4: kuca86 ($117.66 in chips) 
Seat 6: BoyLoc0 ($100 in chips) 
Espada Fish: posts small blind $0.50
kuca86: posts big blind $1
nikalas22: sits out 
*** HOLE CARDS ***
BoyLoc0: folds 
jono16: raises $1.20 to $2.20
Seavus10: raises $5.50 to $7.70
Espada Fish: folds 
kuca86: raises $14.30 to $22
jono16: raises $83.30 to $105.30 and is all-in
Seavus10: folds 
BoyLoc0 leaves the table
kuca86: calls $83.30
*** FLOP *** [5s Qc 2s]
*** TURN *** [5s Qc 2s] [Qs]
*** RIVER *** [5s Qc 2s Qs] [3c]
*** SHOW DOWN ***
kuca86: shows [Kc Ac] (a pair of Queens)
jono16: shows [Ad Kh] (a pair of Queens)
kuca86 collected $108.15 from pot
jono16 collected $108.15 from pot
*** SUMMARY ***
Total pot $218.80 | Rake $2.50 
Board [5s Qc 2s Qs 3c]
Seat 5: nikalas22
Seat 1: jono16 showed [Ad Kh] and won ($108.15) with a pair of Queens
Seat 2: Seavus10 (button) folded before Flop
Seat 3: Espada Fish (small blind) folded before Flop
Seat 4: kuca86 (big blind) showed [Kc Ac] and won ($108.15) with a pair of Queens
Seat 6: BoyLoc0 folded before Flop (didn't bet)



PokerStars Hand #254629736069:  Hold'em No Limit ($0.50/$1.00 USD) - 2025/01/30 23:01:52 WET [2025/01/30 18:01:52 ET]
Table 'Gezelle' 6-max Seat #5 is the button
Seat 1: jono16 ($114.12 in chips) 
Seat 2: Seavus10 ($117.74 in chips) 
Seat 3: Espada Fish ($149.08 in chips) 
Seat 4: kuca86 ($120.01 in chips) 
Seat 5: nikalas22 ($100 in chips) 
Seat 6: mikel929292 ($30 in chips) 
mikel929292: posts small blind $0.50
jono16: posts big blind $1
*** HOLE CARDS ***
Seavus10: folds 
Espada Fish: folds 
kuca86: folds 
nikalas22: folds 
mikel929292: folds 
Uncalled bet ($0.50) returned to jono16
jono16 collected $1 from pot
*** SUMMARY ***
Total pot $1 | Rake $0 
Seat 1: jono16 (big blind) collected ($1)
Seat 2: Seavus10 folded before Flop (didn't bet)
Seat 3: Espada Fish folded before Flop (didn't bet)
Seat 4: kuca86 folded before Flop (didn't bet)
Seat 5: nikalas22 (button) folded before Flop (didn't bet)
Seat 6: mikel929292 (small blind) folded before Flop



PokerStars Hand #254629739390:  Hold'em No Limit ($0.50/$1.00 USD) - 2025/01/30 23:02:05 WET [2025/01/30 18:02:05 ET]
Table 'Gezelle' 6-max Seat #6 is the button
Seat 1: jono16 ($114.62 in chips) 
Seat 2: Seavus10 ($117.74 in chips) 
Seat 3: Espada Fish ($149.08 in chips) 
Seat 4: kuca86 ($120.01 in chips) 
Seat 5: nikalas22 ($100 in chips) 
Seat 6: mikel929292 ($29.50 in chips) 
jono16: posts small blind $0.50
Seavus10: posts big blind $1
*** HOLE CARDS ***
Espada Fish: folds 
kuca86: folds 
nikalas22: raises $1.50 to $2.50
mikel929292: folds 
jono16: folds 
Seavus10: folds 
Uncalled bet ($1.50) returned to nikalas22
nikalas22 collected $2.50 from pot
nikalas22: doesn't show hand 
*** SUMMARY ***
Total pot $2.50 | Rake $0 
Seat 1: jono16 (small blind) folded before Flop
Seat 2: Seavus10 (big blind) folded before Flop
Seat 3: Espada Fish folded before Flop (didn't bet)
Seat 4: kuca86 folded before Flop (didn't bet)
Seat 5: nikalas22 collected ($2.50)
Seat 6: mikel929292 (button) folded before Flop (didn't bet)



PokerStars Hand #254629747627:  Hold'em No Limit ($0.50/$1.00 USD) - 2025/01/30 23:02:38 WET [2025/01/30 18:02:38 ET]
Table 'Gezelle' 6-max Seat #1 is the button
Seat 3: Espada Fish ($149.08 in chips) is sitting out
Seat 1: jono16 ($114.12 in chips) 
Seat 2: Seavus10 ($116.74 in chips) 
Seat 4: kuca86 ($120.01 in chips) 
Seat 5: nikalas22 ($101.50 in chips) 
Seat 6: mikel929292 ($29.50 in chips) 
Seavus10: posts small blind $0.50
Espada Fish: is sitting out 
kuca86: posts big blind $1
*** HOLE CARDS ***
nikalas22: raises $1.50 to $2.50
mikel929292: calls $2.50
jono16: folds 
Espada Fish leaves the table
Seavus10: raises $11 to $13.50
kuca86: folds 
nikalas22: folds 
BGS013 joins the table at seat #3 
mikel929292: folds 
Uncalled bet ($11) returned to Seavus10
Seavus10 collected $8.50 from pot
Seavus10: doesn't show hand 
*** SUMMARY ***
Total pot $8.50 | Rake $0 
Seat 3: Espada Fish
Seat 1: jono16 (button) folded before Flop (didn't bet)
Seat 2: Seavus10 (small blind) collected ($8.50)
Seat 4: kuca86 (big blind) folded before Flop
Seat 5: nikalas22 folded before Flop
Seat 6: mikel929292 folded before Flop



PokerStars Hand #254629756082:  Hold'em No Limit ($0.50/$1.00 USD) - 2025/01/30 23:03:10 WET [2025/01/30 18:03:10 ET]
Table 'Gezelle' 6-max Seat #2 is the button
Seat 3: BGS013 ($100 in chips) is sitting out
Seat 1: jono16 ($114.12 in chips) 
Seat 2: Seavus10 ($122.74 in chips) 
Seat 4: kuca86 ($119.01 in chips) 
Seat 5: nikalas22 ($100 in chips) 
Seat 6: mikel929292 ($27 in chips) 
kuca86: posts small blind $0.50
nikalas22: posts big blind $1
*** HOLE CARDS ***
mikel929292: folds 
jono16: folds 
Seavus10: raises $1.50 to $2.50
kuca86: folds 
nikalas22: calls $1.50
*** FLOP *** [Kc Ac Th]
nikalas22: checks 
Seavus10: bets $1.31
nikalas22: calls $1.31
*** TURN *** [Kc Ac Th] [7c]
nikalas22: checks 
Seavus10: checks 
*** RIVER *** [Kc Ac Th 7c] [7s]
nikalas22: checks 
Seavus10: bets $5.14
nikalas22: folds 
Uncalled bet ($5.14) returned to Seavus10
Seavus10 collected $7.71 from pot
Seavus10: doesn't show hand 
*** SUMMARY ***
Total pot $8.12 | Rake $0.41 
Board [Kc Ac Th 7c 7s]
Seat 3: BGS013
Seat 1: jono16 folded before Flop (didn't bet)
Seat 2: Seavus10 (button) collected ($7.71)
Seat 4: kuca86 (small blind) folded before Flop
Seat 5: nikalas22 (big blind) folded on the River
Seat 6: mikel929292 folded before Flop (didn't bet)



PokerStars Hand #254629773705:  Hold'em No Limit ($0.50/$1.00 USD) - 2025/01/30 23:04:18 WET [2025/01/30 18:04:18 ET]
Table 'Gezelle' 6-max Seat #4 is the button
Seat 3: BGS013 ($100 in chips) is sitting out
Seat 1: jono16 ($114.12 in chips) 
Seat 2: Seavus10 ($126.64 in chips) 
Seat 4: kuca86 ($118.51 in chips) 
Seat 5: nikalas22 ($100 in chips) 
Seat 6: mikel929292 ($27 in chips) 
nikalas22: posts small blind $0.50
mikel929292: posts big blind $1
BGS013: sits out 
*** HOLE CARDS ***
jono16: raises $1.20 to $2.20
Seavus10: raises $5.50 to $7.70
kuca86: folds 
nikalas22: folds 
mikel929292: raises $19.30 to $27 and is all-in
jono16: folds 
Seavus10: calls $19.30
*** FLOP *** [2c 6h 4d]
*** TURN *** [2c 6h 4d] [Qd]
*** RIVER *** [2c 6h 4d Qd] [4s]
*** SHOW DOWN ***
mikel929292: shows [Qs As] (two pair, Queens and Fours)
Seavus10: shows [Kh Ah] (a pair of Fours)
mikel929292 collected $53.58 from pot
*** SUMMARY ***
Total pot $56.70 | Rake $3.12 
Board [2c 6h 4d Qd 4s]
Seat 3: BGS013
Seat 1: jono16 folded before Flop
Seat 2: Seavus10 showed [Kh Ah] and lost with a pair of Fours
Seat 4: kuca86 (button) folded before Flop (didn't bet)
Seat 5: nikalas22 (small blind) folded before Flop
Seat 6: mikel929292 (big blind) showed [Qs As] and won ($53.58) with two pair, Queens and Fours



PokerStars Hand #254629783520:  Hold'em No Limit ($0.50/$1.00 USD) - 2025/01/30 23:04:55 WET [2025/01/30 18:04:55 ET]
Table 'Gezelle' 6-max Seat #5 is the button
Seat 3: BGS013 ($100 in chips) is sitting out
Seat 1: jono16 ($111.92 in chips) 
Seat 2: Seavus10 ($100 in chips) 
Seat 4: kuca86 ($118.51 in chips) 
Seat 5: nikalas22 ($100 in chips) 
Seat 6: mikel929292 ($53.58 in chips) 
mikel929292: posts small blind $0.50
jono16: posts big blind $1
BGS013: sits out 
*** HOLE CARDS ***
Seavus10: raises $1.20 to $2.20
kuca86: folds 
nikalas22: raises $5.80 to $8
mikel929292: folds 
jono16: folds 
Seavus10: folds 
Uncalled bet ($5.80) returned to nikalas22
nikalas22 collected $5.90 from pot
nikalas22: doesn't show hand 
*** SUMMARY ***
Total pot $5.90 | Rake $0 
Seat 3: BGS013
Seat 1: jono16 (big blind) folded before Flop
Seat 2: Seavus10 folded before Flop
Seat 4: kuca86 folded before Flop (didn't bet)
Seat 5: nikalas22 (button) collected ($5.90)
Seat 6: mikel929292 (small blind) folded before Flop



PokerStars Hand #254629793145:  Hold'em No Limit ($0.50/$1.00 USD) - 2025/01/30 23:05:31 WET [2025/01/30 18:05:31 ET]
Table 'Gezelle' 6-max Seat #6 is the button
Seat 3: BGS013 ($100 in chips) is sitting out
Seat 1: jono16 ($110.92 in chips) 
Seat 2: Seavus10 ($100 in chips) 
Seat 4: kuca86 ($118.51 in chips) 
Seat 5: nikalas22 ($103.70 in chips) 
Seat 6: mikel929292 ($53.08 in chips) 
jono16: posts small blind $0.50
Seavus10: posts big blind $1
BGS013: sits out 
*** HOLE CARDS ***
kuca86: folds 
nikalas22: folds 
mikel929292: folds 
jono16: raises $2 to $3
Seavus10: raises $6 to $9
jono16: calls $6
*** FLOP *** [Kc Jd 9s]
jono16: checks 
Seavus10: bets $4.28
jono16: calls $4.28
*** TURN *** [Kc Jd 9s] [Qc]
jono16: checks 
Seavus10: checks 
*** RIVER *** [Kc Jd 9s Qc] [Ts]
jono16: checks 
Seavus10: checks 
*** SHOW DOWN ***
jono16: shows [7c Jh] (a straight, Nine to King)
Seavus10: shows [4c Jc] (a straight, Nine to King)
jono16 collected $12.62 from pot
Seavus10 collected $12.61 from pot
*** SUMMARY ***
Total pot $26.56 | Rake $1.33 
Board [Kc Jd 9s Qc Ts]
Seat 3: BGS013
Seat 1: jono16 (small blind) showed [7c Jh] and won ($12.62) with a straight, Nine to King
Seat 2: Seavus10 (big blind) showed [4c Jc] and won ($12.61) with a straight, Nine to King
Seat 4: kuca86 folded before Flop (didn't bet)
Seat 5: nikalas22 folded before Flop (didn't bet)
Seat 6: mikel929292 (button) folded before Flop (didn't bet)



PokerStars Hand #254629820456:  Hold'em No Limit ($0.50/$1.00 USD) - 2025/01/30 23:07:17 WET [2025/01/30 18:07:17 ET]
Table 'Gezelle' 6-max Seat #1 is the button
Seat 1: jono16 ($110.26 in chips) 
Seat 2: Seavus10 ($100 in chips) 
Seat 3: BGS013 ($100 in chips) 
Seat 4: kuca86 ($118.51 in chips) 
Seat 5: nikalas22 ($103.70 in chips) 
Seat 6: mikel929292 ($53.08 in chips) 
Seavus10: posts small blind $0.50
BGS013: posts big blind $1
*** HOLE CARDS ***
kuca86: folds 
nikalas22: raises $1.50 to $2.50
mikel929292: calls $2.50
jono16: raises $8.50 to $11
Seavus10: folds 
BGS013: folds 
nikalas22: folds 
mikel929292: folds 
Uncalled bet ($8.50) returned to jono16
jono16 collected $9 from pot
*** SUMMARY ***
Total pot $9 | Rake $0 
Seat 1: jono16 (button) collected ($9)
Seat 2: Seavus10 (small blind) folded before Flop
Seat 3: BGS013 (big blind) folded before Flop
Seat 4: kuca86 folded before Flop (didn't bet)
Seat 5: nikalas22 folded before Flop
Seat 6: mikel929292 folded before Flop



PokerStars Hand #254629829700:  Hold'em No Limit ($0.50/$1.00 USD) - 2025/01/30 23:07:54 WET [2025/01/30 18:07:54 ET]
Table 'Gezelle' 6-max Seat #2 is the button
Seat 1: jono16 ($116.76 in chips) 
Seat 2: Seavus10 ($100 in chips) 
Seat 3: BGS013 ($100 in chips) 
Seat 4: kuca86 ($118.51 in chips) 
Seat 5: nikalas22 ($101.20 in chips) 
Seat 6: mikel929292 ($50.58 in chips) 
BGS013: posts small blind $0.50
kuca86: posts big blind $1
*** HOLE CARDS ***
nikalas22: folds 
mikel929292: folds 
jono16: folds 
Seavus10: folds 
BGS013: raises $2 to $3
kuca86: raises $6 to $9
BGS013: folds 
Uncalled bet ($6) returned to kuca86
kuca86 collected $6 from pot
kuca86: doesn't show hand 
*** SUMMARY ***
Total pot $6 | Rake $0 
Seat 1: jono16 folded before Flop (didn't bet)
Seat 2: Seavus10 (button) folded before Flop (didn't bet)
Seat 3: BGS013 (small blind) folded before Flop
Seat 4: kuca86 (big blind) collected ($6)
Seat 5: nikalas22 folded before Flop (didn't bet)
Seat 6: mikel929292 folded before Flop (didn't bet)



PokerStars Hand #254629837759:  Hold'em No Limit ($0.50/$1.00 USD) - 2025/01/30 23:08:25 WET [2025/01/30 18:08:25 ET]
Table 'Gezelle' 6-max Seat #3 is the button
Seat 1: jono16 ($116.76 in chips) 
Seat 2: Seavus10 ($100 in chips) 
Seat 3: BGS013 ($100 in chips) 
Seat 4: kuca86 ($121.51 in chips) 
Seat 5: nikalas22 ($101.20 in chips) 
Seat 6: mikel929292 ($50.58 in chips) 
kuca86: posts small blind $0.50
nikalas22: posts big blind $1
*** HOLE CARDS ***
mikel929292: folds 
jono16: folds 
Seavus10: folds 
BGS013: raises $1.50 to $2.50
kuca86: folds 
nikalas22: calls $1.50
*** FLOP *** [Ac Qd Ah]
nikalas22: checks 
BGS013: bets $1.36
nikalas22: folds 
Uncalled bet ($1.36) returned to BGS013
BGS013 collected $5.22 from pot
BGS013: doesn't show hand 
*** SUMMARY ***
Total pot $5.50 | Rake $0.28 
Board [Ac Qd Ah]
Seat 1: jono16 folded before Flop (didn't bet)
Seat 2: Seavus10 folded before Flop (didn't bet)
Seat 3: BGS013 (button) collected ($5.22)
Seat 4: kuca86 (small blind) folded before Flop
Seat 5: nikalas22 (big blind) folded on the Flop
Seat 6: mikel929292 folded before Flop (didn't bet)



PokerStars Hand #254629846780:  Hold'em No Limit ($0.50/$1.00 USD) - 2025/01/30 23:09:00 WET [2025/01/30 18:09:00 ET]
Table 'Gezelle' 6-max Seat #4 is the button
Seat 1: jono16 ($116.76 in chips) 
Seat 2: Seavus10 ($100 in chips) 
Seat 3: BGS013 ($102.72 in chips) 
Seat 4: kuca86 ($121.01 in chips) 
Seat 5: nikalas22 ($100 in chips) 
Seat 6: mikel929292 ($50.58 in chips) 
nikalas22: posts small blind $0.50
mikel929292: posts big blind $1
*** HOLE CARDS ***
jono16: folds 
Seavus10: folds 
BGS013: raises $1.50 to $2.50
kuca86: folds 
nikalas22: folds 
mikel929292: calls $1.50
*** FLOP *** [2c Ac 3c]
mikel929292: checks 
BGS013: bets $1.36
mikel929292: calls $1.36
*** TURN *** [2c Ac 3c] [Ah]
mikel929292: checks 
BGS013: checks 
*** RIVER *** [2c Ac 3c Ah] [4c]
mikel929292: bets $3.91
BGS013: folds 
Uncalled bet ($3.91) returned to mikel929292
mikel929292 collected $7.71 from pot
*** SUMMARY ***
Total pot $8.22 | Rake $0.51 
Board [2c Ac 3c Ah 4c]
Seat 1: jono16 folded before Flop (didn't bet)
Seat 2: Seavus10 folded before Flop (didn't bet)
Seat 3: BGS013 folded on the River
Seat 4: kuca86 (button) folded before Flop (didn't bet)
Seat 5: nikalas22 (small blind) folded before Flop
Seat 6: mikel929292 (big blind) collected ($7.71)



PokerStars Hand #254629861290:  Hold'em No Limit ($0.50/$1.00 USD) - 2025/01/30 23:09:56 WET [2025/01/30 18:09:56 ET]
Table 'Gezelle' 6-max Seat #5 is the button
Seat 1: jono16 ($116.76 in chips) 
Seat 2: Seavus10 ($100 in chips) 
Seat 3: BGS013 ($100 in chips) 
Seat 4: kuca86 ($121.01 in chips) 
Seat 5: nikalas22 ($100 in chips) 
Seat 6: mikel929292 ($54.43 in chips) 
mikel929292: posts small blind $0.50
jono16: posts big blind $1
*** HOLE CARDS ***
Seavus10: folds 
BGS013: folds 
kuca86: folds 
nikalas22: folds 
mikel929292: folds 
Uncalled bet ($0.50) returned to jono16
jono16 collected $1 from pot
*** SUMMARY ***
Total pot $1 | Rake $0 
Seat 1: jono16 (big blind) collected ($1)
Seat 2: Seavus10 folded before Flop (didn't bet)
Seat 3: BGS013 folded before Flop (didn't bet)
Seat 4: kuca86 folded before Flop (didn't bet)
Seat 5: nikalas22 (button) folded before Flop (didn't bet)
Seat 6: mikel929292 (small blind) folded before Flop



PokerStars Hand #254629865919:  Hold'em No Limit ($0.50/$1.00 USD) - 2025/01/30 23:10:14 WET [2025/01/30 18:10:14 ET]
Table 'Gezelle' 6-max Seat #6 is the button
Seat 1: jono16 ($117.26 in chips) 
Seat 2: Seavus10 ($100 in chips) 
Seat 3: BGS013 ($100 in chips) 
Seat 4: kuca86 ($121.01 in chips) 
Seat 5: nikalas22 ($100 in chips) 
Seat 6: mikel929292 ($53.93 in chips) 
jono16: posts small blind $0.50
Seavus10: posts big blind $1
*** HOLE CARDS ***
BGS013: folds 
kuca86: folds 
nikalas22: raises $1.50 to $2.50
mikel929292: calls $2.50
jono16: folds 
Seavus10: folds 
*** FLOP *** [Ad Ts 3d]
nikalas22: bets $1.85
mikel929292: calls $1.85
*** TURN *** [Ad Ts 3d] [8h]
nikalas22: bets $7.27
mikel929292: calls $7.27
*** RIVER *** [Ad Ts 3d 8h] [Kh]
nikalas22: checks 
mikel929292: checks 
*** SHOW DOWN ***
nikalas22: shows [As Jd] (a pair of Aces)
mikel929292: mucks hand 
nikalas22 collected $23.50 from pot
*** SUMMARY ***
Total pot $24.74 | Rake $1.24 
Board [Ad Ts 3d 8h Kh]
Seat 1: jono16 (small blind) folded before Flop
Seat 2: Seavus10 (big blind) folded before Flop
Seat 3: BGS013 folded before Flop (didn't bet)
Seat 4: kuca86 folded before Flop (didn't bet)
Seat 5: nikalas22 showed [As Jd] and won ($23.50) with a pair of Aces
Seat 6: mikel929292 (button) mucked



PokerStars Hand #254629877955:  Hold'em No Limit ($0.50/$1.00 USD) - 2025/01/30 23:11:00 WET [2025/01/30 18:11:00 ET]
Table 'Gezelle' 6-max Seat #1 is the button
Seat 1: jono16 ($116.76 in chips) 
Seat 2: Seavus10 ($100 in chips) 
Seat 3: BGS013 ($100 in chips) 
Seat 4: kuca86 ($121.01 in chips) 
Seat 5: nikalas22 ($111.88 in chips) 
Seat 6: mikel929292 ($42.31 in chips) 
Seavus10: posts small blind $0.50
BGS013: posts big blind $1
*** HOLE CARDS ***
kuca86: folds 
nikalas22: folds 
mikel929292: raises $2 to $3
jono16: folds 
Seavus10: folds 
BGS013: calls $2
*** FLOP *** [4s Jd 7d]
BGS013: checks 
mikel929292: bets $3
BGS013: folds 
Uncalled bet ($3) returned to mikel929292
mikel929292 collected $6.10 from pot
*** SUMMARY ***
Total pot $6.50 | Rake $0.40 
Board [4s Jd 7d]
Seat 1: jono16 (button) folded before Flop (didn't bet)
Seat 2: Seavus10 (small blind) folded before Flop
Seat 3: BGS013 (big blind) folded on the Flop
Seat 4: kuca86 folded before Flop (didn't bet)
Seat 5: nikalas22 folded before Flop (didn't bet)
Seat 6: mikel929292 collected ($6.10)



PokerStars Hand #254629888317:  Hold'em No Limit ($0.50/$1.00 USD) - 2025/01/30 23:11:40 WET [2025/01/30 18:11:40 ET]
Table 'Gezelle' 6-max Seat #2 is the button
Seat 1: jono16 ($116.76 in chips) 
Seat 2: Seavus10 ($100 in chips) 
Seat 3: BGS013 ($100 in chips) 
Seat 4: kuca86 ($121.01 in chips) 
Seat 5: nikalas22 ($111.88 in chips) 
Seat 6: mikel929292 ($45.41 in chips) 
BGS013: posts small blind $0.50
kuca86: posts big blind $1
*** HOLE CARDS ***
nikalas22: folds 
mikel929292: raises $2 to $3
jono16: folds 
Seavus10: folds 
BGS013: folds 
kuca86: folds 
Uncalled bet ($2) returned to mikel929292
mikel929292 collected $2.50 from pot
*** SUMMARY ***
Total pot $2.50 | Rake $0 
Seat 1: jono16 folded before Flop (didn't bet)
Seat 2: Seavus10 (button) folded before Flop (didn't bet)
Seat 3: BGS013 (small blind) folded before Flop
Seat 4: kuca86 (big blind) folded before Flop
Seat 5: nikalas22 folded before Flop (didn't bet)
Seat 6: mikel929292 collected ($2.50)



PokerStars Hand #254629892527:  Hold'em No Limit ($0.50/$1.00 USD) - 2025/01/30 23:11:56 WET [2025/01/30 18:11:56 ET]
Table 'Gezelle' 6-max Seat #3 is the button
Seat 1: jono16 ($116.76 in chips) 
Seat 2: Seavus10 ($100 in chips) 
Seat 3: BGS013 ($100 in chips) 
Seat 4: kuca86 ($120.01 in chips) 
Seat 5: nikalas22 ($111.88 in chips) 
Seat 6: mikel929292 ($46.91 in chips) 
kuca86: posts small blind $0.50
nikalas22: posts big blind $1
*** HOLE CARDS ***
mikel929292: folds 
jono16: folds 
mikel929292 leaves the table
Seavus10: folds 
BGS013: raises $1.50 to $2.50
kuca86: folds 
ghc_2 joins the table at seat #6 
nikalas22: calls $1.50
*** FLOP *** [4h Ks 2c]
nikalas22: checks 
BGS013: bets $1.36
nikalas22: raises $3.97 to $5.33
BGS013: calls $3.97
*** TURN *** [4h Ks 2c] [2h]
nikalas22: checks 
BGS013: bets $5
nikalas22: folds 
Uncalled bet ($5) returned to BGS013
BGS013 collected $15.35 from pot
BGS013: doesn't show hand 
*** SUMMARY ***
Total pot $16.16 | Rake $0.81 
Board [4h Ks 2c 2h]
Seat 1: jono16 folded before Flop (didn't bet)
Seat 2: Seavus10 folded before Flop (didn't bet)
Seat 3: BGS013 (button) collected ($15.35)
Seat 4: kuca86 (small blind) folded before Flop
Seat 5: nikalas22 (big blind) folded on the Turn
Seat 6: mikel929292 folded before Flop (didn't bet)



PokerStars Hand #254629905026:  Hold'em No Limit ($0.50/$1.00 USD) - 2025/01/30 23:12:44 WET [2025/01/30 18:12:44 ET]
Table 'Gezelle' 6-max Seat #4 is the button
Seat 1: jono16 ($116.76 in chips) 
Seat 2: Seavus10 ($100 in chips) 
Seat 3: BGS013 ($107.52 in chips) 
Seat 4: kuca86 ($119.51 in chips) 
Seat 5: nikalas22 ($104.05 in chips) 
Seat 6: ghc_2 ($100 in chips) 
nikalas22: posts small blind $0.50
ghc_2: posts big blind $1
*** HOLE CARDS ***
jono16: folds 
Seavus10: folds 
BGS013: folds 
kuca86: folds 
nikalas22: raises $2 to $3
ghc_2: folds 
Uncalled bet ($2) returned to nikalas22
nikalas22 collected $2 from pot
nikalas22: doesn't show hand 
*** SUMMARY ***
Total pot $2 | Rake $0 
Seat 1: jono16 folded before Flop (didn't bet)
Seat 2: Seavus10 folded before Flop (didn't bet)
Seat 3: BGS013 folded before Flop (didn't bet)
Seat 4: kuca86 (button) folded before Flop (didn't bet)
Seat 5: nikalas22 (small blind) collected ($2)
Seat 6: ghc_2 (big blind) folded before Flop



PokerStars Hand #254629912944:  Hold'em No Limit ($0.50/$1.00 USD) - 2025/01/30 23:13:14 WET [2025/01/30 18:13:14 ET]
Table 'Gezelle' 6-max Seat #5 is the button
Seat 1: jono16 ($116.76 in chips) 
Seat 2: Seavus10 ($100 in chips) 
Seat 3: BGS013 ($107.52 in chips) 
Seat 4: kuca86 ($119.51 in chips) 
Seat 5: nikalas22 ($105.05 in chips) 
Seat 6: ghc_2 ($100 in chips) 
ghc_2: posts small blind $0.50
jono16: posts big blind $1
*** HOLE CARDS ***
Seavus10: raises $1 to $2
BGS013: folds 
kuca86: folds 
nikalas22: folds 
ghc_2: folds 
jono16: folds 
Uncalled bet ($1) returned to Seavus10
Seavus10 collected $2.50 from pot
Seavus10: doesn't show hand 
*** SUMMARY ***
Total pot $2.50 | Rake $0 
Seat 1: jono16 (big blind) folded before Flop
Seat 2: Seavus10 collected ($2.50)
Seat 3: BGS013 folded before Flop (didn't bet)
Seat 4: kuca86 folded before Flop (didn't bet)
Seat 5: nikalas22 (button) folded before Flop (didn't bet)
Seat 6: ghc_2 (small blind) folded before Flop



PokerStars Hand #254629917270:  Hold'em No Limit ($0.50/$1.00 USD) - 2025/01/30 23:13:31 WET [2025/01/30 18:13:31 ET]
Table 'Gezelle' 6-max Seat #6 is the button
Seat 1: jono16 ($115.76 in chips) 
Seat 2: Seavus10 ($101.50 in chips) 
Seat 3: BGS013 ($107.52 in chips) 
Seat 4: kuca86 ($119.51 in chips) 
Seat 5: nikalas22 ($105.05 in chips) 
Seat 6: ghc_2 ($100 in chips) 
jono16: posts small blind $0.50
Seavus10: posts big blind $1
*** HOLE CARDS ***
BGS013: folds 
kuca86: folds 
nikalas22: raises $1.50 to $2.50
ghc_2: folds 
jono16: folds 
Seavus10: folds 
Uncalled bet ($1.50) returned to nikalas22
nikalas22 collected $2.50 from pot
nikalas22: doesn't show hand 
*** SUMMARY ***
Total pot $2.50 | Rake $0 
Seat 1: jono16 (small blind) folded before Flop
Seat 2: Seavus10 (big blind) folded before Flop
Seat 3: BGS013 folded before Flop (didn't bet)
Seat 4: kuca86 folded before Flop (didn't bet)
Seat 5: nikalas22 collected ($2.50)
Seat 6: ghc_2 (button) folded before Flop (didn't bet)



PokerStars Hand #254629923839:  Hold'em No Limit ($0.50/$1.00 USD) - 2025/01/30 23:13:57 WET [2025/01/30 18:13:57 ET]
Table 'Gezelle' 6-max Seat #1 is the button
Seat 1: jono16 ($115.26 in chips) 
Seat 2: Seavus10 ($100.50 in chips) 
Seat 3: BGS013 ($107.52 in chips) 
Seat 4: kuca86 ($119.51 in chips) 
Seat 5: nikalas22 ($106.55 in chips) 
Seat 6: ghc_2 ($100 in chips) 
Seavus10: posts small blind $0.50
BGS013: posts big blind $1
*** HOLE CARDS ***
kuca86: folds 
nikalas22: raises $1.50 to $2.50
ghc_2: folds 
jono16: raises $6.50 to $9
Seavus10: folds 
BGS013: folds 
nikalas22: folds 
Uncalled bet ($6.50) returned to jono16
jono16 collected $6.50 from pot
*** SUMMARY ***
Total pot $6.50 | Rake $0 
Seat 1: jono16 (button) collected ($6.50)
Seat 2: Seavus10 (small blind) folded before Flop
Seat 3: BGS013 (big blind) folded before Flop
Seat 4: kuca86 folded before Flop (didn't bet)
Seat 5: nikalas22 folded before Flop
Seat 6: ghc_2 folded before Flop (didn't bet)



PokerStars Hand #254629933367:  Hold'em No Limit ($0.50/$1.00 USD) - 2025/01/30 23:14:34 WET [2025/01/30 18:14:34 ET]
Table 'Gezelle' 6-max Seat #2 is the button
Seat 1: jono16 ($119.26 in chips) 
Seat 2: Seavus10 ($100 in chips) 
Seat 3: BGS013 ($106.52 in chips) 
Seat 4: kuca86 ($119.51 in chips) 
Seat 5: nikalas22 ($104.05 in chips) 
Seat 6: ghc_2 ($100 in chips) 
BGS013: posts small blind $0.50
kuca86: posts big blind $1
*** HOLE CARDS ***
nikalas22: folds 
ghc_2: folds 
jono16: folds 
Seavus10: folds 
BGS013: raises $2 to $3
kuca86: folds 
Uncalled bet ($2) returned to BGS013
BGS013 collected $2 from pot
BGS013: doesn't show hand 
*** SUMMARY ***
Total pot $2 | Rake $0 
Seat 1: jono16 folded before Flop (didn't bet)
Seat 2: Seavus10 (button) folded before Flop (didn't bet)
Seat 3: BGS013 (small blind) collected ($2)
Seat 4: kuca86 (big blind) folded before Flop
Seat 5: nikalas22 folded before Flop (didn't bet)
Seat 6: ghc_2 folded before Flop (didn't bet)



PokerStars Hand #254629938901:  Hold'em No Limit ($0.50/$1.00 USD) - 2025/01/30 23:14:56 WET [2025/01/30 18:14:56 ET]
Table 'Gezelle' 6-max Seat #3 is the button
Seat 5: nikalas22 ($104.05 in chips) is sitting out
Seat 1: jono16 ($119.26 in chips) 
Seat 2: Seavus10 ($100 in chips) 
Seat 3: BGS013 ($107.52 in chips) 
Seat 4: kuca86 ($118.51 in chips) 
Seat 6: ghc_2 ($100 in chips) 
kuca86: posts small blind $0.50
nikalas22: is sitting out 
ghc_2: posts big blind $1
*** HOLE CARDS ***
nikalas22 leaves the table
jono16: raises $1.20 to $2.20
Seavus10: folds 
BGS013: raises $5.80 to $8
kuca86: folds 
ghc_2: folds 
jono16: folds 
Uncalled bet ($5.80) returned to BGS013
BGS013 collected $5.90 from pot
BGS013: doesn't show hand 
*** SUMMARY ***
Total pot $5.90 | Rake $0 
Seat 5: nikalas22
Seat 1: jono16 folded before Flop
Seat 2: Seavus10 folded before Flop (didn't bet)
Seat 3: BGS013 (button) collected ($5.90)
Seat 4: kuca86 (small blind) folded before Flop
Seat 6: ghc_2 (big blind) folded before Flop



PokerStars Hand #254629946191:  Hold'em No Limit ($0.50/$1.00 USD) - 2025/01/30 23:15:25 WET [2025/01/30 18:15:25 ET]
Table 'Gezelle' 6-max Seat #4 is the button
Seat 1: jono16 ($117.06 in chips) 
Seat 2: Seavus10 ($100 in chips) 
Seat 3: BGS013 ($111.22 in chips) 
Seat 4: kuca86 ($118.01 in chips) 
Seat 6: ghc_2 ($100 in chips) 
ghc_2: posts small blind $0.50
jono16: posts big blind $1
*** HOLE CARDS ***
Seavus10: folds 
BGS013: raises $1.50 to $2.50
kuca86: folds 
ghc_2: folds 
jono16: calls $1.50
*** FLOP *** [3c 8s Ad]
jono16: checks 
BGS013: bets $1.36
jono16: folds 
Uncalled bet ($1.36) returned to BGS013
BGS013 collected $5.22 from pot
BGS013: doesn't show hand 
*** SUMMARY ***
Total pot $5.50 | Rake $0.28 
Board [3c 8s Ad]
Seat 1: jono16 (big blind) folded on the Flop
Seat 2: Seavus10 folded before Flop (didn't bet)
Seat 3: BGS013 collected ($5.22)
Seat 4: kuca86 (button) folded before Flop (didn't bet)
Seat 6: ghc_2 (small blind) folded before Flop



PokerStars Hand #254629952270:  Hold'em No Limit ($0.50/$1.00 USD) - 2025/01/30 23:15:48 WET [2025/01/30 18:15:48 ET]
Table 'Gezelle' 6-max Seat #6 is the button
Seat 1: jono16 ($114.56 in chips) 
Seat 2: Seavus10 ($100 in chips) 
Seat 3: BGS013 ($113.94 in chips) 
Seat 4: kuca86 ($118.01 in chips) 
Seat 6: ghc_2 ($100 in chips) 
jono16: posts small blind $0.50
Seavus10: posts big blind $1
*** HOLE CARDS ***
BGS013: folds 
zhino joins the table at seat #5 
BGS013 leaves the table
kuca86: folds 
ghc_2: raises $1.40 to $2.40
jono16: raises $8.60 to $11
Seavus10: folds 
ghc_2: folds 
Uncalled bet ($8.60) returned to jono16
jono16 collected $5.80 from pot
*** SUMMARY ***
Total pot $5.80 | Rake $0 
Seat 1: jono16 (small blind) collected ($5.80)
Seat 2: Seavus10 (big blind) folded before Flop
Seat 3: BGS013 folded before Flop (didn't bet)
Seat 4: kuca86 folded before Flop (didn't bet)
Seat 6: ghc_2 (button) folded before Flop



PokerStars Hand #254629696186:  Hold'em No Limit ($0.50/$1.00 USD) - 2025/01/30 22:58:43 WET [2025/01/30 17:58:43 ET]
Table 'Gezelle' 6-max Seat #3 is the button
Seat 1: jono16 ($108.15 in chips) 
Seat 2: Seavus10 ($117.74 in chips) 
Seat 3: Espada Fish ($140.90 in chips) 
Seat 4: kuca86 ($120.51 in chips) 
Seat 5: nikalas22 ($100 in chips) 
kuca86: posts small blind $0.50
nikalas22: posts big blind $1
*** HOLE CARDS ***
jono16: raises $1.20 to $2.20
Seavus10: folds 
Espada Fish: raises $5.30 to $7.50
kuca86: folds 
nikalas22: folds 
jono16: calls $5.30
*** FLOP *** [Kc 5s 8d]
mikel929292 joins the table at seat #6 
mikel929292 is disconnected 
jono16: checks 
Espada Fish: bets $5.17
jono16: folds 
Uncalled bet ($5.17) returned to Espada Fish
Espada Fish collected $15.68 from pot
Espada Fish: doesn't show hand 
*** SUMMARY ***
Total pot $16.50 | Rake $0.82 
Board [Kc 5s 8d]
Seat 1: jono16 folded on the Flop
Seat 2: Seavus10 folded before Flop (didn't bet)
Seat 3: Espada Fish (button) collected ($15.68)
Seat 4: kuca86 (small blind) folded before Flop
Seat 5: nikalas22 (big blind) folded before Flop



PokerStars Hand #254629710800:  Hold'em No Limit ($0.50/$1.00 USD) - 2025/01/30 22:59:57 WET [2025/01/30 17:59:57 ET]
Table 'Gezelle' 6-max Seat #4 is the button
Seat 1: jono16 ($100.65 in chips) 
Seat 2: Seavus10 ($117.74 in chips) 
Seat 3: Espada Fish ($149.08 in chips) 
Seat 4: kuca86 ($120.01 in chips) 
Seat 5: nikalas22 ($100 in chips) 
Seat 6: mikel929292 ($44.44 in chips) 
nikalas22: posts small blind $0.50
mikel929292: posts big blind $1
*** HOLE CARDS ***
jono16: raises $1.20 to $2.20
Seavus10: folds 
Espada Fish: folds 
kuca86: folds 
nikalas22: folds 
mikel929292: calls $1.20
*** FLOP *** [Qd Jd 6h]
mikel929292: checks 
jono16: bets $1.54
mikel929292: raises $3.54 to $5.08
jono16: calls $3.54
*** TURN *** [Qd Jd 6h] [5d]
mikel929292: bets $7.16
jono16: calls $7.16
*** RIVER *** [Qd Jd 6h 5d] [9s]
mikel929292: checks 
jono16: bets $86.21 and is all-in
mikel929292: folds 
Uncalled bet ($86.21) returned to jono16
jono16 collected $27.91 from pot
*** SUMMARY ***
Total pot $29.38 | Rake $1.47 
Board [Qd Jd 6h 5d 9s]
Seat 1: jono16 collected ($27.91)
Seat 2: Seavus10 folded before Flop (didn't bet)
Seat 3: Espada Fish folded before Flop (didn't bet)
Seat 4: kuca86 (button) folded before Flop (didn't bet)
Seat 5: nikalas22 (small blind) folded before Flop
Seat 6: mikel929292 (big blind) folded on the River



PokerStars Hand #254629959566:  Hold'em No Limit ($0.50/$1.00 USD) - 2025/01/30 23:16:17 WET [2025/01/30 18:16:17 ET]
Table 'Gezelle' 6-max Seat #1 is the button
Seat 5: zhino ($100 in chips) is sitting out
Seat 1: jono16 ($117.96 in chips) 
Seat 2: Seavus10 ($100 in chips) 
Seat 4: kuca86 ($118.01 in chips) 
Seat 6: ghc_2 ($100 in chips) 
Seavus10: posts small blind $0.50
kuca86: posts big blind $1
zhino: sits out 
*** HOLE CARDS ***
ghc_2: folds 
jono16: folds 
Seavus10: raises $2 to $3
kuca86: calls $2
*** FLOP *** [Kd 4c 7c]
Seavus10: bets $1.90
Palacios777 joins the table at seat #3 
kuca86: calls $1.90
*** TURN *** [Kd 4c 7c] [Tc]
Seavus10: bets $4.98
kuca86: calls $4.98
*** RIVER *** [Kd 4c 7c Tc] [Kh]
Seavus10: checks 
kuca86: checks 
*** SHOW DOWN ***
Seavus10: shows [Jh Qd] (a pair of Kings)
kuca86: shows [7s Ts] (two pair, Kings and Tens)
kuca86 collected $18.77 from pot
*** SUMMARY ***
Total pot $19.76 | Rake $0.99 
Board [Kd 4c 7c Tc Kh]
Seat 5: zhino
Seat 1: jono16 (button) folded before Flop (didn't bet)
Seat 2: Seavus10 (small blind) showed [Jh Qd] and lost with a pair of Kings
Seat 4: kuca86 (big blind) showed [7s Ts] and won ($18.77) with two pair, Kings and Tens
Seat 6: ghc_2 folded before Flop (didn't bet)



PokerStars Hand #254629986303:  Hold'em No Limit ($0.50/$1.00 USD) - 2025/01/30 23:18:01 WET [2025/01/30 18:18:01 ET]
Table 'Gezelle' 6-max Seat #2 is the button
Seat 3: Palacios777 ($100 in chips) is sitting out
Seat 1: jono16 ($117.96 in chips) 
Seat 2: Seavus10 ($100 in chips) 
Seat 4: kuca86 ($126.90 in chips) 
Seat 5: zhino ($100 in chips) 
Seat 6: ghc_2 ($100 in chips) 
kuca86: posts small blind $0.50
zhino: posts big blind $1
*** HOLE CARDS ***
ghc_2: folds 
jono16: folds 
Seavus10: folds 
kuca86: raises $2 to $3
zhino: raises $6.10 to $9.10
kuca86: folds 
Uncalled bet ($6.10) returned to zhino
zhino collected $6 from pot
zhino: doesn't show hand 
*** SUMMARY ***
Total pot $6 | Rake $0 
Seat 3: Palacios777
Seat 1: jono16 folded before Flop (didn't bet)
Seat 2: Seavus10 (button) folded before Flop (didn't bet)
Seat 4: kuca86 (small blind) folded before Flop
Seat 5: zhino (big blind) collected ($6)
Seat 6: ghc_2 folded before Flop (didn't bet)



PokerStars Hand #254629996337:  Hold'em No Limit ($0.50/$1.00 USD) - 2025/01/30 23:18:40 WET [2025/01/30 18:18:40 ET]
Table 'Gezelle' 6-max Seat #4 is the button
Seat 3: Palacios777 ($100 in chips) is sitting out
Seat 1: jono16 ($117.96 in chips) 
Seat 2: Seavus10 ($100 in chips) 
Seat 4: kuca86 ($123.90 in chips) 
Seat 5: zhino ($103 in chips) 
Seat 6: ghc_2 ($100 in chips) 
zhino: posts small blind $0.50
ghc_2: posts big blind $1
Palacios777: sits out 
*** HOLE CARDS ***
jono16: folds 
Seavus10: folds 
kuca86: folds 
zhino: raises $2.49 to $3.49
ghc_2: calls $2.49
*** FLOP *** [6s Js 7c]
zhino: checks 
ghc_2: checks 
*** TURN *** [6s Js 7c] [Qd]
zhino: bets $1.92
ghc_2: calls $1.92
*** RIVER *** [6s Js 7c Qd] [6c]
zhino: bets $13.26
ghc_2: raises $81.33 to $94.59 and is all-in
zhino: folds 
Uncalled bet ($81.33) returned to ghc_2
ghc_2 collected $35.47 from pot
ghc_2: doesn't show hand 
*** SUMMARY ***
Total pot $37.34 | Rake $1.87 
Board [6s Js 7c Qd 6c]
Seat 3: Palacios777
Seat 1: jono16 folded before Flop (didn't bet)
Seat 2: Seavus10 folded before Flop (didn't bet)
Seat 4: kuca86 (button) folded before Flop (didn't bet)
Seat 5: zhino (small blind) folded on the River
Seat 6: ghc_2 (big blind) collected ($35.47)



PokerStars Hand #254630017683:  Hold'em No Limit ($0.50/$1.00 USD) - 2025/01/30 23:20:05 WET [2025/01/30 18:20:05 ET]
Table 'Gezelle' 6-max Seat #5 is the button
Seat 3: Palacios777 ($100 in chips) is sitting out
Seat 1: jono16 ($117.96 in chips) 
Seat 2: Seavus10 ($100 in chips) 
Seat 4: kuca86 ($123.90 in chips) 
Seat 5: zhino ($100 in chips) 
Seat 6: ghc_2 ($116.80 in chips) 
ghc_2: posts small blind $0.50
jono16: posts big blind $1
Palacios777: sits out 
*** HOLE CARDS ***
Seavus10: folds 
kuca86: folds 
zhino: raises $1.99 to $2.99
ghc_2: folds 
jono16: folds 
Uncalled bet ($1.99) returned to zhino
zhino collected $2.50 from pot
zhino: doesn't show hand 
*** SUMMARY ***
Total pot $2.50 | Rake $0 
Seat 3: Palacios777
Seat 1: jono16 (big blind) folded before Flop
Seat 2: Seavus10 folded before Flop (didn't bet)
Seat 4: kuca86 folded before Flop (didn't bet)
Seat 5: zhino (button) collected ($2.50)
Seat 6: ghc_2 (small blind) folded before Flop



PokerStars Hand #254630022543:  Hold'em No Limit ($0.50/$1.00 USD) - 2025/01/30 23:20:24 WET [2025/01/30 18:20:24 ET]
Table 'Gezelle' 6-max Seat #6 is the button
Seat 3: Palacios777 ($100 in chips) is sitting out
Seat 1: jono16 ($116.96 in chips) 
Seat 2: Seavus10 ($100 in chips) 
Seat 4: kuca86 ($123.90 in chips) 
Seat 5: zhino ($101.50 in chips) 
Seat 6: ghc_2 ($116.30 in chips) 
jono16: posts small blind $0.50
Seavus10: posts big blind $1
Palacios777: sits out 
*** HOLE CARDS ***
kuca86: folds 
zhino: folds 
ghc_2: folds 
jono16: folds 
Uncalled bet ($0.50) returned to Seavus10
Seavus10 collected $1 from pot
Seavus10: doesn't show hand 
*** SUMMARY ***
Total pot $1 | Rake $0 
Seat 3: Palacios777
Seat 1: jono16 (small blind) folded before Flop
Seat 2: Seavus10 (big blind) collected ($1)
Seat 4: kuca86 folded before Flop (didn't bet)
Seat 5: zhino folded before Flop (didn't bet)
Seat 6: ghc_2 (button) folded before Flop (didn't bet)



PokerStars Hand #254630026815:  Hold'em No Limit ($0.50/$1.00 USD) - 2025/01/30 23:20:41 WET [2025/01/30 18:20:41 ET]
Table 'Gezelle' 6-max Seat #1 is the button
Seat 1: jono16 ($116.46 in chips) 
Seat 2: Seavus10 ($100.50 in chips) 
Seat 3: Palacios777 ($100 in chips) 
Seat 4: kuca86 ($123.90 in chips) 
Seat 5: zhino ($101.50 in chips) 
Seat 6: ghc_2 ($116.30 in chips) 
Seavus10: posts small blind $0.50
Palacios777: posts big blind $1
*** HOLE CARDS ***
kuca86: folds 
zhino: folds 
ghc_2: raises $1.30 to $2.30
jono16: raises $6.70 to $9
Seavus10: folds 
Palacios777: folds 
ghc_2: folds 
Uncalled bet ($6.70) returned to jono16
jono16 collected $6.10 from pot
*** SUMMARY ***
Total pot $6.10 | Rake $0 
Seat 1: jono16 (button) collected ($6.10)
Seat 2: Seavus10 (small blind) folded before Flop
Seat 3: Palacios777 (big blind) folded before Flop
Seat 4: kuca86 folded before Flop (didn't bet)
Seat 5: zhino folded before Flop (didn't bet)
Seat 6: ghc_2 folded before Flop



PokerStars Hand #254630035694:  Hold'em No Limit ($0.50/$1.00 USD) - 2025/01/30 23:21:16 WET [2025/01/30 18:21:16 ET]
Table 'Gezelle' 6-max Seat #2 is the button
Seat 1: jono16 ($120.26 in chips) 
Seat 2: Seavus10 ($100 in chips) 
Seat 3: Palacios777 ($100 in chips) 
Seat 4: kuca86 ($123.90 in chips) 
Seat 5: zhino ($101.50 in chips) 
Seat 6: ghc_2 ($114 in chips) 
Palacios777: posts small blind $0.50
kuca86: posts big blind $1
*** HOLE CARDS ***
zhino: folds 
ghc_2: folds 
jono16: raises $1.20 to $2.20
Seavus10: folds 
Palacios777: folds 
kuca86: calls $1.20
*** FLOP *** [Jd 2c 8d]
kuca86: checks 
jono16: bets $1.54
kuca86: folds 
Uncalled bet ($1.54) returned to jono16
jono16 collected $4.66 from pot
*** SUMMARY ***
Total pot $4.90 | Rake $0.24 
Board [Jd 2c 8d]
Seat 1: jono16 collected ($4.66)
Seat 2: Seavus10 (button) folded before Flop (didn't bet)
Seat 3: Palacios777 (small blind) folded before Flop
Seat 4: kuca86 (big blind) folded on the Flop
Seat 5: zhino folded before Flop (didn't bet)
Seat 6: ghc_2 folded before Flop (didn't bet)



PokerStars Hand #254630047121:  Hold'em No Limit ($0.50/$1.00 USD) - 2025/01/30 23:22:00 WET [2025/01/30 18:22:00 ET]
Table 'Gezelle' 6-max Seat #3 is the button
Seat 1: jono16 ($122.72 in chips) 
Seat 2: Seavus10 ($100 in chips) 
Seat 3: Palacios777 ($100 in chips) 
Seat 4: kuca86 ($121.70 in chips) 
Seat 5: zhino ($101.50 in chips) 
Seat 6: ghc_2 ($114 in chips) 
kuca86: posts small blind $0.50
zhino: posts big blind $1
*** HOLE CARDS ***
ghc_2: folds 
jono16: folds 
Seavus10: raises $1.20 to $2.20
Palacios777: folds 
kuca86: folds 
zhino: folds 
Uncalled bet ($1.20) returned to Seavus10
Seavus10 collected $2.50 from pot
Seavus10: doesn't show hand 
*** SUMMARY ***
Total pot $2.50 | Rake $0 
Seat 1: jono16 folded before Flop (didn't bet)
Seat 2: Seavus10 collected ($2.50)
Seat 3: Palacios777 (button) folded before Flop (didn't bet)
Seat 4: kuca86 (small blind) folded before Flop
Seat 5: zhino (big blind) folded before Flop
Seat 6: ghc_2 folded before Flop (didn't bet)



PokerStars Hand #254630052494:  Hold'em No Limit ($0.50/$1.00 USD) - 2025/01/30 23:22:21 WET [2025/01/30 18:22:21 ET]
Table 'Gezelle' 6-max Seat #4 is the button
Seat 1: jono16 ($122.72 in chips) 
Seat 2: Seavus10 ($101.50 in chips) 
Seat 3: Palacios777 ($100 in chips) 
Seat 4: kuca86 ($121.20 in chips) 
Seat 5: zhino ($100.50 in chips) 
Seat 6: ghc_2 ($114 in chips) 
zhino: posts small blind $0.50
ghc_2: posts big blind $1
*** HOLE CARDS ***
jono16: raises $1.20 to $2.20
Seavus10: folds 
Palacios777: folds 
kuca86: folds 
zhino: folds 
ghc_2: folds 
Uncalled bet ($1.20) returned to jono16
jono16 collected $2.50 from pot
*** SUMMARY ***
Total pot $2.50 | Rake $0 
Seat 1: jono16 collected ($2.50)
Seat 2: Seavus10 folded before Flop (didn't bet)
Seat 3: Palacios777 folded before Flop (didn't bet)
Seat 4: kuca86 (button) folded before Flop (didn't bet)
Seat 5: zhino (small blind) folded before Flop
Seat 6: ghc_2 (big blind) folded before Flop



PokerStars Hand #254630058387:  Hold'em No Limit ($0.50/$1.00 USD) - 2025/01/30 23:22:44 WET [2025/01/30 18:22:44 ET]
Table 'Gezelle' 6-max Seat #5 is the button
Seat 1: jono16 ($124.22 in chips) 
Seat 2: Seavus10 ($101.50 in chips) 
Seat 3: Palacios777 ($100 in chips) 
Seat 4: kuca86 ($121.20 in chips) 
Seat 5: zhino ($100 in chips) 
Seat 6: ghc_2 ($113 in chips) 
ghc_2: posts small blind $0.50
jono16: posts big blind $1
*** HOLE CARDS ***
Seavus10: folds 
Palacios777: raises $1.20 to $2.20
kuca86: folds 
zhino: folds 
ghc_2: folds 
jono16: calls $1.20
*** FLOP *** [Qs Ks 5d]
jono16: checks 
Palacios777: checks 
*** TURN *** [Qs Ks 5d] [8s]
jono16: checks 
Palacios777: checks 
*** RIVER *** [Qs Ks 5d 8s] [8h]
jono16: checks 
Palacios777: bets $2.33
jono16: folds 
Uncalled bet ($2.33) returned to Palacios777
Palacios777 collected $4.66 from pot
Palacios777: doesn't show hand 
*** SUMMARY ***
Total pot $4.90 | Rake $0.24 
Board [Qs Ks 5d 8s 8h]
Seat 1: jono16 (big blind) folded on the River
Seat 2: Seavus10 folded before Flop (didn't bet)
Seat 3: Palacios777 collected ($4.66)
Seat 4: kuca86 folded before Flop (didn't bet)
Seat 5: zhino (button) folded before Flop (didn't bet)
Seat 6: ghc_2 (small blind) folded before Flop



PokerStars Hand #254630081946:  Hold'em No Limit ($0.50/$1.00 USD) - 2025/01/30 23:24:18 WET [2025/01/30 18:24:18 ET]
Table 'Gezelle' 6-max Seat #6 is the button
Seat 1: jono16 ($122.02 in chips) 
Seat 2: Seavus10 ($101.50 in chips) 
Seat 3: Palacios777 ($102.46 in chips) 
Seat 4: kuca86 ($121.20 in chips) 
Seat 5: zhino ($100 in chips) 
Seat 6: ghc_2 ($112.50 in chips) 
jono16: posts small blind $0.50
Seavus10: posts big blind $1
*** HOLE CARDS ***
Palacios777: folds 
kuca86: folds 
zhino: raises $1.79 to $2.79
ghc_2: folds 
jono16: folds 
Seavus10: folds 
Uncalled bet ($1.79) returned to zhino
zhino collected $2.50 from pot
zhino: doesn't show hand 
*** SUMMARY ***
Total pot $2.50 | Rake $0 
Seat 1: jono16 (small blind) folded before Flop
Seat 2: Seavus10 (big blind) folded before Flop
Seat 3: Palacios777 folded before Flop (didn't bet)
Seat 4: kuca86 folded before Flop (didn't bet)
Seat 5: zhino collected ($2.50)
Seat 6: ghc_2 (button) folded before Flop (didn't bet)



PokerStars Hand #254630091080:  Hold'em No Limit ($0.50/$1.00 USD) - 2025/01/30 23:24:54 WET [2025/01/30 18:24:54 ET]
Table 'Gezelle' 6-max Seat #1 is the button
Seat 1: jono16 ($121.52 in chips) 
Seat 2: Seavus10 ($100.50 in chips) 
Seat 3: Palacios777 ($102.46 in chips) 
Seat 4: kuca86 ($121.20 in chips) 
Seat 5: zhino ($101.50 in chips) 
Seat 6: ghc_2 ($112.50 in chips) 
Seavus10: posts small blind $0.50
Palacios777: posts big blind $1
*** HOLE CARDS ***
kuca86: folds 
zhino: folds 
ghc_2: folds 
jono16: folds 
Seavus10: raises $2 to $3
Palacios777: calls $2
*** FLOP *** [8c 2d 2c]
Seavus10: bets $1.90
Palacios777: calls $1.90
*** TURN *** [8c 2d 2c] [3h]
Seavus10: checks 
Palacios777: checks 
*** RIVER *** [8c 2d 2c 3h] [9s]
Seavus10: bets $6.21
Palacios777: calls $6.21
*** SHOW DOWN ***
Seavus10: shows [Ac 9h] (two pair, Nines and Deuces)
Palacios777: mucks hand 
Seavus10 collected $21.11 from pot
*** SUMMARY ***
Total pot $22.22 | Rake $1.11 
Board [8c 2d 2c 3h 9s]
Seat 1: jono16 (button) folded before Flop (didn't bet)
Seat 2: Seavus10 (small blind) showed [Ac 9h] and won ($21.11) with two pair, Nines and Deuces
Seat 3: Palacios777 (big blind) mucked
Seat 4: kuca86 folded before Flop (didn't bet)
Seat 5: zhino folded before Flop (didn't bet)
Seat 6: ghc_2 folded before Flop (didn't bet)



PokerStars Hand #254630114976:  Hold'em No Limit ($0.50/$1.00 USD) - 2025/01/30 23:26:29 WET [2025/01/30 18:26:29 ET]
Table 'Gezelle' 6-max Seat #2 is the button
Seat 1: jono16 ($121.52 in chips) 
Seat 2: Seavus10 ($110.50 in chips) 
Seat 3: Palacios777 ($100 in chips) 
Seat 4: kuca86 ($121.20 in chips) 
Seat 5: zhino ($101.50 in chips) 
Seat 6: ghc_2 ($112.50 in chips) 
Palacios777: posts small blind $0.50
kuca86: posts big blind $1
*** HOLE CARDS ***
zhino: folds 
ghc_2: folds 
jono16: folds 
Seavus10: folds 
Palacios777: folds 
Uncalled bet ($0.50) returned to kuca86
kuca86 collected $1 from pot
kuca86: doesn't show hand 
*** SUMMARY ***
Total pot $1 | Rake $0 
Seat 1: jono16 folded before Flop (didn't bet)
Seat 2: Seavus10 (button) folded before Flop (didn't bet)
Seat 3: Palacios777 (small blind) folded before Flop
Seat 4: kuca86 (big blind) collected ($1)
Seat 5: zhino folded before Flop (didn't bet)
Seat 6: ghc_2 folded before Flop (didn't bet)



PokerStars Hand #254630118674:  Hold'em No Limit ($0.50/$1.00 USD) - 2025/01/30 23:26:44 WET [2025/01/30 18:26:44 ET]
Table 'Gezelle' 6-max Seat #3 is the button
Seat 1: jono16 ($121.52 in chips) 
Seat 2: Seavus10 ($110.50 in chips) 
Seat 3: Palacios777 ($100 in chips) 
Seat 4: kuca86 ($121.70 in chips) 
Seat 5: zhino ($101.50 in chips) 
Seat 6: ghc_2 ($112.50 in chips) 
kuca86: posts small blind $0.50
zhino: posts big blind $1
*** HOLE CARDS ***
ghc_2: folds 
jono16: folds 
Seavus10: raises $1.20 to $2.20
Palacios777: folds 
kuca86: raises $8.30 to $10.50
zhino: raises $91 to $101.50 and is all-in
Seavus10: folds 
kuca86: folds 
Uncalled bet ($91) returned to zhino
zhino collected $23.20 from pot
zhino: doesn't show hand 
*** SUMMARY ***
Total pot $23.20 | Rake $0 
Seat 1: jono16 folded before Flop (didn't bet)
Seat 2: Seavus10 folded before Flop
Seat 3: Palacios777 (button) folded before Flop (didn't bet)
Seat 4: kuca86 (small blind) folded before Flop
Seat 5: zhino (big blind) collected ($23.20)
Seat 6: ghc_2 folded before Flop (didn't bet)



PokerStars Hand #254630132094:  Hold'em No Limit ($0.50/$1.00 USD) - 2025/01/30 23:27:37 WET [2025/01/30 18:27:37 ET]
Table 'Gezelle' 6-max Seat #4 is the button
Seat 1: jono16 ($121.52 in chips) 
Seat 2: Seavus10 ($108.30 in chips) 
Seat 3: Palacios777 ($100 in chips) 
Seat 4: kuca86 ($111.20 in chips) 
Seat 5: zhino ($114.20 in chips) 
Seat 6: ghc_2 ($112.50 in chips) 
zhino: posts small blind $0.50
ghc_2: posts big blind $1
*** HOLE CARDS ***
jono16: folds 
Seavus10: folds 
Palacios777: folds 
kuca86: folds 
zhino: folds 
Uncalled bet ($0.50) returned to ghc_2
ghc_2 collected $1 from pot
ghc_2: doesn't show hand 
*** SUMMARY ***
Total pot $1 | Rake $0 
Seat 1: jono16 folded before Flop (didn't bet)
Seat 2: Seavus10 folded before Flop (didn't bet)
Seat 3: Palacios777 folded before Flop (didn't bet)
Seat 4: kuca86 (button) folded before Flop (didn't bet)
Seat 5: zhino (small blind) folded before Flop
Seat 6: ghc_2 (big blind) collected ($1)



PokerStars Hand #254630137138:  Hold'em No Limit ($0.50/$1.00 USD) - 2025/01/30 23:27:57 WET [2025/01/30 18:27:57 ET]
Table 'Gezelle' 6-max Seat #5 is the button
Seat 1: jono16 ($121.52 in chips) 
Seat 2: Seavus10 ($108.30 in chips) 
Seat 3: Palacios777 ($100 in chips) 
Seat 4: kuca86 ($111.20 in chips) 
Seat 5: zhino ($113.70 in chips) 
Seat 6: ghc_2 ($113 in chips) 
ghc_2: posts small blind $0.50
jono16: posts big blind $1
*** HOLE CARDS ***
Seavus10: folds 
Palacios777: raises $1.20 to $2.20
kuca86: folds 
zhino: folds 
ghc_2: folds 
jono16: calls $1.20
*** FLOP *** [Jc Qh 2s]
jono16: checks 
Palacios777: checks 
*** TURN *** [Jc Qh 2s] [Kh]
jono16: bets $2.54
Palacios777: calls $2.54
*** RIVER *** [Jc Qh 2s Kh] [8d]
jono16: bets $6.26
Palacios777: folds 
Uncalled bet ($6.26) returned to jono16
jono16 collected $9.48 from pot
*** SUMMARY ***
Total pot $9.98 | Rake $0.50 
Board [Jc Qh 2s Kh 8d]
Seat 1: jono16 (big blind) collected ($9.48)
Seat 2: Seavus10 folded before Flop (didn't bet)
Seat 3: Palacios777 folded on the River
Seat 4: kuca86 folded before Flop (didn't bet)
Seat 5: zhino (button) folded before Flop (didn't bet)
Seat 6: ghc_2 (small blind) folded before Flop



PokerStars Hand #254630157110:  Hold'em No Limit ($0.50/$1.00 USD) - 2025/01/30 23:29:18 WET [2025/01/30 18:29:18 ET]
Table 'Gezelle' 6-max Seat #6 is the button
Seat 1: jono16 ($126.26 in chips) 
Seat 2: Seavus10 ($108.30 in chips) 
Seat 3: Palacios777 ($100 in chips) 
Seat 4: kuca86 ($111.20 in chips) 
Seat 5: zhino ($113.70 in chips) 
Seat 6: ghc_2 ($112.50 in chips) 
jono16: posts small blind $0.50
Seavus10: posts big blind $1
*** HOLE CARDS ***
Palacios777: folds 
kuca86: folds 
zhino: folds 
ghc_2: folds 
jono16: folds 
Uncalled bet ($0.50) returned to Seavus10
Seavus10 collected $1 from pot
Seavus10: doesn't show hand 
*** SUMMARY ***
Total pot $1 | Rake $0 
Seat 1: jono16 (small blind) folded before Flop
Seat 2: Seavus10 (big blind) collected ($1)
Seat 3: Palacios777 folded before Flop (didn't bet)
Seat 4: kuca86 folded before Flop (didn't bet)
Seat 5: zhino folded before Flop (didn't bet)
Seat 6: ghc_2 (button) folded before Flop (didn't bet)



PokerStars Hand #254630161573:  Hold'em No Limit ($0.50/$1.00 USD) - 2025/01/30 23:29:36 WET [2025/01/30 18:29:36 ET]
Table 'Gezelle' 6-max Seat #1 is the button
Seat 1: jono16 ($125.76 in chips) 
Seat 2: Seavus10 ($108.80 in chips) 
Seat 3: Palacios777 ($100 in chips) 
Seat 4: kuca86 ($111.20 in chips) 
Seat 5: zhino ($113.70 in chips) 
Seat 6: ghc_2 ($112.50 in chips) 
Seavus10: posts small blind $0.50
Palacios777: posts big blind $1
*** HOLE CARDS ***
kuca86: folds 
zhino: folds 
ghc_2: folds 
jono16: raises $1.50 to $2.50
Seavus10: folds 
Palacios777: raises $9.50 to $12
jono16: calls $9.50
*** FLOP *** [Ad 5d 7s]
Palacios777: bets $7.69
jono16: folds 
Uncalled bet ($7.69) returned to Palacios777
Palacios777 collected $23.28 from pot
Palacios777: doesn't show hand 
*** SUMMARY ***
Total pot $24.50 | Rake $1.22 
Board [Ad 5d 7s]
Seat 1: jono16 (button) folded on the Flop
Seat 2: Seavus10 (small blind) folded before Flop
Seat 3: Palacios777 (big blind) collected ($23.28)
Seat 4: kuca86 folded before Flop (didn't bet)
Seat 5: zhino folded before Flop (didn't bet)
Seat 6: ghc_2 folded before Flop (didn't bet)



PokerStars Hand #254630177235:  Hold'em No Limit ($0.50/$1.00 USD) - 2025/01/30 23:30:40 WET [2025/01/30 18:30:40 ET]
Table 'Gezelle' 6-max Seat #2 is the button
Seat 1: jono16 ($113.76 in chips) 
Seat 2: Seavus10 ($108.30 in chips) 
Seat 3: Palacios777 ($111.28 in chips) 
Seat 4: kuca86 ($111.20 in chips) 
Seat 5: zhino ($113.70 in chips) 
Seat 6: ghc_2 ($112.50 in chips) 
Palacios777: posts small blind $0.50
kuca86: posts big blind $1
*** HOLE CARDS ***
zhino: folds 
ghc_2: folds 
jono16: folds 
Seavus10: raises $1.50 to $2.50
Palacios777: folds 
kuca86: folds 
Uncalled bet ($1.50) returned to Seavus10
Seavus10 collected $2.50 from pot
Seavus10: doesn't show hand 
*** SUMMARY ***
Total pot $2.50 | Rake $0 
Seat 1: jono16 folded before Flop (didn't bet)
Seat 2: Seavus10 (button) collected ($2.50)
Seat 3: Palacios777 (small blind) folded before Flop
Seat 4: kuca86 (big blind) folded before Flop
Seat 5: zhino folded before Flop (didn't bet)
Seat 6: ghc_2 folded before Flop (didn't bet)



PokerStars Hand #254630181767:  Hold'em No Limit ($0.50/$1.00 USD) - 2025/01/30 23:30:58 WET [2025/01/30 18:30:58 ET]
Table 'Gezelle' 6-max Seat #3 is the button
Seat 5: zhino ($113.70 in chips) is sitting out
Seat 1: jono16 ($113.76 in chips) 
Seat 2: Seavus10 ($109.80 in chips) 
Seat 3: Palacios777 ($110.78 in chips) 
Seat 4: kuca86 ($110.20 in chips) 
Seat 6: ghc_2 ($112.50 in chips) 
kuca86: posts small blind $0.50
zhino: is sitting out 
ghc_2: posts big blind $1
*** HOLE CARDS ***
jono16: folds 
Seavus10: folds 
Palacios777: folds 
kuca86: folds 
Uncalled bet ($0.50) returned to ghc_2
ghc_2 collected $1 from pot
ghc_2: doesn't show hand 
*** SUMMARY ***
Total pot $1 | Rake $0 
Seat 5: zhino
Seat 1: jono16 folded before Flop (didn't bet)
Seat 2: Seavus10 folded before Flop (didn't bet)
Seat 3: Palacios777 (button) folded before Flop (didn't bet)
Seat 4: kuca86 (small blind) folded before Flop
Seat 6: ghc_2 (big blind) collected ($1)



PokerStars Hand #254630184854:  Hold'em No Limit ($0.50/$1.00 USD) - 2025/01/30 23:31:11 WET [2025/01/30 18:31:11 ET]
Table 'Gezelle' 6-max Seat #4 is the button
Seat 5: zhino ($113.70 in chips) is sitting out
Seat 1: jono16 ($113.76 in chips) 
Seat 2: Seavus10 ($109.80 in chips) 
Seat 3: Palacios777 ($110.78 in chips) 
Seat 4: kuca86 ($109.70 in chips) 
Seat 6: ghc_2 ($113 in chips) 
ghc_2: posts small blind $0.50
jono16: posts big blind $1
*** HOLE CARDS ***
Seavus10: folds 
Palacios777: raises $1.50 to $2.50
kuca86: folds 
ghc_2: folds 
jono16: calls $1.50
*** FLOP *** [3d 9h 4d]
jono16: checks 
Palacios777: bets $2.61
jono16: folds 
Uncalled bet ($2.61) returned to Palacios777
Palacios777 collected $5.22 from pot
Palacios777: doesn't show hand 
*** SUMMARY ***
Total pot $5.50 | Rake $0.28 
Board [3d 9h 4d]
Seat 5: zhino
Seat 1: jono16 (big blind) folded on the Flop
Seat 2: Seavus10 folded before Flop (didn't bet)
Seat 3: Palacios777 collected ($5.22)
Seat 4: kuca86 (button) folded before Flop (didn't bet)
Seat 6: ghc_2 (small blind) folded before Flop



PokerStars Hand #254630194010:  Hold'em No Limit ($0.50/$1.00 USD) - 2025/01/30 23:31:48 WET [2025/01/30 18:31:48 ET]
Table 'Gezelle' 6-max Seat #6 is the button
Seat 5: zhino ($113.70 in chips) is sitting out
Seat 1: jono16 ($111.26 in chips) 
Seat 2: Seavus10 ($109.80 in chips) 
Seat 3: Palacios777 ($113.50 in chips) 
Seat 4: kuca86 ($109.70 in chips) 
Seat 6: ghc_2 ($112.50 in chips) 
jono16: posts small blind $0.50
Seavus10: posts big blind $1
*** HOLE CARDS ***
Palacios777: folds 
kuca86: folds 
ghc_2: raises $1.40 to $2.40
jono16: raises $8.60 to $11
Seavus10: folds 
ghc_2: folds 
Uncalled bet ($8.60) returned to jono16
jono16 collected $5.80 from pot
*** SUMMARY ***
Total pot $5.80 | Rake $0 
Seat 5: zhino
Seat 1: jono16 (small blind) collected ($5.80)
Seat 2: Seavus10 (big blind) folded before Flop
Seat 3: Palacios777 folded before Flop (didn't bet)
Seat 4: kuca86 folded before Flop (didn't bet)
Seat 6: ghc_2 (button) folded before Flop



PokerStars Hand #254630201167:  Hold'em No Limit ($0.50/$1.00 USD) - 2025/01/30 23:32:17 WET [2025/01/30 18:32:17 ET]
Table 'Gezelle' 6-max Seat #1 is the button
Seat 5: zhino ($113.70 in chips) is sitting out
Seat 1: jono16 ($114.66 in chips) 
Seat 2: Seavus10 ($108.80 in chips) 
Seat 3: Palacios777 ($113.50 in chips) 
Seat 4: kuca86 ($109.70 in chips) 
Seat 6: ghc_2 ($110.10 in chips) 
Seavus10: posts small blind $0.50
Palacios777: posts big blind $1
*** HOLE CARDS ***
kuca86: folds 
ghc_2: folds 
jono16: folds 
Seavus10: raises $2 to $3
Palacios777: raises $6 to $9
Seavus10: raises $16 to $25
Palacios777: calls $16
*** FLOP *** [Qs 5c 2d]
Seavus10: bets $11.88
Palacios777: calls $11.88
*** TURN *** [Qs 5c 2d] [3s]
zhino leaves the table
shootingGRID joins the table at seat #5 
Seavus10: bets $71.92 and is all-in
Palacios777: calls $71.92
*** RIVER *** [Qs 5c 2d 3s] [Qd]
*** SHOW DOWN ***
Seavus10: shows [Qh Kd] (three of a kind, Queens)
Palacios777: shows [5s 6s] (two pair, Queens and Fives)
Seavus10 collected $215.10 from pot
*** SUMMARY ***
Total pot $217.60 | Rake $2.50 
Board [Qs 5c 2d 3s Qd]
Seat 5: zhino
Seat 1: jono16 (button) folded before Flop (didn't bet)
Seat 2: Seavus10 (small blind) showed [Qh Kd] and won ($215.10) with three of a kind, Queens
Seat 3: Palacios777 (big blind) showed [5s 6s] and lost with two pair, Queens and Fives
Seat 4: kuca86 folded before Flop (didn't bet)
Seat 6: ghc_2 folded before Flop (didn't bet)



PokerStars Hand #254630226115:  Hold'em No Limit ($0.50/$1.00 USD) - 2025/01/30 23:34:00 WET [2025/01/30 18:34:00 ET]
Table 'Gezelle' 6-max Seat #2 is the button
Seat 5: shootingGRID ($100 in chips) is sitting out
Seat 1: jono16 ($114.66 in chips) 
Seat 2: Seavus10 ($215.10 in chips) 
Seat 3: Palacios777 ($100 in chips) 
Seat 4: kuca86 ($109.70 in chips) 
Seat 6: ghc_2 ($110.10 in chips) 
Palacios777: posts small blind $0.50
kuca86: posts big blind $1
shootingGRID: sits out 
*** HOLE CARDS ***
ghc_2: folds 
jono16: folds 
Seavus10: folds 
Palacios777: folds 
Uncalled bet ($0.50) returned to kuca86
kuca86 collected $1 from pot
kuca86: doesn't show hand 
*** SUMMARY ***
Total pot $1 | Rake $0 
Seat 5: shootingGRID
Seat 1: jono16 folded before Flop (didn't bet)
Seat 2: Seavus10 (button) folded before Flop (didn't bet)
Seat 3: Palacios777 (small blind) folded before Flop
Seat 4: kuca86 (big blind) collected ($1)
Seat 6: ghc_2 folded before Flop (didn't bet)



PokerStars Hand #254630229262:  Hold'em No Limit ($0.50/$1.00 USD) - 2025/01/30 23:34:13 WET [2025/01/30 18:34:13 ET]
Table 'Gezelle' 6-max Seat #3 is the button
Seat 1: jono16 ($114.66 in chips) 
Seat 2: Seavus10 ($215.10 in chips) 
Seat 3: Palacios777 ($100 in chips) 
Seat 4: kuca86 ($110.20 in chips) 
Seat 5: shootingGRID ($100 in chips) 
Seat 6: ghc_2 ($110.10 in chips) 
kuca86: posts small blind $0.50
shootingGRID: posts big blind $1
*** HOLE CARDS ***
ghc_2: folds 
jono16: raises $1.20 to $2.20
Seavus10: folds 
Palacios777: folds 
kuca86: folds 
shootingGRID: calls $1.20
*** FLOP *** [7s 8d 5c]
shootingGRID: checks 
jono16: checks 
*** TURN *** [7s 8d 5c] [4h]
shootingGRID: checks 
jono16: checks 
*** RIVER *** [7s 8d 5c 4h] [4c]
shootingGRID: checks 
ghc_2 leaves the table
jono16: checks 
*** SHOW DOWN ***
shootingGRID: shows [Qd Kh] (a pair of Fours)
jono16: mucks hand 
BoyLoc0 joins the table at seat #6 
shootingGRID collected $4.66 from pot
*** SUMMARY ***
Total pot $4.90 | Rake $0.24 
Board [7s 8d 5c 4h 4c]
Seat 1: jono16 mucked
Seat 2: Seavus10 folded before Flop (didn't bet)
Seat 3: Palacios777 (button) folded before Flop (didn't bet)
Seat 4: kuca86 (small blind) folded before Flop
Seat 5: shootingGRID (big blind) showed [Qd Kh] and won ($4.66) with a pair of Fours
Seat 6: ghc_2 folded before Flop (didn't bet)



PokerStars Hand #254630245319:  Hold'em No Limit ($0.50/$1.00 USD) - 2025/01/30 23:35:19 WET [2025/01/30 18:35:19 ET]
Table 'Gezelle' 6-max Seat #4 is the button
Seat 1: jono16 ($112.46 in chips) 
Seat 2: Seavus10 ($215.10 in chips) 
Seat 3: Palacios777 ($100 in chips) 
Seat 4: kuca86 ($109.70 in chips) 
Seat 5: shootingGRID ($102.46 in chips) 
Seat 6: BoyLoc0 ($100 in chips) 
shootingGRID: posts small blind $0.50
BoyLoc0: posts big blind $1
*** HOLE CARDS ***
jono16: raises $1.20 to $2.20
Seavus10: folds 
Palacios777: folds 
kuca86: raises $4.84 to $7.04
shootingGRID: folds 
BoyLoc0: folds 
jono16: calls $4.84
*** FLOP *** [Jc Ac Jh]
jono16: checks 
kuca86: checks 
*** TURN *** [Jc Ac Jh] [Qd]
jono16: checks 
kuca86: checks 
*** RIVER *** [Jc Ac Jh Qd] [4c]
jono16: checks 
kuca86: checks 
*** SHOW DOWN ***
jono16: shows [Ah 7h] (two pair, Aces and Jacks)
kuca86: mucks hand 
jono16 collected $14.80 from pot
*** SUMMARY ***
Total pot $15.58 | Rake $0.78 
Board [Jc Ac Jh Qd 4c]
Seat 1: jono16 showed [Ah 7h] and won ($14.80) with two pair, Aces and Jacks
Seat 2: Seavus10 folded before Flop (didn't bet)
Seat 3: Palacios777 folded before Flop (didn't bet)
Seat 4: kuca86 (button) mucked
Seat 5: shootingGRID (small blind) folded before Flop
Seat 6: BoyLoc0 (big blind) folded before Flop



PokerStars Hand #254630271432:  Hold'em No Limit ($0.50/$1.00 USD) - 2025/01/30 23:37:06 WET [2025/01/30 18:37:06 ET]
Table 'Gezelle' 6-max Seat #5 is the button
Seat 1: jono16 ($120.22 in chips) 
Seat 2: Seavus10 ($215.10 in chips) 
Seat 3: Palacios777 ($100 in chips) 
Seat 4: kuca86 ($102.66 in chips) 
Seat 5: shootingGRID ($101.96 in chips) 
Seat 6: BoyLoc0 ($100 in chips) 
BoyLoc0: posts small blind $0.50
jono16: posts big blind $1
*** HOLE CARDS ***
Seavus10: folds 
Palacios777: folds 
kuca86: folds 
shootingGRID: folds 
BoyLoc0: raises $2 to $3
jono16: folds 
Uncalled bet ($2) returned to BoyLoc0
BoyLoc0 collected $2 from pot
BoyLoc0: doesn't show hand 
*** SUMMARY ***
Total pot $2 | Rake $0 
Seat 1: jono16 (big blind) folded before Flop
Seat 2: Seavus10 folded before Flop (didn't bet)
Seat 3: Palacios777 folded before Flop (didn't bet)
Seat 4: kuca86 folded before Flop (didn't bet)
Seat 5: shootingGRID (button) folded before Flop (didn't bet)
Seat 6: BoyLoc0 (small blind) collected ($2)



PokerStars Hand #254630278675:  Hold'em No Limit ($0.50/$1.00 USD) - 2025/01/30 23:37:36 WET [2025/01/30 18:37:36 ET]
Table 'Gezelle' 6-max Seat #6 is the button
Seat 1: jono16 ($119.22 in chips) 
Seat 2: Seavus10 ($215.10 in chips) 
Seat 3: Palacios777 ($100 in chips) 
Seat 4: kuca86 ($102.66 in chips) 
Seat 5: shootingGRID ($101.96 in chips) 
Seat 6: BoyLoc0 ($101 in chips) 
jono16: posts small blind $0.50
Seavus10: posts big blind $1
*** HOLE CARDS ***
Palacios777: folds 
kuca86: folds 
shootingGRID: folds 
BoyLoc0: folds 
jono16: raises $2 to $3
Seavus10: calls $2
*** FLOP *** [Th Ah 2c]
jono16: bets $1.88
Seavus10: calls $1.88
*** TURN *** [Th Ah 2c] [4s]
jono16: bets $8.50
Seavus10: calls $8.50
*** RIVER *** [Th Ah 2c 4s] [6d]
jono16: bets $17.78
Seavus10: folds 
Uncalled bet ($17.78) returned to jono16
jono16 collected $25.42 from pot
*** SUMMARY ***
Total pot $26.76 | Rake $1.34 
Board [Th Ah 2c 4s 6d]
Seat 1: jono16 (small blind) collected ($25.42)
Seat 2: Seavus10 (big blind) folded on the River
Seat 3: Palacios777 folded before Flop (didn't bet)
Seat 4: kuca86 folded before Flop (didn't bet)
Seat 5: shootingGRID folded before Flop (didn't bet)
Seat 6: BoyLoc0 (button) folded before Flop (didn't bet)



PokerStars Hand #254630413044:  Hold'em No Limit ($0.50/$1.00 USD) - 2025/01/30 23:47:03 WET [2025/01/30 18:47:03 ET]
Table 'Gezelle' 6-max Seat #1 is the button
Seat 1: jono16 ($169.13 in chips) 
Seat 2: Seavus10 ($200.22 in chips) 
Seat 3: Palacios777 ($100 in chips) 
Seat 4: kuca86 ($113.86 in chips) 
Seat 5: shootingGRID ($100 in chips) 
Seat 6: BoyLoc0 ($100 in chips) 
Seavus10: posts small blind $0.50
Palacios777: posts big blind $1
*** HOLE CARDS ***
kuca86: folds 
shootingGRID: folds 
BoyLoc0: folds 
jono16: folds 
Seavus10: raises $2 to $3
Palacios777: raises $6 to $9
Seavus10: raises $15.49 to $24.49
Palacios777: calls $15.49
*** FLOP *** [6s 7c Jc]
Seavus10: bets $11.63
Palacios777: folds 
Uncalled bet ($11.63) returned to Seavus10
Seavus10 collected $46.53 from pot
Seavus10: doesn't show hand 
*** SUMMARY ***
Total pot $48.98 | Rake $2.45 
Board [6s 7c Jc]
Seat 1: jono16 (button) folded before Flop (didn't bet)
Seat 2: Seavus10 (small blind) collected ($46.53)
Seat 3: Palacios777 (big blind) folded on the Flop
Seat 4: kuca86 folded before Flop (didn't bet)
Seat 5: shootingGRID folded before Flop (didn't bet)
Seat 6: BoyLoc0 folded before Flop (didn't bet)



PokerStars Hand #254630429234:  Hold'em No Limit ($0.50/$1.00 USD) - 2025/01/30 23:48:13 WET [2025/01/30 18:48:13 ET]
Table 'Gezelle' 6-max Seat #2 is the button
Seat 1: jono16 ($169.13 in chips) 
Seat 2: Seavus10 ($222.26 in chips) 
Seat 3: Palacios777 ($100 in chips) 
Seat 4: kuca86 ($113.86 in chips) 
Seat 5: shootingGRID ($100 in chips) 
Seat 6: BoyLoc0 ($100 in chips) 
Palacios777: posts small blind $0.50
kuca86: posts big blind $1
*** HOLE CARDS ***
shootingGRID: folds 
BoyLoc0: folds 
jono16: raises $1.20 to $2.20
Seavus10: folds 
Palacios777: folds 
kuca86: folds 
Uncalled bet ($1.20) returned to jono16
jono16 collected $2.50 from pot
*** SUMMARY ***
Total pot $2.50 | Rake $0 
Seat 1: jono16 collected ($2.50)
Seat 2: Seavus10 (button) folded before Flop (didn't bet)
Seat 3: Palacios777 (small blind) folded before Flop
Seat 4: kuca86 (big blind) folded before Flop
Seat 5: shootingGRID folded before Flop (didn't bet)
Seat 6: BoyLoc0 folded before Flop (didn't bet)



PokerStars Hand #254630435954:  Hold'em No Limit ($0.50/$1.00 USD) - 2025/01/30 23:48:42 WET [2025/01/30 18:48:42 ET]
Table 'Gezelle' 6-max Seat #3 is the button
Seat 1: jono16 ($170.63 in chips) 
Seat 2: Seavus10 ($222.26 in chips) 
Seat 3: Palacios777 ($100 in chips) 
Seat 4: kuca86 ($112.86 in chips) 
Seat 5: shootingGRID ($100 in chips) 
Seat 6: BoyLoc0 ($100 in chips) 
kuca86: posts small blind $0.50
shootingGRID: posts big blind $1
*** HOLE CARDS ***
BoyLoc0: folds 
jono16: folds 
Seavus10: folds 
Palacios777: folds 
kuca86: folds 
Uncalled bet ($0.50) returned to shootingGRID
shootingGRID collected $1 from pot
*** SUMMARY ***
Total pot $1 | Rake $0 
Seat 1: jono16 folded before Flop (didn't bet)
Seat 2: Seavus10 folded before Flop (didn't bet)
Seat 3: Palacios777 (button) folded before Flop (didn't bet)
Seat 4: kuca86 (small blind) folded before Flop
Seat 5: shootingGRID (big blind) collected ($1)
Seat 6: BoyLoc0 folded before Flop (didn't bet)



PokerStars Hand #254630439231:  Hold'em No Limit ($0.50/$1.00 USD) - 2025/01/30 23:48:56 WET [2025/01/30 18:48:56 ET]
Table 'Gezelle' 6-max Seat #4 is the button
Seat 1: jono16 ($170.63 in chips) 
Seat 2: Seavus10 ($222.26 in chips) 
Seat 3: Palacios777 ($100 in chips) 
Seat 4: kuca86 ($112.36 in chips) 
Seat 5: shootingGRID ($100.50 in chips) 
Seat 6: BoyLoc0 ($100 in chips) 
shootingGRID: posts small blind $0.50
BoyLoc0: posts big blind $1
*** HOLE CARDS ***
jono16: raises $1.20 to $2.20
Seavus10: folds 
Palacios777: folds 
kuca86: folds 
shootingGRID: folds 
BoyLoc0: calls $1.20
*** FLOP *** [8d Td 7d]
BoyLoc0: checks 
jono16: checks 
*** TURN *** [8d Td 7d] [3s]
BoyLoc0: bets $3.50
jono16: calls $3.50
*** RIVER *** [8d Td 7d 3s] [4s]
BoyLoc0: bets $8.48
jono16: calls $8.48
*** SHOW DOWN ***
BoyLoc0: shows [Tc 8c] (two pair, Tens and Eights)
jono16: mucks hand 
BoyLoc0 collected $27.42 from pot
*** SUMMARY ***
Total pot $28.86 | Rake $1.44 
Board [8d Td 7d 3s 4s]
Seat 1: jono16 mucked
Seat 2: Seavus10 folded before Flop (didn't bet)
Seat 3: Palacios777 folded before Flop (didn't bet)
Seat 4: kuca86 (button) folded before Flop (didn't bet)
Seat 5: shootingGRID (small blind) folded before Flop
Seat 6: BoyLoc0 (big blind) showed [Tc 8c] and won ($27.42) with two pair, Tens and Eights



PokerStars Hand #254630459859:  Hold'em No Limit ($0.50/$1.00 USD) - 2025/01/30 23:50:25 WET [2025/01/30 18:50:25 ET]
Table 'Gezelle' 6-max Seat #5 is the button
Seat 1: jono16 ($156.45 in chips) 
Seat 2: Seavus10 ($222.26 in chips) 
Seat 3: Palacios777 ($100 in chips) 
Seat 4: kuca86 ($112.36 in chips) 
Seat 5: shootingGRID ($100 in chips) 
Seat 6: BoyLoc0 ($113.24 in chips) 
BoyLoc0: posts small blind $0.50
jono16: posts big blind $1
*** HOLE CARDS ***
Seavus10: raises $1 to $2
Palacios777: folds 
kuca86: folds 
shootingGRID: folds 
BoyLoc0: folds 
jono16: calls $1
*** FLOP *** [3c 2s 4s]
jono16: checks 
Seavus10: checks 
*** TURN *** [3c 2s 4s] [4d]
jono16: bets $2.82
Seavus10: calls $2.82
*** RIVER *** [3c 2s 4s 4d] [As]
jono16: checks 
Seavus10: checks 
*** SHOW DOWN ***
jono16: shows [Th Kh] (a pair of Fours)
Seavus10: shows [Ah 2h] (two pair, Aces and Fours)
Seavus10 collected $9.63 from pot
*** SUMMARY ***
Total pot $10.14 | Rake $0.51 
Board [3c 2s 4s 4d As]
Seat 1: jono16 (big blind) showed [Th Kh] and lost with a pair of Fours
Seat 2: Seavus10 showed [Ah 2h] and won ($9.63) with two pair, Aces and Fours
Seat 3: Palacios777 folded before Flop (didn't bet)
Seat 4: kuca86 folded before Flop (didn't bet)
Seat 5: shootingGRID (button) folded before Flop (didn't bet)
Seat 6: BoyLoc0 (small blind) folded before Flop



PokerStars Hand #254630478658:  Hold'em No Limit ($0.50/$1.00 USD) - 2025/01/30 23:51:48 WET [2025/01/30 18:51:48 ET]
Table 'Gezelle' 6-max Seat #6 is the button
Seat 1: jono16 ($151.63 in chips) 
Seat 2: Seavus10 ($227.07 in chips) 
Seat 3: Palacios777 ($100 in chips) 
Seat 4: kuca86 ($112.36 in chips) 
Seat 5: shootingGRID ($100 in chips) 
Seat 6: BoyLoc0 ($112.74 in chips) 
jono16: posts small blind $0.50
Seavus10: posts big blind $1
*** HOLE CARDS ***
Palacios777: folds 
kuca86: raises $1.50 to $2.50
shootingGRID: folds 
BoyLoc0: raises $5 to $7.50
jono16: folds 
Seavus10: folds 
kuca86: calls $5
*** FLOP *** [3d 7d 6d]
kuca86: checks 
BoyLoc0: checks 
*** TURN *** [3d 7d 6d] [3h]
kuca86: bets $5.80
BoyLoc0: folds 
Uncalled bet ($5.80) returned to kuca86
kuca86 collected $15.68 from pot
kuca86: doesn't show hand 
*** SUMMARY ***
Total pot $16.50 | Rake $0.82 
Board [3d 7d 6d 3h]
Seat 1: jono16 (small blind) folded before Flop
Seat 2: Seavus10 (big blind) folded before Flop
Seat 3: Palacios777 folded before Flop (didn't bet)
Seat 4: kuca86 collected ($15.68)
Seat 5: shootingGRID folded before Flop (didn't bet)
Seat 6: BoyLoc0 (button) folded on the Turn



PokerStars Hand #254630496212:  Hold'em No Limit ($0.50/$1.00 USD) - 2025/01/30 23:53:06 WET [2025/01/30 18:53:06 ET]
Table 'Gezelle' 6-max Seat #1 is the button
Seat 1: jono16 ($151.13 in chips) 
Seat 2: Seavus10 ($226.07 in chips) 
Seat 3: Palacios777 ($100 in chips) 
Seat 4: kuca86 ($120.54 in chips) 
Seat 5: shootingGRID ($100 in chips) 
Seat 6: BoyLoc0 ($105.24 in chips) 
Seavus10: posts small blind $0.50
Palacios777: posts big blind $1
*** HOLE CARDS ***
kuca86: folds 
shootingGRID: folds 
BoyLoc0: folds 
jono16: raises $1.20 to $2.20
Seavus10: folds 
Palacios777: folds 
Uncalled bet ($1.20) returned to jono16
jono16 collected $2.50 from pot
*** SUMMARY ***
Total pot $2.50 | Rake $0 
Seat 1: jono16 (button) collected ($2.50)
Seat 2: Seavus10 (small blind) folded before Flop
Seat 3: Palacios777 (big blind) folded before Flop
Seat 4: kuca86 folded before Flop (didn't bet)
Seat 5: shootingGRID folded before Flop (didn't bet)
Seat 6: BoyLoc0 folded before Flop (didn't bet)



PokerStars Hand #254630504265:  Hold'em No Limit ($0.50/$1.00 USD) - 2025/01/30 23:53:42 WET [2025/01/30 18:53:42 ET]
Table 'Gezelle' 6-max Seat #2 is the button
Seat 1: jono16 ($152.63 in chips) 
Seat 2: Seavus10 ($225.57 in chips) 
Seat 3: Palacios777 ($100 in chips) 
Seat 4: kuca86 ($120.54 in chips) 
Seat 5: shootingGRID ($100 in chips) 
Seat 6: BoyLoc0 ($105.24 in chips) 
Palacios777: posts small blind $0.50
kuca86: posts big blind $1
*** HOLE CARDS ***
shootingGRID: folds 
BoyLoc0: raises $1.50 to $2.50
jono16: calls $2.50
Seavus10: folds 
Palacios777: folds 
kuca86: raises $10.50 to $13
BoyLoc0: folds 
jono16: calls $10.50
*** FLOP *** [3h 9s 6d]
kuca86: bets $13.78
jono16: calls $13.78
*** TURN *** [3h 9s 6d] [5s]
kuca86: checks 
jono16: bets $26.73
kuca86: folds 
Uncalled bet ($26.73) returned to jono16
jono16 collected $54.06 from pot
*** SUMMARY ***
Total pot $56.56 | Rake $2.50 
Board [3h 9s 6d 5s]
Seat 1: jono16 collected ($54.06)
Seat 2: Seavus10 (button) folded before Flop (didn't bet)
Seat 3: Palacios777 (small blind) folded before Flop
Seat 4: kuca86 (big blind) folded on the Turn
Seat 5: shootingGRID folded before Flop (didn't bet)
Seat 6: BoyLoc0 folded before Flop



PokerStars Hand #254630532333:  Hold'em No Limit ($0.50/$1.00 USD) - 2025/01/30 23:55:58 WET [2025/01/30 18:55:58 ET]
Table 'Gezelle' 6-max Seat #3 is the button
Seat 1: jono16 ($179.91 in chips) 
Seat 2: Seavus10 ($225.57 in chips) 
Seat 3: Palacios777 ($100 in chips) 
Seat 4: kuca86 ($100 in chips) 
Seat 5: shootingGRID ($100 in chips) 
Seat 6: BoyLoc0 ($102.74 in chips) 
kuca86: posts small blind $0.50
shootingGRID: posts big blind $1
*** HOLE CARDS ***
BoyLoc0: folds 
jono16: folds 
Seavus10: raises $1.20 to $2.20
Palacios777: folds 
kuca86: calls $1.70
shootingGRID: calls $1.20
*** FLOP *** [Kc Qh 3c]
kuca86: checks 
shootingGRID: checks 
Seavus10: bets $6.27
kuca86: folds 
shootingGRID: calls $6.27
*** TURN *** [Kc Qh 3c] [Ad]
shootingGRID: checks 
Seavus10: bets $13.63
shootingGRID: folds 
Uncalled bet ($13.63) returned to Seavus10
Seavus10 collected $18.18 from pot
Seavus10: doesn't show hand 
*** SUMMARY ***
Total pot $19.14 | Rake $0.96 
Board [Kc Qh 3c Ad]
Seat 1: jono16 folded before Flop (didn't bet)
Seat 2: Seavus10 collected ($18.18)
Seat 3: Palacios777 (button) folded before Flop (didn't bet)
Seat 4: kuca86 (small blind) folded on the Flop
Seat 5: shootingGRID (big blind) folded on the Turn
Seat 6: BoyLoc0 folded before Flop (didn't bet)



PokerStars Hand #254630546722:  Hold'em No Limit ($0.50/$1.00 USD) - 2025/01/30 23:57:23 WET [2025/01/30 18:57:23 ET]
Table 'Gezelle' 6-max Seat #4 is the button
Seat 1: jono16 ($179.91 in chips) 
Seat 2: Seavus10 ($235.28 in chips) 
Seat 3: Palacios777 ($100 in chips) 
Seat 4: kuca86 ($100 in chips) 
Seat 5: shootingGRID ($100 in chips) 
Seat 6: BoyLoc0 ($102.74 in chips) 
shootingGRID: posts small blind $0.50
BoyLoc0: posts big blind $1
*** HOLE CARDS ***
jono16: folds 
Seavus10: folds 
Palacios777: raises $1.50 to $2.50
kuca86: folds 
shootingGRID: folds 
BoyLoc0: folds 
Uncalled bet ($1.50) returned to Palacios777
Palacios777 collected $2.50 from pot
Palacios777: doesn't show hand 
*** SUMMARY ***
Total pot $2.50 | Rake $0 
Seat 1: jono16 folded before Flop (didn't bet)
Seat 2: Seavus10 folded before Flop (didn't bet)
Seat 3: Palacios777 collected ($2.50)
Seat 4: kuca86 (button) folded before Flop (didn't bet)
Seat 5: shootingGRID (small blind) folded before Flop
Seat 6: BoyLoc0 (big blind) folded before Flop



PokerStars Hand #254630550159:  Hold'em No Limit ($0.50/$1.00 USD) - 2025/01/30 23:57:43 WET [2025/01/30 18:57:43 ET]
Table 'Gezelle' 6-max Seat #5 is the button
Seat 1: jono16 ($179.91 in chips) 
Seat 2: Seavus10 ($235.28 in chips) 
Seat 3: Palacios777 ($101.50 in chips) 
Seat 4: kuca86 ($100 in chips) 
Seat 5: shootingGRID ($100 in chips) 
Seat 6: BoyLoc0 ($101.74 in chips) 
BoyLoc0: posts small blind $0.50
jono16: posts big blind $1
*** HOLE CARDS ***
Seavus10: folds 
Palacios777: folds 
kuca86: raises $1.50 to $2.50
shootingGRID: folds 
BoyLoc0: folds 
jono16: calls $1.50
*** FLOP *** [2d 2h 7h]
jono16: checks 
kuca86: bets $1.30
jono16: calls $1.30
*** TURN *** [2d 2h 7h] [7s]
jono16: bets $2.54
kuca86: calls $2.54
*** RIVER *** [2d 2h 7h 7s] [Ts]
jono16: bets $173.57 and is all-in
kuca86: calls $93.66 and is all-in
Uncalled bet ($79.91) returned to jono16
*** SHOW DOWN ***
jono16: shows [Jd 4d] (two pair, Sevens and Deuces)
kuca86: shows [Kd 7d] (a full house, Sevens full of Deuces)
kuca86 collected $198 from pot
*** SUMMARY ***
Total pot $200.50 | Rake $2.50 
Board [2d 2h 7h 7s Ts]
Seat 1: jono16 (big blind) showed [Jd 4d] and lost with two pair, Sevens and Deuces
Seat 2: Seavus10 folded before Flop (didn't bet)
Seat 3: Palacios777 folded before Flop (didn't bet)
Seat 4: kuca86 showed [Kd 7d] and won ($198) with a full house, Sevens full of Deuces
Seat 5: shootingGRID (button) folded before Flop (didn't bet)
Seat 6: BoyLoc0 (small blind) folded before Flop



PokerStars Hand #254630308951:  Hold'em No Limit ($0.50/$1.00 USD) - 2025/01/30 23:39:42 WET [2025/01/30 18:39:42 ET]
Table 'Gezelle' 6-max Seat #1 is the button
Seat 1: jono16 ($131.26 in chips) 
Seat 2: Seavus10 ($201.72 in chips) 
Seat 3: Palacios777 ($100 in chips) 
Seat 4: kuca86 ($102.66 in chips) 
Seat 5: shootingGRID ($101.96 in chips) 
Seat 6: BoyLoc0 ($101 in chips) 
Seavus10: posts small blind $0.50
Palacios777: posts big blind $1
*** HOLE CARDS ***
kuca86: folds 
shootingGRID: folds 
BoyLoc0: raises $1.50 to $2.50
jono16: folds 
Seavus10: folds 
Palacios777: calls $1.50
*** FLOP *** [Kh Js 3s]
Palacios777: checks 
BoyLoc0: checks 
*** TURN *** [Kh Js 3s] [Ts]
Palacios777: bets $5.22
BoyLoc0: calls $5.22
*** RIVER *** [Kh Js 3s Ts] [8h]
Palacios777: bets $21.50
BoyLoc0 has timed out
BoyLoc0: folds 
Uncalled bet ($21.50) returned to Palacios777
Palacios777 collected $15.14 from pot
Palacios777: doesn't show hand 
*** SUMMARY ***
Total pot $15.94 | Rake $0.80 
Board [Kh Js 3s Ts 8h]
Seat 1: jono16 (button) folded before Flop (didn't bet)
Seat 2: Seavus10 (small blind) folded before Flop
Seat 3: Palacios777 (big blind) collected ($15.14)
Seat 4: kuca86 folded before Flop (didn't bet)
Seat 5: shootingGRID folded before Flop (didn't bet)
Seat 6: BoyLoc0 folded on the River



PokerStars Hand #254630340542:  Hold'em No Limit ($0.50/$1.00 USD) - 2025/01/30 23:41:55 WET [2025/01/30 18:41:55 ET]
Table 'Gezelle' 6-max Seat #2 is the button
Seat 1: jono16 ($131.26 in chips) 
Seat 2: Seavus10 ($201.22 in chips) 
Seat 3: Palacios777 ($107.42 in chips) 
Seat 4: kuca86 ($102.66 in chips) 
Seat 5: shootingGRID ($101.96 in chips) 
Seat 6: BoyLoc0 ($100 in chips) 
Palacios777: posts small blind $0.50
kuca86: posts big blind $1
*** HOLE CARDS ***
shootingGRID: folds 
BoyLoc0: folds 
jono16: folds 
Seavus10: folds 
Palacios777: raises $1.50 to $2.50
kuca86: calls $1.50
*** FLOP *** [4s 5h Jc]
Palacios777: checks 
kuca86: bets $3.33
Palacios777: raises $7.17 to $10.50
kuca86: calls $7.17
*** TURN *** [4s 5h Jc] [Jd]
Palacios777: checks 
kuca86: bets $9.14
Palacios777: folds 
Uncalled bet ($9.14) returned to kuca86
kuca86 collected $24.70 from pot
kuca86: doesn't show hand 
*** SUMMARY ***
Total pot $26 | Rake $1.30 
Board [4s 5h Jc Jd]
Seat 1: jono16 folded before Flop (didn't bet)
Seat 2: Seavus10 (button) folded before Flop (didn't bet)
Seat 3: Palacios777 (small blind) folded on the Turn
Seat 4: kuca86 (big blind) collected ($24.70)
Seat 5: shootingGRID folded before Flop (didn't bet)
Seat 6: BoyLoc0 folded before Flop (didn't bet)



PokerStars Hand #254630367626:  Hold'em No Limit ($0.50/$1.00 USD) - 2025/01/30 23:43:49 WET [2025/01/30 18:43:49 ET]
Table 'Gezelle' 6-max Seat #3 is the button
Seat 1: jono16 ($131.26 in chips) 
Seat 2: Seavus10 ($201.22 in chips) 
Seat 3: Palacios777 ($100 in chips) 
Seat 4: kuca86 ($114.36 in chips) 
Seat 5: shootingGRID ($101.96 in chips) 
Seat 6: BoyLoc0 ($100 in chips) 
kuca86: posts small blind $0.50
shootingGRID: posts big blind $1
*** HOLE CARDS ***
BoyLoc0: folds 
jono16: raises $1.20 to $2.20
Seavus10: folds 
Palacios777: folds 
kuca86: folds 
shootingGRID: folds 
Uncalled bet ($1.20) returned to jono16
jono16 collected $2.50 from pot
*** SUMMARY ***
Total pot $2.50 | Rake $0 
Seat 1: jono16 collected ($2.50)
Seat 2: Seavus10 folded before Flop (didn't bet)
Seat 3: Palacios777 (button) folded before Flop (didn't bet)
Seat 4: kuca86 (small blind) folded before Flop
Seat 5: shootingGRID (big blind) folded before Flop
Seat 6: BoyLoc0 folded before Flop (didn't bet)



PokerStars Hand #254630376167:  Hold'em No Limit ($0.50/$1.00 USD) - 2025/01/30 23:44:25 WET [2025/01/30 18:44:25 ET]
Table 'Gezelle' 6-max Seat #4 is the button
Seat 1: jono16 ($132.76 in chips) 
Seat 2: Seavus10 ($201.22 in chips) 
Seat 3: Palacios777 ($100 in chips) 
Seat 4: kuca86 ($113.86 in chips) 
Seat 5: shootingGRID ($100.96 in chips) 
Seat 6: BoyLoc0 ($100 in chips) 
shootingGRID: posts small blind $0.50
BoyLoc0: posts big blind $1
*** HOLE CARDS ***
jono16: folds 
Seavus10: folds 
Palacios777: folds 
kuca86: folds 
shootingGRID: folds 
Uncalled bet ($0.50) returned to BoyLoc0
BoyLoc0 collected $1 from pot
BoyLoc0: doesn't show hand 
*** SUMMARY ***
Total pot $1 | Rake $0 
Seat 1: jono16 folded before Flop (didn't bet)
Seat 2: Seavus10 folded before Flop (didn't bet)
Seat 3: Palacios777 folded before Flop (didn't bet)
Seat 4: kuca86 (button) folded before Flop (didn't bet)
Seat 5: shootingGRID (small blind) folded before Flop
Seat 6: BoyLoc0 (big blind) collected ($1)



PokerStars Hand #254630379402:  Hold'em No Limit ($0.50/$1.00 USD) - 2025/01/30 23:44:39 WET [2025/01/30 18:44:39 ET]
Table 'Gezelle' 6-max Seat #5 is the button
Seat 1: jono16 ($132.76 in chips) 
Seat 2: Seavus10 ($201.22 in chips) 
Seat 3: Palacios777 ($100 in chips) 
Seat 4: kuca86 ($113.86 in chips) 
Seat 5: shootingGRID ($100.46 in chips) 
Seat 6: BoyLoc0 ($100.50 in chips) 
BoyLoc0: posts small blind $0.50
jono16: posts big blind $1
*** HOLE CARDS ***
Seavus10: folds 
Palacios777: folds 
kuca86: folds 
shootingGRID: folds 
BoyLoc0: folds 
Uncalled bet ($0.50) returned to jono16
jono16 collected $1 from pot
*** SUMMARY ***
Total pot $1 | Rake $0 
Seat 1: jono16 (big blind) collected ($1)
Seat 2: Seavus10 folded before Flop (didn't bet)
Seat 3: Palacios777 folded before Flop (didn't bet)
Seat 4: kuca86 folded before Flop (didn't bet)
Seat 5: shootingGRID (button) folded before Flop (didn't bet)
Seat 6: BoyLoc0 (small blind) folded before Flop



PokerStars Hand #254630383849:  Hold'em No Limit ($0.50/$1.00 USD) - 2025/01/30 23:44:58 WET [2025/01/30 18:44:58 ET]
Table 'Gezelle' 6-max Seat #6 is the button
Seat 1: jono16 ($133.26 in chips) 
Seat 2: Seavus10 ($201.22 in chips) 
Seat 3: Palacios777 ($100 in chips) 
Seat 4: kuca86 ($113.86 in chips) 
Seat 5: shootingGRID ($100.46 in chips) 
Seat 6: BoyLoc0 ($100 in chips) 
jono16: posts small blind $0.50
Seavus10: posts big blind $1
*** HOLE CARDS ***
Palacios777: raises $1.20 to $2.20
kuca86: folds 
shootingGRID: raises $4.80 to $7
BoyLoc0: folds 
jono16: raises $14 to $21
Seavus10: folds 
Palacios777: folds 
shootingGRID: calls $14
*** FLOP *** [2h 9s 5d]
jono16: bets $14.17
shootingGRID: calls $14.17
*** TURN *** [2h 9s 5d] [Ac]
jono16: bets $98.09 and is all-in
shootingGRID: folds 
Uncalled bet ($98.09) returned to jono16
jono16 collected $71.04 from pot
*** SUMMARY ***
Total pot $73.54 | Rake $2.50 
Board [2h 9s 5d Ac]
Seat 1: jono16 (small blind) collected ($71.04)
Seat 2: Seavus10 (big blind) folded before Flop
Seat 3: Palacios777 folded before Flop
Seat 4: kuca86 folded before Flop (didn't bet)
Seat 5: shootingGRID folded on the Turn
Seat 6: BoyLoc0 (button) folded before Flop (didn't bet)



PokerStars Hand #254630566994:  Hold'em No Limit ($0.50/$1.00 USD) - 2025/01/30 23:59:21 WET [2025/01/30 18:59:21 ET]
Table 'Gezelle' 6-max Seat #6 is the button
Seat 2: Seavus10 ($235.28 in chips) is sitting out
Seat 1: jono16 ($83.70 in chips) 
Seat 3: Palacios777 ($101.50 in chips) 
Seat 4: kuca86 ($198 in chips) 
Seat 5: shootingGRID ($100 in chips) 
Seat 6: BoyLoc0 ($101.24 in chips) 
jono16: posts small blind $0.50
Seavus10 is disconnected 
Seavus10 has timed out while disconnected
Seavus10: is sitting out 
Palacios777: posts big blind $1
*** HOLE CARDS ***
kuca86: raises $1.50 to $2.50
shootingGRID: folds 
BoyLoc0: folds 
jono16: folds 
Palacios777: raises $9.50 to $12
kuca86: folds 
Uncalled bet ($9.50) returned to Palacios777
jono16 leaves the table
Palacios777 collected $5.50 from pot
Palacios777: doesn't show hand 
*** SUMMARY ***
Total pot $5.50 | Rake $0 
Seat 2: Seavus10
Seat 1: jono16 (small blind) folded before Flop
Seat 3: Palacios777 (big blind) collected ($5.50)
Seat 4: kuca86 folded before Flop
Seat 5: shootingGRID folded before Flop (didn't bet)
Seat 6: BoyLoc0 (button) folded before Flop (didn't bet)



PokerStars Hand #254630575655:  Hold'em No Limit ($0.50/$1.00 USD) - 2025/01/30 0:00:12 WET [2025/01/30 19:00:12 ET]
Table 'Gezelle' 6-max Seat #3 is the button
Seat 2: Seavus10 ($235.28 in chips) is sitting out
Seat 3: Palacios777 ($104.50 in chips) 
Seat 4: kuca86 ($195.50 in chips) 
Seat 5: shootingGRID ($100 in chips) 
Seat 6: BoyLoc0 ($101.24 in chips) 
kuca86: posts small blind $0.50
shootingGRID: posts big blind $1
*** HOLE CARDS ***
BoyLoc0: folds 
Palacios777: raises $1.50 to $2.50
kuca86: folds 
shootingGRID: folds 
Uncalled bet ($1.50) returned to Palacios777
Palacios777 collected $2.50 from pot
Palacios777: doesn't show hand 
*** SUMMARY ***
Total pot $2.50 | Rake $0 
Seat 2: Seavus10
Seat 3: Palacios777 (button) collected ($2.50)
Seat 4: kuca86 (small blind) folded before Flop
Seat 5: shootingGRID (big blind) folded before Flop
Seat 6: BoyLoc0 folded before Flop (didn't bet)



PokerStars Hand #254630579349:  Hold'em No Limit ($0.50/$1.00 USD) - 2025/01/30 0:00:33 WET [2025/01/30 19:00:33 ET]
Table 'Gezelle' 6-max Seat #5 is the button
Seat 2: Seavus10 ($235.28 in chips) is sitting out
Seat 3: Palacios777 ($106 in chips) is sitting out
Seat 6: BoyLoc0 ($101.24 in chips) is sitting out
Seat 4: kuca86 ($195 in chips) 
Seat 5: shootingGRID ($100 in chips) 
shootingGRID: posts small blind $0.50
BoyLoc0: is sitting out 
Palacios777: is sitting out 
kuca86: posts big blind $1
*** HOLE CARDS ***
BoyLoc0 leaves the table
shootingGRID: folds 
Uncalled bet ($0.50) returned to kuca86
kuca86 collected $1 from pot
kuca86: doesn't show hand 
*** SUMMARY ***
Total pot $1 | Rake $0 
Seat 2: Seavus10
Seat 3: Palacios777
Seat 6: BoyLoc0
Seat 4: kuca86 (big blind) collected ($1)
Seat 5: shootingGRID (button) (small blind) folded before Flop



PokerStars Hand #254630580627:  Hold'em No Limit ($0.50/$1.00 USD) - 2025/01/30 0:00:40 WET [2025/01/30 19:00:40 ET]
Table 'Gezelle' 6-max Seat #4 is the button
Seat 2: Seavus10 ($235.28 in chips) is sitting out
Seat 3: Palacios777 ($106 in chips) is sitting out
Seat 4: kuca86 ($195.50 in chips) 
Seat 5: shootingGRID ($100 in chips) 
kuca86: posts small blind $0.50
shootingGRID: posts big blind $1
*** HOLE CARDS ***
kuca86: raises $2 to $3
shootingGRID: folds 
Uncalled bet ($2) returned to kuca86
kuca86 collected $2 from pot
kuca86: doesn't show hand 
*** SUMMARY ***
Total pot $2 | Rake $0 
Seat 2: Seavus10
Seat 3: Palacios777
Seat 4: kuca86 (button) (small blind) collected ($2)
Seat 5: shootingGRID (big blind) folded before Flop



PokerStars Hand #254630583272:  Hold'em No Limit ($0.50/$1.00 USD) - 2025/01/30 0:00:53 WET [2025/01/30 19:00:53 ET]
Table 'Gezelle' 6-max Seat #5 is the button
Seat 2: Seavus10 ($235.28 in chips) is sitting out
Seat 3: Palacios777 ($106 in chips) is sitting out
Seat 4: kuca86 ($196.50 in chips) 
Seat 5: shootingGRID ($100 in chips) 
shootingGRID: posts small blind $0.50
kuca86: posts big blind $1
*** HOLE CARDS ***
shootingGRID: folds 
Uncalled bet ($0.50) returned to kuca86
kuca86 collected $1 from pot
kuca86: doesn't show hand 
*** SUMMARY ***
Total pot $1 | Rake $0 
Seat 2: Seavus10
Seat 3: Palacios777
Seat 4: kuca86 (big blind) collected ($1)
Seat 5: shootingGRID (button) (small blind) folded before Flop



PokerStars Hand #254630585678:  Hold'em No Limit ($0.50/$1.00 USD) - 2025/01/30 0:01:05 WET [2025/01/30 19:01:05 ET]
Table 'Gezelle' 6-max Seat #4 is the button
Seat 2: Seavus10 ($235.28 in chips) is sitting out
Seat 3: Palacios777 ($106 in chips) is sitting out
Seat 4: kuca86 ($197 in chips) 
Seat 5: shootingGRID ($100 in chips) 
kuca86: posts small blind $0.50
shootingGRID: posts big blind $1
*** HOLE CARDS ***
kuca86: raises $1.50 to $2.50
shootingGRID: folds 
Uncalled bet ($1.50) returned to kuca86
kuca86 collected $2 from pot
kuca86: doesn't show hand 
*** SUMMARY ***
Total pot $2 | Rake $0 
Seat 2: Seavus10
Seat 3: Palacios777
Seat 4: kuca86 (button) (small blind) collected ($2)
Seat 5: shootingGRID (big blind) folded before Flop



PokerStars Hand #254630588195:  Hold'em No Limit ($0.50/$1.00 USD) - 2025/01/30 0:01:18 WET [2025/01/30 19:01:18 ET]
Table 'Gezelle' 6-max Seat #5 is the button
Seat 2: Seavus10 ($235.28 in chips) is sitting out
Seat 3: Palacios777 ($106 in chips) is sitting out
Seat 4: kuca86 ($198 in chips) 
Seat 5: shootingGRID ($100 in chips) 
shootingGRID: posts small blind $0.50
kuca86: posts big blind $1
*** HOLE CARDS ***
shootingGRID: raises $1.25 to $2.25
kuca86: raises $7.75 to $10
shootingGRID: calls $7.75
*** FLOP *** [9d Ts 7s]
kuca86: bets $4.75
shootingGRID: calls $4.75
*** TURN *** [9d Ts 7s] [4h]
kuca86: bets $7.12
shootingGRID: calls $7.12
*** RIVER *** [9d Ts 7s 4h] [Kd]
kuca86: checks 
shootingGRID: checks 
*** SHOW DOWN ***
kuca86: shows [Ah Jc] (high card Ace)
shootingGRID: shows [8s 8c] (a pair of Eights)
shootingGRID collected $42.74 from pot
*** SUMMARY ***
Total pot $43.74 | Rake $1 
Board [9d Ts 7s 4h Kd]
Seat 2: Seavus10
Seat 3: Palacios777
Seat 4: kuca86 (big blind) showed [Ah Jc] and lost with high card Ace
Seat 5: shootingGRID (button) (small blind) showed [8s 8c] and won ($42.74) with a pair of Eights



PokerStars Hand #254630609590:  Hold'em No Limit ($0.50/$1.00 USD) - 2025/01/30 0:02:58 WET [2025/01/30 19:02:58 ET]
Table 'Gezelle' 6-max Seat #4 is the button
Seat 2: Seavus10 ($235.28 in chips) is sitting out
Seat 3: Palacios777 ($106 in chips) is sitting out
Seat 4: kuca86 ($176.13 in chips) 
Seat 5: shootingGRID ($120.87 in chips) 
kuca86: posts small blind $0.50
shootingGRID: posts big blind $1
*** HOLE CARDS ***
kuca86: raises $1.50 to $2.50
shootingGRID: calls $1.50
*** FLOP *** [Js 3c 2c]
shootingGRID: checks 
kuca86: checks 
*** TURN *** [Js 3c 2c] [Qs]
shootingGRID: checks 
kuca86: bets $3.33
shootingGRID: folds 
Uncalled bet ($3.33) returned to kuca86
kuca86 collected $4.75 from pot
kuca86: doesn't show hand 
*** SUMMARY ***
Total pot $5 | Rake $0.25 
Board [Js 3c 2c Qs]
Seat 2: Seavus10
Seat 3: Palacios777
Seat 4: kuca86 (button) (small blind) collected ($4.75)
Seat 5: shootingGRID (big blind) folded on the Turn



PokerStars Hand #254630619956:  Hold'em No Limit ($0.50/$1.00 USD) - 2025/01/30 0:03:47 WET [2025/01/30 19:03:47 ET]
Table 'Gezelle' 6-max Seat #5 is the button
Seat 2: Seavus10 ($235.28 in chips) is sitting out
Seat 3: Palacios777 ($106 in chips) is sitting out
Seat 4: kuca86 ($178.38 in chips) 
Seat 5: shootingGRID ($118.37 in chips) 
shootingGRID: posts small blind $0.50
kuca86: posts big blind $1
*** HOLE CARDS ***
shootingGRID: raises $1.25 to $2.25
kuca86: calls $1.25
*** FLOP *** [6d 5s 2h]
kuca86: checks 
shootingGRID: bets $1.41
kuca86: calls $1.41
*** TURN *** [6d 5s 2h] [Ts]
kuca86: checks 
shootingGRID: bets $10
kuca86: folds 
Uncalled bet ($10) returned to shootingGRID
shootingGRID collected $6.95 from pot
*** SUMMARY ***
Total pot $7.32 | Rake $0.37 
Board [6d 5s 2h Ts]
Seat 2: Seavus10
Seat 3: Palacios777
Seat 4: kuca86 (big blind) folded on the Turn
Seat 5: shootingGRID (button) (small blind) collected ($6.95)



