PokerStars Hand #254619598220:  Hold'em No Limit ($0.50/$1.00 USD) - 2025/01/30 11:13:54 WET [2025/01/30 6:13:54 ET]
Table 'Belopolskya' 6-max Seat #5 is the button
Seat 4: Kristo 914 ($100 in chips) is sitting out
Seat 2: habib beye ($100.50 in chips) 
Seat 5: Dazburt123 ($100 in chips) 
Dazburt123: posts small blind $0.50
habib beye: posts big blind $1
*** HOLE CARDS ***
Dazburt123: folds 
Uncalled bet ($0.50) returned to habib beye
habib beye collected $1 from pot
*** SUMMARY ***
Total pot $1 | Rake $0 
Seat 4: Kristo 914
Seat 2: habib beye (big blind) collected ($1)
Seat 5: Dazburt123 (button) (small blind) folded before Flop



PokerStars Hand #254619599075:  Hold'em No Limit ($0.50/$1.00 USD) - 2025/01/30 11:14:02 WET [2025/01/30 6:14:02 ET]
Table 'Belopolskya' 6-max Seat #2 is the button
Seat 4: Kristo 914 ($100 in chips) is sitting out
Seat 2: habib beye ($101 in chips) 
Seat 5: Dazburt123 ($100 in chips) 
habib beye: posts small blind $0.50
Dazburt123: posts big blind $1
*** HOLE CARDS ***
habib beye: raises $1.50 to $2.50
Dazburt123: raises $9.50 to $12
habib beye: folds 
Uncalled bet ($9.50) returned to Dazburt123
Dazburt123 collected $5 from pot
Dazburt123: doesn't show hand 
*** SUMMARY ***
Total pot $5 | Rake $0 
Seat 4: Kristo 914
Seat 2: habib beye (button) (small blind) folded before Flop
Seat 5: Dazburt123 (big blind) collected ($5)



PokerStars Hand #254619600808:  Hold'em No Limit ($0.50/$1.00 USD) - 2025/01/30 11:14:16 WET [2025/01/30 6:14:16 ET]
Table 'Belopolskya' 6-max Seat #5 is the button
Seat 4: Kristo 914 ($100 in chips) is sitting out
Seat 2: habib beye ($100 in chips) 
Seat 5: Dazburt123 ($102.50 in chips) 
Dazburt123: posts small blind $0.50
habib beye: posts big blind $1
*** HOLE CARDS ***
Dazburt123: raises $1.50 to $2.50
habib beye: folds 
Uncalled bet ($1.50) returned to Dazburt123
Dazburt123 collected $2 from pot
Dazburt123: doesn't show hand 
*** SUMMARY ***
Total pot $2 | Rake $0 
Seat 4: Kristo 914
Seat 2: habib beye (big blind) folded before Flop
Seat 5: Dazburt123 (button) (small blind) collected ($2)



PokerStars Hand #254619601717:  Hold'em No Limit ($0.50/$1.00 USD) - 2025/01/30 11:14:24 WET [2025/01/30 6:14:24 ET]
Table 'Belopolskya' 6-max Seat #2 is the button
Seat 4: Kristo 914 ($100 in chips) is sitting out
Seat 2: habib beye ($100 in chips) 
Seat 5: Dazburt123 ($103.50 in chips) 
habib beye: posts small blind $0.50
Dazburt123: posts big blind $1
*** HOLE CARDS ***
habib beye: raises $1.50 to $2.50
Dazburt123: calls $1.50
*** FLOP *** [4h 8d 7c]
Dazburt123: checks 
habib beye: checks 
*** TURN *** [4h 8d 7c] [Qh]
Dazburt123: checks 
habib beye: checks 
*** RIVER *** [4h 8d 7c Qh] [7s]
Dazburt123: checks 
habib beye: checks 
*** SHOW DOWN ***
Dazburt123: shows [3h Ac] (a pair of Sevens)
habib beye: shows [4d Jd] (two pair, Sevens and Fours)
habib beye collected $4.75 from pot
*** SUMMARY ***
Total pot $5 | Rake $0.25 
Board [4h 8d 7c Qh 7s]
Seat 4: Kristo 914
Seat 2: habib beye (button) (small blind) showed [4d Jd] and won ($4.75) with two pair, Sevens and Fours
Seat 5: Dazburt123 (big blind) showed [3h Ac] and lost with a pair of Sevens



PokerStars Hand #254619607983:  Hold'em No Limit ($0.50/$1.00 USD) - 2025/01/30 11:15:18 WET [2025/01/30 6:15:18 ET]
Table 'Belopolskya' 6-max Seat #5 is the button
Seat 4: Kristo 914 ($100 in chips) is sitting out
Seat 2: habib beye ($102.25 in chips) 
Seat 5: Dazburt123 ($101 in chips) 
Dazburt123: posts small blind $0.50
habib beye: posts big blind $1
*** HOLE CARDS ***
Dazburt123: raises $1.50 to $2.50
habib beye: calls $1.50
*** FLOP *** [3s 3c 4s]
habib beye: checks 
Dazburt123: checks 
*** TURN *** [3s 3c 4s] [5s]
habib beye: bets $1.57
Dazburt123: raises $6.43 to $8
habib beye: calls $6.43
*** RIVER *** [3s 3c 4s 5s] [5d]
habib beye: checks 
Dazburt123: bets $15
DJNezz joins the table at seat #6 
habib beye: folds 
Uncalled bet ($15) returned to Dazburt123
Dazburt123 collected $20 from pot
Dazburt123: doesn't show hand 
*** SUMMARY ***
Total pot $21 | Rake $1 
Board [3s 3c 4s 5s 5d]
Seat 4: Kristo 914
Seat 2: habib beye (big blind) folded on the River
Seat 5: Dazburt123 (button) (small blind) collected ($20)



PokerStars Hand #254619617182:  Hold'em No Limit ($0.50/$1.00 USD) - 2025/01/30 11:16:36 WET [2025/01/30 6:16:36 ET]
Table 'Belopolskya' 6-max Seat #2 is the button
Seat 4: Kristo 914 ($100 in chips) is sitting out
Seat 2: habib beye ($100 in chips) 
Seat 5: Dazburt123 ($110.50 in chips) 
Seat 6: DJNezz ($100 in chips) 
Dazburt123: posts small blind $0.50
DJNezz is connected 
DJNezz: posts big blind $1
*** HOLE CARDS ***
habib beye: raises $1.50 to $2.50
Dazburt123: folds 
DJNezz: folds 
Uncalled bet ($1.50) returned to habib beye
habib beye collected $2.50 from pot
*** SUMMARY ***
Total pot $2.50 | Rake $0 
Seat 4: Kristo 914
Seat 2: habib beye (button) collected ($2.50)
Seat 5: Dazburt123 (small blind) folded before Flop
Seat 6: DJNezz (big blind) folded before Flop



PokerStars Hand #254619620217:  Hold'em No Limit ($0.50/$1.00 USD) - 2025/01/30 11:17:01 WET [2025/01/30 6:17:01 ET]
Table 'Belopolskya' 6-max Seat #5 is the button
Seat 4: Kristo 914 ($100 in chips) is sitting out
Seat 2: habib beye ($101.50 in chips) 
Seat 5: Dazburt123 ($110 in chips) 
Seat 6: DJNezz ($100 in chips) 
DJNezz: posts small blind $0.50
habib beye: posts big blind $1
Kristo 914: sits out 
*** HOLE CARDS ***
Dazburt123: folds 
DJNezz: raises $2 to $3
habib beye: folds 
Uncalled bet ($2) returned to DJNezz
DJNezz collected $2 from pot
*** SUMMARY ***
Total pot $2 | Rake $0 
Seat 4: Kristo 914
Seat 2: habib beye (big blind) folded before Flop
Seat 5: Dazburt123 (button) folded before Flop (didn't bet)
Seat 6: DJNezz (small blind) collected ($2)



PokerStars Hand #254619622108:  Hold'em No Limit ($0.50/$1.00 USD) - 2025/01/30 11:17:17 WET [2025/01/30 6:17:17 ET]
Table 'Belopolskya' 6-max Seat #6 is the button
Seat 2: habib beye ($100.50 in chips) 
Seat 4: Kristo 914 ($100 in chips) 
Seat 5: Dazburt123 ($110 in chips) 
Seat 6: DJNezz ($101 in chips) 
habib beye: posts small blind $0.50
Kristo 914: posts big blind $1
*** HOLE CARDS ***
Dazburt123: folds 
DJNezz: folds 
habib beye: raises $2 to $3
Kristo 914: folds 
Uncalled bet ($2) returned to habib beye
habib beye collected $2 from pot
*** SUMMARY ***
Total pot $2 | Rake $0 
Seat 2: habib beye (small blind) collected ($2)
Seat 4: Kristo 914 (big blind) folded before Flop
Seat 5: Dazburt123 folded before Flop (didn't bet)
Seat 6: DJNezz (button) folded before Flop (didn't bet)



PokerStars Hand #254619623952:  Hold'em No Limit ($0.50/$1.00 USD) - 2025/01/30 11:17:33 WET [2025/01/30 6:17:33 ET]
Table 'Belopolskya' 6-max Seat #2 is the button
Seat 2: habib beye ($101.50 in chips) 
Seat 4: Kristo 914 ($100 in chips) 
Seat 5: Dazburt123 ($110 in chips) 
Seat 6: DJNezz ($101 in chips) 
Kristo 914: posts small blind $0.50
Dazburt123: posts big blind $1
*** HOLE CARDS ***
DJNezz: raises $1.20 to $2.20
habib beye: folds 
Kristo 914: folds 
Dazburt123: folds 
Uncalled bet ($1.20) returned to DJNezz
DJNezz collected $2.50 from pot
*** SUMMARY ***
Total pot $2.50 | Rake $0 
Seat 2: habib beye (button) folded before Flop (didn't bet)
Seat 4: Kristo 914 (small blind) folded before Flop
Seat 5: Dazburt123 (big blind) folded before Flop
Seat 6: DJNezz collected ($2.50)



PokerStars Hand #254619625357:  Hold'em No Limit ($0.50/$1.00 USD) - 2025/01/30 11:17:45 WET [2025/01/30 6:17:45 ET]
Table 'Belopolskya' 6-max Seat #4 is the button
Seat 2: habib beye ($101.50 in chips) 
Seat 4: Kristo 914 ($100 in chips) 
Seat 5: Dazburt123 ($109 in chips) 
Seat 6: DJNezz ($102.50 in chips) 
Dazburt123: posts small blind $0.50
DJNezz: posts big blind $1
*** HOLE CARDS ***
habib beye: folds 
Kristo 914: folds 
Dazburt123: raises $2 to $3
DJNezz: raises $7 to $10
Dazburt123: calls $7
*** FLOP *** [5s 2d 6s]
Dazburt123: checks 
DJNezz: bets $6.27
Dazburt123: raises $12.63 to $18.90
DJNezz: folds 
Uncalled bet ($12.63) returned to Dazburt123
Dazburt123 collected $31.54 from pot
Dazburt123: doesn't show hand 
*** SUMMARY ***
Total pot $32.54 | Rake $1 
Board [5s 2d 6s]
Seat 2: habib beye folded before Flop (didn't bet)
Seat 4: Kristo 914 (button) folded before Flop (didn't bet)
Seat 5: Dazburt123 (small blind) collected ($31.54)
Seat 6: DJNezz (big blind) folded on the Flop



PokerStars Hand #254619633781:  Hold'em No Limit ($0.50/$1.00 USD) - 2025/01/30 11:18:57 WET [2025/01/30 6:18:57 ET]
Table 'Belopolskya' 6-max Seat #5 is the button
Seat 2: habib beye ($101.50 in chips) 
Seat 4: Kristo 914 ($100 in chips) 
Seat 5: Dazburt123 ($124.27 in chips) 
Seat 6: DJNezz ($100 in chips) 
DJNezz: posts small blind $0.50
habib beye: posts big blind $1
*** HOLE CARDS ***
Kristo 914: raises $1.40 to $2.40
Dazburt123: raises $4.80 to $7.20
DJNezz: folds 
habib beye: folds 
Kristo 914: folds 
Uncalled bet ($4.80) returned to Dazburt123
Dazburt123 collected $6.30 from pot
Dazburt123: doesn't show hand 
*** SUMMARY ***
Total pot $6.30 | Rake $0 
Seat 2: habib beye (big blind) folded before Flop
Seat 4: Kristo 914 folded before Flop
Seat 5: Dazburt123 (button) collected ($6.30)
Seat 6: DJNezz (small blind) folded before Flop



PokerStars Hand #254619636923:  Hold'em No Limit ($0.50/$1.00 USD) - 2025/01/30 11:19:24 WET [2025/01/30 6:19:24 ET]
Table 'Belopolskya' 6-max Seat #6 is the button
Seat 2: habib beye ($100.50 in chips) 
Seat 4: Kristo 914 ($100 in chips) 
Seat 5: Dazburt123 ($128.17 in chips) 
Seat 6: DJNezz ($100 in chips) 
habib beye: posts small blind $0.50
Kristo 914: posts big blind $1
*** HOLE CARDS ***
Dazburt123: folds 
DJNezz: raises $1.20 to $2.20
habib beye: folds 
Kristo 914: folds 
Uncalled bet ($1.20) returned to DJNezz
DJNezz collected $2.50 from pot
*** SUMMARY ***
Total pot $2.50 | Rake $0 
Seat 2: habib beye (small blind) folded before Flop
Seat 4: Kristo 914 (big blind) folded before Flop
Seat 5: Dazburt123 folded before Flop (didn't bet)
Seat 6: DJNezz (button) collected ($2.50)



PokerStars Hand #254619639033:  Hold'em No Limit ($0.50/$1.00 USD) - 2025/01/30 11:19:41 WET [2025/01/30 6:19:41 ET]
Table 'Belopolskya' 6-max Seat #2 is the button
Seat 5: Dazburt123 ($128.17 in chips) is sitting out
Seat 2: habib beye ($100 in chips) 
Seat 4: Kristo 914 ($100 in chips) 
Seat 6: DJNezz ($101.50 in chips) 
Kristo 914: posts small blind $0.50
Dazburt123: is sitting out 
DJNezz: posts big blind $1
*** HOLE CARDS ***
habib beye: folds 
Kristo 914: raises $2 to $3
Dazburt123 leaves the table
DJNezz: calls $2
*** FLOP *** [2d 7s 7h]
Kristo 914: checks 
DJNezz: checks 
*** TURN *** [2d 7s 7h] [6s]
Kristo 914: bets $9
DJNezz: folds 
Uncalled bet ($9) returned to Kristo 914
Kristo 914 collected $5.70 from pot
Kristo 914: doesn't show hand 
*** SUMMARY ***
Total pot $6 | Rake $0.30 
Board [2d 7s 7h 6s]
Seat 5: Dazburt123
Seat 2: habib beye (button) folded before Flop (didn't bet)
Seat 4: Kristo 914 (small blind) collected ($5.70)
Seat 6: DJNezz (big blind) folded on the Turn



PokerStars Hand #254619643456:  Hold'em No Limit ($0.50/$1.00 USD) - 2025/01/30 11:20:18 WET [2025/01/30 6:20:18 ET]
Table 'Belopolskya' 6-max Seat #4 is the button
Seat 2: habib beye ($100 in chips) 
Seat 4: Kristo 914 ($102.70 in chips) 
Seat 6: DJNezz ($100 in chips) 
DJNezz: posts small blind $0.50
habib beye: posts big blind $1
*** HOLE CARDS ***
Kristo 914: folds 
DJNezz: folds 
Uncalled bet ($0.50) returned to habib beye
habib beye collected $1 from pot
Kristo 914 leaves the table
*** SUMMARY ***
Total pot $1 | Rake $0 
Seat 2: habib beye (big blind) collected ($1)
Seat 4: Kristo 914 (button) folded before Flop (didn't bet)
Seat 6: DJNezz (small blind) folded before Flop



PokerStars Hand #254619644355:  Hold'em No Limit ($0.50/$1.00 USD) - 2025/01/30 11:20:26 WET [2025/01/30 6:20:26 ET]
Table 'Belopolskya' 6-max Seat #2 is the button
Seat 2: habib beye ($100.50 in chips) 
Seat 6: DJNezz ($100 in chips) 
habib beye: posts small blind $0.50
DJNezz: posts big blind $1
*** HOLE CARDS ***
habib beye: raises $1.50 to $2.50
DJNezz: folds 
Uncalled bet ($1.50) returned to habib beye
habib beye collected $2 from pot
*** SUMMARY ***
Total pot $2 | Rake $0 
Seat 2: habib beye (button) (small blind) collected ($2)
Seat 6: DJNezz (big blind) folded before Flop



PokerStars Hand #254619645998:  Hold'em No Limit ($0.50/$1.00 USD) - 2025/01/30 11:20:40 WET [2025/01/30 6:20:40 ET]
Table 'Belopolskya' 6-max Seat #6 is the button
Seat 2: habib beye ($101.50 in chips) 
Seat 6: DJNezz ($100 in chips) 
DJNezz: posts small blind $0.50
habib beye: posts big blind $1
*** HOLE CARDS ***
DJNezz: raises $2 to $3
habib beye: raises $9 to $12
DJNezz: folds 
Uncalled bet ($9) returned to habib beye
habib beye collected $6 from pot
*** SUMMARY ***
Total pot $6 | Rake $0 
Seat 2: habib beye (big blind) collected ($6)
Seat 6: DJNezz (button) (small blind) folded before Flop



