PokerStars Hand #254623545963:  Hold'em No Limit ($0.50/$1.00 USD) - 2025/01/30 17:15:36 WET [2025/01/30 12:15:36 ET]
Table 'Gacrux' 6-max Seat #1 is the button
Seat 1: KarP93 ($100 in chips) 
Seat 2: moko5412 ($64.91 in chips) 
Seat 3: stephans888 ($33.99 in chips) 
Seat 4: Gfoer ($101 in chips) 
Seat 5: reiyser ($116.08 in chips) 
Seat 6: AlexPinsk1 ($100 in chips) 
moko5412: posts small blind $0.50
stephans888: posts big blind $1
*** HOLE CARDS ***
Gfoer: folds 
reiyser: folds 
AlexPinsk1: folds 
KarP93: raises $1.50 to $2.50
moko5412: folds 
stephans888: calls $1.50
*** FLOP *** [5c Qd 2h]
stephans888: checks 
KarP93: checks 
*** TURN *** [5c Qd 2h] [9s]
stephans888: checks 
KarP93: bets $3.92
stephans888: folds 
Uncalled bet ($3.92) returned to KarP93
KarP93 collected $5.22 from pot
KarP93: doesn't show hand 
*** SUMMARY ***
Total pot $5.50 | Rake $0.28 
Board [5c Qd 2h 9s]
Seat 1: KarP93 (button) collected ($5.22)
Seat 2: moko5412 (small blind) folded before Flop
Seat 3: stephans888 (big blind) folded on the Turn
Seat 4: Gfoer folded before Flop (didn't bet)
Seat 5: reiyser folded before Flop (didn't bet)
Seat 6: AlexPinsk1 folded before Flop (didn't bet)



PokerStars Hand #254623562445:  Hold'em No Limit ($0.50/$1.00 USD) - 2025/01/30 17:16:44 WET [2025/01/30 12:16:44 ET]
Table 'Gacrux' 6-max Seat #2 is the button
Seat 1: KarP93 ($102.72 in chips) 
Seat 2: moko5412 ($64.41 in chips) 
Seat 3: stephans888 ($31.49 in chips) 
Seat 4: Gfoer ($101 in chips) 
Seat 5: reiyser ($116.08 in chips) 
Seat 6: AlexPinsk1 ($100 in chips) 
stephans888: posts small blind $0.50
Gfoer: posts big blind $1
*** HOLE CARDS ***
reiyser: folds 
AlexPinsk1: folds 
KarP93: folds 
moko5412: calls $1
stephans888: raises $3 to $4
Gfoer: folds 
moko5412: calls $3
*** FLOP *** [Ac 5h Jh]
stephans888: bets $1
moko5412: calls $1
*** TURN *** [Ac 5h Jh] [3c]
stephans888: bets $1
moko5412: raises $6.23 to $7.23
stephans888: raises $19.26 to $26.49 and is all-in
moko5412: folds 
Uncalled bet ($19.26) returned to stephans888
stephans888 collected $23.87 from pot
*** SUMMARY ***
Total pot $25.46 | Rake $1.59 
Board [Ac 5h Jh 3c]
Seat 1: KarP93 folded before Flop (didn't bet)
Seat 2: moko5412 (button) folded on the Turn
Seat 3: stephans888 (small blind) collected ($23.87)
Seat 4: Gfoer (big blind) folded before Flop
Seat 5: reiyser folded before Flop (didn't bet)
Seat 6: AlexPinsk1 folded before Flop (didn't bet)



PokerStars Hand #254623572818:  Hold'em No Limit ($0.50/$1.00 USD) - 2025/01/30 17:17:26 WET [2025/01/30 12:17:26 ET]
Table 'Gacrux' 6-max Seat #3 is the button
Seat 1: KarP93 ($102.72 in chips) 
Seat 2: moko5412 ($52.18 in chips) 
Seat 3: stephans888 ($43.13 in chips) 
Seat 4: Gfoer ($100 in chips) 
Seat 5: reiyser ($116.08 in chips) 
Seat 6: AlexPinsk1 ($100 in chips) 
Gfoer: posts small blind $0.50
reiyser: posts big blind $1
*** HOLE CARDS ***
AlexPinsk1: folds 
KarP93: folds 
moko5412: folds 
stephans888: calls $1
Gfoer: folds 
reiyser: checks 
*** FLOP *** [3c 7c 6s]
reiyser: checks 
stephans888: checks 
*** TURN *** [3c 7c 6s] [As]
reiyser: checks 
stephans888: checks 
*** RIVER *** [3c 7c 6s As] [4c]
reiyser: bets $1
stephans888: folds 
Uncalled bet ($1) returned to reiyser
reiyser collected $2.38 from pot
reiyser: doesn't show hand 
*** SUMMARY ***
Total pot $2.50 | Rake $0.12 
Board [3c 7c 6s As 4c]
Seat 1: KarP93 folded before Flop (didn't bet)
Seat 2: moko5412 folded before Flop (didn't bet)
Seat 3: stephans888 (button) folded on the River
Seat 4: Gfoer (small blind) folded before Flop
Seat 5: reiyser (big blind) collected ($2.38)
Seat 6: AlexPinsk1 folded before Flop (didn't bet)



PokerStars Hand #254623586040:  Hold'em No Limit ($0.50/$1.00 USD) - 2025/01/30 17:18:20 WET [2025/01/30 12:18:20 ET]
Table 'Gacrux' 6-max Seat #4 is the button
Seat 1: KarP93 ($102.72 in chips) 
Seat 2: moko5412 ($52.18 in chips) 
Seat 3: stephans888 ($42.13 in chips) 
Seat 4: Gfoer ($100 in chips) 
Seat 5: reiyser ($117.46 in chips) 
Seat 6: AlexPinsk1 ($100 in chips) 
reiyser: posts small blind $0.50
AlexPinsk1: posts big blind $1
*** HOLE CARDS ***
KarP93: folds 
moko5412: folds 
stephans888: folds 
Gfoer: folds 
reiyser: raises $1.80 to $2.80
AlexPinsk1: raises $5.70 to $8.50
reiyser: calls $5.70
*** FLOP *** [Kh Td 7s]
reiyser: checks 
AlexPinsk1: bets $5.33
reiyser: raises $13.94 to $19.27
AlexPinsk1: folds 
Uncalled bet ($13.94) returned to reiyser
reiyser collected $26.28 from pot
reiyser: doesn't show hand 
*** SUMMARY ***
Total pot $27.66 | Rake $1.38 
Board [Kh Td 7s]
Seat 1: KarP93 folded before Flop (didn't bet)
Seat 2: moko5412 folded before Flop (didn't bet)
Seat 3: stephans888 folded before Flop (didn't bet)
Seat 4: Gfoer (button) folded before Flop (didn't bet)
Seat 5: reiyser (small blind) collected ($26.28)
Seat 6: AlexPinsk1 (big blind) folded on the Flop



PokerStars Hand #254623601763:  Hold'em No Limit ($0.50/$1.00 USD) - 2025/01/30 17:19:23 WET [2025/01/30 12:19:23 ET]
Table 'Gacrux' 6-max Seat #5 is the button
Seat 1: KarP93 ($102.72 in chips) 
Seat 2: moko5412 ($52.18 in chips) 
Seat 3: stephans888 ($42.13 in chips) 
Seat 4: Gfoer ($100 in chips) 
Seat 5: reiyser ($129.91 in chips) 
Seat 6: AlexPinsk1 ($100 in chips) 
AlexPinsk1: posts small blind $0.50
KarP93: posts big blind $1
*** HOLE CARDS ***
moko5412: folds 
stephans888: calls $1
Gfoer: folds 
reiyser: folds 
AlexPinsk1: folds 
KarP93: raises $4 to $5
stephans888: folds 
Uncalled bet ($4) returned to KarP93
KarP93 collected $2.50 from pot
KarP93: doesn't show hand 
*** SUMMARY ***
Total pot $2.50 | Rake $0 
Seat 1: KarP93 (big blind) collected ($2.50)
Seat 2: moko5412 folded before Flop (didn't bet)
Seat 3: stephans888 folded before Flop
Seat 4: Gfoer folded before Flop (didn't bet)
Seat 5: reiyser (button) folded before Flop (didn't bet)
Seat 6: AlexPinsk1 (small blind) folded before Flop



PokerStars Hand #254623608778:  Hold'em No Limit ($0.50/$1.00 USD) - 2025/01/30 17:19:51 WET [2025/01/30 12:19:51 ET]
Table 'Gacrux' 6-max Seat #6 is the button
Seat 1: KarP93 ($104.22 in chips) 
Seat 2: moko5412 ($52.18 in chips) 
Seat 3: stephans888 ($41.13 in chips) 
Seat 4: Gfoer ($100 in chips) 
Seat 5: reiyser ($129.91 in chips) 
Seat 6: AlexPinsk1 ($100 in chips) 
KarP93: posts small blind $0.50
moko5412: posts big blind $1
*** HOLE CARDS ***
stephans888: calls $1
Gfoer: folds 
reiyser: raises $3 to $4
AlexPinsk1: folds 
KarP93: folds 
moko5412: calls $3
stephans888: calls $3
*** FLOP *** [7d 6c 4s]
moko5412: checks 
stephans888: checks 
reiyser: checks 
*** TURN *** [7d 6c 4s] [Jc]
moko5412: checks 
stephans888: checks 
reiyser: checks 
*** RIVER *** [7d 6c 4s Jc] [2h]
moko5412: bets $5.94
stephans888: folds 
reiyser: folds 
Uncalled bet ($5.94) returned to moko5412
moko5412 collected $11.88 from pot
*** SUMMARY ***
Total pot $12.50 | Rake $0.62 
Board [7d 6c 4s Jc 2h]
Seat 1: KarP93 (small blind) folded before Flop
Seat 2: moko5412 (big blind) collected ($11.88)
Seat 3: stephans888 folded on the River
Seat 4: Gfoer folded before Flop (didn't bet)
Seat 5: reiyser folded on the River
Seat 6: AlexPinsk1 (button) folded before Flop (didn't bet)



PokerStars Hand #254623621773:  Hold'em No Limit ($0.50/$1.00 USD) - 2025/01/30 17:20:44 WET [2025/01/30 12:20:44 ET]
Table 'Gacrux' 6-max Seat #1 is the button
Seat 1: KarP93 ($103.72 in chips) 
Seat 2: moko5412 ($60.06 in chips) 
Seat 3: stephans888 ($37.13 in chips) 
Seat 4: Gfoer ($100 in chips) 
Seat 5: reiyser ($125.91 in chips) 
Seat 6: AlexPinsk1 ($100 in chips) 
moko5412: posts small blind $0.50
stephans888: posts big blind $1
*** HOLE CARDS ***
moko5412 is disconnected 
Gfoer: folds 
reiyser: folds 
AlexPinsk1: folds 
KarP93: folds 
moko5412 has timed out while disconnected
moko5412: folds 
Uncalled bet ($0.50) returned to stephans888
stephans888 collected $1 from pot
*** SUMMARY ***
Total pot $1 | Rake $0 
Seat 1: KarP93 (button) folded before Flop (didn't bet)
Seat 2: moko5412 (small blind) folded before Flop
Seat 3: stephans888 (big blind) collected ($1)
Seat 4: Gfoer folded before Flop (didn't bet)
Seat 5: reiyser folded before Flop (didn't bet)
Seat 6: AlexPinsk1 folded before Flop (didn't bet)



PokerStars Hand #254623627797:  Hold'em No Limit ($0.50/$1.00 USD) - 2025/01/30 17:21:08 WET [2025/01/30 12:21:08 ET]
Table 'Gacrux' 6-max Seat #3 is the button
Seat 2: moko5412 ($59.56 in chips) is sitting out
Seat 1: KarP93 ($103.72 in chips) 
Seat 3: stephans888 ($37.63 in chips) 
Seat 4: Gfoer ($100 in chips) 
Seat 5: reiyser ($125.91 in chips) 
Seat 6: AlexPinsk1 ($100 in chips) 
Gfoer: posts small blind $0.50
reiyser: posts big blind $1
*** HOLE CARDS ***
AlexPinsk1: folds 
KarP93: raises $1.50 to $2.50
stephans888: raises $35.13 to $37.63 and is all-in
Gfoer: folds 
reiyser: folds 
KarP93: folds 
Uncalled bet ($35.13) returned to stephans888
stephans888 collected $6.50 from pot
*** SUMMARY ***
Total pot $6.50 | Rake $0 
Seat 2: moko5412
Seat 1: KarP93 folded before Flop
Seat 3: stephans888 (button) collected ($6.50)
Seat 4: Gfoer (small blind) folded before Flop
Seat 5: reiyser (big blind) folded before Flop
Seat 6: AlexPinsk1 folded before Flop (didn't bet)



PokerStars Hand #254623634018:  Hold'em No Limit ($0.50/$1.00 USD) - 2025/01/30 17:21:34 WET [2025/01/30 12:21:34 ET]
Table 'Gacrux' 6-max Seat #4 is the button
Seat 2: moko5412 ($59.56 in chips) is sitting out
Seat 1: KarP93 ($101.22 in chips) 
Seat 3: stephans888 ($41.63 in chips) 
Seat 4: Gfoer ($100 in chips) 
Seat 5: reiyser ($124.91 in chips) 
Seat 6: AlexPinsk1 ($100 in chips) 
reiyser: posts small blind $0.50
AlexPinsk1: posts big blind $1
*** HOLE CARDS ***
KarP93: folds 
stephans888: folds 
Gfoer: raises $1 to $2
reiyser: folds 
AlexPinsk1: calls $1
*** FLOP *** [8s 3c 9h]
AlexPinsk1: checks 
Gfoer: checks 
*** TURN *** [8s 3c 9h] [2d]
AlexPinsk1: bets $1
Gfoer: calls $1
*** RIVER *** [8s 3c 9h 2d] [Js]
AlexPinsk1: checks 
Gfoer: checks 
*** SHOW DOWN ***
AlexPinsk1: shows [4d 4s] (a pair of Fours)
Gfoer: shows [As 8c] (a pair of Eights)
Gfoer collected $6.18 from pot
*** SUMMARY ***
Total pot $6.50 | Rake $0.32 
Board [8s 3c 9h 2d Js]
Seat 2: moko5412
Seat 1: KarP93 folded before Flop (didn't bet)
Seat 3: stephans888 folded before Flop (didn't bet)
Seat 4: Gfoer (button) showed [As 8c] and won ($6.18) with a pair of Eights
Seat 5: reiyser (small blind) folded before Flop
Seat 6: AlexPinsk1 (big blind) showed [4d 4s] and lost with a pair of Fours



PokerStars Hand #254623648541:  Hold'em No Limit ($0.50/$1.00 USD) - 2025/01/30 17:22:32 WET [2025/01/30 12:22:32 ET]
Table 'Gacrux' 6-max Seat #5 is the button
Seat 2: moko5412 ($59.56 in chips) is sitting out
Seat 1: KarP93 ($101.22 in chips) 
Seat 3: stephans888 ($41.63 in chips) 
Seat 4: Gfoer ($103.18 in chips) 
Seat 5: reiyser ($124.41 in chips) 
Seat 6: AlexPinsk1 ($100 in chips) 
AlexPinsk1: posts small blind $0.50
KarP93: posts big blind $1
*** HOLE CARDS ***
stephans888: folds 
Gfoer: folds 
reiyser: folds 
AlexPinsk1: folds 
Uncalled bet ($0.50) returned to KarP93
KarP93 collected $1 from pot
KarP93: doesn't show hand 
*** SUMMARY ***
Total pot $1 | Rake $0 
Seat 2: moko5412
Seat 1: KarP93 (big blind) collected ($1)
Seat 3: stephans888 folded before Flop (didn't bet)
Seat 4: Gfoer folded before Flop (didn't bet)
Seat 5: reiyser (button) folded before Flop (didn't bet)
Seat 6: AlexPinsk1 (small blind) folded before Flop



PokerStars Hand #254623653710:  Hold'em No Limit ($0.50/$1.00 USD) - 2025/01/30 17:22:52 WET [2025/01/30 12:22:52 ET]
Table 'Gacrux' 6-max Seat #6 is the button
Seat 2: moko5412 ($59.56 in chips) is sitting out
Seat 1: KarP93 ($101.72 in chips) 
Seat 3: stephans888 ($41.63 in chips) 
Seat 4: Gfoer ($103.18 in chips) 
Seat 5: reiyser ($124.41 in chips) 
Seat 6: AlexPinsk1 ($100 in chips) 
KarP93: posts small blind $0.50
stephans888: posts big blind $1
*** HOLE CARDS ***
Gfoer: folds 
reiyser: folds 
AlexPinsk1: raises $1.50 to $2.50
KarP93: folds 
stephans888: folds 
Uncalled bet ($1.50) returned to AlexPinsk1
AlexPinsk1 collected $2.50 from pot
AlexPinsk1: doesn't show hand 
*** SUMMARY ***
Total pot $2.50 | Rake $0 
Seat 2: moko5412
Seat 1: KarP93 (small blind) folded before Flop
Seat 3: stephans888 (big blind) folded before Flop
Seat 4: Gfoer folded before Flop (didn't bet)
Seat 5: reiyser folded before Flop (didn't bet)
Seat 6: AlexPinsk1 (button) collected ($2.50)



PokerStars Hand #254623656462:  Hold'em No Limit ($0.50/$1.00 USD) - 2025/01/30 17:23:04 WET [2025/01/30 12:23:04 ET]
Table 'Gacrux' 6-max Seat #1 is the button
Seat 2: moko5412 ($59.56 in chips) is sitting out
Seat 1: KarP93 ($101.22 in chips) 
Seat 3: stephans888 ($40.63 in chips) 
Seat 4: Gfoer ($103.18 in chips) 
Seat 5: reiyser ($124.41 in chips) 
Seat 6: AlexPinsk1 ($101.50 in chips) 
stephans888: posts small blind $0.50
Gfoer: posts big blind $1
*** HOLE CARDS ***
reiyser: folds 
AlexPinsk1: folds 
KarP93: folds 
stephans888: calls $0.50
Gfoer: checks 
*** FLOP *** [2s Qh 5c]
stephans888: bets $1
Gfoer: folds 
Uncalled bet ($1) returned to stephans888
stephans888 collected $1.88 from pot
*** SUMMARY ***
Total pot $2 | Rake $0.12 
Board [2s Qh 5c]
Seat 2: moko5412
Seat 1: KarP93 (button) folded before Flop (didn't bet)
Seat 3: stephans888 (small blind) collected ($1.88)
Seat 4: Gfoer (big blind) folded on the Flop
Seat 5: reiyser folded before Flop (didn't bet)
Seat 6: AlexPinsk1 folded before Flop (didn't bet)



PokerStars Hand #254623663749:  Hold'em No Limit ($0.50/$1.00 USD) - 2025/01/30 17:23:33 WET [2025/01/30 12:23:33 ET]
Table 'Gacrux' 6-max Seat #3 is the button
Seat 2: moko5412 ($59.56 in chips) is sitting out
Seat 1: KarP93 ($101.22 in chips) 
Seat 3: stephans888 ($41.51 in chips) 
Seat 4: Gfoer ($102.18 in chips) 
Seat 5: reiyser ($124.41 in chips) 
Seat 6: AlexPinsk1 ($101.50 in chips) 
Gfoer: posts small blind $0.50
reiyser: posts big blind $1
*** HOLE CARDS ***
AlexPinsk1: raises $1.50 to $2.50
KarP93: folds 
stephans888: folds 
Gfoer: folds 
reiyser: folds 
Uncalled bet ($1.50) returned to AlexPinsk1
AlexPinsk1 collected $2.50 from pot
AlexPinsk1: doesn't show hand 
*** SUMMARY ***
Total pot $2.50 | Rake $0 
Seat 2: moko5412
Seat 1: KarP93 folded before Flop (didn't bet)
Seat 3: stephans888 (button) folded before Flop (didn't bet)
Seat 4: Gfoer (small blind) folded before Flop
Seat 5: reiyser (big blind) folded before Flop
Seat 6: AlexPinsk1 collected ($2.50)



PokerStars Hand #254623668937:  Hold'em No Limit ($0.50/$1.00 USD) - 2025/01/30 17:23:54 WET [2025/01/30 12:23:54 ET]
Table 'Gacrux' 6-max Seat #4 is the button
Seat 2: moko5412 ($59.56 in chips) is sitting out
Seat 1: KarP93 ($101.22 in chips) 
Seat 3: stephans888 ($41.51 in chips) 
Seat 4: Gfoer ($101.68 in chips) 
Seat 5: reiyser ($123.41 in chips) 
Seat 6: AlexPinsk1 ($103 in chips) 
reiyser: posts small blind $0.50
AlexPinsk1: posts big blind $1
*** HOLE CARDS ***
KarP93: folds 
stephans888: folds 
Gfoer: folds 
reiyser: raises $1.80 to $2.80
AlexPinsk1: calls $1.80
*** FLOP *** [2h 3d Qc]
reiyser: checks 
AlexPinsk1: checks 
*** TURN *** [2h 3d Qc] [9c]
reiyser: checks 
AlexPinsk1: checks 
*** RIVER *** [2h 3d Qc 9c] [Td]
reiyser: bets $1.54
AlexPinsk1: raises $8.96 to $10.50
reiyser: raises $21.70 to $32.20
AlexPinsk1: raises $33.30 to $65.50
reiyser: raises $55.11 to $120.61 and is all-in
AlexPinsk1: calls $34.70 and is all-in
Uncalled bet ($20.41) returned to reiyser
*** SHOW DOWN ***
reiyser: shows [Jh Kc] (a straight, Nine to King)
AlexPinsk1: shows [Js Kh] (a straight, Nine to King)
reiyser collected $101.75 from pot
AlexPinsk1 collected $101.75 from pot
*** SUMMARY ***
Total pot $206 | Rake $2.50 
Board [2h 3d Qc 9c Td]
Seat 2: moko5412
Seat 1: KarP93 folded before Flop (didn't bet)
Seat 3: stephans888 folded before Flop (didn't bet)
Seat 4: Gfoer (button) folded before Flop (didn't bet)
Seat 5: reiyser (small blind) showed [Jh Kc] and won ($101.75) with a straight, Nine to King
Seat 6: AlexPinsk1 (big blind) showed [Js Kh] and won ($101.75) with a straight, Nine to King



PokerStars Hand #254623699012:  Hold'em No Limit ($0.50/$1.00 USD) - 2025/01/30 17:25:55 WET [2025/01/30 12:25:55 ET]
Table 'Gacrux' 6-max Seat #5 is the button
Seat 2: moko5412 ($59.56 in chips) is sitting out
Seat 1: KarP93 ($101.22 in chips) 
Seat 3: stephans888 ($41.51 in chips) 
Seat 4: Gfoer ($101.68 in chips) 
Seat 5: reiyser ($122.16 in chips) 
Seat 6: AlexPinsk1 ($101.75 in chips) 
AlexPinsk1: posts small blind $0.50
KarP93: posts big blind $1
*** HOLE CARDS ***
stephans888: folds 
Gfoer: folds 
reiyser: raises $1.23 to $2.23
AlexPinsk1: folds 
KarP93: calls $1.23
*** FLOP *** [6h 7d 4d]
KarP93: checks 
reiyser: bets $2.45
KarP93: raises $7.21 to $9.66
reiyser: folds 
Uncalled bet ($7.21) returned to KarP93
KarP93 collected $9.37 from pot
KarP93: doesn't show hand 
*** SUMMARY ***
Total pot $9.86 | Rake $0.49 
Board [6h 7d 4d]
Seat 2: moko5412
Seat 1: KarP93 (big blind) collected ($9.37)
Seat 3: stephans888 folded before Flop (didn't bet)
Seat 4: Gfoer folded before Flop (didn't bet)
Seat 5: reiyser (button) folded on the Flop
Seat 6: AlexPinsk1 (small blind) folded before Flop



PokerStars Hand #254623710636:  Hold'em No Limit ($0.50/$1.00 USD) - 2025/01/30 17:26:41 WET [2025/01/30 12:26:41 ET]
Table 'Gacrux' 6-max Seat #6 is the button
Seat 2: moko5412 ($59.56 in chips) is sitting out
Seat 1: KarP93 ($105.91 in chips) 
Seat 3: stephans888 ($41.51 in chips) 
Seat 4: Gfoer ($101.68 in chips) 
Seat 5: reiyser ($117.48 in chips) 
Seat 6: AlexPinsk1 ($101.25 in chips) 
KarP93: posts small blind $0.50
stephans888: posts big blind $1
*** HOLE CARDS ***
Gfoer: folds 
reiyser: folds 
AlexPinsk1: raises $1.50 to $2.50
KarP93: folds 
stephans888: calls $1.50
*** FLOP *** [2d Ks Ad]
stephans888: checks 
AlexPinsk1: bets $1.72
stephans888: folds 
Uncalled bet ($1.72) returned to AlexPinsk1
AlexPinsk1 collected $5.22 from pot
AlexPinsk1: doesn't show hand 
*** SUMMARY ***
Total pot $5.50 | Rake $0.28 
Board [2d Ks Ad]
Seat 2: moko5412
Seat 1: KarP93 (small blind) folded before Flop
Seat 3: stephans888 (big blind) folded on the Flop
Seat 4: Gfoer folded before Flop (didn't bet)
Seat 5: reiyser folded before Flop (didn't bet)
Seat 6: AlexPinsk1 (button) collected ($5.22)



PokerStars Hand #254623721339:  Hold'em No Limit ($0.50/$1.00 USD) - 2025/01/30 17:27:25 WET [2025/01/30 12:27:25 ET]
Table 'Gacrux' 6-max Seat #1 is the button
Seat 2: moko5412 ($59.56 in chips) is sitting out
Seat 1: KarP93 ($105.41 in chips) 
Seat 3: stephans888 ($39.01 in chips) 
Seat 4: Gfoer ($101.68 in chips) 
Seat 5: reiyser ($117.48 in chips) 
Seat 6: AlexPinsk1 ($103.97 in chips) 
stephans888: posts small blind $0.50
Gfoer: posts big blind $1
*** HOLE CARDS ***
reiyser: folds 
AlexPinsk1: folds 
KarP93: raises $1.50 to $2.50
stephans888: folds 
Gfoer: folds 
Uncalled bet ($1.50) returned to KarP93
KarP93 collected $2.50 from pot
KarP93: doesn't show hand 
*** SUMMARY ***
Total pot $2.50 | Rake $0 
Seat 2: moko5412
Seat 1: KarP93 (button) collected ($2.50)
Seat 3: stephans888 (small blind) folded before Flop
Seat 4: Gfoer (big blind) folded before Flop
Seat 5: reiyser folded before Flop (didn't bet)
Seat 6: AlexPinsk1 folded before Flop (didn't bet)



PokerStars Hand #254623725041:  Hold'em No Limit ($0.50/$1.00 USD) - 2025/01/30 17:27:39 WET [2025/01/30 12:27:39 ET]
Table 'Gacrux' 6-max Seat #3 is the button
Seat 2: moko5412 ($59.56 in chips) is sitting out
Seat 1: KarP93 ($106.91 in chips) 
Seat 3: stephans888 ($38.51 in chips) 
Seat 4: Gfoer ($100.68 in chips) 
Seat 5: reiyser ($117.48 in chips) 
Seat 6: AlexPinsk1 ($103.97 in chips) 
Gfoer: posts small blind $0.50
reiyser: posts big blind $1
*** HOLE CARDS ***
AlexPinsk1: folds 
KarP93: folds 
stephans888: folds 
Gfoer: raises $1.50 to $2.50
reiyser: calls $1.50
*** FLOP *** [Kh 8s 2c]
Gfoer: bets $1.58
reiyser: folds 
Uncalled bet ($1.58) returned to Gfoer
Gfoer collected $4.75 from pot
Gfoer: doesn't show hand 
*** SUMMARY ***
Total pot $5 | Rake $0.25 
Board [Kh 8s 2c]
Seat 2: moko5412
Seat 1: KarP93 folded before Flop (didn't bet)
Seat 3: stephans888 (button) folded before Flop (didn't bet)
Seat 4: Gfoer (small blind) collected ($4.75)
Seat 5: reiyser (big blind) folded on the Flop
Seat 6: AlexPinsk1 folded before Flop (didn't bet)



PokerStars Hand #254623736112:  Hold'em No Limit ($0.50/$1.00 USD) - 2025/01/30 17:28:24 WET [2025/01/30 12:28:24 ET]
Table 'Gacrux' 6-max Seat #4 is the button
Seat 2: moko5412 ($59.56 in chips) is sitting out
Seat 1: KarP93 ($106.91 in chips) 
Seat 3: stephans888 ($38.51 in chips) 
Seat 4: Gfoer ($102.93 in chips) 
Seat 5: reiyser ($114.98 in chips) 
Seat 6: AlexPinsk1 ($103.97 in chips) 
reiyser: posts small blind $0.50
AlexPinsk1: posts big blind $1
*** HOLE CARDS ***
KarP93: folds 
stephans888: folds 
Gfoer: folds 
reiyser: folds 
Uncalled bet ($0.50) returned to AlexPinsk1
AlexPinsk1 collected $1 from pot
AlexPinsk1: doesn't show hand 
*** SUMMARY ***
Total pot $1 | Rake $0 
Seat 2: moko5412
Seat 1: KarP93 folded before Flop (didn't bet)
Seat 3: stephans888 folded before Flop (didn't bet)
Seat 4: Gfoer (button) folded before Flop (didn't bet)
Seat 5: reiyser (small blind) folded before Flop
Seat 6: AlexPinsk1 (big blind) collected ($1)



PokerStars Hand #254623739127:  Hold'em No Limit ($0.50/$1.00 USD) - 2025/01/30 17:28:36 WET [2025/01/30 12:28:36 ET]
Table 'Gacrux' 6-max Seat #5 is the button
Seat 2: moko5412 ($59.56 in chips) is sitting out
Seat 1: KarP93 ($106.91 in chips) 
Seat 3: stephans888 ($38.51 in chips) 
Seat 4: Gfoer ($102.93 in chips) 
Seat 5: reiyser ($114.48 in chips) 
Seat 6: AlexPinsk1 ($104.47 in chips) 
AlexPinsk1: posts small blind $0.50
KarP93: posts big blind $1
*** HOLE CARDS ***
stephans888: calls $1
Gfoer: folds 
reiyser: folds 
AlexPinsk1: calls $0.50
KarP93: checks 
*** FLOP *** [6s Qc 7c]
AlexPinsk1: checks 
KarP93: checks 
stephans888: bets $2.85
AlexPinsk1: folds 
KarP93: folds 
Uncalled bet ($2.85) returned to stephans888
stephans888 collected $2.81 from pot
*** SUMMARY ***
Total pot $3 | Rake $0.19 
Board [6s Qc 7c]
Seat 2: moko5412
Seat 1: KarP93 (big blind) folded on the Flop
Seat 3: stephans888 collected ($2.81)
Seat 4: Gfoer folded before Flop (didn't bet)
Seat 5: reiyser (button) folded before Flop (didn't bet)
Seat 6: AlexPinsk1 (small blind) folded on the Flop



PokerStars Hand #254623750980:  Hold'em No Limit ($0.50/$1.00 USD) - 2025/01/30 17:29:23 WET [2025/01/30 12:29:23 ET]
Table 'Gacrux' 6-max Seat #6 is the button
Seat 2: moko5412 ($59.56 in chips) is sitting out
Seat 1: KarP93 ($105.91 in chips) 
Seat 3: stephans888 ($40.32 in chips) 
Seat 4: Gfoer ($102.93 in chips) 
Seat 5: reiyser ($114.48 in chips) 
Seat 6: AlexPinsk1 ($103.47 in chips) 
KarP93: posts small blind $0.50
stephans888: posts big blind $1
*** HOLE CARDS ***
Gfoer: raises $1.20 to $2.20
reiyser: folds 
AlexPinsk1: folds 
KarP93: folds 
stephans888: folds 
Uncalled bet ($1.20) returned to Gfoer
Gfoer collected $2.50 from pot
Gfoer: doesn't show hand 
*** SUMMARY ***
Total pot $2.50 | Rake $0 
Seat 2: moko5412
Seat 1: KarP93 (small blind) folded before Flop
Seat 3: stephans888 (big blind) folded before Flop
Seat 4: Gfoer collected ($2.50)
Seat 5: reiyser folded before Flop (didn't bet)
Seat 6: AlexPinsk1 (button) folded before Flop (didn't bet)



PokerStars Hand #254623754592:  Hold'em No Limit ($0.50/$1.00 USD) - 2025/01/30 17:29:37 WET [2025/01/30 12:29:37 ET]
Table 'Gacrux' 6-max Seat #1 is the button
Seat 2: moko5412 ($59.56 in chips) is sitting out
Seat 1: KarP93 ($105.41 in chips) 
Seat 3: stephans888 ($39.32 in chips) 
Seat 4: Gfoer ($104.43 in chips) 
Seat 5: reiyser ($114.48 in chips) 
Seat 6: AlexPinsk1 ($103.47 in chips) 
stephans888: posts small blind $0.50
Gfoer: posts big blind $1
*** HOLE CARDS ***
reiyser: folds 
AlexPinsk1: folds 
KarP93: folds 
stephans888: calls $0.50
Gfoer: checks 
*** FLOP *** [6s Kh Tc]
stephans888: checks 
Gfoer: bets $1.43
stephans888: calls $1.43
*** TURN *** [6s Kh Tc] [7c]
stephans888: checks 
Gfoer: checks 
*** RIVER *** [6s Kh Tc 7c] [4c]
stephans888: bets $1
Gfoer: calls $1
*** SHOW DOWN ***
stephans888: shows [Qc 6c] (a flush, Queen high)
Gfoer: mucks hand 
stephans888 collected $6.44 from pot
*** SUMMARY ***
Total pot $6.86 | Rake $0.42 
Board [6s Kh Tc 7c 4c]
Seat 2: moko5412
Seat 1: KarP93 (button) folded before Flop (didn't bet)
Seat 3: stephans888 (small blind) showed [Qc 6c] and won ($6.44) with a flush, Queen high
Seat 4: Gfoer (big blind) mucked
Seat 5: reiyser folded before Flop (didn't bet)
Seat 6: AlexPinsk1 folded before Flop (didn't bet)



PokerStars Hand #254623768290:  Hold'em No Limit ($0.50/$1.00 USD) - 2025/01/30 17:30:31 WET [2025/01/30 12:30:31 ET]
Table 'Gacrux' 6-max Seat #3 is the button
Seat 2: moko5412 ($59.56 in chips) is sitting out
Seat 1: KarP93 ($105.41 in chips) 
Seat 3: stephans888 ($42.33 in chips) 
Seat 4: Gfoer ($101 in chips) 
Seat 5: reiyser ($114.48 in chips) 
Seat 6: AlexPinsk1 ($103.47 in chips) 
Gfoer: posts small blind $0.50
reiyser: posts big blind $1
*** HOLE CARDS ***
AlexPinsk1: raises $1.50 to $2.50
stephans888 is disconnected 
KarP93: folds 
stephans888 is connected 
stephans888: folds 
Gfoer: folds 
reiyser: folds 
Uncalled bet ($1.50) returned to AlexPinsk1
AlexPinsk1 collected $2.50 from pot
AlexPinsk1: doesn't show hand 
*** SUMMARY ***
Total pot $2.50 | Rake $0 
Seat 2: moko5412
Seat 1: KarP93 folded before Flop (didn't bet)
Seat 3: stephans888 (button) folded before Flop (didn't bet)
Seat 4: Gfoer (small blind) folded before Flop
Seat 5: reiyser (big blind) folded before Flop
Seat 6: AlexPinsk1 collected ($2.50)



PokerStars Hand #254623774384:  Hold'em No Limit ($0.50/$1.00 USD) - 2025/01/30 17:30:55 WET [2025/01/30 12:30:55 ET]
Table 'Gacrux' 6-max Seat #4 is the button
Seat 2: moko5412 ($59.56 in chips) is sitting out
Seat 1: KarP93 ($105.41 in chips) 
Seat 3: stephans888 ($42.33 in chips) 
Seat 4: Gfoer ($100.50 in chips) 
Seat 5: reiyser ($113.48 in chips) 
Seat 6: AlexPinsk1 ($104.97 in chips) 
reiyser: posts small blind $0.50
AlexPinsk1: posts big blind $1
*** HOLE CARDS ***
KarP93: folds 
moko5412 leaves the table
stephans888: folds 
Gfoer: folds 
reiyser: folds 
Uncalled bet ($0.50) returned to AlexPinsk1
RAidakCo joins the table at seat #2 
AlexPinsk1 collected $1 from pot
AlexPinsk1: doesn't show hand 
*** SUMMARY ***
Total pot $1 | Rake $0 
Seat 2: moko5412
Seat 1: KarP93 folded before Flop (didn't bet)
Seat 3: stephans888 folded before Flop (didn't bet)
Seat 4: Gfoer (button) folded before Flop (didn't bet)
Seat 5: reiyser (small blind) folded before Flop
Seat 6: AlexPinsk1 (big blind) collected ($1)



PokerStars Hand #254623778982:  Hold'em No Limit ($0.50/$1.00 USD) - 2025/01/30 17:31:13 WET [2025/01/30 12:31:13 ET]
Table 'Gacrux' 6-max Seat #5 is the button
Seat 2: RAidakCo ($100 in chips) is sitting out
Seat 1: KarP93 ($105.41 in chips) 
Seat 3: stephans888 ($42.33 in chips) 
Seat 4: Gfoer ($100.50 in chips) 
Seat 5: reiyser ($112.98 in chips) 
Seat 6: AlexPinsk1 ($105.47 in chips) 
AlexPinsk1: posts small blind $0.50
KarP93: posts big blind $1
RAidakCo: sits out 
*** HOLE CARDS ***
stephans888: folds 
Gfoer: folds 
reiyser: folds 
AlexPinsk1: raises $2 to $3
KarP93: calls $2
*** FLOP *** [Qc 4s Qs]
AlexPinsk1: bets $1.88
KarP93: calls $1.88
*** TURN *** [Qc 4s Qs] [3d]
AlexPinsk1: bets $6.95
KarP93: calls $6.95
*** RIVER *** [Qc 4s Qs 3d] [Jh]
AlexPinsk1: checks 
KarP93: bets $7.42
AlexPinsk1: calls $7.42
*** SHOW DOWN ***
KarP93: shows [9h Qh] (three of a kind, Queens)
AlexPinsk1: mucks hand 
KarP93 collected $36.58 from pot
*** SUMMARY ***
Total pot $38.50 | Rake $1.92 
Board [Qc 4s Qs 3d Jh]
Seat 2: RAidakCo
Seat 1: KarP93 (big blind) showed [9h Qh] and won ($36.58) with three of a kind, Queens
Seat 3: stephans888 folded before Flop (didn't bet)
Seat 4: Gfoer folded before Flop (didn't bet)
Seat 5: reiyser (button) folded before Flop (didn't bet)
Seat 6: AlexPinsk1 (small blind) mucked



PokerStars Hand #254623797081:  Hold'em No Limit ($0.50/$1.00 USD) - 2025/01/30 17:32:24 WET [2025/01/30 12:32:24 ET]
Table 'Gacrux' 6-max Seat #6 is the button
Seat 1: KarP93 ($122.74 in chips) 
Seat 2: RAidakCo ($100 in chips) 
Seat 3: stephans888 ($42.33 in chips) 
Seat 4: Gfoer ($100.50 in chips) 
Seat 5: reiyser ($112.98 in chips) 
Seat 6: AlexPinsk1 ($100 in chips) 
KarP93: posts small blind $0.50
RAidakCo: posts big blind $1
*** HOLE CARDS ***
stephans888: folds 
Gfoer: folds 
reiyser: folds 
AlexPinsk1: raises $1.50 to $2.50
KarP93: folds 
RAidakCo: calls $1.50
*** FLOP *** [Qd 3h 5s]
RAidakCo: checks 
AlexPinsk1: bets $3.92
RAidakCo: calls $3.92
*** TURN *** [Qd 3h 5s] [4s]
RAidakCo: checks 
AlexPinsk1: checks 
*** RIVER *** [Qd 3h 5s 4s] [2d]
RAidakCo: checks 
AlexPinsk1: checks 
*** SHOW DOWN ***
RAidakCo: shows [Qh Js] (a pair of Queens)
AlexPinsk1: shows [As 4c] (a straight, Ace to Five)
AlexPinsk1 collected $12.67 from pot
*** SUMMARY ***
Total pot $13.34 | Rake $0.67 
Board [Qd 3h 5s 4s 2d]
Seat 1: KarP93 (small blind) folded before Flop
Seat 2: RAidakCo (big blind) showed [Qh Js] and lost with a pair of Queens
Seat 3: stephans888 folded before Flop (didn't bet)
Seat 4: Gfoer folded before Flop (didn't bet)
Seat 5: reiyser folded before Flop (didn't bet)
Seat 6: AlexPinsk1 (button) showed [As 4c] and won ($12.67) with a straight, Ace to Five



PokerStars Hand #254623809328:  Hold'em No Limit ($0.50/$1.00 USD) - 2025/01/30 17:33:12 WET [2025/01/30 12:33:12 ET]
Table 'Gacrux' 6-max Seat #1 is the button
Seat 1: KarP93 ($122.24 in chips) 
Seat 2: RAidakCo ($100 in chips) 
Seat 3: stephans888 ($42.33 in chips) 
Seat 4: Gfoer ($100.50 in chips) 
Seat 5: reiyser ($112.98 in chips) 
Seat 6: AlexPinsk1 ($106.25 in chips) 
RAidakCo: posts small blind $0.50
stephans888: posts big blind $1
*** HOLE CARDS ***
Gfoer: folds 
reiyser: raises $1.23 to $2.23
AlexPinsk1: folds 
KarP93: folds 
RAidakCo: folds 
stephans888: folds 
Uncalled bet ($1.23) returned to reiyser
reiyser collected $2.50 from pot
reiyser: doesn't show hand 
*** SUMMARY ***
Total pot $2.50 | Rake $0 
Seat 1: KarP93 (button) folded before Flop (didn't bet)
Seat 2: RAidakCo (small blind) folded before Flop
Seat 3: stephans888 (big blind) folded before Flop
Seat 4: Gfoer folded before Flop (didn't bet)
Seat 5: reiyser collected ($2.50)
Seat 6: AlexPinsk1 folded before Flop (didn't bet)



PokerStars Hand #254623813715:  Hold'em No Limit ($0.50/$1.00 USD) - 2025/01/30 17:33:29 WET [2025/01/30 12:33:29 ET]
Table 'Gacrux' 6-max Seat #2 is the button
Seat 1: KarP93 ($122.24 in chips) 
Seat 2: RAidakCo ($100 in chips) 
Seat 3: stephans888 ($41.33 in chips) 
Seat 4: Gfoer ($100.50 in chips) 
Seat 5: reiyser ($114.48 in chips) 
Seat 6: AlexPinsk1 ($106.25 in chips) 
stephans888: posts small blind $0.50
Gfoer: posts big blind $1
*** HOLE CARDS ***
reiyser: folds 
AlexPinsk1: folds 
KarP93: raises $1.50 to $2.50
RAidakCo: raises $4.50 to $7
stephans888: folds 
Gfoer: folds 
KarP93: calls $4.50
*** FLOP *** [7c 5c 3c]
KarP93: checks 
RAidakCo: checks 
*** TURN *** [7c 5c 3c] [Ac]
KarP93: bets $4.86
RAidakCo: calls $4.86
*** RIVER *** [7c 5c 3c Ac] [6s]
KarP93: checks 
RAidakCo: checks 
*** SHOW DOWN ***
KarP93: shows [Qh Th] (high card Ace)
RAidakCo: shows [4d 5d] (a straight, Three to Seven)
RAidakCo collected $23.96 from pot
*** SUMMARY ***
Total pot $25.22 | Rake $1.26 
Board [7c 5c 3c Ac 6s]
Seat 1: KarP93 showed [Qh Th] and lost with high card Ace
Seat 2: RAidakCo (button) showed [4d 5d] and won ($23.96) with a straight, Three to Seven
Seat 3: stephans888 (small blind) folded before Flop
Seat 4: Gfoer (big blind) folded before Flop
Seat 5: reiyser folded before Flop (didn't bet)
Seat 6: AlexPinsk1 folded before Flop (didn't bet)



PokerStars Hand #254623839592:  Hold'em No Limit ($0.50/$1.00 USD) - 2025/01/30 17:35:10 WET [2025/01/30 12:35:10 ET]
Table 'Gacrux' 6-max Seat #3 is the button
Seat 1: KarP93 ($110.38 in chips) 
Seat 2: RAidakCo ($112.10 in chips) 
Seat 3: stephans888 ($40.83 in chips) 
Seat 4: Gfoer ($100 in chips) 
Seat 5: reiyser ($114.48 in chips) 
Seat 6: AlexPinsk1 ($106.25 in chips) 
Gfoer: posts small blind $0.50
reiyser: posts big blind $1
*** HOLE CARDS ***
AlexPinsk1: folds 
KarP93: folds 
RAidakCo: folds 
stephans888: calls $1
Gfoer: folds 
reiyser: checks 
*** FLOP *** [6d 3d 7h]
reiyser: checks 
stephans888: checks 
*** TURN *** [6d 3d 7h] [Kh]
reiyser: checks 
stephans888: checks 
*** RIVER *** [6d 3d 7h Kh] [8c]
reiyser: checks 
stephans888: checks 
*** SHOW DOWN ***
reiyser: shows [6h 2h] (a pair of Sixes)
stephans888: mucks hand 
reiyser collected $2.38 from pot
*** SUMMARY ***
Total pot $2.50 | Rake $0.12 
Board [6d 3d 7h Kh 8c]
Seat 1: KarP93 folded before Flop (didn't bet)
Seat 2: RAidakCo folded before Flop (didn't bet)
Seat 3: stephans888 (button) mucked
Seat 4: Gfoer (small blind) folded before Flop
Seat 5: reiyser (big blind) showed [6h 2h] and won ($2.38) with a pair of Sixes
Seat 6: AlexPinsk1 folded before Flop (didn't bet)



PokerStars Hand #254623851006:  Hold'em No Limit ($0.50/$1.00 USD) - 2025/01/30 17:35:55 WET [2025/01/30 12:35:55 ET]
Table 'Gacrux' 6-max Seat #4 is the button
Seat 1: KarP93 ($110.38 in chips) 
Seat 2: RAidakCo ($112.10 in chips) 
Seat 3: stephans888 ($39.83 in chips) 
Seat 4: Gfoer ($100 in chips) 
Seat 5: reiyser ($115.86 in chips) 
Seat 6: AlexPinsk1 ($106.25 in chips) 
reiyser: posts small blind $0.50
AlexPinsk1: posts big blind $1
*** HOLE CARDS ***
KarP93: raises $1.50 to $2.50
RAidakCo: folds 
stephans888: folds 
Gfoer: folds 
reiyser: folds 
AlexPinsk1: folds 
Uncalled bet ($1.50) returned to KarP93
KarP93 collected $2.50 from pot
KarP93: doesn't show hand 
*** SUMMARY ***
Total pot $2.50 | Rake $0 
Seat 1: KarP93 collected ($2.50)
Seat 2: RAidakCo folded before Flop (didn't bet)
Seat 3: stephans888 folded before Flop (didn't bet)
Seat 4: Gfoer (button) folded before Flop (didn't bet)
Seat 5: reiyser (small blind) folded before Flop
Seat 6: AlexPinsk1 (big blind) folded before Flop



PokerStars Hand #254623855835:  Hold'em No Limit ($0.50/$1.00 USD) - 2025/01/30 17:36:13 WET [2025/01/30 12:36:13 ET]
Table 'Gacrux' 6-max Seat #5 is the button
Seat 1: KarP93 ($111.88 in chips) 
Seat 2: RAidakCo ($112.10 in chips) 
Seat 3: stephans888 ($39.83 in chips) 
Seat 4: Gfoer ($100 in chips) 
Seat 5: reiyser ($115.36 in chips) 
Seat 6: AlexPinsk1 ($105.25 in chips) 
AlexPinsk1: posts small blind $0.50
KarP93: posts big blind $1
*** HOLE CARDS ***
RAidakCo: folds 
stephans888: calls $1
Gfoer: folds 
reiyser: folds 
AlexPinsk1: folds 
KarP93: checks 
*** FLOP *** [5h Jh 2h]
KarP93: checks 
stephans888: checks 
*** TURN *** [5h Jh 2h] [6s]
KarP93: checks 
stephans888: checks 
*** RIVER *** [5h Jh 2h 6s] [Th]
KarP93: checks 
stephans888: checks 
*** SHOW DOWN ***
KarP93: shows [8d 8c] (a pair of Eights)
stephans888: shows [5c 2c] (two pair, Fives and Deuces)
stephans888 collected $2.35 from pot
*** SUMMARY ***
Total pot $2.50 | Rake $0.15 
Board [5h Jh 2h 6s Th]
Seat 1: KarP93 (big blind) showed [8d 8c] and lost with a pair of Eights
Seat 2: RAidakCo folded before Flop (didn't bet)
Seat 3: stephans888 showed [5c 2c] and won ($2.35) with two pair, Fives and Deuces
Seat 4: Gfoer folded before Flop (didn't bet)
Seat 5: reiyser (button) folded before Flop (didn't bet)
Seat 6: AlexPinsk1 (small blind) folded before Flop



PokerStars Hand #254623865958:  Hold'em No Limit ($0.50/$1.00 USD) - 2025/01/30 17:36:53 WET [2025/01/30 12:36:53 ET]
Table 'Gacrux' 6-max Seat #6 is the button
Seat 1: KarP93 ($110.88 in chips) 
Seat 2: RAidakCo ($112.10 in chips) 
Seat 3: stephans888 ($41.18 in chips) 
Seat 4: Gfoer ($100 in chips) 
Seat 5: reiyser ($115.36 in chips) 
Seat 6: AlexPinsk1 ($104.75 in chips) 
KarP93: posts small blind $0.50
RAidakCo: posts big blind $1
*** HOLE CARDS ***
stephans888: folds 
Gfoer: folds 
reiyser: folds 
AlexPinsk1: raises $1.50 to $2.50
KarP93: raises $9 to $11.50
RAidakCo: folds 
AlexPinsk1: folds 
Uncalled bet ($9) returned to KarP93
KarP93 collected $6 from pot
KarP93: doesn't show hand 
*** SUMMARY ***
Total pot $6 | Rake $0 
Seat 1: KarP93 (small blind) collected ($6)
Seat 2: RAidakCo (big blind) folded before Flop
Seat 3: stephans888 folded before Flop (didn't bet)
Seat 4: Gfoer folded before Flop (didn't bet)
Seat 5: reiyser folded before Flop (didn't bet)
Seat 6: AlexPinsk1 (button) folded before Flop



PokerStars Hand #254623878696:  Hold'em No Limit ($0.50/$1.00 USD) - 2025/01/30 17:37:43 WET [2025/01/30 12:37:43 ET]
Table 'Gacrux' 6-max Seat #1 is the button
Seat 1: KarP93 ($114.38 in chips) 
Seat 2: RAidakCo ($111.10 in chips) 
Seat 3: stephans888 ($41.18 in chips) 
Seat 4: Gfoer ($100 in chips) 
Seat 5: reiyser ($115.36 in chips) 
Seat 6: AlexPinsk1 ($102.25 in chips) 
RAidakCo: posts small blind $0.50
stephans888: posts big blind $1
*** HOLE CARDS ***
Gfoer: folds 
reiyser: folds 
AlexPinsk1: folds 
KarP93: folds 
RAidakCo: raises $2 to $3
stephans888: calls $2
*** FLOP *** [9s 4d 4s]
RAidakCo: bets $1.88
stephans888: calls $1.88
*** TURN *** [9s 4d 4s] [4h]
RAidakCo: checks 
stephans888: checks 
*** RIVER *** [9s 4d 4s 4h] [Qd]
RAidakCo: checks 
stephans888: bets $2.64
RAidakCo: calls $2.64
*** SHOW DOWN ***
stephans888: shows [Jc 8c] (three of a kind, Fours)
RAidakCo: shows [Js Ac] (three of a kind, Fours - Ace kicker)
RAidakCo collected $14.29 from pot
*** SUMMARY ***
Total pot $15.04 | Rake $0.75 
Board [9s 4d 4s 4h Qd]
Seat 1: KarP93 (button) folded before Flop (didn't bet)
Seat 2: RAidakCo (small blind) showed [Js Ac] and won ($14.29) with three of a kind, Fours
Seat 3: stephans888 (big blind) showed [Jc 8c] and lost with three of a kind, Fours
Seat 4: Gfoer folded before Flop (didn't bet)
Seat 5: reiyser folded before Flop (didn't bet)
Seat 6: AlexPinsk1 folded before Flop (didn't bet)



PokerStars Hand #254624000098:  Hold'em No Limit ($0.50/$1.00 USD) - 2025/01/30 17:45:41 WET [2025/01/30 12:45:41 ET]
Table 'Gacrux' 6-max Seat #4 is the button
Seat 1: KarP93 ($110.38 in chips) 
Seat 2: sta$igk ($104 in chips) 
Seat 3: stephans888 ($51.90 in chips) 
Seat 4: Gfoer ($100 in chips) 
Seat 5: reiyser ($123.09 in chips) 
Seat 6: AlexPinsk1 ($100 in chips) 
reiyser: posts small blind $0.50
AlexPinsk1: posts big blind $1
*** HOLE CARDS ***
KarP93: folds 
sta$igk: folds 
stephans888: folds 
Gfoer: folds 
reiyser: folds 
Uncalled bet ($0.50) returned to AlexPinsk1
AlexPinsk1 collected $1 from pot
AlexPinsk1: doesn't show hand 
*** SUMMARY ***
Total pot $1 | Rake $0 
Seat 1: KarP93 folded before Flop (didn't bet)
Seat 2: sta$igk folded before Flop (didn't bet)
Seat 3: stephans888 folded before Flop (didn't bet)
Seat 4: Gfoer (button) folded before Flop (didn't bet)
Seat 5: reiyser (small blind) folded before Flop
Seat 6: AlexPinsk1 (big blind) collected ($1)



PokerStars Hand #254624002399:  Hold'em No Limit ($0.50/$1.00 USD) - 2025/01/30 17:45:50 WET [2025/01/30 12:45:50 ET]
Table 'Gacrux' 6-max Seat #5 is the button
Seat 1: KarP93 ($110.38 in chips) 
Seat 2: sta$igk ($104 in chips) 
Seat 3: stephans888 ($51.90 in chips) 
Seat 4: Gfoer ($100 in chips) 
Seat 5: reiyser ($122.59 in chips) 
Seat 6: AlexPinsk1 ($100.50 in chips) 
AlexPinsk1: posts small blind $0.50
KarP93: posts big blind $1
*** HOLE CARDS ***
sta$igk: raises $1.50 to $2.50
stephans888: folds 
Gfoer: folds 
reiyser: folds 
AlexPinsk1: folds 
KarP93: folds 
Uncalled bet ($1.50) returned to sta$igk
sta$igk collected $2.50 from pot
sta$igk: doesn't show hand 
*** SUMMARY ***
Total pot $2.50 | Rake $0 
Seat 1: KarP93 (big blind) folded before Flop
Seat 2: sta$igk collected ($2.50)
Seat 3: stephans888 folded before Flop (didn't bet)
Seat 4: Gfoer folded before Flop (didn't bet)
Seat 5: reiyser (button) folded before Flop (didn't bet)
Seat 6: AlexPinsk1 (small blind) folded before Flop



PokerStars Hand #254624006679:  Hold'em No Limit ($0.50/$1.00 USD) - 2025/01/30 17:46:07 WET [2025/01/30 12:46:07 ET]
Table 'Gacrux' 6-max Seat #6 is the button
Seat 1: KarP93 ($109.38 in chips) 
Seat 2: sta$igk ($105.50 in chips) 
Seat 3: stephans888 ($51.90 in chips) 
Seat 4: Gfoer ($100 in chips) 
Seat 5: reiyser ($122.59 in chips) 
Seat 6: AlexPinsk1 ($100 in chips) 
KarP93: posts small blind $0.50
sta$igk: posts big blind $1
*** HOLE CARDS ***
stephans888: raises $2 to $3
Gfoer: raises $6 to $9
reiyser: folds 
AlexPinsk1: folds 
KarP93: folds 
sta$igk: folds 
stephans888: calls $6
*** FLOP *** [6d Qc 6h]
stephans888: checks 
Gfoer: bets $14.39
stephans888: folds 
Uncalled bet ($14.39) returned to Gfoer
Gfoer collected $18.52 from pot
Gfoer: doesn't show hand 
*** SUMMARY ***
Total pot $19.50 | Rake $0.98 
Board [6d Qc 6h]
Seat 1: KarP93 (small blind) folded before Flop
Seat 2: sta$igk (big blind) folded before Flop
Seat 3: stephans888 folded on the Flop
Seat 4: Gfoer collected ($18.52)
Seat 5: reiyser folded before Flop (didn't bet)
Seat 6: AlexPinsk1 (button) folded before Flop (didn't bet)



PokerStars Hand #254624027325:  Hold'em No Limit ($0.50/$1.00 USD) - 2025/01/30 17:47:27 WET [2025/01/30 12:47:27 ET]
Table 'Gacrux' 6-max Seat #1 is the button
Seat 1: KarP93 ($108.88 in chips) 
Seat 2: sta$igk ($104.50 in chips) 
Seat 3: stephans888 ($42.90 in chips) 
Seat 4: Gfoer ($109.52 in chips) 
Seat 5: reiyser ($122.59 in chips) 
Seat 6: AlexPinsk1 ($100 in chips) 
sta$igk: posts small blind $0.50
stephans888: posts big blind $1
*** HOLE CARDS ***
Gfoer: folds 
reiyser: folds 
AlexPinsk1: raises $1.50 to $2.50
KarP93: folds 
sta$igk: folds 
stephans888: folds 
Uncalled bet ($1.50) returned to AlexPinsk1
AlexPinsk1 collected $2.50 from pot
AlexPinsk1: doesn't show hand 
*** SUMMARY ***
Total pot $2.50 | Rake $0 
Seat 1: KarP93 (button) folded before Flop (didn't bet)
Seat 2: sta$igk (small blind) folded before Flop
Seat 3: stephans888 (big blind) folded before Flop
Seat 4: Gfoer folded before Flop (didn't bet)
Seat 5: reiyser folded before Flop (didn't bet)
Seat 6: AlexPinsk1 collected ($2.50)



PokerStars Hand #254624029798:  Hold'em No Limit ($0.50/$1.00 USD) - 2025/01/30 17:47:37 WET [2025/01/30 12:47:37 ET]
Table 'Gacrux' 6-max Seat #2 is the button
Seat 1: KarP93 ($108.88 in chips) 
Seat 2: sta$igk ($104 in chips) 
Seat 3: stephans888 ($41.90 in chips) 
Seat 4: Gfoer ($109.52 in chips) 
Seat 5: reiyser ($122.59 in chips) 
Seat 6: AlexPinsk1 ($101.50 in chips) 
stephans888: posts small blind $0.50
Gfoer: posts big blind $1
*** HOLE CARDS ***
reiyser: folds 
AlexPinsk1: raises $1.50 to $2.50
KarP93: folds 
sta$igk: folds 
stephans888: folds 
Gfoer: folds 
Uncalled bet ($1.50) returned to AlexPinsk1
AlexPinsk1 collected $2.50 from pot
AlexPinsk1: doesn't show hand 
*** SUMMARY ***
Total pot $2.50 | Rake $0 
Seat 1: KarP93 folded before Flop (didn't bet)
Seat 2: sta$igk (button) folded before Flop (didn't bet)
Seat 3: stephans888 (small blind) folded before Flop
Seat 4: Gfoer (big blind) folded before Flop
Seat 5: reiyser folded before Flop (didn't bet)
Seat 6: AlexPinsk1 collected ($2.50)



PokerStars Hand #254624032661:  Hold'em No Limit ($0.50/$1.00 USD) - 2025/01/30 17:47:48 WET [2025/01/30 12:47:48 ET]
Table 'Gacrux' 6-max Seat #3 is the button
Seat 5: reiyser ($122.59 in chips) is sitting out
Seat 1: KarP93 ($108.88 in chips) 
Seat 2: sta$igk ($104 in chips) 
Seat 3: stephans888 ($41.40 in chips) 
Seat 4: Gfoer ($108.52 in chips) 
Seat 6: AlexPinsk1 ($103 in chips) 
Gfoer: posts small blind $0.50
reiyser: is sitting out 
AlexPinsk1: posts big blind $1
*** HOLE CARDS ***
KarP93: folds 
sta$igk: folds 
stephans888: folds 
Gfoer: raises $1.50 to $2.50
AlexPinsk1: folds 
Uncalled bet ($1.50) returned to Gfoer
Gfoer collected $2 from pot
Gfoer: doesn't show hand 
*** SUMMARY ***
Total pot $2 | Rake $0 
Seat 5: reiyser
Seat 1: KarP93 folded before Flop (didn't bet)
Seat 2: sta$igk folded before Flop (didn't bet)
Seat 3: stephans888 (button) folded before Flop (didn't bet)
Seat 4: Gfoer (small blind) collected ($2)
Seat 6: AlexPinsk1 (big blind) folded before Flop



PokerStars Hand #254624039424:  Hold'em No Limit ($0.50/$1.00 USD) - 2025/01/30 17:48:14 WET [2025/01/30 12:48:14 ET]
Table 'Gacrux' 6-max Seat #4 is the button
Seat 5: reiyser ($122.59 in chips) is sitting out
Seat 1: KarP93 ($108.88 in chips) 
Seat 2: sta$igk ($104 in chips) 
Seat 3: stephans888 ($41.40 in chips) 
Seat 4: Gfoer ($109.52 in chips) 
Seat 6: AlexPinsk1 ($102 in chips) 
AlexPinsk1: posts small blind $0.50
KarP93: posts big blind $1
*** HOLE CARDS ***
sta$igk: raises $1.50 to $2.50
stephans888: calls $2.50
Gfoer: folds 
AlexPinsk1: folds 
KarP93: calls $1.50
*** FLOP *** [Js Qd Tc]
KarP93: checks 
sta$igk: checks 
stephans888: checks 
*** TURN *** [Js Qd Tc] [5h]
KarP93: checks 
sta$igk: bets $2.51
reiyser leaves the table
stephans888: folds 
KarP93: folds 
Uncalled bet ($2.51) returned to sta$igk
sta$igk collected $7.60 from pot
sta$igk: doesn't show hand 
*** SUMMARY ***
Total pot $8 | Rake $0.40 
Board [Js Qd Tc 5h]
Seat 5: reiyser
Seat 1: KarP93 (big blind) folded on the Turn
Seat 2: sta$igk collected ($7.60)
Seat 3: stephans888 folded on the Turn
Seat 4: Gfoer (button) folded before Flop (didn't bet)
Seat 6: AlexPinsk1 (small blind) folded before Flop



PokerStars Hand #254624051732:  Hold'em No Limit ($0.50/$1.00 USD) - 2025/01/30 17:49:02 WET [2025/01/30 12:49:02 ET]
Table 'Gacrux' 6-max Seat #6 is the button
Seat 1: KarP93 ($106.38 in chips) 
Seat 2: sta$igk ($109.10 in chips) 
Seat 3: stephans888 ($38.90 in chips) 
Seat 4: Gfoer ($109.52 in chips) 
Seat 6: AlexPinsk1 ($101.50 in chips) 
KarP93: posts small blind $0.50
sta$igk: posts big blind $1
*** HOLE CARDS ***
ARCTlCkiss joins the table at seat #5 
stephans888: folds 
Gfoer: folds 
AlexPinsk1: folds 
KarP93: folds 
Uncalled bet ($0.50) returned to sta$igk
sta$igk collected $1 from pot
sta$igk: doesn't show hand 
*** SUMMARY ***
Total pot $1 | Rake $0 
Seat 1: KarP93 (small blind) folded before Flop
Seat 2: sta$igk (big blind) collected ($1)
Seat 3: stephans888 folded before Flop (didn't bet)
Seat 4: Gfoer folded before Flop (didn't bet)
Seat 6: AlexPinsk1 (button) folded before Flop (didn't bet)



PokerStars Hand #254624055891:  Hold'em No Limit ($0.50/$1.00 USD) - 2025/01/30 17:49:19 WET [2025/01/30 12:49:19 ET]
Table 'Gacrux' 6-max Seat #1 is the button
Seat 5: ARCTlCkiss ($100 in chips) is sitting out
Seat 1: KarP93 ($105.88 in chips) 
Seat 2: sta$igk ($109.60 in chips) 
Seat 3: stephans888 ($38.90 in chips) 
Seat 4: Gfoer ($109.52 in chips) 
Seat 6: AlexPinsk1 ($101.50 in chips) 
sta$igk: posts small blind $0.50
stephans888: posts big blind $1
ARCTlCkiss: sits out 
*** HOLE CARDS ***
Gfoer: raises $1.20 to $2.20
AlexPinsk1: folds 
KarP93: folds 
sta$igk: raises $8.80 to $11
stephans888: raises $27.90 to $38.90 and is all-in
Gfoer: raises $70.62 to $109.52 and is all-in
sta$igk: folds 
Uncalled bet ($70.62) returned to Gfoer
*** FLOP *** [Ts 4d 2h]
*** TURN *** [Ts 4d 2h] [5s]
*** RIVER *** [Ts 4d 2h 5s] [Jc]
*** SHOW DOWN ***
stephans888: shows [Ad 9d] (high card Ace)
Gfoer: shows [Ac Ah] (a pair of Aces)
Gfoer collected $86.30 from pot
*** SUMMARY ***
Total pot $88.80 | Rake $2.50 
Board [Ts 4d 2h 5s Jc]
Seat 5: ARCTlCkiss
Seat 1: KarP93 (button) folded before Flop (didn't bet)
Seat 2: sta$igk (small blind) folded before Flop
Seat 3: stephans888 (big blind) showed [Ad 9d] and lost with high card Ace
Seat 4: Gfoer showed [Ac Ah] and won ($86.30) with a pair of Aces
Seat 6: AlexPinsk1 folded before Flop (didn't bet)



PokerStars Hand #254624072367:  Hold'em No Limit ($0.50/$1.00 USD) - 2025/01/30 17:50:24 WET [2025/01/30 12:50:24 ET]
Table 'Gacrux' 6-max Seat #2 is the button
Seat 3: stephans888 ($0 in chips) is sitting out
Seat 1: KarP93 ($105.88 in chips) 
Seat 2: sta$igk ($100 in chips) 
Seat 4: Gfoer ($156.92 in chips) 
Seat 5: ARCTlCkiss ($100 in chips) 
Seat 6: AlexPinsk1 ($101.50 in chips) 
Gfoer: posts small blind $0.50
ARCTlCkiss: posts big blind $1
*** HOLE CARDS ***
AlexPinsk1: raises $1.50 to $2.50
KarP93: folds 
sta$igk: folds 
Gfoer: folds 
ARCTlCkiss: folds 
Uncalled bet ($1.50) returned to AlexPinsk1
stephans888 is disconnected 
AlexPinsk1 collected $2.50 from pot
AlexPinsk1: doesn't show hand 
*** SUMMARY ***
Total pot $2.50 | Rake $0 
Seat 3: stephans888
Seat 1: KarP93 folded before Flop (didn't bet)
Seat 2: sta$igk (button) folded before Flop (didn't bet)
Seat 4: Gfoer (small blind) folded before Flop
Seat 5: ARCTlCkiss (big blind) folded before Flop
Seat 6: AlexPinsk1 collected ($2.50)



PokerStars Hand #254624077783:  Hold'em No Limit ($0.50/$1.00 USD) - 2025/01/30 17:50:45 WET [2025/01/30 12:50:45 ET]
Table 'Gacrux' 6-max Seat #4 is the button
Seat 3: stephans888 ($0 in chips) is sitting out
Seat 1: KarP93 ($105.88 in chips) 
Seat 2: sta$igk ($100 in chips) 
Seat 4: Gfoer ($156.42 in chips) 
Seat 5: ARCTlCkiss ($100 in chips) 
Seat 6: AlexPinsk1 ($103 in chips) 
ARCTlCkiss: posts small blind $0.50
AlexPinsk1: posts big blind $1
*** HOLE CARDS ***
KarP93: folds 
sta$igk: folds 
Gfoer: folds 
ARCTlCkiss: folds 
Uncalled bet ($0.50) returned to AlexPinsk1
AlexPinsk1 collected $1 from pot
AlexPinsk1: doesn't show hand 
*** SUMMARY ***
Total pot $1 | Rake $0 
Seat 3: stephans888
Seat 1: KarP93 folded before Flop (didn't bet)
Seat 2: sta$igk folded before Flop (didn't bet)
Seat 4: Gfoer (button) folded before Flop (didn't bet)
Seat 5: ARCTlCkiss (small blind) folded before Flop
Seat 6: AlexPinsk1 (big blind) collected ($1)



PokerStars Hand #254624081508:  Hold'em No Limit ($0.50/$1.00 USD) - 2025/01/30 17:51:00 WET [2025/01/30 12:51:00 ET]
Table 'Gacrux' 6-max Seat #5 is the button
Seat 3: stephans888 ($0 in chips) is sitting out
Seat 1: KarP93 ($105.88 in chips) 
Seat 2: sta$igk ($100 in chips) 
Seat 4: Gfoer ($156.42 in chips) 
Seat 5: ARCTlCkiss ($100 in chips) 
Seat 6: AlexPinsk1 ($103.50 in chips) 
AlexPinsk1: posts small blind $0.50
KarP93: posts big blind $1
*** HOLE CARDS ***
sta$igk: folds 
Gfoer: raises $1.20 to $2.20
ARCTlCkiss: raises $5.30 to $7.50
AlexPinsk1: folds 
KarP93: folds 
Gfoer: folds 
Uncalled bet ($5.30) returned to ARCTlCkiss
ARCTlCkiss collected $5.90 from pot
ARCTlCkiss: doesn't show hand 
*** SUMMARY ***
Total pot $5.90 | Rake $0 
Seat 3: stephans888
Seat 1: KarP93 (big blind) folded before Flop
Seat 2: sta$igk folded before Flop (didn't bet)
Seat 4: Gfoer folded before Flop
Seat 5: ARCTlCkiss (button) collected ($5.90)
Seat 6: AlexPinsk1 (small blind) folded before Flop



PokerStars Hand #254624087012:  Hold'em No Limit ($0.50/$1.00 USD) - 2025/01/30 17:51:22 WET [2025/01/30 12:51:22 ET]
Table 'Gacrux' 6-max Seat #6 is the button
Seat 3: stephans888 ($0 in chips) is sitting out
Seat 1: KarP93 ($104.88 in chips) 
Seat 2: sta$igk ($100 in chips) 
Seat 4: Gfoer ($154.22 in chips) 
Seat 5: ARCTlCkiss ($103.70 in chips) 
Seat 6: AlexPinsk1 ($103 in chips) 
KarP93: posts small blind $0.50
sta$igk: posts big blind $1
*** HOLE CARDS ***
Gfoer: folds 
ARCTlCkiss: raises $1.53 to $2.53
AlexPinsk1: folds 
KarP93: raises $7.97 to $10.50
sta$igk: folds 
ARCTlCkiss: calls $7.97
*** FLOP *** [Kc 5c 6h]
KarP93: checks 
ARCTlCkiss: bets $5.85
KarP93: folds 
Uncalled bet ($5.85) returned to ARCTlCkiss
ARCTlCkiss collected $20.90 from pot
ARCTlCkiss: doesn't show hand 
*** SUMMARY ***
Total pot $22 | Rake $1.10 
Board [Kc 5c 6h]
Seat 3: stephans888
Seat 1: KarP93 (small blind) folded on the Flop
Seat 2: sta$igk (big blind) folded before Flop
Seat 4: Gfoer folded before Flop (didn't bet)
Seat 5: ARCTlCkiss collected ($20.90)
Seat 6: AlexPinsk1 (button) folded before Flop (didn't bet)



PokerStars Hand #254624099060:  Hold'em No Limit ($0.50/$1.00 USD) - 2025/01/30 17:52:10 WET [2025/01/30 12:52:10 ET]
Table 'Gacrux' 6-max Seat #1 is the button
Seat 3: stephans888 ($0 in chips) is sitting out
Seat 4: Gfoer ($154.22 in chips) is sitting out
Seat 1: KarP93 ($100 in chips) 
Seat 2: sta$igk ($100 in chips) 
Seat 5: ARCTlCkiss ($114.10 in chips) 
Seat 6: AlexPinsk1 ($103 in chips) 
sta$igk: posts small blind $0.50
Gfoer: is sitting out 
ARCTlCkiss: posts big blind $1
*** HOLE CARDS ***
AlexPinsk1: folds 
KarP93: folds 
Gfoer leaves the table
sta$igk: raises $2 to $3
ARCTlCkiss: folds 
Uncalled bet ($2) returned to sta$igk
sta$igk collected $2 from pot
sta$igk: doesn't show hand 
*** SUMMARY ***
Total pot $2 | Rake $0 
Seat 3: stephans888
Seat 4: Gfoer
Seat 1: KarP93 (button) folded before Flop (didn't bet)
Seat 2: sta$igk (small blind) collected ($2)
Seat 5: ARCTlCkiss (big blind) folded before Flop
Seat 6: AlexPinsk1 folded before Flop (didn't bet)



PokerStars Hand #254624102108:  Hold'em No Limit ($0.50/$1.00 USD) - 2025/01/30 17:52:22 WET [2025/01/30 12:52:22 ET]
Table 'Gacrux' 6-max Seat #2 is the button
Seat 3: stephans888 ($0 in chips) is sitting out
Seat 1: KarP93 ($100 in chips) 
Seat 2: sta$igk ($101 in chips) 
Seat 5: ARCTlCkiss ($113.10 in chips) 
Seat 6: AlexPinsk1 ($103 in chips) 
ARCTlCkiss: posts small blind $0.50
AlexPinsk1: posts big blind $1
*** HOLE CARDS ***
KarP93: folds 
sta$igk: raises $1.50 to $2.50
ARCTlCkiss: folds 
AlexPinsk1: folds 
Uncalled bet ($1.50) returned to sta$igk
sta$igk collected $2.50 from pot
sta$igk: doesn't show hand 
*** SUMMARY ***
Total pot $2.50 | Rake $0 
Seat 3: stephans888
Seat 1: KarP93 folded before Flop (didn't bet)
Seat 2: sta$igk (button) collected ($2.50)
Seat 5: ARCTlCkiss (small blind) folded before Flop
Seat 6: AlexPinsk1 (big blind) folded before Flop



PokerStars Hand #254624106833:  Hold'em No Limit ($0.50/$1.00 USD) - 2025/01/30 17:52:40 WET [2025/01/30 12:52:40 ET]
Table 'Gacrux' 6-max Seat #5 is the button
Seat 3: stephans888 ($0 in chips) is sitting out
Seat 1: KarP93 ($100 in chips) 
Seat 2: sta$igk ($102.50 in chips) 
Seat 5: ARCTlCkiss ($112.60 in chips) 
Seat 6: AlexPinsk1 ($102 in chips) 
AlexPinsk1: posts small blind $0.50
KarP93: posts big blind $1
*** HOLE CARDS ***
sta$igk: folds 
ARCTlCkiss: raises $1.18 to $2.18
AlexPinsk1: folds 
KarP93: calls $1.18
*** FLOP *** [2c 9s Tc]
KarP93: checks 
ARCTlCkiss: bets $1.29
KarP93: folds 
Uncalled bet ($1.29) returned to ARCTlCkiss
ARCTlCkiss collected $4.62 from pot
ARCTlCkiss: doesn't show hand 
*** SUMMARY ***
Total pot $4.86 | Rake $0.24 
Board [2c 9s Tc]
Seat 3: stephans888
Seat 1: KarP93 (big blind) folded on the Flop
Seat 2: sta$igk folded before Flop (didn't bet)
Seat 5: ARCTlCkiss (button) collected ($4.62)
Seat 6: AlexPinsk1 (small blind) folded before Flop



PokerStars Hand #254624120163:  Hold'em No Limit ($0.50/$1.00 USD) - 2025/01/30 17:53:33 WET [2025/01/30 12:53:33 ET]
Table 'Gacrux' 6-max Seat #1 is the button
Seat 2: sta$igk ($102.50 in chips) is sitting out
Seat 3: stephans888 ($0 in chips) is sitting out
Seat 5: ARCTlCkiss ($115.04 in chips) is sitting out
Seat 1: KarP93 ($100 in chips) 
Seat 6: AlexPinsk1 ($101.50 in chips) 
KarP93: posts small blind $0.50
sta$igk: is sitting out 
ARCTlCkiss: is sitting out 
AlexPinsk1: posts big blind $1
*** HOLE CARDS ***
KarP93: folds 
Uncalled bet ($0.50) returned to AlexPinsk1
ARCTlCkiss leaves the table
sta$igk leaves the table
AlexPinsk1 collected $1 from pot
AlexPinsk1: doesn't show hand 
*** SUMMARY ***
Total pot $1 | Rake $0 
Seat 2: sta$igk
Seat 3: stephans888
Seat 5: ARCTlCkiss
Seat 1: KarP93 (button) (small blind) folded before Flop
Seat 6: AlexPinsk1 (big blind) collected ($1)



PokerStars Hand #254624220890:  Hold'em No Limit ($0.50/$1.00 USD) - 2025/01/30 18:01:31 WET [2025/01/30 13:01:31 ET]
Table 'Gacrux' 6-max Seat #3 is the button
Seat 3: mchyno27 ($16.42 in chips) 
Seat 6: AlexPinsk1 ($102 in chips) 
mchyno27: posts small blind $0.50
AlexPinsk1: posts big blind $1
*** HOLE CARDS ***
mchyno27: calls $0.50
AlexPinsk1: checks 
*** FLOP *** [Qc Th Js]
AlexPinsk1: checks 
mchyno27: checks 
*** TURN *** [Qc Th Js] [Kc]
AlexPinsk1: checks 
mchyno27: checks 
*** RIVER *** [Qc Th Js Kc] [Jd]
AlexPinsk1: checks 
mchyno27: checks 
*** SHOW DOWN ***
AlexPinsk1: shows [4s Kh] (two pair, Kings and Jacks)
mchyno27: mucks hand 
AlexPinsk1 collected $1.90 from pot
*** SUMMARY ***
Total pot $2 | Rake $0.10 
Board [Qc Th Js Kc Jd]
Seat 3: mchyno27 (button) (small blind) mucked
Seat 6: AlexPinsk1 (big blind) showed [4s Kh] and won ($1.90) with two pair, Kings and Jacks



PokerStars Hand #254624227470:  Hold'em No Limit ($0.50/$1.00 USD) - 2025/01/30 18:01:58 WET [2025/01/30 13:01:58 ET]
Table 'Gacrux' 6-max Seat #6 is the button
Seat 3: mchyno27 ($15.42 in chips) 
Seat 6: AlexPinsk1 ($102.90 in chips) 
AlexPinsk1: posts small blind $0.50
mchyno27: posts big blind $1
*** HOLE CARDS ***
AlexPinsk1: raises $1 to $2
mchyno27: calls $1
*** FLOP *** [7d 8d 5d]
mchyno27: checks 
AlexPinsk1: bets $1
mchyno27: calls $1
*** TURN *** [7d 8d 5d] [2s]
mchyno27: checks 
AlexPinsk1: checks 
*** RIVER *** [7d 8d 5d 2s] [7c]
mchyno27: checks 
AlexPinsk1: checks 
DL1B joins the table at seat #4 
*** SHOW DOWN ***
mchyno27: shows [Jd Ts] (a pair of Sevens)
AlexPinsk1: shows [5s Js] (two pair, Sevens and Fives)
AlexPinsk1 collected $5.70 from pot
*** SUMMARY ***
Total pot $6 | Rake $0.30 
Board [7d 8d 5d 2s 7c]
Seat 3: mchyno27 (big blind) showed [Jd Ts] and lost with a pair of Sevens
Seat 6: AlexPinsk1 (button) (small blind) showed [5s Js] and won ($5.70) with two pair, Sevens and Fives



PokerStars Hand #254624234999:  Hold'em No Limit ($0.50/$1.00 USD) - 2025/01/30 18:02:29 WET [2025/01/30 13:02:29 ET]
Table 'Gacrux' 6-max Seat #6 is the button
Seat 3: mchyno27 ($12.42 in chips) 
Seat 4: DL1B ($100 in chips) 
Seat 6: AlexPinsk1 ($105.60 in chips) 
mchyno27: posts small blind $0.50
DL1B: posts big blind $1
*** HOLE CARDS ***
KarP93 joins the table at seat #5 
AlexPinsk1: folds 
mchyno27: calls $0.50
DL1B: checks 
*** FLOP *** [4d Ad Qh]
mchyno27: checks 
DL1B: checks 
*** TURN *** [4d Ad Qh] [5s]
mchyno27: checks 
DL1B: bets $1.69
mchyno27: folds 
Uncalled bet ($1.69) returned to DL1B
DL1B collected $1.90 from pot
DL1B: doesn't show hand 
*** SUMMARY ***
Total pot $2 | Rake $0.10 
Board [4d Ad Qh 5s]
Seat 3: mchyno27 (small blind) folded on the Turn
Seat 4: DL1B (big blind) collected ($1.90)
Seat 6: AlexPinsk1 (button) folded before Flop (didn't bet)



PokerStars Hand #254624240998:  Hold'em No Limit ($0.50/$1.00 USD) - 2025/01/30 18:02:52 WET [2025/01/30 13:02:52 ET]
Table 'Gacrux' 6-max Seat #3 is the button
Seat 3: mchyno27 ($11.42 in chips) 
Seat 4: DL1B ($100.90 in chips) 
Seat 5: KarP93 ($100 in chips) 
Seat 6: AlexPinsk1 ($105.60 in chips) 
DL1B: posts small blind $0.50
KarP93: posts big blind $1
*** HOLE CARDS ***
AlexPinsk1: folds 
mchyno27: folds 
DL1B: folds 
Uncalled bet ($0.50) returned to KarP93
KarP93 collected $1 from pot
KarP93: doesn't show hand 
*** SUMMARY ***
Total pot $1 | Rake $0 
Seat 3: mchyno27 (button) folded before Flop (didn't bet)
Seat 4: DL1B (small blind) folded before Flop
Seat 5: KarP93 (big blind) collected ($1)
Seat 6: AlexPinsk1 folded before Flop (didn't bet)



PokerStars Hand #254624243236:  Hold'em No Limit ($0.50/$1.00 USD) - 2025/01/30 18:03:01 WET [2025/01/30 13:03:01 ET]
Table 'Gacrux' 6-max Seat #4 is the button
Seat 3: mchyno27 ($11.42 in chips) 
Seat 4: DL1B ($100.40 in chips) 
Seat 5: KarP93 ($100.50 in chips) 
Seat 6: AlexPinsk1 ($105.60 in chips) 
KarP93: posts small blind $0.50
AlexPinsk1: posts big blind $1
*** HOLE CARDS ***
mchyno27: calls $1
DL1B: raises $2.50 to $3.50
KarP93: calls $3
AlexPinsk1: calls $2.50
mchyno27: folds 
*** FLOP *** [Td 2c Qh]
BumHuntKing joins the table at seat #2 
KarP93: checks 
AlexPinsk1: checks 
DL1B: bets $3.60
BoyLoc0 joins the table at seat #1 
KarP93: folds 
AlexPinsk1: folds 
Uncalled bet ($3.60) returned to DL1B
DL1B collected $10.92 from pot
DL1B: doesn't show hand 
*** SUMMARY ***
Total pot $11.50 | Rake $0.58 
Board [Td 2c Qh]
Seat 3: mchyno27 folded before Flop
Seat 4: DL1B (button) collected ($10.92)
Seat 5: KarP93 (small blind) folded on the Flop
Seat 6: AlexPinsk1 (big blind) folded on the Flop



PokerStars Hand #254624260294:  Hold'em No Limit ($0.50/$1.00 USD) - 2025/01/30 18:04:07 WET [2025/01/30 13:04:07 ET]
Table 'Gacrux' 6-max Seat #5 is the button
Seat 2: BumHuntKing ($100 in chips) is sitting out
Seat 1: BoyLoc0 ($100 in chips) 
Seat 3: mchyno27 ($10.42 in chips) 
Seat 4: DL1B ($107.82 in chips) 
Seat 5: KarP93 ($100 in chips) 
Seat 6: AlexPinsk1 ($102.10 in chips) 
AlexPinsk1: posts small blind $0.50
BoyLoc0: posts big blind $1
BumHuntKing: sits out 
*** HOLE CARDS ***
mchyno27: raises $1 to $2
DL1B: folds 
KarP93: folds 
AlexPinsk1: folds 
BoyLoc0: folds 
Uncalled bet ($1) returned to mchyno27
mchyno27 collected $2.50 from pot
*** SUMMARY ***
Total pot $2.50 | Rake $0 
Seat 2: BumHuntKing
Seat 1: BoyLoc0 (big blind) folded before Flop
Seat 3: mchyno27 collected ($2.50)
Seat 4: DL1B folded before Flop (didn't bet)
Seat 5: KarP93 (button) folded before Flop (didn't bet)
Seat 6: AlexPinsk1 (small blind) folded before Flop



PokerStars Hand #254624263246:  Hold'em No Limit ($0.50/$1.00 USD) - 2025/01/30 18:04:18 WET [2025/01/30 13:04:18 ET]
Table 'Gacrux' 6-max Seat #6 is the button
Seat 1: BoyLoc0 ($100 in chips) 
Seat 2: BumHuntKing ($100 in chips) 
Seat 3: mchyno27 ($11.92 in chips) 
Seat 4: DL1B ($107.82 in chips) 
Seat 5: KarP93 ($100 in chips) 
Seat 6: AlexPinsk1 ($101.60 in chips) 
BoyLoc0: posts small blind $0.50
BumHuntKing: posts big blind $1
*** HOLE CARDS ***
mchyno27: calls $1
DL1B: folds 
KarP93: folds 
AlexPinsk1: folds 
BoyLoc0: folds 
BumHuntKing: checks 
*** FLOP *** [Ad Ac 7c]
BumHuntKing: checks 
mchyno27: checks 
*** TURN *** [Ad Ac 7c] [8h]
BumHuntKing: checks 
mchyno27: checks 
*** RIVER *** [Ad Ac 7c 8h] [9c]
BumHuntKing: bets $1
mchyno27: folds 
Uncalled bet ($1) returned to BumHuntKing
BumHuntKing collected $2.38 from pot
BumHuntKing: doesn't show hand 
*** SUMMARY ***
Total pot $2.50 | Rake $0.12 
Board [Ad Ac 7c 8h 9c]
Seat 1: BoyLoc0 (small blind) folded before Flop
Seat 2: BumHuntKing (big blind) collected ($2.38)
Seat 3: mchyno27 folded on the River
Seat 4: DL1B folded before Flop (didn't bet)
Seat 5: KarP93 folded before Flop (didn't bet)
Seat 6: AlexPinsk1 (button) folded before Flop (didn't bet)



PokerStars Hand #254624276454:  Hold'em No Limit ($0.50/$1.00 USD) - 2025/01/30 18:05:09 WET [2025/01/30 13:05:09 ET]
Table 'Gacrux' 6-max Seat #1 is the button
Seat 1: BoyLoc0 ($100 in chips) 
Seat 2: BumHuntKing ($101.38 in chips) 
Seat 3: mchyno27 ($10.92 in chips) 
Seat 4: DL1B ($107.82 in chips) 
Seat 5: KarP93 ($100 in chips) 
Seat 6: AlexPinsk1 ($101.60 in chips) 
BumHuntKing: posts small blind $0.50
mchyno27: posts big blind $1
*** HOLE CARDS ***
DL1B: folds 
KarP93: folds 
AlexPinsk1: folds 
BoyLoc0: folds 
BumHuntKing: folds 
Uncalled bet ($0.50) returned to mchyno27
mchyno27 collected $1 from pot
*** SUMMARY ***
Total pot $1 | Rake $0 
Seat 1: BoyLoc0 (button) folded before Flop (didn't bet)
Seat 2: BumHuntKing (small blind) folded before Flop
Seat 3: mchyno27 (big blind) collected ($1)
Seat 4: DL1B folded before Flop (didn't bet)
Seat 5: KarP93 folded before Flop (didn't bet)
Seat 6: AlexPinsk1 folded before Flop (didn't bet)



PokerStars Hand #254624281931:  Hold'em No Limit ($0.50/$1.00 USD) - 2025/01/30 18:05:30 WET [2025/01/30 13:05:30 ET]
Table 'Gacrux' 6-max Seat #2 is the button
Seat 1: BoyLoc0 ($100 in chips) 
Seat 2: BumHuntKing ($100.88 in chips) 
Seat 3: mchyno27 ($11.42 in chips) 
Seat 4: DL1B ($107.82 in chips) 
Seat 5: KarP93 ($100 in chips) 
Seat 6: AlexPinsk1 ($101.60 in chips) 
mchyno27: posts small blind $0.50
DL1B: posts big blind $1
*** HOLE CARDS ***
KarP93: folds 
AlexPinsk1: folds 
BoyLoc0: raises $1.50 to $2.50
BumHuntKing: folds 
mchyno27: calls $2
DL1B: calls $1.50
*** FLOP *** [3s 4c Qc]
mchyno27: checks 
DL1B: checks 
BoyLoc0: bets $2.35
mchyno27: folds 
DL1B: folds 
Uncalled bet ($2.35) returned to BoyLoc0
BoyLoc0 collected $7.12 from pot
BoyLoc0: doesn't show hand 
*** SUMMARY ***
Total pot $7.50 | Rake $0.38 
Board [3s 4c Qc]
Seat 1: BoyLoc0 collected ($7.12)
Seat 2: BumHuntKing (button) folded before Flop (didn't bet)
Seat 3: mchyno27 (small blind) folded on the Flop
Seat 4: DL1B (big blind) folded on the Flop
Seat 5: KarP93 folded before Flop (didn't bet)
Seat 6: AlexPinsk1 folded before Flop (didn't bet)



PokerStars Hand #254624290041:  Hold'em No Limit ($0.50/$1.00 USD) - 2025/01/30 18:06:01 WET [2025/01/30 13:06:01 ET]
Table 'Gacrux' 6-max Seat #3 is the button
Seat 5: KarP93 ($100 in chips) is sitting out
Seat 1: BoyLoc0 ($104.62 in chips) 
Seat 2: BumHuntKing ($100.88 in chips) 
Seat 3: mchyno27 ($8.92 in chips) 
Seat 4: DL1B ($105.32 in chips) 
Seat 6: AlexPinsk1 ($101.60 in chips) 
DL1B: posts small blind $0.50
KarP93: is sitting out 
AlexPinsk1: posts big blind $1
*** HOLE CARDS ***
BoyLoc0: folds 
BumHuntKing: raises $1.20 to $2.20
mchyno27: folds 
DL1B: folds 
AlexPinsk1: folds 
Uncalled bet ($1.20) returned to BumHuntKing
BumHuntKing collected $2.50 from pot
BumHuntKing: doesn't show hand 
*** SUMMARY ***
Total pot $2.50 | Rake $0 
Seat 5: KarP93
Seat 1: BoyLoc0 folded before Flop (didn't bet)
Seat 2: BumHuntKing collected ($2.50)
Seat 3: mchyno27 (button) folded before Flop (didn't bet)
Seat 4: DL1B (small blind) folded before Flop
Seat 6: AlexPinsk1 (big blind) folded before Flop



PokerStars Hand #254624293638:  Hold'em No Limit ($0.50/$1.00 USD) - 2025/01/30 18:06:15 WET [2025/01/30 13:06:15 ET]
Table 'Gacrux' 6-max Seat #4 is the button
Seat 5: KarP93 ($100 in chips) is sitting out
Seat 1: BoyLoc0 ($104.62 in chips) 
Seat 2: BumHuntKing ($102.38 in chips) 
Seat 3: mchyno27 ($8.92 in chips) 
Seat 4: DL1B ($104.82 in chips) 
Seat 6: AlexPinsk1 ($100.60 in chips) 
AlexPinsk1: posts small blind $0.50
BoyLoc0: posts big blind $1
*** HOLE CARDS ***
BumHuntKing: folds 
mchyno27: calls $1
DL1B: raises $2.50 to $3.50
AlexPinsk1: folds 
BoyLoc0: folds 
mchyno27: calls $2.50
*** FLOP *** [8s 3s Kc]
mchyno27: bets $5.42 and is all-in
DL1B: calls $5.42
*** TURN *** [8s 3s Kc] [Ks]
*** RIVER *** [8s 3s Kc Ks] [Kh]
*** SHOW DOWN ***
mchyno27: shows [2h 2d] (a full house, Kings full of Deuces)
DL1B: shows [6d 6c] (a full house, Kings full of Sixes)
DL1B collected $18.37 from pot
*** SUMMARY ***
Total pot $19.34 | Rake $0.97 
Board [8s 3s Kc Ks Kh]
Seat 5: KarP93
Seat 1: BoyLoc0 (big blind) folded before Flop
Seat 2: BumHuntKing folded before Flop (didn't bet)
Seat 3: mchyno27 showed [2h 2d] and lost with a full house, Kings full of Deuces
Seat 4: DL1B (button) showed [6d 6c] and won ($18.37) with a full house, Kings full of Sixes
Seat 6: AlexPinsk1 (small blind) folded before Flop



PokerStars Hand #254624303518:  Hold'em No Limit ($0.50/$1.00 USD) - 2025/01/30 18:06:52 WET [2025/01/30 13:06:52 ET]
Table 'Gacrux' 6-max Seat #6 is the button
Seat 3: mchyno27 ($0 in chips) is sitting out
Seat 5: KarP93 ($100 in chips) is sitting out
Seat 1: BoyLoc0 ($103.62 in chips) 
Seat 2: BumHuntKing ($102.38 in chips) 
Seat 4: DL1B ($114.27 in chips) 
Seat 6: AlexPinsk1 ($100.10 in chips) 
BoyLoc0: posts small blind $0.50
BumHuntKing: posts big blind $1
*** HOLE CARDS ***
DL1B: folds 
AlexPinsk1: folds 
BoyLoc0: raises $2 to $3
BumHuntKing: raises $6 to $9
mchyno27 leaves the table
KarP93 leaves the table
BoyLoc0: calls $6
*** FLOP *** [2c 8d Ts]
BoyLoc0: checks 
BumHuntKing: bets $5.64
BoyLoc0: calls $5.64
*** TURN *** [2c 8d Ts] [2s]
BoyLoc0: checks 
BumHuntKing: bets $14.14
BoyLoc0: calls $14.14
*** RIVER *** [2c 8d Ts 2s] [Kc]
BoyLoc0: checks 
BumHuntKing: bets $73.60 and is all-in
BoyLoc0: calls $73.60
*** SHOW DOWN ***
BumHuntKing: shows [7h 6h] (a pair of Deuces)
BoyLoc0: shows [6s Ks] (two pair, Kings and Deuces)
BoyLoc0 collected $203.76 from pot
*** SUMMARY ***
Total pot $204.76 | Rake $1 
Board [2c 8d Ts 2s Kc]
Seat 3: mchyno27
Seat 5: KarP93
Seat 1: BoyLoc0 (small blind) showed [6s Ks] and won ($203.76) with two pair, Kings and Deuces
Seat 2: BumHuntKing (big blind) showed [7h 6h] and lost with a pair of Deuces
Seat 4: DL1B folded before Flop (didn't bet)
Seat 6: AlexPinsk1 (button) folded before Flop (didn't bet)



PokerStars Hand #254624325259:  Hold'em No Limit ($0.50/$1.00 USD) - 2025/01/30 18:08:15 WET [2025/01/30 13:08:15 ET]
Table 'Gacrux' 6-max Seat #1 is the button
Seat 4: DL1B ($114.27 in chips) is sitting out
Seat 1: BoyLoc0 ($205 in chips) 
Seat 2: BumHuntKing ($100 in chips) 
Seat 6: AlexPinsk1 ($100.10 in chips) 
BumHuntKing: posts small blind $0.50
DL1B: is sitting out 
AlexPinsk1: posts big blind $1
*** HOLE CARDS ***
BoyLoc0: folds 
BumHuntKing: raises $2 to $3
AlexPinsk1: folds 
Uncalled bet ($2) returned to BumHuntKing
BumHuntKing collected $2 from pot
BumHuntKing: doesn't show hand 
*** SUMMARY ***
Total pot $2 | Rake $0 
Seat 4: DL1B
Seat 1: BoyLoc0 (button) folded before Flop (didn't bet)
Seat 2: BumHuntKing (small blind) collected ($2)
Seat 6: AlexPinsk1 (big blind) folded before Flop



PokerStars Hand #254624329799:  Hold'em No Limit ($0.50/$1.00 USD) - 2025/01/30 18:08:32 WET [2025/01/30 13:08:32 ET]
Table 'Gacrux' 6-max Seat #2 is the button
Seat 4: DL1B ($114.27 in chips) is sitting out
Seat 1: BoyLoc0 ($205 in chips) 
Seat 2: BumHuntKing ($101 in chips) 
Seat 6: AlexPinsk1 ($100 in chips) 
AlexPinsk1: posts small blind $0.50
BoyLoc0: posts big blind $1
*** HOLE CARDS ***
DL1B leaves the table
BumHuntKing: folds 
AlexPinsk1: folds 
Uncalled bet ($0.50) returned to BoyLoc0
BoyLoc0 collected $1 from pot
BoyLoc0: doesn't show hand 
*** SUMMARY ***
Total pot $1 | Rake $0 
Seat 4: DL1B
Seat 1: BoyLoc0 (big blind) collected ($1)
Seat 2: BumHuntKing (button) folded before Flop (didn't bet)
Seat 6: AlexPinsk1 (small blind) folded before Flop



PokerStars Hand #254624332037:  Hold'em No Limit ($0.50/$1.00 USD) - 2025/01/30 18:08:40 WET [2025/01/30 13:08:40 ET]
Table 'Gacrux' 6-max Seat #6 is the button
Seat 1: BoyLoc0 ($205.50 in chips) 
Seat 2: BumHuntKing ($101 in chips) 
Seat 6: AlexPinsk1 ($100 in chips) 
BoyLoc0: posts small blind $0.50
BumHuntKing: posts big blind $1
*** HOLE CARDS ***
AlexPinsk1: folds 
BoyLoc0: raises $2 to $3
BumHuntKing: raises $6 to $9
BoyLoc0: folds 
Uncalled bet ($6) returned to BumHuntKing
BumHuntKing collected $6 from pot
BumHuntKing: doesn't show hand 
*** SUMMARY ***
Total pot $6 | Rake $0 
Seat 1: BoyLoc0 (small blind) folded before Flop
Seat 2: BumHuntKing (big blind) collected ($6)
Seat 6: AlexPinsk1 (button) folded before Flop (didn't bet)



PokerStars Hand #254624337936:  Hold'em No Limit ($0.50/$1.00 USD) - 2025/01/30 18:09:02 WET [2025/01/30 13:09:02 ET]
Table 'Gacrux' 6-max Seat #1 is the button
Seat 1: BoyLoc0 ($202.50 in chips) 
Seat 2: BumHuntKing ($104 in chips) 
Seat 6: AlexPinsk1 ($100 in chips) 
BumHuntKing: posts small blind $0.50
AlexPinsk1: posts big blind $1
*** HOLE CARDS ***
BoyLoc0: folds 
BumHuntKing: raises $1.50 to $2.50
AlexPinsk1: folds 
Uncalled bet ($1.50) returned to BumHuntKing
BumHuntKing collected $2 from pot
BumHuntKing: doesn't show hand 
*** SUMMARY ***
Total pot $2 | Rake $0 
Seat 1: BoyLoc0 (button) folded before Flop (didn't bet)
Seat 2: BumHuntKing (small blind) collected ($2)
Seat 6: AlexPinsk1 (big blind) folded before Flop



PokerStars Hand #254624344696:  Hold'em No Limit ($0.50/$1.00 USD) - 2025/01/30 18:09:28 WET [2025/01/30 13:09:28 ET]
Table 'Gacrux' 6-max Seat #2 is the button
Seat 1: BoyLoc0 ($202.50 in chips) 
Seat 2: BumHuntKing ($105 in chips) 
Seat 6: AlexPinsk1 ($100 in chips) 
AlexPinsk1: posts small blind $0.50
BoyLoc0: posts big blind $1
*** HOLE CARDS ***
BumHuntKing: raises $1.50 to $2.50
AlexPinsk1: folds 
BoyLoc0: folds 
Uncalled bet ($1.50) returned to BumHuntKing
BumHuntKing collected $2.50 from pot
BumHuntKing: doesn't show hand 
*** SUMMARY ***
Total pot $2.50 | Rake $0 
Seat 1: BoyLoc0 (big blind) folded before Flop
Seat 2: BumHuntKing (button) collected ($2.50)
Seat 6: AlexPinsk1 (small blind) folded before Flop



PokerStars Hand #254624347151:  Hold'em No Limit ($0.50/$1.00 USD) - 2025/01/30 18:09:37 WET [2025/01/30 13:09:37 ET]
Table 'Gacrux' 6-max Seat #6 is the button
Seat 1: BoyLoc0 ($201.50 in chips) 
Seat 2: BumHuntKing ($106.50 in chips) 
Seat 6: AlexPinsk1 ($100 in chips) 
BoyLoc0: posts small blind $0.50
BumHuntKing: posts big blind $1
*** HOLE CARDS ***
AlexPinsk1: raises $1.50 to $2.50
BoyLoc0: folds 
BumHuntKing: calls $1.50
*** FLOP *** [4d 8c Ac]
BumHuntKing: checks 
AlexPinsk1: checks 
*** TURN *** [4d 8c Ac] [2s]
BumHuntKing: checks 
AlexPinsk1: checks 
*** RIVER *** [4d 8c Ac 2s] [Jc]
BumHuntKing: checks 
AlexPinsk1: bets $1.72
BumHuntKing: calls $1.72
*** SHOW DOWN ***
AlexPinsk1: shows [Qc 9h] (high card Ace)
BumHuntKing: shows [Ks 8s] (a pair of Eights)
BumHuntKing collected $8.49 from pot
*** SUMMARY ***
Total pot $8.94 | Rake $0.45 
Board [4d 8c Ac 2s Jc]
Seat 1: BoyLoc0 (small blind) folded before Flop
Seat 2: BumHuntKing (big blind) showed [Ks 8s] and won ($8.49) with a pair of Eights
Seat 6: AlexPinsk1 (button) showed [Qc 9h] and lost with high card Ace



PokerStars Hand #254624365144:  Hold'em No Limit ($0.50/$1.00 USD) - 2025/01/30 18:10:45 WET [2025/01/30 13:10:45 ET]
Table 'Gacrux' 6-max Seat #1 is the button
Seat 1: BoyLoc0 ($201 in chips) 
Seat 2: BumHuntKing ($110.77 in chips) 
Seat 6: AlexPinsk1 ($100 in chips) 
BumHuntKing: posts small blind $0.50
AlexPinsk1: posts big blind $1
*** HOLE CARDS ***
BoyLoc0: folds 
BumHuntKing: folds 
Uncalled bet ($0.50) returned to AlexPinsk1
AlexPinsk1 collected $1 from pot
AlexPinsk1: doesn't show hand 
*** SUMMARY ***
Total pot $1 | Rake $0 
Seat 1: BoyLoc0 (button) folded before Flop (didn't bet)
Seat 2: BumHuntKing (small blind) folded before Flop
Seat 6: AlexPinsk1 (big blind) collected ($1)



PokerStars Hand #254624367072:  Hold'em No Limit ($0.50/$1.00 USD) - 2025/01/30 18:10:53 WET [2025/01/30 13:10:53 ET]
Table 'Gacrux' 6-max Seat #2 is the button
Seat 1: BoyLoc0 ($201 in chips) 
Seat 2: BumHuntKing ($110.27 in chips) 
Seat 6: AlexPinsk1 ($100.50 in chips) 
AlexPinsk1: posts small blind $0.50
BoyLoc0: posts big blind $1
*** HOLE CARDS ***
BumHuntKing: folds 
AlexPinsk1: raises $2 to $3
BoyLoc0: raises $7 to $10
AlexPinsk1: folds 
Uncalled bet ($7) returned to BoyLoc0
BoyLoc0 collected $6 from pot
BoyLoc0: doesn't show hand 
*** SUMMARY ***
Total pot $6 | Rake $0 
Seat 1: BoyLoc0 (big blind) collected ($6)
Seat 2: BumHuntKing (button) folded before Flop (didn't bet)
Seat 6: AlexPinsk1 (small blind) folded before Flop



PokerStars Hand #254624370328:  Hold'em No Limit ($0.50/$1.00 USD) - 2025/01/30 18:11:05 WET [2025/01/30 13:11:05 ET]
Table 'Gacrux' 6-max Seat #6 is the button
Seat 1: BoyLoc0 ($204 in chips) 
Seat 2: BumHuntKing ($110.27 in chips) 
Seat 6: AlexPinsk1 ($100 in chips) 
BoyLoc0: posts small blind $0.50
BumHuntKing: posts big blind $1
*** HOLE CARDS ***
AlexPinsk1: folds 
BoyLoc0: raises $2 to $3
BumHuntKing: calls $2
*** FLOP *** [6d Kc 8s]
BoyLoc0: checks 
BumHuntKing: bets $1.43
BoyLoc0: calls $1.43
*** TURN *** [6d Kc 8s] [Jc]
BoyLoc0: checks 
BumHuntKing: bets $10.53
BoyLoc0: folds 
Uncalled bet ($10.53) returned to BumHuntKing
BumHuntKing collected $8.42 from pot
BumHuntKing: doesn't show hand 
*** SUMMARY ***
Total pot $8.86 | Rake $0.44 
Board [6d Kc 8s Jc]
Seat 1: BoyLoc0 (small blind) folded on the Turn
Seat 2: BumHuntKing (big blind) collected ($8.42)
Seat 6: AlexPinsk1 (button) folded before Flop (didn't bet)



PokerStars Hand #254624378602:  Hold'em No Limit ($0.50/$1.00 USD) - 2025/01/30 18:11:37 WET [2025/01/30 13:11:37 ET]
Table 'Gacrux' 6-max Seat #1 is the button
Seat 1: BoyLoc0 ($199.57 in chips) 
Seat 2: BumHuntKing ($114.26 in chips) 
Seat 6: AlexPinsk1 ($100 in chips) 
BumHuntKing: posts small blind $0.50
AlexPinsk1: posts big blind $1
*** HOLE CARDS ***
BoyLoc0: folds 
BumHuntKing: folds 
Uncalled bet ($0.50) returned to AlexPinsk1
AlexPinsk1 collected $1 from pot
AlexPinsk1: doesn't show hand 
*** SUMMARY ***
Total pot $1 | Rake $0 
Seat 1: BoyLoc0 (button) folded before Flop (didn't bet)
Seat 2: BumHuntKing (small blind) folded before Flop
Seat 6: AlexPinsk1 (big blind) collected ($1)



PokerStars Hand #254624383747:  Hold'em No Limit ($0.50/$1.00 USD) - 2025/01/30 18:11:56 WET [2025/01/30 13:11:56 ET]
Table 'Gacrux' 6-max Seat #2 is the button
Seat 1: BoyLoc0 ($199.57 in chips) 
Seat 2: BumHuntKing ($113.76 in chips) 
Seat 6: AlexPinsk1 ($100.50 in chips) 
AlexPinsk1: posts small blind $0.50
BoyLoc0: posts big blind $1
*** HOLE CARDS ***
BumHuntKing: folds 
AlexPinsk1: raises $2 to $3
BoyLoc0: calls $2
*** FLOP *** [6s Ts 4d]
Axoulabete joins the table at seat #3 
AlexPinsk1: checks 
Axoulabete is disconnected 
BoyLoc0: checks 
*** TURN *** [6s Ts 4d] [Tc]
AlexPinsk1: checks 
BoyLoc0: checks 
*** RIVER *** [6s Ts 4d Tc] [3h]
AlexPinsk1: checks 
BoyLoc0: checks 
*** SHOW DOWN ***
AlexPinsk1: shows [Js Ac] (a pair of Tens)
BoyLoc0: mucks hand 
AlexPinsk1 collected $5.70 from pot
*** SUMMARY ***
Total pot $6 | Rake $0.30 
Board [6s Ts 4d Tc 3h]
Seat 1: BoyLoc0 (big blind) mucked
Seat 2: BumHuntKing (button) folded before Flop (didn't bet)
Seat 6: AlexPinsk1 (small blind) showed [Js Ac] and won ($5.70) with a pair of Tens



PokerStars Hand #254624395724:  Hold'em No Limit ($0.50/$1.00 USD) - 2025/01/30 18:12:41 WET [2025/01/30 13:12:41 ET]
Table 'Gacrux' 6-max Seat #6 is the button
Seat 3: Axoulabete ($100 in chips) is sitting out
Seat 1: BoyLoc0 ($196.57 in chips) 
Seat 2: BumHuntKing ($113.76 in chips) 
Seat 6: AlexPinsk1 ($103.20 in chips) 
BoyLoc0: posts small blind $0.50
BumHuntKing: posts big blind $1
Joe_Li7 joins the table at seat #4 
Axoulabete has timed out
Axoulabete: is sitting out 
*** HOLE CARDS ***
coeeeelho joins the table at seat #5 
AlexPinsk1: folds 
BoyLoc0: folds 
Uncalled bet ($0.50) returned to BumHuntKing
BumHuntKing collected $1 from pot
BumHuntKing: doesn't show hand 
*** SUMMARY ***
Total pot $1 | Rake $0 
Seat 3: Axoulabete
Seat 1: BoyLoc0 (small blind) folded before Flop
Seat 2: BumHuntKing (big blind) collected ($1)
Seat 6: AlexPinsk1 (button) folded before Flop (didn't bet)



PokerStars Hand #254624400217:  Hold'em No Limit ($0.50/$1.00 USD) - 2025/01/30 18:12:58 WET [2025/01/30 13:12:58 ET]
Table 'Gacrux' 6-max Seat #1 is the button
Seat 3: Axoulabete ($100 in chips) is sitting out
Seat 5: coeeeelho ($100 in chips) is sitting out
Seat 1: BoyLoc0 ($196.07 in chips) 
Seat 2: BumHuntKing ($114.26 in chips) 
Seat 4: Joe_Li7 ($100 in chips) 
Seat 6: AlexPinsk1 ($103.20 in chips) 
BumHuntKing: posts small blind $0.50
Joe_Li7: posts big blind $1
coeeeelho: sits out 
*** HOLE CARDS ***
AlexPinsk1: folds 
BoyLoc0: raises $1.50 to $2.50
BumHuntKing: folds 
Joe_Li7: folds 
Uncalled bet ($1.50) returned to BoyLoc0
BoyLoc0 collected $2.50 from pot
BoyLoc0: doesn't show hand 
*** SUMMARY ***
Total pot $2.50 | Rake $0 
Seat 3: Axoulabete
Seat 5: coeeeelho
Seat 1: BoyLoc0 (button) collected ($2.50)
Seat 2: BumHuntKing (small blind) folded before Flop
Seat 4: Joe_Li7 (big blind) folded before Flop
Seat 6: AlexPinsk1 folded before Flop (didn't bet)



PokerStars Hand #254624404043:  Hold'em No Limit ($0.50/$1.00 USD) - 2025/01/30 18:13:13 WET [2025/01/30 13:13:13 ET]
Table 'Gacrux' 6-max Seat #2 is the button
Seat 3: Axoulabete ($100 in chips) is sitting out
Seat 1: BoyLoc0 ($197.57 in chips) 
Seat 2: BumHuntKing ($113.76 in chips) 
Seat 4: Joe_Li7 ($100 in chips) 
Seat 5: coeeeelho ($100 in chips) 
Seat 6: AlexPinsk1 ($103.20 in chips) 
Joe_Li7: posts small blind $0.50
coeeeelho: posts big blind $1
*** HOLE CARDS ***
AlexPinsk1: folds 
BoyLoc0: raises $1.50 to $2.50
BumHuntKing: folds 
Joe_Li7: folds 
coeeeelho: folds 
Uncalled bet ($1.50) returned to BoyLoc0
BoyLoc0 collected $2.50 from pot
BoyLoc0: doesn't show hand 
*** SUMMARY ***
Total pot $2.50 | Rake $0 
Seat 3: Axoulabete
Seat 1: BoyLoc0 collected ($2.50)
Seat 2: BumHuntKing (button) folded before Flop (didn't bet)
Seat 4: Joe_Li7 (small blind) folded before Flop
Seat 5: coeeeelho (big blind) folded before Flop
Seat 6: AlexPinsk1 folded before Flop (didn't bet)



PokerStars Hand #254624411036:  Hold'em No Limit ($0.50/$1.00 USD) - 2025/01/30 18:13:39 WET [2025/01/30 13:13:39 ET]
Table 'Gacrux' 6-max Seat #4 is the button
Seat 3: Axoulabete ($100 in chips) is sitting out
Seat 1: BoyLoc0 ($199.07 in chips) 
Seat 2: BumHuntKing ($113.76 in chips) 
Seat 4: Joe_Li7 ($100 in chips) 
Seat 5: coeeeelho ($100 in chips) 
Seat 6: AlexPinsk1 ($103.20 in chips) 
coeeeelho: posts small blind $0.50
AlexPinsk1: posts big blind $1
Axoulabete: sits out 
*** HOLE CARDS ***
BoyLoc0: folds 
BumHuntKing: folds 
Joe_Li7: folds 
coeeeelho: folds 
Uncalled bet ($0.50) returned to AlexPinsk1
AlexPinsk1 collected $1 from pot
AlexPinsk1: doesn't show hand 
*** SUMMARY ***
Total pot $1 | Rake $0 
Seat 3: Axoulabete
Seat 1: BoyLoc0 folded before Flop (didn't bet)
Seat 2: BumHuntKing folded before Flop (didn't bet)
Seat 4: Joe_Li7 (button) folded before Flop (didn't bet)
Seat 5: coeeeelho (small blind) folded before Flop
Seat 6: AlexPinsk1 (big blind) collected ($1)



PokerStars Hand #254624413371:  Hold'em No Limit ($0.50/$1.00 USD) - 2025/01/30 18:13:49 WET [2025/01/30 13:13:49 ET]
Table 'Gacrux' 6-max Seat #5 is the button
Seat 3: Axoulabete ($100 in chips) is sitting out
Seat 1: BoyLoc0 ($199.07 in chips) 
Seat 2: BumHuntKing ($113.76 in chips) 
Seat 4: Joe_Li7 ($100 in chips) 
Seat 5: coeeeelho ($100 in chips) 
Seat 6: AlexPinsk1 ($103.70 in chips) 
AlexPinsk1: posts small blind $0.50
BoyLoc0: posts big blind $1
Axoulabete: sits out 
*** HOLE CARDS ***
BumHuntKing: folds 
Joe_Li7: folds 
coeeeelho: folds 
AlexPinsk1: folds 
Uncalled bet ($0.50) returned to BoyLoc0
BoyLoc0 collected $1 from pot
BoyLoc0: doesn't show hand 
*** SUMMARY ***
Total pot $1 | Rake $0 
Seat 3: Axoulabete
Seat 1: BoyLoc0 (big blind) collected ($1)
Seat 2: BumHuntKing folded before Flop (didn't bet)
Seat 4: Joe_Li7 folded before Flop (didn't bet)
Seat 5: coeeeelho (button) folded before Flop (didn't bet)
Seat 6: AlexPinsk1 (small blind) folded before Flop



PokerStars Hand #254624417500:  Hold'em No Limit ($0.50/$1.00 USD) - 2025/01/30 18:14:04 WET [2025/01/30 13:14:04 ET]
Table 'Gacrux' 6-max Seat #6 is the button
Seat 3: Axoulabete ($100 in chips) is sitting out
Seat 1: BoyLoc0 ($199.57 in chips) 
Seat 2: BumHuntKing ($113.76 in chips) 
Seat 4: Joe_Li7 ($100 in chips) 
Seat 5: coeeeelho ($100 in chips) 
Seat 6: AlexPinsk1 ($103.20 in chips) 
BoyLoc0: posts small blind $0.50
BumHuntKing: posts big blind $1
Axoulabete: sits out 
*** HOLE CARDS ***
Joe_Li7: folds 
coeeeelho: raises $1.30 to $2.30
AlexPinsk1: folds 
BoyLoc0: folds 
BumHuntKing: raises $9.70 to $12
coeeeelho: folds 
Uncalled bet ($9.70) returned to BumHuntKing
BumHuntKing collected $5.10 from pot
BumHuntKing: doesn't show hand 
*** SUMMARY ***
Total pot $5.10 | Rake $0 
Seat 3: Axoulabete
Seat 1: BoyLoc0 (small blind) folded before Flop
Seat 2: BumHuntKing (big blind) collected ($5.10)
Seat 4: Joe_Li7 folded before Flop (didn't bet)
Seat 5: coeeeelho folded before Flop
Seat 6: AlexPinsk1 (button) folded before Flop (didn't bet)



PokerStars Hand #254624423245:  Hold'em No Limit ($0.50/$1.00 USD) - 2025/01/30 18:14:26 WET [2025/01/30 13:14:26 ET]
Table 'Gacrux' 6-max Seat #1 is the button
Seat 1: BoyLoc0 ($199.07 in chips) 
Seat 2: BumHuntKing ($116.56 in chips) 
Seat 3: Axoulabete ($100 in chips) 
Seat 4: Joe_Li7 ($100 in chips) 
Seat 5: coeeeelho ($100 in chips) 
Seat 6: AlexPinsk1 ($103.20 in chips) 
BumHuntKing: posts small blind $0.50
Axoulabete: posts big blind $1
*** HOLE CARDS ***
Axoulabete is disconnected 
Joe_Li7: raises $1.20 to $2.20
coeeeelho: folds 
AlexPinsk1: folds 
BoyLoc0: folds 
BumHuntKing: folds 
Axoulabete has timed out while disconnected
Axoulabete: folds 
Uncalled bet ($1.20) returned to Joe_Li7
Joe_Li7 collected $2.50 from pot
*** SUMMARY ***
Total pot $2.50 | Rake $0 
Seat 1: BoyLoc0 (button) folded before Flop (didn't bet)
Seat 2: BumHuntKing (small blind) folded before Flop
Seat 3: Axoulabete (big blind) folded before Flop
Seat 4: Joe_Li7 collected ($2.50)
Seat 5: coeeeelho folded before Flop (didn't bet)
Seat 6: AlexPinsk1 folded before Flop (didn't bet)



PokerStars Hand #254624430828:  Hold'em No Limit ($0.50/$1.00 USD) - 2025/01/30 18:14:55 WET [2025/01/30 13:14:55 ET]
Table 'Gacrux' 6-max Seat #2 is the button
Seat 3: Axoulabete ($99 in chips) is sitting out
Seat 1: BoyLoc0 ($199.07 in chips) 
Seat 2: BumHuntKing ($116.06 in chips) 
Seat 4: Joe_Li7 ($101.50 in chips) 
Seat 5: coeeeelho ($100 in chips) 
Seat 6: AlexPinsk1 ($103.20 in chips) 
Joe_Li7: posts small blind $0.50
coeeeelho: posts big blind $1
*** HOLE CARDS ***
AlexPinsk1: folds 
BoyLoc0: raises $1.50 to $2.50
BumHuntKing: folds 
Joe_Li7: folds 
coeeeelho: folds 
Uncalled bet ($1.50) returned to BoyLoc0
BoyLoc0 collected $2.50 from pot
BoyLoc0: doesn't show hand 
*** SUMMARY ***
Total pot $2.50 | Rake $0 
Seat 3: Axoulabete
Seat 1: BoyLoc0 collected ($2.50)
Seat 2: BumHuntKing (button) folded before Flop (didn't bet)
Seat 4: Joe_Li7 (small blind) folded before Flop
Seat 5: coeeeelho (big blind) folded before Flop
Seat 6: AlexPinsk1 folded before Flop (didn't bet)



PokerStars Hand #254624434436:  Hold'em No Limit ($0.50/$1.00 USD) - 2025/01/30 18:15:08 WET [2025/01/30 13:15:08 ET]
Table 'Gacrux' 6-max Seat #4 is the button
Seat 3: Axoulabete ($99 in chips) is sitting out
Seat 1: BoyLoc0 ($200.57 in chips) 
Seat 2: BumHuntKing ($116.06 in chips) 
Seat 4: Joe_Li7 ($101 in chips) 
Seat 5: coeeeelho ($100 in chips) 
Seat 6: AlexPinsk1 ($103.20 in chips) 
coeeeelho: posts small blind $0.50
AlexPinsk1: posts big blind $1
Axoulabete: sits out 
*** HOLE CARDS ***
BoyLoc0: raises $1.50 to $2.50
BumHuntKing: folds 
Joe_Li7: folds 
coeeeelho: folds 
AlexPinsk1: folds 
Uncalled bet ($1.50) returned to BoyLoc0
BoyLoc0 collected $2.50 from pot
BoyLoc0: doesn't show hand 
*** SUMMARY ***
Total pot $2.50 | Rake $0 
Seat 3: Axoulabete
Seat 1: BoyLoc0 collected ($2.50)
Seat 2: BumHuntKing folded before Flop (didn't bet)
Seat 4: Joe_Li7 (button) folded before Flop (didn't bet)
Seat 5: coeeeelho (small blind) folded before Flop
Seat 6: AlexPinsk1 (big blind) folded before Flop



PokerStars Hand #254624437338:  Hold'em No Limit ($0.50/$1.00 USD) - 2025/01/30 18:15:19 WET [2025/01/30 13:15:19 ET]
Table 'Gacrux' 6-max Seat #5 is the button
Seat 3: Axoulabete ($99 in chips) is sitting out
Seat 1: BoyLoc0 ($202.07 in chips) 
Seat 2: BumHuntKing ($116.06 in chips) 
Seat 4: Joe_Li7 ($101 in chips) 
Seat 5: coeeeelho ($100 in chips) 
Seat 6: AlexPinsk1 ($102.20 in chips) 
AlexPinsk1: posts small blind $0.50
BoyLoc0: posts big blind $1
Axoulabete: sits out 
*** HOLE CARDS ***
BumHuntKing: folds 
Joe_Li7: folds 
coeeeelho: raises $1.50 to $2.50
AlexPinsk1: folds 
BoyLoc0: calls $1.50
*** FLOP *** [2s 9s Ad]
BoyLoc0: checks 
coeeeelho: bets $1.30
BoyLoc0: calls $1.30
*** TURN *** [2s 9s Ad] [Jd]
BoyLoc0: checks 
coeeeelho: checks 
*** RIVER *** [2s 9s Ad Jd] [Kd]
BoyLoc0: bets $5.78
coeeeelho: folds 
Uncalled bet ($5.78) returned to BoyLoc0
BoyLoc0 collected $7.70 from pot
BoyLoc0: doesn't show hand 
*** SUMMARY ***
Total pot $8.10 | Rake $0.40 
Board [2s 9s Ad Jd Kd]
Seat 3: Axoulabete
Seat 1: BoyLoc0 (big blind) collected ($7.70)
Seat 2: BumHuntKing folded before Flop (didn't bet)
Seat 4: Joe_Li7 folded before Flop (didn't bet)
Seat 5: coeeeelho (button) folded on the River
Seat 6: AlexPinsk1 (small blind) folded before Flop



PokerStars Hand #254624452422:  Hold'em No Limit ($0.50/$1.00 USD) - 2025/01/30 18:16:17 WET [2025/01/30 13:16:17 ET]
Table 'Gacrux' 6-max Seat #6 is the button
Seat 2: BumHuntKing ($116.06 in chips) is sitting out
Seat 1: BoyLoc0 ($205.97 in chips) 
Seat 3: Axoulabete ($99 in chips) 
Seat 4: Joe_Li7 ($101 in chips) 
Seat 5: coeeeelho ($100 in chips) 
Seat 6: AlexPinsk1 ($101.70 in chips) 
BoyLoc0: posts small blind $0.50
BumHuntKing: is sitting out 
Axoulabete: posts big blind $1
*** HOLE CARDS ***
Joe_Li7: folds 
BumHuntKing leaves the table
coeeeelho: folds 
AlexPinsk1: folds 
BoyLoc0: folds 
Uncalled bet ($0.50) returned to Axoulabete
Axoulabete collected $1 from pot
*** SUMMARY ***
Total pot $1 | Rake $0 
Seat 2: BumHuntKing
Seat 1: BoyLoc0 (small blind) folded before Flop
Seat 3: Axoulabete (big blind) collected ($1)
Seat 4: Joe_Li7 folded before Flop (didn't bet)
Seat 5: coeeeelho folded before Flop (didn't bet)
Seat 6: AlexPinsk1 (button) folded before Flop (didn't bet)



PokerStars Hand #254624457782:  Hold'em No Limit ($0.50/$1.00 USD) - 2025/01/30 18:16:37 WET [2025/01/30 13:16:37 ET]
Table 'Gacrux' 6-max Seat #1 is the button
Seat 1: BoyLoc0 ($205.47 in chips) 
Seat 3: Axoulabete ($99.50 in chips) 
Seat 4: Joe_Li7 ($101 in chips) 
Seat 5: coeeeelho ($100 in chips) 
Seat 6: AlexPinsk1 ($101.70 in chips) 
Axoulabete: posts small blind $0.50
Joe_Li7: posts big blind $1
*** HOLE CARDS ***
coeeeelho: folds 
AlexPinsk1: raises $1.50 to $2.50
BoyLoc0: raises $5 to $7.50
Axoulabete: folds 
Joe_Li7: folds 
AlexPinsk1: raises $12 to $19.50
BoyLoc0: calls $12
*** FLOP *** [6c 9c 4d]
K.Antagonist joins the table at seat #2 
AlexPinsk1: checks 
BoyLoc0: bets $12.70
AlexPinsk1: folds 
Uncalled bet ($12.70) returned to BoyLoc0
BoyLoc0 collected $38.48 from pot
BoyLoc0: doesn't show hand 
*** SUMMARY ***
Total pot $40.50 | Rake $2.02 
Board [6c 9c 4d]
Seat 1: BoyLoc0 (button) collected ($38.48)
Seat 3: Axoulabete (small blind) folded before Flop
Seat 4: Joe_Li7 (big blind) folded before Flop
Seat 5: coeeeelho folded before Flop (didn't bet)
Seat 6: AlexPinsk1 folded on the Flop



PokerStars Hand #254624477355:  Hold'em No Limit ($0.50/$1.00 USD) - 2025/01/30 18:17:51 WET [2025/01/30 13:17:51 ET]
Table 'Gacrux' 6-max Seat #3 is the button
Seat 2: K.Antagonist ($100 in chips) is sitting out
Seat 1: BoyLoc0 ($224.45 in chips) 
Seat 3: Axoulabete ($99 in chips) 
Seat 4: Joe_Li7 ($100 in chips) 
Seat 5: coeeeelho ($100 in chips) 
Seat 6: AlexPinsk1 ($100 in chips) 
Joe_Li7: posts small blind $0.50
coeeeelho: posts big blind $1
K.Antagonist: sits out 
*** HOLE CARDS ***
AlexPinsk1: raises $1.50 to $2.50
BoyLoc0: folds 
Axoulabete: folds 
Joe_Li7: folds 
coeeeelho: folds 
Uncalled bet ($1.50) returned to AlexPinsk1
AlexPinsk1 collected $2.50 from pot
AlexPinsk1: doesn't show hand 
*** SUMMARY ***
Total pot $2.50 | Rake $0 
Seat 2: K.Antagonist
Seat 1: BoyLoc0 folded before Flop (didn't bet)
Seat 3: Axoulabete (button) folded before Flop (didn't bet)
Seat 4: Joe_Li7 (small blind) folded before Flop
Seat 5: coeeeelho (big blind) folded before Flop
Seat 6: AlexPinsk1 collected ($2.50)



PokerStars Hand #254624481694:  Hold'em No Limit ($0.50/$1.00 USD) - 2025/01/30 18:18:08 WET [2025/01/30 13:18:08 ET]
Table 'Gacrux' 6-max Seat #4 is the button
Seat 2: K.Antagonist ($100 in chips) is sitting out
Seat 1: BoyLoc0 ($224.45 in chips) 
Seat 3: Axoulabete ($99 in chips) 
Seat 4: Joe_Li7 ($100 in chips) 
Seat 5: coeeeelho ($100 in chips) 
Seat 6: AlexPinsk1 ($101.50 in chips) 
coeeeelho: posts small blind $0.50
AlexPinsk1: posts big blind $1
K.Antagonist: sits out 
*** HOLE CARDS ***
BoyLoc0: folds 
Axoulabete is disconnected 
Axoulabete has timed out while disconnected
Axoulabete: folds 
Joe_Li7: folds 
coeeeelho: raises $2 to $3
AlexPinsk1: calls $2
*** FLOP *** [Ts Ac As]
coeeeelho: bets $1.88
AlexPinsk1: calls $1.88
*** TURN *** [Ts Ac As] [7d]
coeeeelho: bets $13.90
AlexPinsk1: folds 
Uncalled bet ($13.90) returned to coeeeelho
coeeeelho collected $9.27 from pot
*** SUMMARY ***
Total pot $9.76 | Rake $0.49 
Board [Ts Ac As 7d]
Seat 2: K.Antagonist
Seat 1: BoyLoc0 folded before Flop (didn't bet)
Seat 3: Axoulabete folded before Flop (didn't bet)
Seat 4: Joe_Li7 (button) folded before Flop (didn't bet)
Seat 5: coeeeelho (small blind) collected ($9.27)
Seat 6: AlexPinsk1 (big blind) folded on the Turn



PokerStars Hand #254624504367:  Hold'em No Limit ($0.50/$1.00 USD) - 2025/01/30 18:19:33 WET [2025/01/30 13:19:33 ET]
Table 'Gacrux' 6-max Seat #5 is the button
Seat 1: BoyLoc0 ($224.45 in chips) is sitting out
Seat 3: Axoulabete ($99 in chips) is sitting out
Seat 2: K.Antagonist ($100 in chips) 
Seat 4: Joe_Li7 ($100 in chips) 
Seat 5: coeeeelho ($104.39 in chips) 
Seat 6: AlexPinsk1 ($100 in chips) 
AlexPinsk1: posts small blind $0.50
BoyLoc0: is sitting out 
K.Antagonist: posts big blind $1
*** HOLE CARDS ***
BoyLoc0 leaves the table
Joe_Li7: folds 
coeeeelho: folds 
AlexPinsk1: raises $2 to $3
K.Antagonist: raises $6 to $9
AlexPinsk1: folds 
Uncalled bet ($6) returned to K.Antagonist
K.Antagonist collected $6 from pot
K.Antagonist: doesn't show hand 
*** SUMMARY ***
Total pot $6 | Rake $0 
Seat 1: BoyLoc0
Seat 3: Axoulabete
Seat 2: K.Antagonist (big blind) collected ($6)
Seat 4: Joe_Li7 folded before Flop (didn't bet)
Seat 5: coeeeelho (button) folded before Flop (didn't bet)
Seat 6: AlexPinsk1 (small blind) folded before Flop



PokerStars Hand #254624512956:  Hold'em No Limit ($0.50/$1.00 USD) - 2025/01/30 18:20:05 WET [2025/01/30 13:20:05 ET]
Table 'Gacrux' 6-max Seat #6 is the button
Seat 3: Axoulabete ($99 in chips) is sitting out
Seat 2: K.Antagonist ($103 in chips) 
Seat 4: Joe_Li7 ($100 in chips) 
Seat 5: coeeeelho ($104.39 in chips) 
Seat 6: AlexPinsk1 ($100 in chips) 
K.Antagonist: posts small blind $0.50
Joe_Li7: posts big blind $1
*** HOLE CARDS ***
coeeeelho: raises $1.30 to $2.30
AlexPinsk1: raises $4.70 to $7
K.Antagonist: folds 
Joe_Li7: folds 
coeeeelho: calls $4.70
*** FLOP *** [5h 4h 9h]
coeeeelho: checks 
AlexPinsk1: bets $4.86
coeeeelho: folds 
Uncalled bet ($4.86) returned to AlexPinsk1
AlexPinsk1 collected $14.72 from pot
AlexPinsk1: doesn't show hand 
*** SUMMARY ***
Total pot $15.50 | Rake $0.78 
Board [5h 4h 9h]
Seat 3: Axoulabete
Seat 2: K.Antagonist (small blind) folded before Flop
Seat 4: Joe_Li7 (big blind) folded before Flop
Seat 5: coeeeelho folded on the Flop
Seat 6: AlexPinsk1 (button) collected ($14.72)



PokerStars Hand #254624526484:  Hold'em No Limit ($0.50/$1.00 USD) - 2025/01/30 18:20:55 WET [2025/01/30 13:20:55 ET]
Table 'Gacrux' 6-max Seat #2 is the button
Seat 3: Axoulabete ($99 in chips) is sitting out
Seat 5: coeeeelho ($100 in chips) is sitting out
Seat 2: K.Antagonist ($102.50 in chips) 
Seat 4: Joe_Li7 ($100 in chips) 
Seat 6: AlexPinsk1 ($107.72 in chips) 
Joe_Li7: posts small blind $0.50
coeeeelho: is sitting out 
AlexPinsk1: posts big blind $1
*** HOLE CARDS ***
K.Antagonist: raises $1.50 to $2.50
Joe_Li7: raises $8 to $10.50
AlexPinsk1: folds 
K.Antagonist: folds 
Uncalled bet ($8) returned to Joe_Li7
Joe_Li7 collected $6 from pot
*** SUMMARY ***
Total pot $6 | Rake $0 
Seat 3: Axoulabete
Seat 5: coeeeelho
Seat 2: K.Antagonist (button) folded before Flop
Seat 4: Joe_Li7 (small blind) collected ($6)
Seat 6: AlexPinsk1 (big blind) folded before Flop



PokerStars Hand #254624534641:  Hold'em No Limit ($0.50/$1.00 USD) - 2025/01/30 18:21:26 WET [2025/01/30 13:21:26 ET]
Table 'Gacrux' 6-max Seat #6 is the button
Seat 2: K.Antagonist ($100 in chips) is sitting out
Seat 3: Axoulabete ($99 in chips) is sitting out
Seat 5: coeeeelho ($100 in chips) is sitting out
Seat 4: Joe_Li7 ($103.50 in chips) 
Seat 6: AlexPinsk1 ($106.72 in chips) 
AlexPinsk1: posts small blind $0.50
K.Antagonist: is sitting out 
Joe_Li7: posts big blind $1
*** HOLE CARDS ***
AlexPinsk1: raises $1.50 to $2.50
Joe_Li7: calls $1.50
*** FLOP *** [Qd 7c Jc]
K.Antagonist leaves the table
Joe_Li7: checks 
AlexPinsk1: bets $3.56
Joe_Li7: raises $8.90 to $12.46
AlexPinsk1: calls $8.90
*** TURN *** [Qd 7c Jc] [5c]
Joe_Li7: bets $9.54
AlexPinsk1: folds 
Uncalled bet ($9.54) returned to Joe_Li7
Joe_Li7 collected $28.92 from pot
*** SUMMARY ***
Total pot $29.92 | Rake $1 
Board [Qd 7c Jc 5c]
Seat 2: K.Antagonist
Seat 3: Axoulabete
Seat 5: coeeeelho
Seat 4: Joe_Li7 (big blind) collected ($28.92)
Seat 6: AlexPinsk1 (button) (small blind) folded on the Turn



PokerStars Hand #254624558718:  Hold'em No Limit ($0.50/$1.00 USD) - 2025/01/30 18:22:56 WET [2025/01/30 13:22:56 ET]
Table 'Gacrux' 6-max Seat #4 is the button
Seat 5: coeeeelho ($100 in chips) is sitting out
Seat 3: Axoulabete ($99 in chips) 
Seat 4: Joe_Li7 ($117.46 in chips) 
Seat 6: AlexPinsk1 ($100 in chips) 
AlexPinsk1: posts small blind $0.50
Axoulabete: posts big blind $1
*** HOLE CARDS ***
Joe_Li7: raises $1.50 to $2.50
AlexPinsk1: folds 
Axoulabete: raises $5.50 to $8
Joe_Li7: folds 
Uncalled bet ($5.50) returned to Axoulabete
Axoulabete collected $5.50 from pot
*** SUMMARY ***
Total pot $5.50 | Rake $0 
Seat 5: coeeeelho
Seat 3: Axoulabete (big blind) collected ($5.50)
Seat 4: Joe_Li7 (button) folded before Flop
Seat 6: AlexPinsk1 (small blind) folded before Flop



PokerStars Hand #254624564328:  Hold'em No Limit ($0.50/$1.00 USD) - 2025/01/30 18:23:17 WET [2025/01/30 13:23:17 ET]
Table 'Gacrux' 6-max Seat #6 is the button
Seat 5: coeeeelho ($100 in chips) is sitting out
Seat 3: Axoulabete ($102 in chips) 
Seat 4: Joe_Li7 ($114.96 in chips) 
Seat 6: AlexPinsk1 ($100 in chips) 
Axoulabete: posts small blind $0.50
Joe_Li7: posts big blind $1
coeeeelho: sits out 
*** HOLE CARDS ***
AlexPinsk1: folds 
Axoulabete: folds 
Uncalled bet ($0.50) returned to Joe_Li7
Joe_Li7 collected $1 from pot
*** SUMMARY ***
Total pot $1 | Rake $0 
Seat 5: coeeeelho
Seat 3: Axoulabete (small blind) folded before Flop
Seat 4: Joe_Li7 (big blind) collected ($1)
Seat 6: AlexPinsk1 (button) folded before Flop (didn't bet)



PokerStars Hand #254624568032:  Hold'em No Limit ($0.50/$1.00 USD) - 2025/01/30 18:23:30 WET [2025/01/30 13:23:30 ET]
Table 'Gacrux' 6-max Seat #3 is the button
Seat 3: Axoulabete ($101.50 in chips) 
Seat 4: Joe_Li7 ($115.46 in chips) 
Seat 5: coeeeelho ($100 in chips) 
Seat 6: AlexPinsk1 ($100 in chips) 
Joe_Li7: posts small blind $0.50
coeeeelho: posts big blind $1
*** HOLE CARDS ***
AlexPinsk1: folds 
Axoulabete: folds 
Joe_Li7: folds 
Uncalled bet ($0.50) returned to coeeeelho
coeeeelho collected $1 from pot
*** SUMMARY ***
Total pot $1 | Rake $0 
Seat 3: Axoulabete (button) folded before Flop (didn't bet)
Seat 4: Joe_Li7 (small blind) folded before Flop
Seat 5: coeeeelho (big blind) collected ($1)
Seat 6: AlexPinsk1 folded before Flop (didn't bet)



PokerStars Hand #254624570508:  Hold'em No Limit ($0.50/$1.00 USD) - 2025/01/30 18:23:39 WET [2025/01/30 13:23:39 ET]
Table 'Gacrux' 6-max Seat #4 is the button
Seat 3: Axoulabete ($101.50 in chips) 
Seat 4: Joe_Li7 ($114.96 in chips) 
Seat 5: coeeeelho ($100.50 in chips) 
Seat 6: AlexPinsk1 ($100 in chips) 
coeeeelho: posts small blind $0.50
AlexPinsk1: posts big blind $1
*** HOLE CARDS ***
Axoulabete: raises $1.60 to $2.60
Joe_Li7: raises $5.40 to $8
coeeeelho: raises $10 to $18
AlexPinsk1: folds 
Axoulabete: folds 
Joe_Li7: calls $10
*** FLOP *** [6s Jh Kd]
coeeeelho: bets $8
Joe_Li7: folds 
Uncalled bet ($8) returned to coeeeelho
coeeeelho collected $38.60 from pot
*** SUMMARY ***
Total pot $39.60 | Rake $1 
Board [6s Jh Kd]
Seat 3: Axoulabete folded before Flop
Seat 4: Joe_Li7 (button) folded on the Flop
Seat 5: coeeeelho (small blind) collected ($38.60)
Seat 6: AlexPinsk1 (big blind) folded before Flop



PokerStars Hand #254624581803:  Hold'em No Limit ($0.50/$1.00 USD) - 2025/01/30 18:24:22 WET [2025/01/30 13:24:22 ET]
Table 'Gacrux' 6-max Seat #5 is the button
Seat 3: Axoulabete ($98.90 in chips) 
Seat 4: Joe_Li7 ($100 in chips) 
Seat 5: coeeeelho ($121.10 in chips) 
Seat 6: AlexPinsk1 ($100 in chips) 
AlexPinsk1: posts small blind $0.50
Axoulabete: posts big blind $1
*** HOLE CARDS ***
Joe_Li7: folds 
coeeeelho: raises $1.50 to $2.50
AlexPinsk1: folds 
Axoulabete: calls $1.50
*** FLOP *** [3d Ad Kd]
Axoulabete: checks 
coeeeelho: checks 
*** TURN *** [3d Ad Kd] [5c]
Axoulabete: bets $2
coeeeelho: raises $5.50 to $7.50
Axoulabete: folds 
Uncalled bet ($5.50) returned to coeeeelho
coeeeelho collected $9.02 from pot
*** SUMMARY ***
Total pot $9.50 | Rake $0.48 
Board [3d Ad Kd 5c]
Seat 3: Axoulabete (big blind) folded on the Turn
Seat 4: Joe_Li7 folded before Flop (didn't bet)
Seat 5: coeeeelho (button) collected ($9.02)
Seat 6: AlexPinsk1 (small blind) folded before Flop



PokerStars Hand #254625092558:  Hold'em No Limit ($0.50/$1.00 USD) - 2025/01/30 18:25:01 WET [2025/01/30 13:25:01 ET]
Table 'Gacrux' 6-max Seat #6 is the button
Seat 3: Axoulabete ($94.40 in chips) 
Seat 4: Joe_Li7 ($100 in chips) 
Seat 5: coeeeelho ($125.62 in chips) 
Seat 6: AlexPinsk1 ($100 in chips) 
Axoulabete: posts small blind $0.50
Joe_Li7: posts big blind $1
*** HOLE CARDS ***
coeeeelho: raises $1.30 to $2.30
AlexPinsk1: raises $4.70 to $7
Axoulabete: folds 
Joe_Li7: folds 
coeeeelho: raises $12 to $19
AlexPinsk1: calls $12
*** FLOP *** [Ah 5s Jh]
coeeeelho: bets $6
AlexPinsk1: folds 
Uncalled bet ($6) returned to coeeeelho
coeeeelho collected $38.50 from pot
*** SUMMARY ***
Total pot $39.50 | Rake $1 
Board [Ah 5s Jh]
Seat 3: Axoulabete (small blind) folded before Flop
Seat 4: Joe_Li7 (big blind) folded before Flop
Seat 5: coeeeelho collected ($38.50)
Seat 6: AlexPinsk1 (button) folded on the Flop



PokerStars Hand #254625111046:  Hold'em No Limit ($0.50/$1.00 USD) - 2025/01/30 18:26:10 WET [2025/01/30 13:26:10 ET]
Table 'Gacrux' 6-max Seat #3 is the button
Seat 3: Axoulabete ($99.50 in chips) 
Seat 4: Joe_Li7 ($100 in chips) 
Seat 5: coeeeelho ($145.12 in chips) 
Seat 6: AlexPinsk1 ($100 in chips) 
Joe_Li7: posts small blind $0.50
coeeeelho: posts big blind $1
*** HOLE CARDS ***
AlexPinsk1: folds 
Axoulabete: folds 
Joe_Li7: folds 
Uncalled bet ($0.50) returned to coeeeelho
coeeeelho collected $1 from pot
*** SUMMARY ***
Total pot $1 | Rake $0 
Seat 3: Axoulabete (button) folded before Flop (didn't bet)
Seat 4: Joe_Li7 (small blind) folded before Flop
Seat 5: coeeeelho (big blind) collected ($1)
Seat 6: AlexPinsk1 folded before Flop (didn't bet)



PokerStars Hand #254625113449:  Hold'em No Limit ($0.50/$1.00 USD) - 2025/01/30 18:26:19 WET [2025/01/30 13:26:19 ET]
Table 'Gacrux' 6-max Seat #4 is the button
Seat 3: Axoulabete ($99.50 in chips) 
Seat 4: Joe_Li7 ($100 in chips) 
Seat 5: coeeeelho ($145.62 in chips) 
Seat 6: AlexPinsk1 ($100 in chips) 
coeeeelho: posts small blind $0.50
AlexPinsk1: posts big blind $1
*** HOLE CARDS ***
Axoulabete: folds 
Joe_Li7: raises $1.20 to $2.20
coeeeelho: folds 
AlexPinsk1: folds 
Uncalled bet ($1.20) returned to Joe_Li7
Joe_Li7 collected $2.50 from pot
*** SUMMARY ***
Total pot $2.50 | Rake $0 
Seat 3: Axoulabete folded before Flop (didn't bet)
Seat 4: Joe_Li7 (button) collected ($2.50)
Seat 5: coeeeelho (small blind) folded before Flop
Seat 6: AlexPinsk1 (big blind) folded before Flop



PokerStars Hand #254625116904:  Hold'em No Limit ($0.50/$1.00 USD) - 2025/01/30 18:26:32 WET [2025/01/30 13:26:32 ET]
Table 'Gacrux' 6-max Seat #5 is the button
Seat 3: Axoulabete ($99.50 in chips) 
Seat 4: Joe_Li7 ($101.50 in chips) 
Seat 5: coeeeelho ($145.12 in chips) 
Seat 6: AlexPinsk1 ($100 in chips) 
AlexPinsk1: posts small blind $0.50
Axoulabete: posts big blind $1
*** HOLE CARDS ***
Joe_Li7: folds 
coeeeelho: raises $1.50 to $2.50
AlexPinsk1: folds 
Axoulabete: folds 
Uncalled bet ($1.50) returned to coeeeelho
coeeeelho collected $2.50 from pot
*** SUMMARY ***
Total pot $2.50 | Rake $0 
Seat 3: Axoulabete (big blind) folded before Flop
Seat 4: Joe_Li7 folded before Flop (didn't bet)
Seat 5: coeeeelho (button) collected ($2.50)
Seat 6: AlexPinsk1 (small blind) folded before Flop



PokerStars Hand #254625120643:  Hold'em No Limit ($0.50/$1.00 USD) - 2025/01/30 18:26:46 WET [2025/01/30 13:26:46 ET]
Table 'Gacrux' 6-max Seat #6 is the button
Seat 3: Axoulabete ($98.50 in chips) 
Seat 4: Joe_Li7 ($101.50 in chips) 
Seat 5: coeeeelho ($146.62 in chips) 
Seat 6: AlexPinsk1 ($100 in chips) 
Axoulabete: posts small blind $0.50
Joe_Li7: posts big blind $1
*** HOLE CARDS ***
coeeeelho: folds 
AlexPinsk1: folds 
Axoulabete: raises $1.60 to $2.60
Joe_Li7: raises $5.90 to $8.50
Axoulabete: calls $5.90
*** FLOP *** [Jh Td Th]
Axoulabete: checks 
Joe_Li7: bets $6.48
Axoulabete: calls $6.48
*** TURN *** [Jh Td Th] [8s]
Axoulabete: checks 
Joe_Li7: bets $21.67
Axoulabete: raises $61.85 to $83.52 and is all-in
Joe_Li7: calls $61.85
*** RIVER *** [Jh Td Th 8s] [5s]
*** SHOW DOWN ***
Axoulabete: shows [3d 3c] (two pair, Tens and Threes)
Joe_Li7: shows [Tc Qc] (three of a kind, Tens)
Joe_Li7 collected $196 from pot
*** SUMMARY ***
Total pot $197 | Rake $1 
Board [Jh Td Th 8s 5s]
Seat 3: Axoulabete (small blind) showed [3d 3c] and lost with two pair, Tens and Threes
Seat 4: Joe_Li7 (big blind) showed [Tc Qc] and won ($196) with three of a kind, Tens
Seat 5: coeeeelho folded before Flop (didn't bet)
Seat 6: AlexPinsk1 (button) folded before Flop (didn't bet)



PokerStars Hand #254625141823:  Hold'em No Limit ($0.50/$1.00 USD) - 2025/01/30 18:28:05 WET [2025/01/30 13:28:05 ET]
Table 'Gacrux' 6-max Seat #4 is the button
Seat 3: Axoulabete ($0 in chips) is sitting out
Seat 4: Joe_Li7 ($199 in chips) 
Seat 5: coeeeelho ($146.62 in chips) 
Seat 6: AlexPinsk1 ($100 in chips) 
coeeeelho: posts small blind $0.50
AlexPinsk1: posts big blind $1
*** HOLE CARDS ***
Axoulabete leaves the table
Joe_Li7: raises $1.20 to $2.20
coeeeelho: folds 
AlexPinsk1: folds 
Uncalled bet ($1.20) returned to Joe_Li7
Joe_Li7 collected $2.50 from pot
*** SUMMARY ***
Total pot $2.50 | Rake $0 
Seat 3: Axoulabete
Seat 4: Joe_Li7 (button) collected ($2.50)
Seat 5: coeeeelho (small blind) folded before Flop
Seat 6: AlexPinsk1 (big blind) folded before Flop



