PokerStars Hand #254631305606:  Hold'em No Limit ($0.50/$1.00 USD) - 2025/01/30 1:03:28 WET [2025/01/30 20:03:28 ET]
Table 'Cevenola' 6-max Seat #3 is the button
Seat 2: btop4887 ($100 in chips) 
Seat 3: CEPTT ($100 in chips) 
CEPTT: posts small blind $0.50
btop4887: posts big blind $1
*** HOLE CARDS ***
CEPTT: raises $1.50 to $2.50
btop4887: calls $1.50
*** FLOP *** [Qc 7d 7h]
btop4887: checks 
CEPTT: checks 
*** TURN *** [Qc 7d 7h] [Td]
btop4887: checks 
Timonessb joins the table at seat #4 
CEPTT: checks 
*** RIVER *** [Qc 7d 7h Td] [4d]
btop4887: bets $5
shootingGRID joins the table at seat #5 
CEPTT: folds 
Uncalled bet ($5) returned to btop4887
btop4887 collected $4.75 from pot
btop4887: shows [7s]
*** SUMMARY ***
Total pot $5 | Rake $0.25 
Board [Qc 7d 7h Td 4d]
Seat 2: btop4887 (big blind) collected ($4.75)
Seat 3: CEPTT (button) (small blind) folded on the River



PokerStars Hand #254631312055:  Hold'em No Limit ($0.50/$1.00 USD) - 2025/01/30 1:04:04 WET [2025/01/30 20:04:04 ET]
Table 'Cevenola' 6-max Seat #2 is the button
Seat 5: shootingGRID ($100 in chips) is sitting out
Seat 2: btop4887 ($102.25 in chips) 
Seat 3: CEPTT ($100 in chips) 
Seat 4: Timonessb ($100 in chips) 
CEPTT: posts small blind $0.50
Timonessb: posts big blind $1
shootingGRID: sits out 
*** HOLE CARDS ***
btop4887: calls $1
CEPTT: folds 
Timonessb: checks 
*** FLOP *** [9d As 6d]
Timonessb: checks 
btop4887: bets $1
Timonessb: folds 
Uncalled bet ($1) returned to btop4887
btop4887 collected $2.38 from pot
*** SUMMARY ***
Total pot $2.50 | Rake $0.12 
Board [9d As 6d]
Seat 5: shootingGRID
Seat 2: btop4887 (button) collected ($2.38)
Seat 3: CEPTT (small blind) folded before Flop
Seat 4: Timonessb (big blind) folded on the Flop



PokerStars Hand #254631314393:  Hold'em No Limit ($0.50/$1.00 USD) - 2025/01/30 1:04:17 WET [2025/01/30 20:04:17 ET]
Table 'Cevenola' 6-max Seat #3 is the button
Seat 2: btop4887 ($103.63 in chips) 
Seat 3: CEPTT ($100 in chips) 
Seat 4: Timonessb ($100 in chips) 
Seat 5: shootingGRID ($100 in chips) 
Timonessb: posts small blind $0.50
shootingGRID: posts big blind $1
*** HOLE CARDS ***
btop4887: calls $1
CEPTT: raises $4 to $5
Timonessb: folds 
shootingGRID: folds 
btop4887: folds 
Uncalled bet ($4) returned to CEPTT
CEPTT collected $3.50 from pot
CEPTT: doesn't show hand 
*** SUMMARY ***
Total pot $3.50 | Rake $0 
Seat 2: btop4887 folded before Flop
Seat 3: CEPTT (button) collected ($3.50)
Seat 4: Timonessb (small blind) folded before Flop
Seat 5: shootingGRID (big blind) folded before Flop



PokerStars Hand #254631317827:  Hold'em No Limit ($0.50/$1.00 USD) - 2025/01/30 1:04:37 WET [2025/01/30 20:04:37 ET]
Table 'Cevenola' 6-max Seat #4 is the button
Seat 2: btop4887 ($102.63 in chips) 
Seat 3: CEPTT ($102.50 in chips) 
Seat 4: Timonessb ($100 in chips) 
Seat 5: shootingGRID ($100 in chips) 
shootingGRID: posts small blind $0.50
btop4887: posts big blind $1
*** HOLE CARDS ***
CEPTT: folds 
Timonessb: folds 
shootingGRID: folds 
Uncalled bet ($0.50) returned to btop4887
btop4887 collected $1 from pot
*** SUMMARY ***
Total pot $1 | Rake $0 
Seat 2: btop4887 (big blind) collected ($1)
Seat 3: CEPTT folded before Flop (didn't bet)
Seat 4: Timonessb (button) folded before Flop (didn't bet)
Seat 5: shootingGRID (small blind) folded before Flop



PokerStars Hand #254631321179:  Hold'em No Limit ($0.50/$1.00 USD) - 2025/01/30 1:04:55 WET [2025/01/30 20:04:55 ET]
Table 'Cevenola' 6-max Seat #5 is the button
Seat 2: btop4887 ($103.13 in chips) 
Seat 3: CEPTT ($102.50 in chips) 
Seat 4: Timonessb ($100 in chips) 
Seat 5: shootingGRID ($100 in chips) 
btop4887: posts small blind $0.50
CEPTT: posts big blind $1
*** HOLE CARDS ***
Timonessb: folds 
shootingGRID: raises $1.50 to $2.50
btop4887: folds 
CEPTT: folds 
Uncalled bet ($1.50) returned to shootingGRID
shootingGRID collected $2.50 from pot
*** SUMMARY ***
Total pot $2.50 | Rake $0 
Seat 2: btop4887 (small blind) folded before Flop
Seat 3: CEPTT (big blind) folded before Flop
Seat 4: Timonessb folded before Flop (didn't bet)
Seat 5: shootingGRID (button) collected ($2.50)



PokerStars Hand #254631329814:  Hold'em No Limit ($0.50/$1.00 USD) - 2025/01/30 1:05:43 WET [2025/01/30 20:05:43 ET]
Table 'Cevenola' 6-max Seat #2 is the button
Seat 2: btop4887 ($102.63 in chips) 
Seat 3: CEPTT ($101.50 in chips) 
Seat 4: Timonessb ($100 in chips) 
Seat 5: shootingGRID ($101.50 in chips) 
CEPTT: posts small blind $0.50
Timonessb: posts big blind $1
*** HOLE CARDS ***
shootingGRID: raises $1.25 to $2.25
btop4887: folds 
CEPTT: folds 
Timonessb: calls $1.25
*** FLOP *** [9c 2d 3s]
Timonessb: checks 
shootingGRID: checks 
*** TURN *** [9c 2d 3s] [Jh]
Timonessb: checks 
shootingGRID: checks 
*** RIVER *** [9c 2d 3s Jh] [Ts]
Timonessb: bets $4.70
shootingGRID: calls $4.70
*** SHOW DOWN ***
Timonessb: shows [8h Kh] (high card King)
shootingGRID: shows [Td Ac] (a pair of Tens)
shootingGRID collected $13.68 from pot
*** SUMMARY ***
Total pot $14.40 | Rake $0.72 
Board [9c 2d 3s Jh Ts]
Seat 2: btop4887 (button) folded before Flop (didn't bet)
Seat 3: CEPTT (small blind) folded before Flop
Seat 4: Timonessb (big blind) showed [8h Kh] and lost with high card King
Seat 5: shootingGRID showed [Td Ac] and won ($13.68) with a pair of Tens



PokerStars Hand #254631339347:  Hold'em No Limit ($0.50/$1.00 USD) - 2025/01/30 1:06:37 WET [2025/01/30 20:06:37 ET]
Table 'Cevenola' 6-max Seat #3 is the button
Seat 2: btop4887 ($102.63 in chips) 
Seat 3: CEPTT ($101 in chips) 
Seat 4: Timonessb ($100 in chips) 
Seat 5: shootingGRID ($108.23 in chips) 
Timonessb: posts small blind $0.50
shootingGRID: posts big blind $1
*** HOLE CARDS ***
btop4887: folds 
CEPTT: folds 
Timonessb: folds 
Uncalled bet ($0.50) returned to shootingGRID
shootingGRID collected $1 from pot
*** SUMMARY ***
Total pot $1 | Rake $0 
Seat 2: btop4887 folded before Flop (didn't bet)
Seat 3: CEPTT (button) folded before Flop (didn't bet)
Seat 4: Timonessb (small blind) folded before Flop
Seat 5: shootingGRID (big blind) collected ($1)



PokerStars Hand #254631341121:  Hold'em No Limit ($0.50/$1.00 USD) - 2025/01/30 1:06:47 WET [2025/01/30 20:06:47 ET]
Table 'Cevenola' 6-max Seat #4 is the button
Seat 2: btop4887 ($102.63 in chips) 
Seat 3: CEPTT ($101 in chips) 
Seat 4: Timonessb ($100 in chips) 
Seat 5: shootingGRID ($108.73 in chips) 
shootingGRID: posts small blind $0.50
btop4887: posts big blind $1
*** HOLE CARDS ***
CEPTT: folds 
Timonessb: raises $1.50 to $2.50
shootingGRID: folds 
btop4887: calls $1.50
*** FLOP *** [5d Ac Jh]
btop4887: checks 
Timonessb: checks 
*** TURN *** [5d Ac Jh] [Ah]
btop4887: bets $2.61
Timonessb: folds 
Uncalled bet ($2.61) returned to btop4887
btop4887 collected $5.22 from pot
*** SUMMARY ***
Total pot $5.50 | Rake $0.28 
Board [5d Ac Jh Ah]
Seat 2: btop4887 (big blind) collected ($5.22)
Seat 3: CEPTT folded before Flop (didn't bet)
Seat 4: Timonessb (button) folded on the Turn
Seat 5: shootingGRID (small blind) folded before Flop



PokerStars Hand #254631345440:  Hold'em No Limit ($0.50/$1.00 USD) - 2025/01/30 1:07:11 WET [2025/01/30 20:07:11 ET]
Table 'Cevenola' 6-max Seat #5 is the button
Seat 2: btop4887 ($105.35 in chips) 
Seat 3: CEPTT ($101 in chips) 
Seat 4: Timonessb ($100 in chips) 
Seat 5: shootingGRID ($108.23 in chips) 
btop4887: posts small blind $0.50
CEPTT: posts big blind $1
*** HOLE CARDS ***
Timonessb: folds 
shootingGRID: raises $1.50 to $2.50
btop4887: calls $2
CEPTT: folds 
*** FLOP *** [Qs 5d Jh]
btop4887: checks 
shootingGRID: bets $1.88
btop4887: calls $1.88
*** TURN *** [Qs 5d Jh] [2c]
btop4887: checks 
shootingGRID: bets $6.62
btop4887: folds 
Uncalled bet ($6.62) returned to shootingGRID
shootingGRID collected $9.27 from pot
*** SUMMARY ***
Total pot $9.76 | Rake $0.49 
Board [Qs 5d Jh 2c]
Seat 2: btop4887 (small blind) folded on the Turn
Seat 3: CEPTT (big blind) folded before Flop
Seat 4: Timonessb folded before Flop (didn't bet)
Seat 5: shootingGRID (button) collected ($9.27)



PokerStars Hand #254631352753:  Hold'em No Limit ($0.50/$1.00 USD) - 2025/01/30 1:07:52 WET [2025/01/30 20:07:52 ET]
Table 'Cevenola' 6-max Seat #2 is the button
Seat 2: btop4887 ($100.97 in chips) 
Seat 3: CEPTT ($100 in chips) 
Seat 4: Timonessb ($100 in chips) 
Seat 5: shootingGRID ($113.12 in chips) 
CEPTT: posts small blind $0.50
Timonessb: posts big blind $1
*** HOLE CARDS ***
shootingGRID: folds 
btop4887: calls $1
CEPTT: folds 
Timonessb: checks 
*** FLOP *** [Kd 6c 6h]
Timonessb: checks 
btop4887: bets $2
Timonessb: raises $5.77 to $7.77
btop4887: folds 
Uncalled bet ($5.77) returned to Timonessb
Timonessb collected $6.18 from pot
Timonessb: doesn't show hand 
*** SUMMARY ***
Total pot $6.50 | Rake $0.32 
Board [Kd 6c 6h]
Seat 2: btop4887 (button) folded on the Flop
Seat 3: CEPTT (small blind) folded before Flop
Seat 4: Timonessb (big blind) collected ($6.18)
Seat 5: shootingGRID folded before Flop (didn't bet)



PokerStars Hand #254631357887:  Hold'em No Limit ($0.50/$1.00 USD) - 2025/01/30 1:08:21 WET [2025/01/30 20:08:21 ET]
Table 'Cevenola' 6-max Seat #3 is the button
Seat 2: btop4887 ($97.97 in chips) 
Seat 3: CEPTT ($100 in chips) 
Seat 4: Timonessb ($103.18 in chips) 
Seat 5: shootingGRID ($113.12 in chips) 
Timonessb: posts small blind $0.50
shootingGRID: posts big blind $1
*** HOLE CARDS ***
btop4887: folds 
CEPTT: raises $1.85 to $2.85
Timonessb: folds 
shootingGRID: calls $1.85
*** FLOP *** [As Jd 5c]
shootingGRID: checks 
CEPTT: checks 
*** TURN *** [As Jd 5c] [5d]
shootingGRID: checks 
CEPTT: checks 
*** RIVER *** [As Jd 5c 5d] [Jh]
shootingGRID: checks 
CEPTT: checks 
*** SHOW DOWN ***
shootingGRID: shows [4h 4c] (two pair, Jacks and Fives)
CEPTT: shows [Qh 9c] (two pair, Jacks and Fives)
shootingGRID collected $2.95 from pot
CEPTT collected $2.94 from pot
*** SUMMARY ***
Total pot $6.20 | Rake $0.31 
Board [As Jd 5c 5d Jh]
Seat 2: btop4887 folded before Flop (didn't bet)
Seat 3: CEPTT (button) showed [Qh 9c] and won ($2.94) with two pair, Jacks and Fives
Seat 4: Timonessb (small blind) folded before Flop
Seat 5: shootingGRID (big blind) showed [4h 4c] and won ($2.95) with two pair, Jacks and Fives



PokerStars Hand #254631367618:  Hold'em No Limit ($0.50/$1.00 USD) - 2025/01/30 1:09:16 WET [2025/01/30 20:09:16 ET]
Table 'Cevenola' 6-max Seat #4 is the button
Seat 2: btop4887 ($97.97 in chips) 
Seat 3: CEPTT ($100.09 in chips) 
Seat 4: Timonessb ($102.68 in chips) 
Seat 5: shootingGRID ($113.22 in chips) 
shootingGRID: posts small blind $0.50
btop4887: posts big blind $1
*** HOLE CARDS ***
CEPTT: raises $1.25 to $2.25
Timonessb: raises $4.75 to $7
shootingGRID: folds 
btop4887: folds 
CEPTT: calls $4.75
*** FLOP *** [7c Ks Qh]
CEPTT: checks 
Timonessb: bets $4.86
CEPTT: raises $12.22 to $17.08
Timonessb: calls $12.22
*** TURN *** [7c Ks Qh] [4h]
CEPTT: bets $14.60
Timonessb: calls $14.60
*** RIVER *** [7c Ks Qh 4h] [5d]
CEPTT: bets $61.41 and is all-in
Timonessb: folds 
Uncalled bet ($61.41) returned to CEPTT
CEPTT collected $77.86 from pot
CEPTT: doesn't show hand 
*** SUMMARY ***
Total pot $78.86 | Rake $1 
Board [7c Ks Qh 4h 5d]
Seat 2: btop4887 (big blind) folded before Flop
Seat 3: CEPTT collected ($77.86)
Seat 4: Timonessb (button) folded on the River
Seat 5: shootingGRID (small blind) folded before Flop



PokerStars Hand #254631385394:  Hold'em No Limit ($0.50/$1.00 USD) - 2025/01/30 1:10:57 WET [2025/01/30 20:10:57 ET]
Table 'Cevenola' 6-max Seat #5 is the button
Seat 2: btop4887 ($96.97 in chips) 
Seat 3: CEPTT ($139.27 in chips) 
Seat 4: Timonessb ($100 in chips) 
Seat 5: shootingGRID ($112.72 in chips) 
btop4887: posts small blind $0.50
CEPTT: posts big blind $1
*** HOLE CARDS ***
Timonessb: folds 
shootingGRID: raises $1.50 to $2.50
btop4887: folds 
CEPTT: calls $1.50
*** FLOP *** [Kd 9d Qc]
CEPTT: checks 
shootingGRID: checks 
*** TURN *** [Kd 9d Qc] [8c]
CEPTT: checks 
shootingGRID: checks 
*** RIVER *** [Kd 9d Qc 8c] [9h]
CEPTT: bets $7.83
shootingGRID: folds 
Uncalled bet ($7.83) returned to CEPTT
CEPTT collected $5.22 from pot
CEPTT: doesn't show hand 
*** SUMMARY ***
Total pot $5.50 | Rake $0.28 
Board [Kd 9d Qc 8c 9h]
Seat 2: btop4887 (small blind) folded before Flop
Seat 3: CEPTT (big blind) collected ($5.22)
Seat 4: Timonessb folded before Flop (didn't bet)
Seat 5: shootingGRID (button) folded on the River



PokerStars Hand #254631396849:  Hold'em No Limit ($0.50/$1.00 USD) - 2025/01/30 1:12:02 WET [2025/01/30 20:12:02 ET]
Table 'Cevenola' 6-max Seat #2 is the button
Seat 2: btop4887 ($96.47 in chips) 
Seat 3: CEPTT ($141.99 in chips) 
Seat 4: Timonessb ($100 in chips) 
Seat 5: shootingGRID ($110.22 in chips) 
CEPTT: posts small blind $0.50
Timonessb: posts big blind $1
*** HOLE CARDS ***
shootingGRID: folds 
btop4887: raises $1 to $2
CEPTT: calls $1.50
Timonessb: folds 
*** FLOP *** [9s Ac 6c]
CEPTT: checks 
btop4887: bets $3
CEPTT: folds 
Uncalled bet ($3) returned to btop4887
btop4887 collected $4.75 from pot
*** SUMMARY ***
Total pot $5 | Rake $0.25 
Board [9s Ac 6c]
Seat 2: btop4887 (button) collected ($4.75)
Seat 3: CEPTT (small blind) folded on the Flop
Seat 4: Timonessb (big blind) folded before Flop
Seat 5: shootingGRID folded before Flop (didn't bet)



PokerStars Hand #254631404662:  Hold'em No Limit ($0.50/$1.00 USD) - 2025/01/30 1:12:46 WET [2025/01/30 20:12:46 ET]
Table 'Cevenola' 6-max Seat #3 is the button
Seat 2: btop4887 ($99.22 in chips) 
Seat 3: CEPTT ($139.99 in chips) 
Seat 4: Timonessb ($100 in chips) 
Seat 5: shootingGRID ($110.22 in chips) 
Timonessb: posts small blind $0.50
shootingGRID: posts big blind $1
*** HOLE CARDS ***
btop4887: calls $1
CEPTT: folds 
Timonessb: folds 
shootingGRID: checks 
*** FLOP *** [Qd 9c 8s]
shootingGRID: checks 
btop4887: checks 
*** TURN *** [Qd 9c 8s] [8h]
shootingGRID: bets $1.69
btop4887: calls $1.69
*** RIVER *** [Qd 9c 8s 8h] [Th]
shootingGRID: checks 
btop4887: checks 
*** SHOW DOWN ***
shootingGRID: shows [7h Qh] (two pair, Queens and Eights)
btop4887: mucks hand 
shootingGRID collected $5.59 from pot
*** SUMMARY ***
Total pot $5.88 | Rake $0.29 
Board [Qd 9c 8s 8h Th]
Seat 2: btop4887 mucked
Seat 3: CEPTT (button) folded before Flop (didn't bet)
Seat 4: Timonessb (small blind) folded before Flop
Seat 5: shootingGRID (big blind) showed [7h Qh] and won ($5.59) with two pair, Queens and Eights



PokerStars Hand #254631411325:  Hold'em No Limit ($0.50/$1.00 USD) - 2025/01/30 1:13:24 WET [2025/01/30 20:13:24 ET]
Table 'Cevenola' 6-max Seat #4 is the button
Seat 2: btop4887 ($96.53 in chips) 
Seat 3: CEPTT ($139.99 in chips) 
Seat 4: Timonessb ($100 in chips) 
Seat 5: shootingGRID ($113.12 in chips) 
shootingGRID: posts small blind $0.50
btop4887: posts big blind $1
*** HOLE CARDS ***
CEPTT: folds 
Timonessb: raises $1.50 to $2.50
shootingGRID: folds 
btop4887: calls $1.50
*** FLOP *** [Ac Th Kd]
btop4887: checks 
Timonessb: bets $2.66
btop4887: calls $2.66
*** TURN *** [Ac Th Kd] [Ks]
btop4887: checks 
Timonessb: checks 
*** RIVER *** [Ac Th Kd Ks] [4d]
7bekon7 joins the table at seat #6 
btop4887: checks 
Timonessb: checks 
*** SHOW DOWN ***
btop4887: shows [7d Ah] (two pair, Aces and Kings)
Timonessb: mucks hand 
btop4887 collected $10.28 from pot
*** SUMMARY ***
Total pot $10.82 | Rake $0.54 
Board [Ac Th Kd Ks 4d]
Seat 2: btop4887 (big blind) showed [7d Ah] and won ($10.28) with two pair, Aces and Kings
Seat 3: CEPTT folded before Flop (didn't bet)
Seat 4: Timonessb (button) mucked
Seat 5: shootingGRID (small blind) folded before Flop



PokerStars Hand #254631415425:  Hold'em No Limit ($0.50/$1.00 USD) - 2025/01/30 1:13:48 WET [2025/01/30 20:13:48 ET]
Table 'Cevenola' 6-max Seat #5 is the button
Seat 6: 7bekon7 ($100 in chips) is sitting out
Seat 2: btop4887 ($101.65 in chips) 
Seat 3: CEPTT ($139.99 in chips) 
Seat 4: Timonessb ($100 in chips) 
Seat 5: shootingGRID ($112.62 in chips) 
btop4887: posts small blind $0.50
CEPTT: posts big blind $1
*** HOLE CARDS ***
Timonessb: raises $1.30 to $2.30
shootingGRID: folds 
btop4887: folds 
CEPTT: folds 
Uncalled bet ($1.30) returned to Timonessb
Timonessb collected $2.50 from pot
*** SUMMARY ***
Total pot $2.50 | Rake $0 
Seat 6: 7bekon7
Seat 2: btop4887 (small blind) folded before Flop
Seat 3: CEPTT (big blind) folded before Flop
Seat 4: Timonessb collected ($2.50)
Seat 5: shootingGRID (button) folded before Flop (didn't bet)



PokerStars Hand #254631418208:  Hold'em No Limit ($0.50/$1.00 USD) - 2025/01/30 1:14:04 WET [2025/01/30 20:14:04 ET]
Table 'Cevenola' 6-max Seat #2 is the button
Seat 6: 7bekon7 ($100 in chips) is sitting out
Seat 2: btop4887 ($101.15 in chips) 
Seat 3: CEPTT ($138.99 in chips) 
Seat 4: Timonessb ($101.50 in chips) 
Seat 5: shootingGRID ($112.62 in chips) 
CEPTT: posts small blind $0.50
Timonessb: posts big blind $1
7bekon7: sits out 
*** HOLE CARDS ***
shootingGRID: folds 
btop4887: calls $1
zhino joins the table at seat #1 
CEPTT: raises $4 to $5
Timonessb: folds 
btop4887: folds 
Uncalled bet ($4) returned to CEPTT
CEPTT collected $3 from pot
CEPTT: doesn't show hand 
*** SUMMARY ***
Total pot $3 | Rake $0 
Seat 6: 7bekon7
Seat 2: btop4887 (button) folded before Flop
Seat 3: CEPTT (small blind) collected ($3)
Seat 4: Timonessb (big blind) folded before Flop
Seat 5: shootingGRID folded before Flop (didn't bet)



PokerStars Hand #254631421730:  Hold'em No Limit ($0.50/$1.00 USD) - 2025/01/30 1:14:24 WET [2025/01/30 20:14:24 ET]
Table 'Cevenola' 6-max Seat #3 is the button
Seat 1: zhino ($100 in chips) is sitting out
Seat 6: 7bekon7 ($100 in chips) is sitting out
Seat 2: btop4887 ($100.15 in chips) 
Seat 3: CEPTT ($140.99 in chips) 
Seat 4: Timonessb ($100.50 in chips) 
Seat 5: shootingGRID ($112.62 in chips) 
Timonessb: posts small blind $0.50
shootingGRID: posts big blind $1
7bekon7: sits out 
zhino: sits out 
*** HOLE CARDS ***
btop4887: raises $1 to $2
CEPTT: folds 
Timonessb: folds 
shootingGRID: folds 
Uncalled bet ($1) returned to btop4887
btop4887 collected $2.50 from pot
*** SUMMARY ***
Total pot $2.50 | Rake $0 
Seat 1: zhino
Seat 6: 7bekon7
Seat 2: btop4887 collected ($2.50)
Seat 3: CEPTT (button) folded before Flop (didn't bet)
Seat 4: Timonessb (small blind) folded before Flop
Seat 5: shootingGRID (big blind) folded before Flop



PokerStars Hand #254631424177:  Hold'em No Limit ($0.50/$1.00 USD) - 2025/01/30 1:14:38 WET [2025/01/30 20:14:38 ET]
Table 'Cevenola' 6-max Seat #4 is the button
Seat 1: zhino ($100 in chips) is sitting out
Seat 2: btop4887 ($101.65 in chips) 
Seat 3: CEPTT ($140.99 in chips) 
Seat 4: Timonessb ($100 in chips) 
Seat 5: shootingGRID ($111.62 in chips) 
Seat 6: 7bekon7 ($100 in chips) 
shootingGRID: posts small blind $0.50
7bekon7: posts big blind $1
zhino: sits out 
*** HOLE CARDS ***
btop4887: folds 
CEPTT: folds 
Timonessb: folds 
shootingGRID: raises $2 to $3
7bekon7: calls $2
*** FLOP *** [9s Td 2h]
shootingGRID: bets $2.85
7bekon7: calls $2.85
*** TURN *** [9s Td 2h] [6c]
shootingGRID: bets $17.50
7bekon7: calls $17.50
*** RIVER *** [9s Td 2h 6c] [Th]
shootingGRID: bets $88.27 and is all-in
7bekon7: folds 
Uncalled bet ($88.27) returned to shootingGRID
shootingGRID collected $44.36 from pot
*** SUMMARY ***
Total pot $46.70 | Rake $2.34 
Board [9s Td 2h 6c Th]
Seat 1: zhino
Seat 2: btop4887 folded before Flop (didn't bet)
Seat 3: CEPTT folded before Flop (didn't bet)
Seat 4: Timonessb (button) folded before Flop (didn't bet)
Seat 5: shootingGRID (small blind) collected ($44.36)
Seat 6: 7bekon7 (big blind) folded on the River



PokerStars Hand #254631443491:  Hold'em No Limit ($0.50/$1.00 USD) - 2025/01/30 1:16:26 WET [2025/01/30 20:16:26 ET]
Table 'Cevenola' 6-max Seat #5 is the button
Seat 1: zhino ($100 in chips) 
Seat 2: btop4887 ($101.65 in chips) 
Seat 3: CEPTT ($140.99 in chips) 
Seat 4: Timonessb ($100 in chips) 
Seat 5: shootingGRID ($132.63 in chips) 
Seat 6: 7bekon7 ($100 in chips) 
7bekon7: posts small blind $0.50
zhino: posts big blind $1
*** HOLE CARDS ***
btop4887: calls $1
CEPTT: calls $1
Timonessb: raises $6 to $7
shootingGRID: folds 
7bekon7: folds 
zhino: folds 
btop4887: folds 
CEPTT: folds 
Uncalled bet ($6) returned to Timonessb
Timonessb collected $4.50 from pot
*** SUMMARY ***
Total pot $4.50 | Rake $0 
Seat 1: zhino (big blind) folded before Flop
Seat 2: btop4887 folded before Flop
Seat 3: CEPTT folded before Flop
Seat 4: Timonessb collected ($4.50)
Seat 5: shootingGRID (button) folded before Flop (didn't bet)
Seat 6: 7bekon7 (small blind) folded before Flop



PokerStars Hand #254631451002:  Hold'em No Limit ($0.50/$1.00 USD) - 2025/01/30 1:17:08 WET [2025/01/30 20:17:08 ET]
Table 'Cevenola' 6-max Seat #6 is the button
Seat 1: zhino ($100 in chips) 
Seat 2: btop4887 ($100.65 in chips) 
Seat 3: CEPTT ($139.99 in chips) 
Seat 4: Timonessb ($103.50 in chips) 
Seat 5: shootingGRID ($132.63 in chips) 
Seat 6: 7bekon7 ($100 in chips) 
zhino: posts small blind $0.50
btop4887: posts big blind $1
*** HOLE CARDS ***
CEPTT: folds 
Timonessb: folds 
shootingGRID: folds 
7bekon7: folds 
zhino: raises $2.49 to $3.49
btop4887: calls $2.49
*** FLOP *** [2d 6s 7c]
zhino: checks 
btop4887: checks 
*** TURN *** [2d 6s 7c] [8d]
zhino: checks 
btop4887: checks 
*** RIVER *** [2d 6s 7c 8d] [Ts]
zhino: checks 
btop4887: checks 
*** SHOW DOWN ***
zhino: shows [8c 5h] (a pair of Eights)
btop4887: mucks hand 
zhino collected $6.63 from pot
*** SUMMARY ***
Total pot $6.98 | Rake $0.35 
Board [2d 6s 7c 8d Ts]
Seat 1: zhino (small blind) showed [8c 5h] and won ($6.63) with a pair of Eights
Seat 2: btop4887 (big blind) mucked
Seat 3: CEPTT folded before Flop (didn't bet)
Seat 4: Timonessb folded before Flop (didn't bet)
Seat 5: shootingGRID folded before Flop (didn't bet)
Seat 6: 7bekon7 (button) folded before Flop (didn't bet)



PokerStars Hand #254631456268:  Hold'em No Limit ($0.50/$1.00 USD) - 2025/01/30 1:17:38 WET [2025/01/30 20:17:38 ET]
Table 'Cevenola' 6-max Seat #1 is the button
Seat 1: zhino ($103.14 in chips) 
Seat 2: btop4887 ($97.16 in chips) 
Seat 3: CEPTT ($139.99 in chips) 
Seat 4: Timonessb ($103.50 in chips) 
Seat 5: shootingGRID ($132.63 in chips) 
Seat 6: 7bekon7 ($100 in chips) 
btop4887: posts small blind $0.50
CEPTT: posts big blind $1
*** HOLE CARDS ***
Timonessb: folds 
shootingGRID: folds 
7bekon7: folds 
zhino: folds 
btop4887: calls $0.50
CEPTT: checks 
*** FLOP *** [4h 3c Jc]
btop4887: bets $1
CEPTT: calls $1
*** TURN *** [4h 3c Jc] [6c]
btop4887: bets $1
CEPTT: calls $1
*** RIVER *** [4h 3c Jc 6c] [As]
btop4887: bets $7
CEPTT: folds 
Uncalled bet ($7) returned to btop4887
btop4887 collected $5.70 from pot
*** SUMMARY ***
Total pot $6 | Rake $0.30 
Board [4h 3c Jc 6c As]
Seat 1: zhino (button) folded before Flop (didn't bet)
Seat 2: btop4887 (small blind) collected ($5.70)
Seat 3: CEPTT (big blind) folded on the River
Seat 4: Timonessb folded before Flop (didn't bet)
Seat 5: shootingGRID folded before Flop (didn't bet)
Seat 6: 7bekon7 folded before Flop (didn't bet)



PokerStars Hand #254631470693:  Hold'em No Limit ($0.50/$1.00 USD) - 2025/01/30 1:19:00 WET [2025/01/30 20:19:00 ET]
Table 'Cevenola' 6-max Seat #2 is the button
Seat 1: zhino ($103.14 in chips) 
Seat 2: btop4887 ($99.86 in chips) 
Seat 3: CEPTT ($136.99 in chips) 
Seat 4: Timonessb ($103.50 in chips) 
Seat 5: shootingGRID ($132.63 in chips) 
Seat 6: 7bekon7 ($100 in chips) 
CEPTT: posts small blind $0.50
Timonessb: posts big blind $1
*** HOLE CARDS ***
shootingGRID: folds 
7bekon7: folds 
zhino: raises $1.79 to $2.79
btop4887: folds 
CEPTT: folds 
Timonessb: folds 
Uncalled bet ($1.79) returned to zhino
zhino collected $2.50 from pot
zhino: doesn't show hand 
*** SUMMARY ***
Total pot $2.50 | Rake $0 
Seat 1: zhino collected ($2.50)
Seat 2: btop4887 (button) folded before Flop (didn't bet)
Seat 3: CEPTT (small blind) folded before Flop
Seat 4: Timonessb (big blind) folded before Flop
Seat 5: shootingGRID folded before Flop (didn't bet)
Seat 6: 7bekon7 folded before Flop (didn't bet)



PokerStars Hand #254631474231:  Hold'em No Limit ($0.50/$1.00 USD) - 2025/01/30 1:19:20 WET [2025/01/30 20:19:20 ET]
Table 'Cevenola' 6-max Seat #3 is the button
Seat 1: zhino ($104.64 in chips) 
Seat 2: btop4887 ($99.86 in chips) 
Seat 3: CEPTT ($136.49 in chips) 
Seat 4: Timonessb ($102.50 in chips) 
Seat 5: shootingGRID ($132.63 in chips) 
Seat 6: 7bekon7 ($100 in chips) 
Timonessb: posts small blind $0.50
shootingGRID: posts big blind $1
*** HOLE CARDS ***
7bekon7: folds 
zhino: raises $1.59 to $2.59
btop4887: folds 
CEPTT: folds 
Timonessb: raises $9.41 to $12
shootingGRID: folds 
zhino: folds 
Uncalled bet ($9.41) returned to Timonessb
Timonessb collected $6.18 from pot
*** SUMMARY ***
Total pot $6.18 | Rake $0 
Seat 1: zhino folded before Flop
Seat 2: btop4887 folded before Flop (didn't bet)
Seat 3: CEPTT (button) folded before Flop (didn't bet)
Seat 4: Timonessb (small blind) collected ($6.18)
Seat 5: shootingGRID (big blind) folded before Flop
Seat 6: 7bekon7 folded before Flop (didn't bet)



PokerStars Hand #254631477761:  Hold'em No Limit ($0.50/$1.00 USD) - 2025/01/30 1:19:40 WET [2025/01/30 20:19:40 ET]
Table 'Cevenola' 6-max Seat #4 is the button
Seat 1: zhino ($102.05 in chips) 
Seat 2: btop4887 ($99.86 in chips) 
Seat 3: CEPTT ($136.49 in chips) 
Seat 4: Timonessb ($106.09 in chips) 
Seat 5: shootingGRID ($131.63 in chips) 
Seat 6: 7bekon7 ($100 in chips) 
shootingGRID: posts small blind $0.50
7bekon7: posts big blind $1
*** HOLE CARDS ***
zhino: folds 
btop4887: raises $1 to $2
CEPTT: folds 
Timonessb: folds 
shootingGRID: folds 
7bekon7: folds 
Uncalled bet ($1) returned to btop4887
btop4887 collected $2.50 from pot
*** SUMMARY ***
Total pot $2.50 | Rake $0 
Seat 1: zhino folded before Flop (didn't bet)
Seat 2: btop4887 collected ($2.50)
Seat 3: CEPTT folded before Flop (didn't bet)
Seat 4: Timonessb (button) folded before Flop (didn't bet)
Seat 5: shootingGRID (small blind) folded before Flop
Seat 6: 7bekon7 (big blind) folded before Flop



PokerStars Hand #254631479597:  Hold'em No Limit ($0.50/$1.00 USD) - 2025/01/30 1:19:51 WET [2025/01/30 20:19:51 ET]
Table 'Cevenola' 6-max Seat #5 is the button
Seat 1: zhino ($102.05 in chips) 
Seat 2: btop4887 ($101.36 in chips) 
Seat 3: CEPTT ($136.49 in chips) 
Seat 4: Timonessb ($106.09 in chips) 
Seat 5: shootingGRID ($131.13 in chips) 
Seat 6: 7bekon7 ($100 in chips) 
7bekon7: posts small blind $0.50
zhino: posts big blind $1
*** HOLE CARDS ***
btop4887: raises $1 to $2
CEPTT: folds 
Timonessb: folds 
shootingGRID: folds 
7bekon7: folds 
zhino: calls $1
*** FLOP *** [8d Jd As]
zhino: checks 
btop4887: bets $2
zhino: folds 
Uncalled bet ($2) returned to btop4887
btop4887 collected $4.28 from pot
*** SUMMARY ***
Total pot $4.50 | Rake $0.22 
Board [8d Jd As]
Seat 1: zhino (big blind) folded on the Flop
Seat 2: btop4887 collected ($4.28)
Seat 3: CEPTT folded before Flop (didn't bet)
Seat 4: Timonessb folded before Flop (didn't bet)
Seat 5: shootingGRID (button) folded before Flop (didn't bet)
Seat 6: 7bekon7 (small blind) folded before Flop



PokerStars Hand #254631485726:  Hold'em No Limit ($0.50/$1.00 USD) - 2025/01/30 1:20:26 WET [2025/01/30 20:20:26 ET]
Table 'Cevenola' 6-max Seat #6 is the button
Seat 1: zhino ($100.05 in chips) 
Seat 2: btop4887 ($103.64 in chips) 
Seat 3: CEPTT ($136.49 in chips) 
Seat 4: Timonessb ($106.09 in chips) 
Seat 5: shootingGRID ($131.13 in chips) 
Seat 6: 7bekon7 ($100 in chips) 
zhino: posts small blind $0.50
btop4887: posts big blind $1
*** HOLE CARDS ***
CEPTT: raises $1.25 to $2.25
Timonessb: folds 
shootingGRID: folds 
7bekon7: folds 
zhino: folds 
btop4887: calls $1.25
*** FLOP *** [Qc 8h 4c]
btop4887: bets $2
CEPTT: raises $8.92 to $10.92
btop4887: folds 
Uncalled bet ($8.92) returned to CEPTT
CEPTT collected $8.55 from pot
CEPTT: doesn't show hand 
*** SUMMARY ***
Total pot $9 | Rake $0.45 
Board [Qc 8h 4c]
Seat 1: zhino (small blind) folded before Flop
Seat 2: btop4887 (big blind) folded on the Flop
Seat 3: CEPTT collected ($8.55)
Seat 4: Timonessb folded before Flop (didn't bet)
Seat 5: shootingGRID folded before Flop (didn't bet)
Seat 6: 7bekon7 (button) folded before Flop (didn't bet)



PokerStars Hand #254631492809:  Hold'em No Limit ($0.50/$1.00 USD) - 2025/01/30 1:21:06 WET [2025/01/30 20:21:06 ET]
Table 'Cevenola' 6-max Seat #1 is the button
Seat 1: zhino ($100 in chips) 
Seat 2: btop4887 ($99.39 in chips) 
Seat 3: CEPTT ($140.79 in chips) 
Seat 4: Timonessb ($106.09 in chips) 
Seat 5: shootingGRID ($131.13 in chips) 
Seat 6: 7bekon7 ($100 in chips) 
btop4887: posts small blind $0.50
CEPTT: posts big blind $1
*** HOLE CARDS ***
Timonessb: raises $1.30 to $2.30
shootingGRID: folds 
7bekon7: folds 
zhino: folds 
btop4887: calls $1.80
CEPTT: folds 
*** FLOP *** [6c Kc 3d]
btop4887: checks 
Timonessb: bets $1.76
btop4887: folds 
Uncalled bet ($1.76) returned to Timonessb
Timonessb collected $5.32 from pot
*** SUMMARY ***
Total pot $5.60 | Rake $0.28 
Board [6c Kc 3d]
Seat 1: zhino (button) folded before Flop (didn't bet)
Seat 2: btop4887 (small blind) folded on the Flop
Seat 3: CEPTT (big blind) folded before Flop
Seat 4: Timonessb collected ($5.32)
Seat 5: shootingGRID folded before Flop (didn't bet)
Seat 6: 7bekon7 folded before Flop (didn't bet)



PokerStars Hand #254631498730:  Hold'em No Limit ($0.50/$1.00 USD) - 2025/01/30 1:21:39 WET [2025/01/30 20:21:39 ET]
Table 'Cevenola' 6-max Seat #2 is the button
Seat 1: zhino ($100 in chips) 
Seat 2: btop4887 ($97.09 in chips) 
Seat 3: CEPTT ($139.79 in chips) 
Seat 4: Timonessb ($109.11 in chips) 
Seat 5: shootingGRID ($131.13 in chips) 
Seat 6: 7bekon7 ($100 in chips) 
CEPTT: posts small blind $0.50
Timonessb: posts big blind $1
*** HOLE CARDS ***
shootingGRID: folds 
7bekon7: raises $1.50 to $2.50
zhino: folds 
btop4887: folds 
CEPTT: raises $9.50 to $12
Timonessb: folds 
7bekon7: folds 
Uncalled bet ($9.50) returned to CEPTT
CEPTT collected $6 from pot
CEPTT: doesn't show hand 
*** SUMMARY ***
Total pot $6 | Rake $0 
Seat 1: zhino folded before Flop (didn't bet)
Seat 2: btop4887 (button) folded before Flop (didn't bet)
Seat 3: CEPTT (small blind) collected ($6)
Seat 4: Timonessb (big blind) folded before Flop
Seat 5: shootingGRID folded before Flop (didn't bet)
Seat 6: 7bekon7 folded before Flop



PokerStars Hand #254631505788:  Hold'em No Limit ($0.50/$1.00 USD) - 2025/01/30 1:22:20 WET [2025/01/30 20:22:20 ET]
Table 'Cevenola' 6-max Seat #3 is the button
Seat 1: zhino ($100 in chips) 
Seat 2: btop4887 ($97.09 in chips) 
Seat 3: CEPTT ($143.29 in chips) 
Seat 4: Timonessb ($108.11 in chips) 
Seat 5: shootingGRID ($131.13 in chips) 
Seat 6: 7bekon7 ($100 in chips) 
Timonessb: posts small blind $0.50
shootingGRID: posts big blind $1
*** HOLE CARDS ***
7bekon7: folds 
zhino: folds 
btop4887: calls $1
CEPTT: folds 
Timonessb: raises $4 to $5
shootingGRID: folds 
btop4887: folds 
Uncalled bet ($4) returned to Timonessb
Timonessb collected $3 from pot
*** SUMMARY ***
Total pot $3 | Rake $0 
Seat 1: zhino folded before Flop (didn't bet)
Seat 2: btop4887 folded before Flop
Seat 3: CEPTT (button) folded before Flop (didn't bet)
Seat 4: Timonessb (small blind) collected ($3)
Seat 5: shootingGRID (big blind) folded before Flop
Seat 6: 7bekon7 folded before Flop (didn't bet)



PokerStars Hand #254631509021:  Hold'em No Limit ($0.50/$1.00 USD) - 2025/01/30 1:22:38 WET [2025/01/30 20:22:38 ET]
Table 'Cevenola' 6-max Seat #4 is the button
Seat 1: zhino ($100 in chips) 
Seat 2: btop4887 ($96.09 in chips) 
Seat 3: CEPTT ($143.29 in chips) 
Seat 4: Timonessb ($110.11 in chips) 
Seat 5: shootingGRID ($130.13 in chips) 
Seat 6: 7bekon7 ($100 in chips) 
shootingGRID: posts small blind $0.50
7bekon7: posts big blind $1
*** HOLE CARDS ***
zhino: folds 
btop4887: calls $1
CEPTT: folds 
Timonessb: raises $2.50 to $3.50
shootingGRID: folds 
7bekon7: folds 
btop4887: calls $2.50
*** FLOP *** [As Ks 9d]
btop4887: checks 
Timonessb: bets $2.67
btop4887: folds 
Uncalled bet ($2.67) returned to Timonessb
Timonessb collected $8.08 from pot
Timonessb: doesn't show hand 
*** SUMMARY ***
Total pot $8.50 | Rake $0.42 
Board [As Ks 9d]
Seat 1: zhino folded before Flop (didn't bet)
Seat 2: btop4887 folded on the Flop
Seat 3: CEPTT folded before Flop (didn't bet)
Seat 4: Timonessb (button) collected ($8.08)
Seat 5: shootingGRID (small blind) folded before Flop
Seat 6: 7bekon7 (big blind) folded before Flop



PokerStars Hand #254631514542:  Hold'em No Limit ($0.50/$1.00 USD) - 2025/01/30 1:23:10 WET [2025/01/30 20:23:10 ET]
Table 'Cevenola' 6-max Seat #5 is the button
Seat 1: zhino ($100 in chips) 
Seat 2: btop4887 ($92.59 in chips) 
Seat 3: CEPTT ($143.29 in chips) 
Seat 4: Timonessb ($114.69 in chips) 
Seat 5: shootingGRID ($129.63 in chips) 
Seat 6: 7bekon7 ($100 in chips) 
7bekon7: posts small blind $0.50
zhino: posts big blind $1
*** HOLE CARDS ***
btop4887: raises $2 to $3
CEPTT: folds 
Timonessb: calls $3
shootingGRID: calls $3
7bekon7: folds 
zhino: folds 
*** FLOP *** [5d 4h Qd]
btop4887: bets $3
Timonessb: calls $3
shootingGRID: folds 
*** TURN *** [5d 4h Qd] [9c]
btop4887: checks 
Timonessb: bets $8
btop4887: calls $8
*** RIVER *** [5d 4h Qd 9c] [Kd]
btop4887: checks 
zhino is disconnected 
Timonessb: bets $20.69
btop4887: folds 
Uncalled bet ($20.69) returned to Timonessb
Timonessb collected $30.88 from pot
*** SUMMARY ***
Total pot $32.50 | Rake $1.62 
Board [5d 4h Qd 9c Kd]
Seat 1: zhino (big blind) folded before Flop
Seat 2: btop4887 folded on the River
Seat 3: CEPTT folded before Flop (didn't bet)
Seat 4: Timonessb collected ($30.88)
Seat 5: shootingGRID (button) folded on the Flop
Seat 6: 7bekon7 (small blind) folded before Flop



PokerStars Hand #254631521652:  Hold'em No Limit ($0.50/$1.00 USD) - 2025/01/30 1:23:56 WET [2025/01/30 20:23:56 ET]
Table 'Cevenola' 6-max Seat #6 is the button
Seat 1: zhino ($100 in chips) 
Seat 2: btop4887 ($78.59 in chips) 
Seat 3: CEPTT ($143.29 in chips) 
Seat 4: Timonessb ($131.57 in chips) 
Seat 5: shootingGRID ($126.63 in chips) 
Seat 6: 7bekon7 ($100 in chips) 
zhino: posts small blind $0.50
btop4887: posts big blind $1
*** HOLE CARDS ***
CEPTT: folds 
Timonessb: raises $1.30 to $2.30
shootingGRID: folds 
7bekon7: folds 
zhino: folds 
btop4887: calls $1.30
*** FLOP *** [9h 4h 6h]
btop4887: checks 
Timonessb: bets $2.47
btop4887: raises $2.47 to $4.94
Timonessb: calls $2.47
*** TURN *** [9h 4h 6h] [2c]
btop4887: bets $4
Timonessb: calls $4
*** RIVER *** [9h 4h 6h 2c] [9c]
btop4887: bets $13.92
Timonessb: folds 
Uncalled bet ($13.92) returned to btop4887
btop4887 collected $21.83 from pot
*** SUMMARY ***
Total pot $22.98 | Rake $1.15 
Board [9h 4h 6h 2c 9c]
Seat 1: zhino (small blind) folded before Flop
Seat 2: btop4887 (big blind) collected ($21.83)
Seat 3: CEPTT folded before Flop (didn't bet)
Seat 4: Timonessb folded on the River
Seat 5: shootingGRID folded before Flop (didn't bet)
Seat 6: 7bekon7 (button) folded before Flop (didn't bet)



PokerStars Hand #254631527124:  Hold'em No Limit ($0.50/$1.00 USD) - 2025/01/30 1:24:29 WET [2025/01/30 20:24:29 ET]
Table 'Cevenola' 6-max Seat #1 is the button
Seat 1: zhino ($100 in chips) 
Seat 2: btop4887 ($89.18 in chips) 
Seat 3: CEPTT ($143.29 in chips) 
Seat 4: Timonessb ($120.33 in chips) 
Seat 5: shootingGRID ($126.63 in chips) 
Seat 6: 7bekon7 ($100 in chips) 
btop4887: posts small blind $0.50
CEPTT: posts big blind $1
*** HOLE CARDS ***
Timonessb: raises $1.30 to $2.30
shootingGRID: folds 
7bekon7: folds 
zhino: folds 
btop4887: calls $1.80
CEPTT: calls $1.30
*** FLOP *** [As 6s 8c]
btop4887: checks 
CEPTT: checks 
Timonessb: bets $3.50
btop4887: calls $3.50
CEPTT: folds 
*** TURN *** [As 6s 8c] [5s]
btop4887: bets $6.60
Timonessb: calls $6.60
*** RIVER *** [As 6s 8c 5s] [3s]
btop4887: checks 
Timonessb: bets $11.44
btop4887: calls $11.44
*** SHOW DOWN ***
Timonessb: shows [Js Ac] (a flush, Ace high)
btop4887: mucks hand 
Timonessb collected $47.48 from pot
*** SUMMARY ***
Total pot $49.98 | Rake $2.50 
Board [As 6s 8c 5s 3s]
Seat 1: zhino (button) folded before Flop (didn't bet)
Seat 2: btop4887 (small blind) mucked
Seat 3: CEPTT (big blind) folded on the Flop
Seat 4: Timonessb showed [Js Ac] and won ($47.48) with a flush, Ace high
Seat 5: shootingGRID folded before Flop (didn't bet)
Seat 6: 7bekon7 folded before Flop (didn't bet)



PokerStars Hand #254631537821:  Hold'em No Limit ($0.50/$1.00 USD) - 2025/01/30 1:25:31 WET [2025/01/30 20:25:31 ET]
Table 'Cevenola' 6-max Seat #2 is the button
Seat 1: zhino ($100 in chips) 
Seat 2: btop4887 ($65.34 in chips) 
Seat 3: CEPTT ($140.99 in chips) 
Seat 4: Timonessb ($143.97 in chips) 
Seat 5: shootingGRID ($126.63 in chips) 
Seat 6: 7bekon7 ($100 in chips) 
CEPTT: posts small blind $0.50
Timonessb: posts big blind $1
*** HOLE CARDS ***
shootingGRID: raises $1.25 to $2.25
7bekon7: folds 
zhino: raises $5.74 to $7.99
btop4887: folds 
btop4887 leaves the table
CEPTT: folds 
Timonessb: folds 
MrBrenna joins the table at seat #2 
MrBrenna is disconnected 
shootingGRID: folds 
Uncalled bet ($5.74) returned to zhino
zhino collected $6 from pot
zhino: doesn't show hand 
*** SUMMARY ***
Total pot $6 | Rake $0 
Seat 1: zhino collected ($6)
Seat 2: btop4887 (button) folded before Flop (didn't bet)
Seat 3: CEPTT (small blind) folded before Flop
Seat 4: Timonessb (big blind) folded before Flop
Seat 5: shootingGRID folded before Flop
Seat 6: 7bekon7 folded before Flop (didn't bet)



PokerStars Hand #254631545624:  Hold'em No Limit ($0.50/$1.00 USD) - 2025/01/30 1:26:15 WET [2025/01/30 20:26:15 ET]
Table 'Cevenola' 6-max Seat #3 is the button
Seat 2: MrBrenna ($50.12 in chips) is sitting out
Seat 1: zhino ($103.75 in chips) 
Seat 3: CEPTT ($140.49 in chips) 
Seat 4: Timonessb ($142.97 in chips) 
Seat 5: shootingGRID ($124.38 in chips) 
Seat 6: 7bekon7 ($100 in chips) 
Timonessb: posts small blind $0.50
shootingGRID: posts big blind $1
MrBrenna: sits out 
*** HOLE CARDS ***
7bekon7: folds 
zhino: folds 
CEPTT: folds 
Timonessb: folds 
Uncalled bet ($0.50) returned to shootingGRID
shootingGRID collected $1 from pot
*** SUMMARY ***
Total pot $1 | Rake $0 
Seat 2: MrBrenna
Seat 1: zhino folded before Flop (didn't bet)
Seat 3: CEPTT (button) folded before Flop (didn't bet)
Seat 4: Timonessb (small blind) folded before Flop
Seat 5: shootingGRID (big blind) collected ($1)
Seat 6: 7bekon7 folded before Flop (didn't bet)



PokerStars Hand #254631548020:  Hold'em No Limit ($0.50/$1.00 USD) - 2025/01/30 1:26:28 WET [2025/01/30 20:26:28 ET]
Table 'Cevenola' 6-max Seat #4 is the button
Seat 2: MrBrenna ($50.12 in chips) is sitting out
Seat 1: zhino ($103.75 in chips) 
Seat 3: CEPTT ($140.49 in chips) 
Seat 4: Timonessb ($142.47 in chips) 
Seat 5: shootingGRID ($124.88 in chips) 
Seat 6: 7bekon7 ($100 in chips) 
shootingGRID: posts small blind $0.50
7bekon7: posts big blind $1
MrBrenna: sits out 
*** HOLE CARDS ***
zhino: raises $1.59 to $2.59
CEPTT: folds 
Timonessb: folds 
shootingGRID: folds 
7bekon7: raises $6.18 to $8.77
zhino: raises $12.22 to $20.99
7bekon7: calls $12.22
*** FLOP *** [5h Ks 3s]
7bekon7: checks 
zhino: bets $9.69
7bekon7: raises $14.94 to $24.63
zhino: folds 
Uncalled bet ($14.94) returned to 7bekon7
7bekon7 collected $59.36 from pot
7bekon7: doesn't show hand 
*** SUMMARY ***
Total pot $61.86 | Rake $2.50 
Board [5h Ks 3s]
Seat 2: MrBrenna
Seat 1: zhino folded on the Flop
Seat 3: CEPTT folded before Flop (didn't bet)
Seat 4: Timonessb (button) folded before Flop (didn't bet)
Seat 5: shootingGRID (small blind) folded before Flop
Seat 6: 7bekon7 (big blind) collected ($59.36)



PokerStars Hand #254631561825:  Hold'em No Limit ($0.50/$1.00 USD) - 2025/01/30 1:27:46 WET [2025/01/30 20:27:46 ET]
Table 'Cevenola' 6-max Seat #5 is the button
Seat 2: MrBrenna ($50.12 in chips) is sitting out
Seat 1: zhino ($100 in chips) 
Seat 3: CEPTT ($140.49 in chips) 
Seat 4: Timonessb ($142.47 in chips) 
Seat 5: shootingGRID ($124.38 in chips) 
Seat 6: 7bekon7 ($128.68 in chips) 
7bekon7: posts small blind $0.50
zhino: posts big blind $1
MrBrenna: sits out 
*** HOLE CARDS ***
CEPTT: folds 
Timonessb: raises $1.30 to $2.30
shootingGRID: folds 
7bekon7: folds 
zhino: folds 
Uncalled bet ($1.30) returned to Timonessb
Timonessb collected $2.50 from pot
*** SUMMARY ***
Total pot $2.50 | Rake $0 
Seat 2: MrBrenna
Seat 1: zhino (big blind) folded before Flop
Seat 3: CEPTT folded before Flop (didn't bet)
Seat 4: Timonessb collected ($2.50)
Seat 5: shootingGRID (button) folded before Flop (didn't bet)
Seat 6: 7bekon7 (small blind) folded before Flop



PokerStars Hand #254631564614:  Hold'em No Limit ($0.50/$1.00 USD) - 2025/01/30 1:28:02 WET [2025/01/30 20:28:02 ET]
Table 'Cevenola' 6-max Seat #6 is the button
Seat 1: zhino ($100 in chips) 
Seat 2: MrBrenna ($50.12 in chips) 
Seat 3: CEPTT ($140.49 in chips) 
Seat 4: Timonessb ($143.97 in chips) 
Seat 5: shootingGRID ($124.38 in chips) 
Seat 6: 7bekon7 ($128.18 in chips) 
zhino: posts small blind $0.50
MrBrenna: posts big blind $1
*** HOLE CARDS ***
CEPTT: raises $1.25 to $2.25
Timonessb: folds 
shootingGRID: folds 
7bekon7: folds 
zhino: folds 
MrBrenna: calls $1.25
*** FLOP *** [9s 7h 6h]
MrBrenna: checks 
CEPTT: checks 
*** TURN *** [9s 7h 6h] [Ks]
MrBrenna: checks 
CEPTT: bets $2.38
MrBrenna: folds 
Uncalled bet ($2.38) returned to CEPTT
CEPTT collected $4.75 from pot
CEPTT: doesn't show hand 
*** SUMMARY ***
Total pot $5 | Rake $0.25 
Board [9s 7h 6h Ks]
Seat 1: zhino (small blind) folded before Flop
Seat 2: MrBrenna (big blind) folded on the Turn
Seat 3: CEPTT collected ($4.75)
Seat 4: Timonessb folded before Flop (didn't bet)
Seat 5: shootingGRID folded before Flop (didn't bet)
Seat 6: 7bekon7 (button) folded before Flop (didn't bet)



PokerStars Hand #254631571268:  Hold'em No Limit ($0.50/$1.00 USD) - 2025/01/30 1:28:39 WET [2025/01/30 20:28:39 ET]
Table 'Cevenola' 6-max Seat #1 is the button
Seat 1: zhino ($100 in chips) 
Seat 2: MrBrenna ($47.87 in chips) 
Seat 3: CEPTT ($142.99 in chips) 
Seat 4: Timonessb ($143.97 in chips) 
Seat 5: shootingGRID ($124.38 in chips) 
Seat 6: 7bekon7 ($128.18 in chips) 
MrBrenna: posts small blind $0.50
CEPTT: posts big blind $1
*** HOLE CARDS ***
Timonessb: folds 
shootingGRID: folds 
7bekon7: folds 
zhino: raises $1.99 to $2.99
MrBrenna: folds 
CEPTT: folds 
Uncalled bet ($1.99) returned to zhino
zhino collected $2.50 from pot
zhino: doesn't show hand 
*** SUMMARY ***
Total pot $2.50 | Rake $0 
Seat 1: zhino (button) collected ($2.50)
Seat 2: MrBrenna (small blind) folded before Flop
Seat 3: CEPTT (big blind) folded before Flop
Seat 4: Timonessb folded before Flop (didn't bet)
Seat 5: shootingGRID folded before Flop (didn't bet)
Seat 6: 7bekon7 folded before Flop (didn't bet)



PokerStars Hand #254631576552:  Hold'em No Limit ($0.50/$1.00 USD) - 2025/01/30 1:29:09 WET [2025/01/30 20:29:09 ET]
Table 'Cevenola' 6-max Seat #2 is the button
Seat 1: zhino ($101.50 in chips) 
Seat 2: MrBrenna ($47.37 in chips) 
Seat 3: CEPTT ($141.99 in chips) 
Seat 4: Timonessb ($143.97 in chips) 
Seat 5: shootingGRID ($124.38 in chips) 
Seat 6: 7bekon7 ($128.18 in chips) 
CEPTT: posts small blind $0.50
Timonessb: posts big blind $1
*** HOLE CARDS ***
shootingGRID: folds 
7bekon7: folds 
zhino: folds 
MrBrenna: folds 
CEPTT: folds 
Uncalled bet ($0.50) returned to Timonessb
Timonessb collected $1 from pot
*** SUMMARY ***
Total pot $1 | Rake $0 
Seat 1: zhino folded before Flop (didn't bet)
Seat 2: MrBrenna (button) folded before Flop (didn't bet)
Seat 3: CEPTT (small blind) folded before Flop
Seat 4: Timonessb (big blind) collected ($1)
Seat 5: shootingGRID folded before Flop (didn't bet)
Seat 6: 7bekon7 folded before Flop (didn't bet)



PokerStars Hand #254631579306:  Hold'em No Limit ($0.50/$1.00 USD) - 2025/01/30 1:29:25 WET [2025/01/30 20:29:25 ET]
Table 'Cevenola' 6-max Seat #3 is the button
Seat 1: zhino ($101.50 in chips) 
Seat 2: MrBrenna ($47.37 in chips) 
Seat 3: CEPTT ($141.49 in chips) 
Seat 4: Timonessb ($144.47 in chips) 
Seat 5: shootingGRID ($124.38 in chips) 
Seat 6: 7bekon7 ($128.18 in chips) 
Timonessb: posts small blind $0.50
shootingGRID: posts big blind $1
*** HOLE CARDS ***
7bekon7: raises $1.25 to $2.25
zhino: raises $5.74 to $7.99
MrBrenna: folds 
CEPTT: folds 
Timonessb: folds 
shootingGRID: folds 
7bekon7: folds 
Uncalled bet ($5.74) returned to zhino
zhino collected $6 from pot
zhino: doesn't show hand 
*** SUMMARY ***
Total pot $6 | Rake $0 
Seat 1: zhino collected ($6)
Seat 2: MrBrenna folded before Flop (didn't bet)
Seat 3: CEPTT (button) folded before Flop (didn't bet)
Seat 4: Timonessb (small blind) folded before Flop
Seat 5: shootingGRID (big blind) folded before Flop
Seat 6: 7bekon7 folded before Flop



PokerStars Hand #254631589388:  Hold'em No Limit ($0.50/$1.00 USD) - 2025/01/30 1:30:22 WET [2025/01/30 20:30:22 ET]
Table 'Cevenola' 6-max Seat #4 is the button
Seat 1: zhino ($105.25 in chips) 
Seat 2: MrBrenna ($47.37 in chips) 
Seat 3: CEPTT ($141.49 in chips) 
Seat 4: Timonessb ($143.97 in chips) 
Seat 5: shootingGRID ($123.38 in chips) 
Seat 6: 7bekon7 ($125.93 in chips) 
shootingGRID: posts small blind $0.50
7bekon7: posts big blind $1
*** HOLE CARDS ***
zhino: raises $1.59 to $2.59
MrBrenna: calls $2.59
CEPTT: folds 
Timonessb: folds 
shootingGRID: folds 
7bekon7: calls $1.59
*** FLOP *** [Ac 7d 9d]
7bekon7: checks 
zhino: bets $2.12
MrBrenna: folds 
7bekon7: calls $2.12
*** TURN *** [Ac 7d 9d] [Js]
7bekon7: checks 
zhino: checks 
*** RIVER *** [Ac 7d 9d Js] [6c]
7bekon7: checks 
zhino: checks 
*** SHOW DOWN ***
7bekon7: shows [Jc Tc] (a pair of Jacks)
zhino: mucks hand 
7bekon7 collected $11.88 from pot
*** SUMMARY ***
Total pot $12.51 | Rake $0.63 
Board [Ac 7d 9d Js 6c]
Seat 1: zhino mucked
Seat 2: MrBrenna folded on the Flop
Seat 3: CEPTT folded before Flop (didn't bet)
Seat 4: Timonessb (button) folded before Flop (didn't bet)
Seat 5: shootingGRID (small blind) folded before Flop
Seat 6: 7bekon7 (big blind) showed [Jc Tc] and won ($11.88) with a pair of Jacks



PokerStars Hand #254631602284:  Hold'em No Limit ($0.50/$1.00 USD) - 2025/01/30 1:31:35 WET [2025/01/30 20:31:35 ET]
Table 'Cevenola' 6-max Seat #5 is the button
Seat 1: zhino ($100.54 in chips) 
Seat 2: MrBrenna ($44.78 in chips) 
Seat 3: CEPTT ($141.49 in chips) 
Seat 4: Timonessb ($143.97 in chips) 
Seat 5: shootingGRID ($122.88 in chips) 
Seat 6: 7bekon7 ($133.10 in chips) 
7bekon7: posts small blind $0.50
zhino: posts big blind $1
*** HOLE CARDS ***
MrBrenna: folds 
CEPTT: folds 
Timonessb: folds 
shootingGRID: folds 
7bekon7: raises $2 to $3
zhino: calls $2
*** FLOP *** [6h Qh 3h]
7bekon7: bets $1.43
zhino: calls $1.43
*** TURN *** [6h Qh 3h] [Jd]
7bekon7: checks 
zhino: bets $4.13
7bekon7: folds 
Uncalled bet ($4.13) returned to zhino
zhino collected $8.42 from pot
zhino: doesn't show hand 
*** SUMMARY ***
Total pot $8.86 | Rake $0.44 
Board [6h Qh 3h Jd]
Seat 1: zhino (big blind) collected ($8.42)
Seat 2: MrBrenna folded before Flop (didn't bet)
Seat 3: CEPTT folded before Flop (didn't bet)
Seat 4: Timonessb folded before Flop (didn't bet)
Seat 5: shootingGRID (button) folded before Flop (didn't bet)
Seat 6: 7bekon7 (small blind) folded on the Turn



PokerStars Hand #254631614027:  Hold'em No Limit ($0.50/$1.00 USD) - 2025/01/30 1:32:42 WET [2025/01/30 20:32:42 ET]
Table 'Cevenola' 6-max Seat #6 is the button
Seat 1: zhino ($104.53 in chips) 
Seat 2: MrBrenna ($44.78 in chips) 
Seat 3: CEPTT ($141.49 in chips) 
Seat 4: Timonessb ($143.97 in chips) 
Seat 5: shootingGRID ($122.88 in chips) 
Seat 6: 7bekon7 ($128.67 in chips) 
zhino: posts small blind $0.50
MrBrenna: posts big blind $1
*** HOLE CARDS ***
CEPTT: folds 
Timonessb: folds 
shootingGRID: folds 
7bekon7: folds 
zhino: raises $2.49 to $3.49
MrBrenna: raises $41.29 to $44.78 and is all-in
zhino: folds 
Uncalled bet ($41.29) returned to MrBrenna
MrBrenna collected $6.98 from pot
*** SUMMARY ***
Total pot $6.98 | Rake $0 
Seat 1: zhino (small blind) folded before Flop
Seat 2: MrBrenna (big blind) collected ($6.98)
Seat 3: CEPTT folded before Flop (didn't bet)
Seat 4: Timonessb folded before Flop (didn't bet)
Seat 5: shootingGRID folded before Flop (didn't bet)
Seat 6: 7bekon7 (button) folded before Flop (didn't bet)



PokerStars Hand #254631617938:  Hold'em No Limit ($0.50/$1.00 USD) - 2025/01/30 1:33:05 WET [2025/01/30 20:33:05 ET]
Table 'Cevenola' 6-max Seat #1 is the button
Seat 1: zhino ($101.04 in chips) 
Seat 2: MrBrenna ($48.27 in chips) 
Seat 3: CEPTT ($141.49 in chips) 
Seat 4: Timonessb ($143.97 in chips) 
Seat 5: shootingGRID ($122.88 in chips) 
Seat 6: 7bekon7 ($128.67 in chips) 
MrBrenna: posts small blind $0.50
CEPTT: posts big blind $1
*** HOLE CARDS ***
Timonessb: raises $1.30 to $2.30
shootingGRID: raises $5.20 to $7.50
7bekon7: folds 
zhino: folds 
MrBrenna: folds 
CEPTT: folds 
Timonessb: folds 
Uncalled bet ($5.20) returned to shootingGRID
shootingGRID collected $6.10 from pot
*** SUMMARY ***
Total pot $6.10 | Rake $0 
Seat 1: zhino (button) folded before Flop (didn't bet)
Seat 2: MrBrenna (small blind) folded before Flop
Seat 3: CEPTT (big blind) folded before Flop
Seat 4: Timonessb folded before Flop
Seat 5: shootingGRID collected ($6.10)
Seat 6: 7bekon7 folded before Flop (didn't bet)



PokerStars Hand #254631625461:  Hold'em No Limit ($0.50/$1.00 USD) - 2025/01/30 1:33:47 WET [2025/01/30 20:33:47 ET]
Table 'Cevenola' 6-max Seat #2 is the button
Seat 1: zhino ($101.04 in chips) 
Seat 2: MrBrenna ($47.77 in chips) 
Seat 3: CEPTT ($140.49 in chips) 
Seat 4: Timonessb ($141.67 in chips) 
Seat 5: shootingGRID ($126.68 in chips) 
Seat 6: 7bekon7 ($128.67 in chips) 
CEPTT: posts small blind $0.50
Timonessb: posts big blind $1
*** HOLE CARDS ***
shootingGRID: folds 
7bekon7: folds 
zhino: raises $1.79 to $2.79
MrBrenna: calls $2.79
CEPTT: folds 
Timonessb: folds 
*** FLOP *** [Kd Ah Qc]
zhino: checks 
MrBrenna: checks 
*** TURN *** [Kd Ah Qc] [9c]
zhino: bets $2.22
MrBrenna: calls $2.22
*** RIVER *** [Kd Ah Qc 9c] [7s]
zhino: bets $10.83
MrBrenna: folds 
Uncalled bet ($10.83) returned to zhino
zhino collected $10.94 from pot
zhino: doesn't show hand 
*** SUMMARY ***
Total pot $11.52 | Rake $0.58 
Board [Kd Ah Qc 9c 7s]
Seat 1: zhino collected ($10.94)
Seat 2: MrBrenna (button) folded on the River
Seat 3: CEPTT (small blind) folded before Flop
Seat 4: Timonessb (big blind) folded before Flop
Seat 5: shootingGRID folded before Flop (didn't bet)
Seat 6: 7bekon7 folded before Flop (didn't bet)



PokerStars Hand #254631631638:  Hold'em No Limit ($0.50/$1.00 USD) - 2025/01/30 1:34:23 WET [2025/01/30 20:34:23 ET]
Table 'Cevenola' 6-max Seat #3 is the button
Seat 1: zhino ($106.97 in chips) 
Seat 2: MrBrenna ($42.76 in chips) 
Seat 3: CEPTT ($139.99 in chips) 
Seat 4: Timonessb ($140.67 in chips) 
Seat 5: shootingGRID ($126.68 in chips) 
Seat 6: 7bekon7 ($128.67 in chips) 
Timonessb: posts small blind $0.50
shootingGRID: posts big blind $1
*** HOLE CARDS ***
7bekon7: folds 
zhino: folds 
MrBrenna: folds 
CEPTT: folds 
Timonessb: raises $2 to $3
shootingGRID: raises $6 to $9
Timonessb: calls $6
*** FLOP *** [8c 6s 4c]
Timonessb: bets $5.64
shootingGRID: calls $5.64
*** TURN *** [8c 6s 4c] [2h]
Timonessb: bets $20.64
shootingGRID: calls $20.64
*** RIVER *** [8c 6s 4c 2h] [4d]
Timonessb: checks 
shootingGRID: checks 
*** SHOW DOWN ***
Timonessb: shows [5h Ad] (a pair of Fours)
shootingGRID: mucks hand 
Timonessb collected $68.06 from pot
*** SUMMARY ***
Total pot $70.56 | Rake $2.50 
Board [8c 6s 4c 2h 4d]
Seat 1: zhino folded before Flop (didn't bet)
Seat 2: MrBrenna folded before Flop (didn't bet)
Seat 3: CEPTT (button) folded before Flop (didn't bet)
Seat 4: Timonessb (small blind) showed [5h Ad] and won ($68.06) with a pair of Fours
Seat 5: shootingGRID (big blind) mucked
Seat 6: 7bekon7 folded before Flop (didn't bet)



PokerStars Hand #254631639319:  Hold'em No Limit ($0.50/$1.00 USD) - 2025/01/30 1:35:08 WET [2025/01/30 20:35:08 ET]
Table 'Cevenola' 6-max Seat #4 is the button
Seat 1: zhino ($106.97 in chips) 
Seat 2: MrBrenna ($42.76 in chips) 
Seat 3: CEPTT ($139.99 in chips) 
Seat 4: Timonessb ($173.45 in chips) 
Seat 5: shootingGRID ($100 in chips) 
Seat 6: 7bekon7 ($128.67 in chips) 
shootingGRID: posts small blind $0.50
7bekon7: posts big blind $1
*** HOLE CARDS ***
zhino: folds 
MrBrenna: folds 
CEPTT: folds 
Timonessb: folds 
shootingGRID: raises $2 to $3
7bekon7: folds 
Uncalled bet ($2) returned to shootingGRID
shootingGRID collected $2 from pot
*** SUMMARY ***
Total pot $2 | Rake $0 
Seat 1: zhino folded before Flop (didn't bet)
Seat 2: MrBrenna folded before Flop (didn't bet)
Seat 3: CEPTT folded before Flop (didn't bet)
Seat 4: Timonessb (button) folded before Flop (didn't bet)
Seat 5: shootingGRID (small blind) collected ($2)
Seat 6: 7bekon7 (big blind) folded before Flop



PokerStars Hand #254631644537:  Hold'em No Limit ($0.50/$1.00 USD) - 2025/01/30 1:35:38 WET [2025/01/30 20:35:38 ET]
Table 'Cevenola' 6-max Seat #5 is the button
Seat 1: zhino ($106.97 in chips) 
Seat 2: MrBrenna ($42.76 in chips) 
Seat 3: CEPTT ($139.99 in chips) 
Seat 4: Timonessb ($173.45 in chips) 
Seat 5: shootingGRID ($101 in chips) 
Seat 6: 7bekon7 ($127.67 in chips) 
7bekon7: posts small blind $0.50
zhino: posts big blind $1
*** HOLE CARDS ***
MrBrenna: folds 
CEPTT: folds 
Timonessb: folds 
shootingGRID: folds 
7bekon7: raises $2 to $3
zhino: raises $6.10 to $9.10
7bekon7: calls $6.10
*** FLOP *** [Jd Ks 9d]
7bekon7: checks 
zhino: bets $4.67
7bekon7: calls $4.67
*** TURN *** [Jd Ks 9d] [7s]
7bekon7: checks 
zhino: checks 
*** RIVER *** [Jd Ks 9d 7s] [9c]
7bekon7: bets $13.08
zhino: calls $13.08
*** SHOW DOWN ***
7bekon7: shows [9s As] (three of a kind, Nines)
zhino: mucks hand 
7bekon7 collected $51.20 from pot
*** SUMMARY ***
Total pot $53.70 | Rake $2.50 
Board [Jd Ks 9d 7s 9c]
Seat 1: zhino (big blind) mucked
Seat 2: MrBrenna folded before Flop (didn't bet)
Seat 3: CEPTT folded before Flop (didn't bet)
Seat 4: Timonessb folded before Flop (didn't bet)
Seat 5: shootingGRID (button) folded before Flop (didn't bet)
Seat 6: 7bekon7 (small blind) showed [9s As] and won ($51.20) with three of a kind, Nines



PokerStars Hand #254631659990:  Hold'em No Limit ($0.50/$1.00 USD) - 2025/01/30 1:37:08 WET [2025/01/30 20:37:08 ET]
Table 'Cevenola' 6-max Seat #6 is the button
Seat 1: zhino ($100 in chips) 
Seat 2: MrBrenna ($42.76 in chips) 
Seat 3: CEPTT ($139.99 in chips) 
Seat 4: Timonessb ($173.45 in chips) 
Seat 5: shootingGRID ($101 in chips) 
Seat 6: 7bekon7 ($152.02 in chips) 
zhino: posts small blind $0.50
MrBrenna: posts big blind $1
*** HOLE CARDS ***
CEPTT: folds 
Timonessb: folds 
shootingGRID: folds 
7bekon7: folds 
zhino: raises $2.49 to $3.49
MrBrenna: folds 
Uncalled bet ($2.49) returned to zhino
zhino collected $2 from pot
zhino: doesn't show hand 
*** SUMMARY ***
Total pot $2 | Rake $0 
Seat 1: zhino (small blind) collected ($2)
Seat 2: MrBrenna (big blind) folded before Flop
Seat 3: CEPTT folded before Flop (didn't bet)
Seat 4: Timonessb folded before Flop (didn't bet)
Seat 5: shootingGRID folded before Flop (didn't bet)
Seat 6: 7bekon7 (button) folded before Flop (didn't bet)



PokerStars Hand #254631662450:  Hold'em No Limit ($0.50/$1.00 USD) - 2025/01/30 1:37:23 WET [2025/01/30 20:37:23 ET]
Table 'Cevenola' 6-max Seat #1 is the button
Seat 1: zhino ($101 in chips) 
Seat 2: MrBrenna ($41.76 in chips) 
Seat 3: CEPTT ($139.99 in chips) 
Seat 4: Timonessb ($173.45 in chips) 
Seat 5: shootingGRID ($101 in chips) 
Seat 6: 7bekon7 ($152.02 in chips) 
MrBrenna: posts small blind $0.50
CEPTT: posts big blind $1
*** HOLE CARDS ***
Timonessb: raises $1.30 to $2.30
shootingGRID: folds 
7bekon7: folds 
zhino: folds 
MrBrenna: folds 
CEPTT: folds 
Uncalled bet ($1.30) returned to Timonessb
Timonessb collected $2.50 from pot
*** SUMMARY ***
Total pot $2.50 | Rake $0 
Seat 1: zhino (button) folded before Flop (didn't bet)
Seat 2: MrBrenna (small blind) folded before Flop
Seat 3: CEPTT (big blind) folded before Flop
Seat 4: Timonessb collected ($2.50)
Seat 5: shootingGRID folded before Flop (didn't bet)
Seat 6: 7bekon7 folded before Flop (didn't bet)



PokerStars Hand #254631664702:  Hold'em No Limit ($0.50/$1.00 USD) - 2025/01/30 1:37:36 WET [2025/01/30 20:37:36 ET]
Table 'Cevenola' 6-max Seat #2 is the button
Seat 1: zhino ($101 in chips) 
Seat 2: MrBrenna ($41.26 in chips) 
Seat 3: CEPTT ($138.99 in chips) 
Seat 4: Timonessb ($174.95 in chips) 
Seat 5: shootingGRID ($101 in chips) 
Seat 6: 7bekon7 ($152.02 in chips) 
CEPTT: posts small blind $0.50
Timonessb: posts big blind $1
*** HOLE CARDS ***
shootingGRID: folds 
7bekon7: folds 
zhino: folds 
MrBrenna: folds 
CEPTT: raises $2 to $3
Timonessb: raises $7 to $10
CEPTT: calls $7
*** FLOP *** [6h 4c 5h]
CEPTT: checks 
Timonessb: checks 
*** TURN *** [6h 4c 5h] [4h]
CEPTT: checks 
Timonessb: bets $6.27
CEPTT: raises $32.17 to $38.44
Timonessb: calls $32.17
*** RIVER *** [6h 4c 5h 4h] [As]
CEPTT: bets $90.55 and is all-in
Timonessb: calls $90.55
*** SHOW DOWN ***
CEPTT: shows [Ah Jh] (a flush, Ace high)
Timonessb: shows [Kh Qh] (a flush, King high)
CEPTT collected $275.48 from pot
*** SUMMARY ***
Total pot $277.98 | Rake $2.50 
Board [6h 4c 5h 4h As]
Seat 1: zhino folded before Flop (didn't bet)
Seat 2: MrBrenna (button) folded before Flop (didn't bet)
Seat 3: CEPTT (small blind) showed [Ah Jh] and won ($275.48) with a flush, Ace high
Seat 4: Timonessb (big blind) showed [Kh Qh] and lost with a flush, King high
Seat 5: shootingGRID folded before Flop (didn't bet)
Seat 6: 7bekon7 folded before Flop (didn't bet)



PokerStars Hand #254631678465:  Hold'em No Limit ($0.50/$1.00 USD) - 2025/01/30 1:38:58 WET [2025/01/30 20:38:58 ET]
Table 'Cevenola' 6-max Seat #3 is the button
Seat 1: zhino ($101 in chips) 
Seat 2: MrBrenna ($41.26 in chips) 
Seat 3: CEPTT ($275.48 in chips) 
Seat 4: Timonessb ($100 in chips) 
Seat 5: shootingGRID ($101 in chips) 
Seat 6: 7bekon7 ($152.02 in chips) 
Timonessb: posts small blind $0.50
shootingGRID: posts big blind $1
*** HOLE CARDS ***
7bekon7: folds 
zhino: folds 
MrBrenna: folds 
CEPTT: folds 
Timonessb: folds 
Uncalled bet ($0.50) returned to shootingGRID
shootingGRID collected $1 from pot
*** SUMMARY ***
Total pot $1 | Rake $0 
Seat 1: zhino folded before Flop (didn't bet)
Seat 2: MrBrenna folded before Flop (didn't bet)
Seat 3: CEPTT (button) folded before Flop (didn't bet)
Seat 4: Timonessb (small blind) folded before Flop
Seat 5: shootingGRID (big blind) collected ($1)
Seat 6: 7bekon7 folded before Flop (didn't bet)



PokerStars Hand #254631682611:  Hold'em No Limit ($0.50/$1.00 USD) - 2025/01/30 1:39:22 WET [2025/01/30 20:39:22 ET]
Table 'Cevenola' 6-max Seat #4 is the button
Seat 1: zhino ($101 in chips) 
Seat 2: MrBrenna ($41.26 in chips) 
Seat 3: CEPTT ($275.48 in chips) 
Seat 4: Timonessb ($100 in chips) 
Seat 5: shootingGRID ($101.50 in chips) 
Seat 6: 7bekon7 ($152.02 in chips) 
shootingGRID: posts small blind $0.50
7bekon7: posts big blind $1
*** HOLE CARDS ***
zhino: folds 
MrBrenna: folds 
CEPTT: folds 
Timonessb: raises $1.50 to $2.50
shootingGRID: folds 
7bekon7: folds 
Uncalled bet ($1.50) returned to Timonessb
Timonessb collected $2.50 from pot
*** SUMMARY ***
Total pot $2.50 | Rake $0 
Seat 1: zhino folded before Flop (didn't bet)
Seat 2: MrBrenna folded before Flop (didn't bet)
Seat 3: CEPTT folded before Flop (didn't bet)
Seat 4: Timonessb (button) collected ($2.50)
Seat 5: shootingGRID (small blind) folded before Flop
Seat 6: 7bekon7 (big blind) folded before Flop



PokerStars Hand #254631686246:  Hold'em No Limit ($0.50/$1.00 USD) - 2025/01/30 1:39:43 WET [2025/01/30 20:39:43 ET]
Table 'Cevenola' 6-max Seat #5 is the button
Seat 1: zhino ($101 in chips) 
Seat 2: MrBrenna ($41.26 in chips) 
Seat 3: CEPTT ($275.48 in chips) 
Seat 4: Timonessb ($101.50 in chips) 
Seat 5: shootingGRID ($101 in chips) 
Seat 6: 7bekon7 ($151.02 in chips) 
7bekon7: posts small blind $0.50
zhino: posts big blind $1
*** HOLE CARDS ***
MrBrenna: folds 
CEPTT: folds 
Timonessb: raises $1.30 to $2.30
shootingGRID: folds 
7bekon7: folds 
zhino: folds 
Uncalled bet ($1.30) returned to Timonessb
Timonessb collected $2.50 from pot
*** SUMMARY ***
Total pot $2.50 | Rake $0 
Seat 1: zhino (big blind) folded before Flop
Seat 2: MrBrenna folded before Flop (didn't bet)
Seat 3: CEPTT folded before Flop (didn't bet)
Seat 4: Timonessb collected ($2.50)
Seat 5: shootingGRID (button) folded before Flop (didn't bet)
Seat 6: 7bekon7 (small blind) folded before Flop



PokerStars Hand #254631692084:  Hold'em No Limit ($0.50/$1.00 USD) - 2025/01/30 1:40:18 WET [2025/01/30 20:40:18 ET]
Table 'Cevenola' 6-max Seat #6 is the button
Seat 1: zhino ($100 in chips) 
Seat 2: MrBrenna ($41.26 in chips) 
Seat 3: CEPTT ($275.48 in chips) 
Seat 4: Timonessb ($103 in chips) 
Seat 5: shootingGRID ($101 in chips) 
Seat 6: 7bekon7 ($150.52 in chips) 
zhino: posts small blind $0.50
MrBrenna: posts big blind $1
*** HOLE CARDS ***
CEPTT: folds 
Timonessb: folds 
shootingGRID: folds 
7bekon7: raises $2 to $3
zhino: raises $8.99 to $11.99
MrBrenna: folds 
7bekon7: folds 
Uncalled bet ($8.99) returned to zhino
zhino collected $7 from pot
zhino: doesn't show hand 
*** SUMMARY ***
Total pot $7 | Rake $0 
Seat 1: zhino (small blind) collected ($7)
Seat 2: MrBrenna (big blind) folded before Flop
Seat 3: CEPTT folded before Flop (didn't bet)
Seat 4: Timonessb folded before Flop (didn't bet)
Seat 5: shootingGRID folded before Flop (didn't bet)
Seat 6: 7bekon7 (button) folded before Flop



PokerStars Hand #254631697595:  Hold'em No Limit ($0.50/$1.00 USD) - 2025/01/30 1:40:50 WET [2025/01/30 20:40:50 ET]
Table 'Cevenola' 6-max Seat #1 is the button
Seat 1: zhino ($104 in chips) 
Seat 2: MrBrenna ($40.26 in chips) 
Seat 3: CEPTT ($275.48 in chips) 
Seat 4: Timonessb ($103 in chips) 
Seat 5: shootingGRID ($101 in chips) 
Seat 6: 7bekon7 ($147.52 in chips) 
MrBrenna: posts small blind $0.50
CEPTT: posts big blind $1
*** HOLE CARDS ***
Timonessb: raises $1.30 to $2.30
shootingGRID: folds 
7bekon7: folds 
zhino: folds 
MrBrenna: folds 
CEPTT: folds 
Uncalled bet ($1.30) returned to Timonessb
Timonessb collected $2.50 from pot
*** SUMMARY ***
Total pot $2.50 | Rake $0 
Seat 1: zhino (button) folded before Flop (didn't bet)
Seat 2: MrBrenna (small blind) folded before Flop
Seat 3: CEPTT (big blind) folded before Flop
Seat 4: Timonessb collected ($2.50)
Seat 5: shootingGRID folded before Flop (didn't bet)
Seat 6: 7bekon7 folded before Flop (didn't bet)



PokerStars Hand #254631701806:  Hold'em No Limit ($0.50/$1.00 USD) - 2025/01/30 1:41:15 WET [2025/01/30 20:41:15 ET]
Table 'Cevenola' 6-max Seat #2 is the button
Seat 1: zhino ($104 in chips) 
Seat 2: MrBrenna ($39.76 in chips) 
Seat 3: CEPTT ($274.48 in chips) 
Seat 4: Timonessb ($104.50 in chips) 
Seat 5: shootingGRID ($101 in chips) 
Seat 6: 7bekon7 ($147.52 in chips) 
CEPTT: posts small blind $0.50
Timonessb: posts big blind $1
*** HOLE CARDS ***
shootingGRID: raises $1.25 to $2.25
7bekon7: folds 
zhino: folds 
MrBrenna: folds 
CEPTT: folds 
Timonessb: folds 
Uncalled bet ($1.25) returned to shootingGRID
shootingGRID collected $2.50 from pot
*** SUMMARY ***
Total pot $2.50 | Rake $0 
Seat 1: zhino folded before Flop (didn't bet)
Seat 2: MrBrenna (button) folded before Flop (didn't bet)
Seat 3: CEPTT (small blind) folded before Flop
Seat 4: Timonessb (big blind) folded before Flop
Seat 5: shootingGRID collected ($2.50)
Seat 6: 7bekon7 folded before Flop (didn't bet)



PokerStars Hand #254631705584:  Hold'em No Limit ($0.50/$1.00 USD) - 2025/01/30 1:41:38 WET [2025/01/30 20:41:38 ET]
Table 'Cevenola' 6-max Seat #3 is the button
Seat 1: zhino ($104 in chips) 
Seat 2: MrBrenna ($39.76 in chips) 
Seat 3: CEPTT ($273.98 in chips) 
Seat 4: Timonessb ($103.50 in chips) 
Seat 5: shootingGRID ($102.50 in chips) 
Seat 6: 7bekon7 ($147.52 in chips) 
Timonessb: posts small blind $0.50
shootingGRID: posts big blind $1
*** HOLE CARDS ***
7bekon7: folds 
zhino: folds 
MrBrenna: calls $1
CEPTT: folds 
Timonessb: calls $0.50
shootingGRID: checks 
*** FLOP *** [Ac 5c 8s]
Timonessb: checks 
shootingGRID: checks 
MrBrenna: bets $2
Timonessb: calls $2
shootingGRID: folds 
*** TURN *** [Ac 5c 8s] [Td]
Timonessb: checks 
MrBrenna: bets $4
Timonessb: folds 
Uncalled bet ($4) returned to MrBrenna
MrBrenna collected $6.65 from pot
*** SUMMARY ***
Total pot $7 | Rake $0.35 
Board [Ac 5c 8s Td]
Seat 1: zhino folded before Flop (didn't bet)
Seat 2: MrBrenna collected ($6.65)
Seat 3: CEPTT (button) folded before Flop (didn't bet)
Seat 4: Timonessb (small blind) folded on the Turn
Seat 5: shootingGRID (big blind) folded on the Flop
Seat 6: 7bekon7 folded before Flop (didn't bet)



PokerStars Hand #254631713212:  Hold'em No Limit ($0.50/$1.00 USD) - 2025/01/30 1:42:23 WET [2025/01/30 20:42:23 ET]
Table 'Cevenola' 6-max Seat #4 is the button
Seat 1: zhino ($104 in chips) 
Seat 2: MrBrenna ($43.41 in chips) 
Seat 3: CEPTT ($273.98 in chips) 
Seat 4: Timonessb ($100.50 in chips) 
Seat 5: shootingGRID ($101.50 in chips) 
Seat 6: 7bekon7 ($147.52 in chips) 
shootingGRID: posts small blind $0.50
7bekon7: posts big blind $1
*** HOLE CARDS ***
zhino: folds 
MrBrenna: folds 
CEPTT: folds 
Timonessb: folds 
shootingGRID: folds 
Uncalled bet ($0.50) returned to 7bekon7
7bekon7 collected $1 from pot
7bekon7: doesn't show hand 
*** SUMMARY ***
Total pot $1 | Rake $0 
Seat 1: zhino folded before Flop (didn't bet)
Seat 2: MrBrenna folded before Flop (didn't bet)
Seat 3: CEPTT folded before Flop (didn't bet)
Seat 4: Timonessb (button) folded before Flop (didn't bet)
Seat 5: shootingGRID (small blind) folded before Flop
Seat 6: 7bekon7 (big blind) collected ($1)



PokerStars Hand #254631715417:  Hold'em No Limit ($0.50/$1.00 USD) - 2025/01/30 1:42:36 WET [2025/01/30 20:42:36 ET]
Table 'Cevenola' 6-max Seat #5 is the button
Seat 1: zhino ($104 in chips) 
Seat 2: MrBrenna ($43.41 in chips) 
Seat 3: CEPTT ($273.98 in chips) 
Seat 4: Timonessb ($100.50 in chips) 
Seat 5: shootingGRID ($101 in chips) 
Seat 6: 7bekon7 ($148.02 in chips) 
7bekon7: posts small blind $0.50
zhino: posts big blind $1
*** HOLE CARDS ***
MrBrenna: folds 
CEPTT: folds 
Timonessb: folds 
shootingGRID: folds 
7bekon7: raises $2 to $3
zhino: folds 
Uncalled bet ($2) returned to 7bekon7
7bekon7 collected $2 from pot
7bekon7: doesn't show hand 
*** SUMMARY ***
Total pot $2 | Rake $0 
Seat 1: zhino (big blind) folded before Flop
Seat 2: MrBrenna folded before Flop (didn't bet)
Seat 3: CEPTT folded before Flop (didn't bet)
Seat 4: Timonessb folded before Flop (didn't bet)
Seat 5: shootingGRID (button) folded before Flop (didn't bet)
Seat 6: 7bekon7 (small blind) collected ($2)



PokerStars Hand #254631718890:  Hold'em No Limit ($0.50/$1.00 USD) - 2025/01/30 1:42:57 WET [2025/01/30 20:42:57 ET]
Table 'Cevenola' 6-max Seat #6 is the button
Seat 1: zhino ($103 in chips) 
Seat 2: MrBrenna ($43.41 in chips) 
Seat 3: CEPTT ($273.98 in chips) 
Seat 4: Timonessb ($100.50 in chips) 
Seat 5: shootingGRID ($101 in chips) 
Seat 6: 7bekon7 ($149.02 in chips) 
zhino: posts small blind $0.50
MrBrenna: posts big blind $1
*** HOLE CARDS ***
CEPTT: raises $1.25 to $2.25
Timonessb: calls $2.25
shootingGRID: folds 
7bekon7: folds 
zhino: folds 
MrBrenna: calls $1.25
*** FLOP *** [7d Jh 4c]
MrBrenna: checks 
CEPTT: checks 
Timonessb: checks 
*** TURN *** [7d Jh 4c] [4h]
MrBrenna: checks 
CEPTT: checks 
Timonessb: checks 
*** RIVER *** [7d Jh 4c 4h] [Ad]
MrBrenna: checks 
CEPTT: checks 
Timonessb: checks 
*** SHOW DOWN ***
MrBrenna: shows [9d Kc] (a pair of Fours)
CEPTT: shows [Tc Ts] (two pair, Tens and Fours)
Timonessb: mucks hand 
CEPTT collected $6.89 from pot
*** SUMMARY ***
Total pot $7.25 | Rake $0.36 
Board [7d Jh 4c 4h Ad]
Seat 1: zhino (small blind) folded before Flop
Seat 2: MrBrenna (big blind) showed [9d Kc] and lost with a pair of Fours
Seat 3: CEPTT showed [Tc Ts] and won ($6.89) with two pair, Tens and Fours
Seat 4: Timonessb mucked
Seat 5: shootingGRID folded before Flop (didn't bet)
Seat 6: 7bekon7 (button) folded before Flop (didn't bet)



PokerStars Hand #254631730303:  Hold'em No Limit ($0.50/$1.00 USD) - 2025/01/30 1:44:04 WET [2025/01/30 20:44:04 ET]
Table 'Cevenola' 6-max Seat #1 is the button
Seat 1: zhino ($102.50 in chips) 
Seat 2: MrBrenna ($41.16 in chips) 
Seat 3: CEPTT ($278.62 in chips) 
Seat 4: Timonessb ($100 in chips) 
Seat 5: shootingGRID ($101 in chips) 
Seat 6: 7bekon7 ($149.02 in chips) 
MrBrenna: posts small blind $0.50
CEPTT: posts big blind $1
*** HOLE CARDS ***
Timonessb: folds 
shootingGRID: folds 
7bekon7: folds 
zhino: raises $1.99 to $2.99
MrBrenna: folds 
CEPTT: raises $9.01 to $12
zhino: folds 
Uncalled bet ($9.01) returned to CEPTT
CEPTT collected $6.48 from pot
CEPTT: doesn't show hand 
*** SUMMARY ***
Total pot $6.48 | Rake $0 
Seat 1: zhino (button) folded before Flop
Seat 2: MrBrenna (small blind) folded before Flop
Seat 3: CEPTT (big blind) collected ($6.48)
Seat 4: Timonessb folded before Flop (didn't bet)
Seat 5: shootingGRID folded before Flop (didn't bet)
Seat 6: 7bekon7 folded before Flop (didn't bet)



PokerStars Hand #254631734453:  Hold'em No Limit ($0.50/$1.00 USD) - 2025/01/30 1:44:29 WET [2025/01/30 20:44:29 ET]
Table 'Cevenola' 6-max Seat #2 is the button
Seat 1: zhino ($100 in chips) 
Seat 2: MrBrenna ($40.66 in chips) 
Seat 3: CEPTT ($282.11 in chips) 
Seat 4: Timonessb ($100 in chips) 
Seat 5: shootingGRID ($101 in chips) 
Seat 6: 7bekon7 ($149.02 in chips) 
CEPTT: posts small blind $0.50
Timonessb: posts big blind $1
*** HOLE CARDS ***
shootingGRID: folds 
7bekon7: folds 
zhino: raises $1.79 to $2.79
MrBrenna: folds 
CEPTT: folds 
Timonessb: folds 
Uncalled bet ($1.79) returned to zhino
zhino collected $2.50 from pot
zhino: doesn't show hand 
*** SUMMARY ***
Total pot $2.50 | Rake $0 
Seat 1: zhino collected ($2.50)
Seat 2: MrBrenna (button) folded before Flop (didn't bet)
Seat 3: CEPTT (small blind) folded before Flop
Seat 4: Timonessb (big blind) folded before Flop
Seat 5: shootingGRID folded before Flop (didn't bet)
Seat 6: 7bekon7 folded before Flop (didn't bet)



PokerStars Hand #254631737007:  Hold'em No Limit ($0.50/$1.00 USD) - 2025/01/30 1:44:44 WET [2025/01/30 20:44:44 ET]
Table 'Cevenola' 6-max Seat #3 is the button
Seat 1: zhino ($101.50 in chips) 
Seat 2: MrBrenna ($40.66 in chips) 
Seat 3: CEPTT ($281.61 in chips) 
Seat 4: Timonessb ($100 in chips) 
Seat 5: shootingGRID ($101 in chips) 
Seat 6: 7bekon7 ($149.02 in chips) 
Timonessb: posts small blind $0.50
shootingGRID: posts big blind $1
*** HOLE CARDS ***
7bekon7: folds 
zhino: raises $1.59 to $2.59
MrBrenna: folds 
CEPTT: folds 
Timonessb: raises $9.41 to $12
shootingGRID: folds 
zhino: raises $89.50 to $101.50 and is all-in
Timonessb: calls $88 and is all-in
Uncalled bet ($1.50) returned to zhino
*** FIRST FLOP *** [Qs 4s Qh]
*** FIRST TURN *** [Qs 4s Qh] [9s]
*** FIRST RIVER *** [Qs 4s Qh 9s] [Jc]
*** SECOND FLOP *** [Th Kd 5h]
*** SECOND TURN *** [Th Kd 5h] [2h]
*** SECOND RIVER *** [Th Kd 5h 2h] [9c]
*** FIRST SHOW DOWN ***
Timonessb: shows [Ah Kh] (a pair of Queens)
zhino: shows [Kc Ac] (a pair of Queens)
Timonessb collected $49.63 from pot
zhino collected $49.62 from pot
*** SECOND SHOW DOWN ***
Timonessb: shows [Ah Kh] (a flush, Ace high)
zhino: shows [Kc Ac] (a pair of Kings)
Timonessb collected $99.25 from pot
*** SUMMARY ***
Total pot $201 | Rake $2.50 
Hand was run twice
FIRST Board [Qs 4s Qh 9s Jc]
SECOND Board [Th Kd 5h 2h 9c]
Seat 1: zhino showed [Kc Ac] and won ($49.62) with a pair of Queens, and lost with a pair of Kings
Seat 2: MrBrenna folded before Flop (didn't bet)
Seat 3: CEPTT (button) folded before Flop (didn't bet)
Seat 4: Timonessb (small blind) showed [Ah Kh] and won ($49.63) with a pair of Queens, and won ($99.25) with a flush, Ace high
Seat 5: shootingGRID (big blind) folded before Flop
Seat 6: 7bekon7 folded before Flop (didn't bet)



PokerStars Hand #254631745266:  Hold'em No Limit ($0.50/$1.00 USD) - 2025/01/30 1:45:33 WET [2025/01/30 20:45:33 ET]
Table 'Cevenola' 6-max Seat #4 is the button
Seat 1: zhino ($100 in chips) is sitting out
Seat 2: MrBrenna ($40.66 in chips) 
Seat 3: CEPTT ($281.61 in chips) 
Seat 4: Timonessb ($148.88 in chips) 
Seat 5: shootingGRID ($100 in chips) 
Seat 6: 7bekon7 ($149.02 in chips) 
shootingGRID: posts small blind $0.50
7bekon7: posts big blind $1
*** HOLE CARDS ***
MrBrenna: folds 
CEPTT: folds 
Timonessb: folds 
shootingGRID: raises $2 to $3
7bekon7: calls $2
*** FLOP *** [9d 6c 4h]
shootingGRID: checks 
7bekon7: checks 
*** TURN *** [9d 6c 4h] [8c]
shootingGRID: checks 
MrBrenna leaves the table
CEPTT leaves the table
7bekon7: checks 
*** RIVER *** [9d 6c 4h 8c] [5s]
shootingGRID: checks 
7bekon7: checks 
*** SHOW DOWN ***
shootingGRID: shows [4c Ad] (a pair of Fours)
7bekon7: mucks hand 
shootingGRID collected $5.70 from pot
*** SUMMARY ***
Total pot $6 | Rake $0.30 
Board [9d 6c 4h 8c 5s]
Seat 1: zhino
Seat 2: MrBrenna folded before Flop (didn't bet)
Seat 3: CEPTT folded before Flop (didn't bet)
Seat 4: Timonessb (button) folded before Flop (didn't bet)
Seat 5: shootingGRID (small blind) showed [4c Ad] and won ($5.70) with a pair of Fours
Seat 6: 7bekon7 (big blind) mucked



PokerStars Hand #254631757308:  Hold'em No Limit ($0.50/$1.00 USD) - 2025/01/30 1:46:44 WET [2025/01/30 20:46:44 ET]
Table 'Cevenola' 6-max Seat #6 is the button
Seat 1: zhino ($100 in chips) is sitting out
Seat 4: Timonessb ($148.88 in chips) is sitting out
Seat 5: shootingGRID ($102.70 in chips) 
Seat 6: 7bekon7 ($146.02 in chips) 
7bekon7: posts small blind $0.50
Timonessb: is sitting out 
shootingGRID: posts big blind $1
*** HOLE CARDS ***
Timonessb leaves the table
7bekon7: raises $2 to $3
shootingGRID: folds 
Uncalled bet ($2) returned to 7bekon7
7bekon7 collected $2 from pot
7bekon7: doesn't show hand 
*** SUMMARY ***
Total pot $2 | Rake $0 
Seat 1: zhino
Seat 4: Timonessb
Seat 5: shootingGRID (big blind) folded before Flop
Seat 6: 7bekon7 (button) (small blind) collected ($2)



PokerStars Hand #254631797697:  Hold'em No Limit ($0.50/$1.00 USD) - 2025/01/30 1:50:46 WET [2025/01/30 20:50:46 ET]
Table 'Cevenola' 6-max Seat #3 is the button
Seat 1: zhino ($100 in chips) is sitting out
Seat 3: nikalas22 ($100 in chips) 
Seat 5: shootingGRID ($101.70 in chips) 
nikalas22: posts small blind $0.50
shootingGRID: posts big blind $1
*** HOLE CARDS ***
nikalas22: raises $1.50 to $2.50
shootingGRID: calls $1.50
*** FLOP *** [6s Td 7s]
shootingGRID: checks 
nikalas22: checks 
*** TURN *** [6s Td 7s] [4c]
shootingGRID: bets $2.38
nikalas22: calls $2.38
*** RIVER *** [6s Td 7s 4c] [Qd]
shootingGRID: checks 
nikalas22: checks 
*** SHOW DOWN ***
shootingGRID: shows [3s 2s] (high card Queen)
nikalas22: shows [5d Ts] (a pair of Tens)
nikalas22 collected $9.27 from pot
*** SUMMARY ***
Total pot $9.76 | Rake $0.49 
Board [6s Td 7s 4c Qd]
Seat 1: zhino
Seat 3: nikalas22 (button) (small blind) showed [5d Ts] and won ($9.27) with a pair of Tens
Seat 5: shootingGRID (big blind) showed [3s 2s] and lost with high card Queen



PokerStars Hand #254631806318:  Hold'em No Limit ($0.50/$1.00 USD) - 2025/01/30 1:51:39 WET [2025/01/30 20:51:39 ET]
Table 'Cevenola' 6-max Seat #5 is the button
Seat 1: zhino ($100 in chips) is sitting out
Seat 3: nikalas22 ($104.39 in chips) 
Seat 5: shootingGRID ($100 in chips) 
shootingGRID: posts small blind $0.50
nikalas22: posts big blind $1
*** HOLE CARDS ***
shootingGRID: folds 
Uncalled bet ($0.50) returned to nikalas22
nikalas22 collected $1 from pot
nikalas22: doesn't show hand 
*** SUMMARY ***
Total pot $1 | Rake $0 
Seat 1: zhino
Seat 3: nikalas22 (big blind) collected ($1)
Seat 5: shootingGRID (button) (small blind) folded before Flop



PokerStars Hand #254631854927:  Hold'em No Limit ($0.50/$1.00 USD) - 2025/01/30 1:57:02 WET [2025/01/30 20:57:02 ET]
Table 'Cevenola' 6-max Seat #1 is the button
Seat 3: nikalas22 ($104.89 in chips) is sitting out
Seat 1: zhino ($100 in chips) 
Seat 5: shootingGRID ($100 in chips) 
zhino: posts small blind $0.50
shootingGRID: posts big blind $1
*** HOLE CARDS ***
zhino: raises $2.49 to $3.49
shootingGRID: calls $2.49
*** FLOP *** [Ad 5c Ah]
shootingGRID: checks 
zhino: bets $1.79
shootingGRID: calls $1.79
*** TURN *** [Ad 5c Ah] [8h]
shootingGRID: checks 
zhino: checks 
*** RIVER *** [Ad 5c Ah 8h] [Qs]
shootingGRID: bets $7.52
zhino: calls $7.52
*** SHOW DOWN ***
shootingGRID: shows [Ac 3h] (three of a kind, Aces)
zhino: mucks hand 
shootingGRID collected $24.60 from pot
*** SUMMARY ***
Total pot $25.60 | Rake $1 
Board [Ad 5c Ah 8h Qs]
Seat 3: nikalas22
Seat 1: zhino (button) (small blind) mucked
Seat 5: shootingGRID (big blind) showed [Ac 3h] and won ($24.60) with three of a kind, Aces



PokerStars Hand #254631858938:  Hold'em No Limit ($0.50/$1.00 USD) - 2025/01/30 1:57:34 WET [2025/01/30 20:57:34 ET]
Table 'Cevenola' 6-max Seat #5 is the button
Seat 1: zhino ($100 in chips) 
Seat 3: nikalas22 ($104.89 in chips) 
Seat 5: shootingGRID ($111.80 in chips) 
zhino: posts small blind $0.50
nikalas22: posts big blind $1
*** HOLE CARDS ***
shootingGRID: folds 
shootingGRID leaves the table
zhino: folds 
Uncalled bet ($0.50) returned to nikalas22
nikalas22 collected $1 from pot
nikalas22: doesn't show hand 
*** SUMMARY ***
Total pot $1 | Rake $0 
Seat 1: zhino (small blind) folded before Flop
Seat 3: nikalas22 (big blind) collected ($1)
Seat 5: shootingGRID (button) folded before Flop (didn't bet)



PokerStars Hand #254631963436:  Hold'em No Limit ($0.50/$1.00 USD) - 2025/01/30 2:09:12 WET [2025/01/30 21:09:12 ET]
Table 'Cevenola' 6-max Seat #1 is the button
Seat 1: zhino ($100 in chips) 
Seat 4: 50CandyJoe ($100 in chips) 
zhino: posts small blind $0.50
50CandyJoe: posts big blind $1
*** HOLE CARDS ***
zhino: folds 
Uncalled bet ($0.50) returned to 50CandyJoe
50CandyJoe collected $1 from pot
50CandyJoe: doesn't show hand 
*** SUMMARY ***
Total pot $1 | Rake $0 
Seat 1: zhino (button) (small blind) folded before Flop
Seat 4: 50CandyJoe (big blind) collected ($1)



PokerStars Hand #254631984940:  Hold'em No Limit ($0.50/$1.00 USD) - 2025/01/30 2:11:31 WET [2025/01/30 21:11:31 ET]
Table 'Cevenola' 6-max Seat #4 is the button
Seat 1: zhino ($100 in chips) is sitting out
Seat 4: 50CandyJoe ($100.50 in chips) 
Seat 6: nikalas22 ($105.39 in chips) 
50CandyJoe: posts small blind $0.50
nikalas22: posts big blind $1
*** HOLE CARDS ***
50CandyJoe: raises $1.50 to $2.50
7bekon7 joins the table at seat #3 
nikalas22: calls $1.50
*** FLOP *** [Ad Qs 5c]
nikalas22: checks 
Consig|iori joins the table at seat #5 
50CandyJoe: bets $1.19
nikalas22: folds 
Uncalled bet ($1.19) returned to 50CandyJoe
50CandyJoe collected $4.75 from pot
50CandyJoe: doesn't show hand 
*** SUMMARY ***
Total pot $5 | Rake $0.25 
Board [Ad Qs 5c]
Seat 1: zhino
Seat 4: 50CandyJoe (button) (small blind) collected ($4.75)
Seat 6: nikalas22 (big blind) folded on the Flop



PokerStars Hand #254631988711:  Hold'em No Limit ($0.50/$1.00 USD) - 2025/01/30 2:11:55 WET [2025/01/30 21:11:55 ET]
Table 'Cevenola' 6-max Seat #6 is the button
Seat 1: zhino ($100 in chips) is sitting out
Seat 3: 7bekon7 ($147.02 in chips) is sitting out
Seat 4: 50CandyJoe ($102.75 in chips) 
Seat 5: Consig|iori ($100 in chips) 
Seat 6: nikalas22 ($102.89 in chips) 
50CandyJoe: posts small blind $0.50
Consig|iori: posts big blind $1
*** HOLE CARDS ***
nikalas22: raises $1.50 to $2.50
SoldIer1024 joins the table at seat #2 
SoldIer1024 is disconnected 
50CandyJoe: folds 
Consig|iori: raises $7.50 to $10
nikalas22: folds 
Uncalled bet ($7.50) returned to Consig|iori
Consig|iori collected $5.50 from pot
Consig|iori: doesn't show hand 
*** SUMMARY ***
Total pot $5.50 | Rake $0 
Seat 1: zhino
Seat 3: 7bekon7
Seat 4: 50CandyJoe (small blind) folded before Flop
Seat 5: Consig|iori (big blind) collected ($5.50)
Seat 6: nikalas22 (button) folded before Flop



PokerStars Hand #254631991900:  Hold'em No Limit ($0.50/$1.00 USD) - 2025/01/30 2:12:16 WET [2025/01/30 21:12:16 ET]
Table 'Cevenola' 6-max Seat #4 is the button
Seat 1: zhino ($100 in chips) is sitting out
Seat 2: SoldIer1024 ($55.07 in chips) is sitting out
Seat 3: 7bekon7 ($147.02 in chips) is sitting out
Seat 4: 50CandyJoe ($102.25 in chips) 
Seat 5: Consig|iori ($103 in chips) 
Seat 6: nikalas22 ($100.39 in chips) 
Consig|iori: posts small blind $0.50
nikalas22: posts big blind $1
SoldIer1024: sits out 
7bekon7: sits out 
*** HOLE CARDS ***
50CandyJoe: raises $1.50 to $2.50
Consig|iori: folds 
nikalas22: folds 
Uncalled bet ($1.50) returned to 50CandyJoe
50CandyJoe collected $2.50 from pot
50CandyJoe: doesn't show hand 
*** SUMMARY ***
Total pot $2.50 | Rake $0 
Seat 1: zhino
Seat 2: SoldIer1024
Seat 3: 7bekon7
Seat 4: 50CandyJoe (button) collected ($2.50)
Seat 5: Consig|iori (small blind) folded before Flop
Seat 6: nikalas22 (big blind) folded before Flop



PokerStars Hand #254631993607:  Hold'em No Limit ($0.50/$1.00 USD) - 2025/01/30 2:12:27 WET [2025/01/30 21:12:27 ET]
Table 'Cevenola' 6-max Seat #5 is the button
Seat 1: zhino ($100 in chips) is sitting out
Seat 3: 7bekon7 ($147.02 in chips) is sitting out
Seat 2: SoldIer1024 ($55.07 in chips) 
Seat 4: 50CandyJoe ($103.75 in chips) 
Seat 5: Consig|iori ($102.50 in chips) 
Seat 6: nikalas22 ($100 in chips) 
nikalas22: posts small blind $0.50
SoldIer1024: posts big blind $1
7bekon7: sits out 
*** HOLE CARDS ***
50CandyJoe: folds 
Consig|iori: folds 
nikalas22: raises $2 to $3
SoldIer1024: calls $2
*** FLOP *** [7h Jh 5d]
nikalas22: bets $1.71
SoldIer1024: calls $1.71
*** TURN *** [7h Jh 5d] [Td]
nikalas22: bets $6.71
SoldIer1024: calls $6.71
*** RIVER *** [7h Jh 5d Td] [Th]
nikalas22: bets $16.38
SoldIer1024: calls $16.38
*** SHOW DOWN ***
nikalas22: shows [Ah 9s] (a pair of Tens)
SoldIer1024: shows [Jc 9c] (two pair, Jacks and Tens)
SoldIer1024 collected $54.60 from pot
*** SUMMARY ***
Total pot $55.60 | Rake $1 
Board [7h Jh 5d Td Th]
Seat 1: zhino
Seat 3: 7bekon7
Seat 2: SoldIer1024 (big blind) showed [Jc 9c] and won ($54.60) with two pair, Jacks and Tens
Seat 4: 50CandyJoe folded before Flop (didn't bet)
Seat 5: Consig|iori (button) folded before Flop (didn't bet)
Seat 6: nikalas22 (small blind) showed [Ah 9s] and lost with a pair of Tens



PokerStars Hand #254631999289:  Hold'em No Limit ($0.50/$1.00 USD) - 2025/01/30 2:13:03 WET [2025/01/30 21:13:03 ET]
Table 'Cevenola' 6-max Seat #6 is the button
Seat 1: zhino ($100 in chips) is sitting out
Seat 2: SoldIer1024 ($81.87 in chips) 
Seat 3: 7bekon7 ($147.02 in chips) 
Seat 4: 50CandyJoe ($103.75 in chips) 
Seat 5: Consig|iori ($102.50 in chips) 
Seat 6: nikalas22 ($100 in chips) 
SoldIer1024: posts small blind $0.50
7bekon7: posts big blind $1
*** HOLE CARDS ***
50CandyJoe: folds 
Consig|iori: folds 
nikalas22: folds 
SoldIer1024: calls $0.50
7bekon7: checks 
*** FLOP *** [Ah 2s 8c]
SoldIer1024: bets $1
7bekon7: folds 
Uncalled bet ($1) returned to SoldIer1024
SoldIer1024 collected $1.90 from pot
*** SUMMARY ***
Total pot $2 | Rake $0.10 
Board [Ah 2s 8c]
Seat 1: zhino
Seat 2: SoldIer1024 (small blind) collected ($1.90)
Seat 3: 7bekon7 (big blind) folded on the Flop
Seat 4: 50CandyJoe folded before Flop (didn't bet)
Seat 5: Consig|iori folded before Flop (didn't bet)
Seat 6: nikalas22 (button) folded before Flop (didn't bet)



PokerStars Hand #254632004826:  Hold'em No Limit ($0.50/$1.00 USD) - 2025/01/30 2:13:39 WET [2025/01/30 21:13:39 ET]
Table 'Cevenola' 6-max Seat #2 is the button
Seat 1: zhino ($100 in chips) is sitting out
Seat 2: SoldIer1024 ($82.77 in chips) 
Seat 3: 7bekon7 ($146.02 in chips) 
Seat 4: 50CandyJoe ($103.75 in chips) 
Seat 5: Consig|iori ($102.50 in chips) 
Seat 6: nikalas22 ($100 in chips) 
7bekon7: posts small blind $0.50
50CandyJoe: posts big blind $1
*** HOLE CARDS ***
Consig|iori: folds 
nikalas22: raises $1.50 to $2.50
SoldIer1024: calls $2.50
7bekon7: folds 
50CandyJoe: folds 
*** FLOP *** [7d 2c 9h]
nikalas22: checks 
SoldIer1024: checks 
*** TURN *** [7d 2c 9h] [Ac]
nikalas22: checks 
SoldIer1024: checks 
*** RIVER *** [7d 2c 9h Ac] [4h]
nikalas22: bets $1.85
SoldIer1024: folds 
Uncalled bet ($1.85) returned to nikalas22
nikalas22 collected $6.18 from pot
nikalas22: doesn't show hand 
*** SUMMARY ***
Total pot $6.50 | Rake $0.32 
Board [7d 2c 9h Ac 4h]
Seat 1: zhino
Seat 2: SoldIer1024 (button) folded on the River
Seat 3: 7bekon7 (small blind) folded before Flop
Seat 4: 50CandyJoe (big blind) folded before Flop
Seat 5: Consig|iori folded before Flop (didn't bet)
Seat 6: nikalas22 collected ($6.18)



PokerStars Hand #254632011423:  Hold'em No Limit ($0.50/$1.00 USD) - 2025/01/30 2:14:21 WET [2025/01/30 21:14:21 ET]
Table 'Cevenola' 6-max Seat #3 is the button
Seat 1: zhino ($100 in chips) is sitting out
Seat 2: SoldIer1024 ($80.27 in chips) 
Seat 3: 7bekon7 ($145.52 in chips) 
Seat 4: 50CandyJoe ($102.75 in chips) 
Seat 5: Consig|iori ($102.50 in chips) 
Seat 6: nikalas22 ($103.68 in chips) 
50CandyJoe: posts small blind $0.50
Consig|iori: posts big blind $1
*** HOLE CARDS ***
nikalas22: folds 
SoldIer1024: folds 
7bekon7: folds 
50CandyJoe: folds 
Uncalled bet ($0.50) returned to Consig|iori
Consig|iori collected $1 from pot
Consig|iori: doesn't show hand 
*** SUMMARY ***
Total pot $1 | Rake $0 
Seat 1: zhino
Seat 2: SoldIer1024 folded before Flop (didn't bet)
Seat 3: 7bekon7 (button) folded before Flop (didn't bet)
Seat 4: 50CandyJoe (small blind) folded before Flop
Seat 5: Consig|iori (big blind) collected ($1)
Seat 6: nikalas22 folded before Flop (didn't bet)



PokerStars Hand #254632012861:  Hold'em No Limit ($0.50/$1.00 USD) - 2025/01/30 2:14:31 WET [2025/01/30 21:14:31 ET]
Table 'Cevenola' 6-max Seat #4 is the button
Seat 1: zhino ($100 in chips) is sitting out
Seat 2: SoldIer1024 ($80.27 in chips) 
Seat 3: 7bekon7 ($145.52 in chips) 
Seat 4: 50CandyJoe ($102.25 in chips) 
Seat 5: Consig|iori ($103 in chips) 
Seat 6: nikalas22 ($103.68 in chips) 
Consig|iori: posts small blind $0.50
nikalas22: posts big blind $1
*** HOLE CARDS ***
SoldIer1024: folds 
7bekon7: raises $1.25 to $2.25
50CandyJoe: folds 
Consig|iori: folds 
nikalas22: folds 
Uncalled bet ($1.25) returned to 7bekon7
7bekon7 collected $2.50 from pot
7bekon7: doesn't show hand 
*** SUMMARY ***
Total pot $2.50 | Rake $0 
Seat 1: zhino
Seat 2: SoldIer1024 folded before Flop (didn't bet)
Seat 3: 7bekon7 collected ($2.50)
Seat 4: 50CandyJoe (button) folded before Flop (didn't bet)
Seat 5: Consig|iori (small blind) folded before Flop
Seat 6: nikalas22 (big blind) folded before Flop



PokerStars Hand #254632016297:  Hold'em No Limit ($0.50/$1.00 USD) - 2025/01/30 2:14:54 WET [2025/01/30 21:14:54 ET]
Table 'Cevenola' 6-max Seat #5 is the button
Seat 1: zhino ($100 in chips) is sitting out
Seat 2: SoldIer1024 ($80.27 in chips) 
Seat 3: 7bekon7 ($147.02 in chips) 
Seat 4: 50CandyJoe ($102.25 in chips) 
Seat 5: Consig|iori ($102.50 in chips) 
Seat 6: nikalas22 ($102.68 in chips) 
nikalas22: posts small blind $0.50
SoldIer1024: posts big blind $1
*** HOLE CARDS ***
7bekon7: folds 
50CandyJoe: raises $1.20 to $2.20
Consig|iori: raises $5.30 to $7.50
nikalas22: folds 
SoldIer1024: folds 
50CandyJoe: folds 
Uncalled bet ($5.30) returned to Consig|iori
Consig|iori collected $5.90 from pot
zhino leaves the table
Consig|iori: doesn't show hand 
*** SUMMARY ***
Total pot $5.90 | Rake $0 
Seat 1: zhino
Seat 2: SoldIer1024 (big blind) folded before Flop
Seat 3: 7bekon7 folded before Flop (didn't bet)
Seat 4: 50CandyJoe folded before Flop
Seat 5: Consig|iori (button) collected ($5.90)
Seat 6: nikalas22 (small blind) folded before Flop



PokerStars Hand #254632020363:  Hold'em No Limit ($0.50/$1.00 USD) - 2025/01/30 2:15:20 WET [2025/01/30 21:15:20 ET]
Table 'Cevenola' 6-max Seat #6 is the button
Seat 2: SoldIer1024 ($79.27 in chips) 
Seat 3: 7bekon7 ($147.02 in chips) 
Seat 4: 50CandyJoe ($100.05 in chips) 
Seat 5: Consig|iori ($106.20 in chips) 
Seat 6: nikalas22 ($102.18 in chips) 
SoldIer1024: posts small blind $0.50
7bekon7: posts big blind $1
*** HOLE CARDS ***
50CandyJoe: folds 
Consig|iori: folds 
nikalas22: folds 
Xenicide joins the table at seat #1 
SoldIer1024: folds 
Uncalled bet ($0.50) returned to 7bekon7
7bekon7 collected $1 from pot
7bekon7: doesn't show hand 
*** SUMMARY ***
Total pot $1 | Rake $0 
Seat 2: SoldIer1024 (small blind) folded before Flop
Seat 3: 7bekon7 (big blind) collected ($1)
Seat 4: 50CandyJoe folded before Flop (didn't bet)
Seat 5: Consig|iori folded before Flop (didn't bet)
Seat 6: nikalas22 (button) folded before Flop (didn't bet)



PokerStars Hand #254632021679:  Hold'em No Limit ($0.50/$1.00 USD) - 2025/01/30 2:15:29 WET [2025/01/30 21:15:29 ET]
Table 'Cevenola' 6-max Seat #2 is the button
Seat 1: Xenicide ($100 in chips) is sitting out
Seat 2: SoldIer1024 ($78.77 in chips) 
Seat 3: 7bekon7 ($147.52 in chips) 
Seat 4: 50CandyJoe ($100.05 in chips) 
Seat 5: Consig|iori ($106.20 in chips) 
Seat 6: nikalas22 ($102.18 in chips) 
7bekon7: posts small blind $0.50
50CandyJoe: posts big blind $1
Xenicide: sits out 
*** HOLE CARDS ***
Consig|iori: raises $1.40 to $2.40
nikalas22: folds 
SoldIer1024: folds 
7bekon7: folds 
50CandyJoe: folds 
Uncalled bet ($1.40) returned to Consig|iori
Consig|iori collected $2.50 from pot
Consig|iori: doesn't show hand 
*** SUMMARY ***
Total pot $2.50 | Rake $0 
Seat 1: Xenicide
Seat 2: SoldIer1024 (button) folded before Flop (didn't bet)
Seat 3: 7bekon7 (small blind) folded before Flop
Seat 4: 50CandyJoe (big blind) folded before Flop
Seat 5: Consig|iori collected ($2.50)
Seat 6: nikalas22 folded before Flop (didn't bet)



PokerStars Hand #254632023167:  Hold'em No Limit ($0.50/$1.00 USD) - 2025/01/30 2:15:39 WET [2025/01/30 21:15:39 ET]
Table 'Cevenola' 6-max Seat #3 is the button
Seat 1: Xenicide ($100 in chips) is sitting out
Seat 2: SoldIer1024 ($78.77 in chips) 
Seat 3: 7bekon7 ($147.02 in chips) 
Seat 4: 50CandyJoe ($100 in chips) 
Seat 5: Consig|iori ($107.70 in chips) 
Seat 6: nikalas22 ($102.18 in chips) 
50CandyJoe: posts small blind $0.50
Consig|iori: posts big blind $1
Xenicide: sits out 
*** HOLE CARDS ***
nikalas22: folds 
SoldIer1024: calls $1
7bekon7: raises $4 to $5
50CandyJoe: folds 
Consig|iori: folds 
SoldIer1024: folds 
Uncalled bet ($4) returned to 7bekon7
7bekon7 collected $3.50 from pot
7bekon7: doesn't show hand 
*** SUMMARY ***
Total pot $3.50 | Rake $0 
Seat 1: Xenicide
Seat 2: SoldIer1024 folded before Flop
Seat 3: 7bekon7 (button) collected ($3.50)
Seat 4: 50CandyJoe (small blind) folded before Flop
Seat 5: Consig|iori (big blind) folded before Flop
Seat 6: nikalas22 folded before Flop (didn't bet)



PokerStars Hand #254632027930:  Hold'em No Limit ($0.50/$1.00 USD) - 2025/01/30 2:16:10 WET [2025/01/30 21:16:10 ET]
Table 'Cevenola' 6-max Seat #4 is the button
Seat 1: Xenicide ($100 in chips) is sitting out
Seat 2: SoldIer1024 ($77.77 in chips) 
Seat 3: 7bekon7 ($149.52 in chips) 
Seat 4: 50CandyJoe ($100 in chips) 
Seat 5: Consig|iori ($106.70 in chips) 
Seat 6: nikalas22 ($102.18 in chips) 
Consig|iori: posts small blind $0.50
nikalas22: posts big blind $1
Xenicide: sits out 
*** HOLE CARDS ***
SoldIer1024: folds 
7bekon7: folds 
50CandyJoe: raises $1.50 to $2.50
Consig|iori: raises $7.50 to $10
nikalas22: folds 
50CandyJoe: folds 
Uncalled bet ($7.50) returned to Consig|iori
Consig|iori collected $6 from pot
Consig|iori: doesn't show hand 
*** SUMMARY ***
Total pot $6 | Rake $0 
Seat 1: Xenicide
Seat 2: SoldIer1024 folded before Flop (didn't bet)
Seat 3: 7bekon7 folded before Flop (didn't bet)
Seat 4: 50CandyJoe (button) folded before Flop
Seat 5: Consig|iori (small blind) collected ($6)
Seat 6: nikalas22 (big blind) folded before Flop



PokerStars Hand #254632032468:  Hold'em No Limit ($0.50/$1.00 USD) - 2025/01/30 2:16:40 WET [2025/01/30 21:16:40 ET]
Table 'Cevenola' 6-max Seat #5 is the button
Seat 1: Xenicide ($100 in chips) 
Seat 2: SoldIer1024 ($77.77 in chips) 
Seat 3: 7bekon7 ($149.52 in chips) 
Seat 4: 50CandyJoe ($100 in chips) 
Seat 5: Consig|iori ($110.20 in chips) 
Seat 6: nikalas22 ($101.18 in chips) 
nikalas22: posts small blind $0.50
Xenicide: posts big blind $1
*** HOLE CARDS ***
SoldIer1024: folds 
7bekon7: raises $1.25 to $2.25
50CandyJoe: folds 
Consig|iori: folds 
nikalas22: folds 
Xenicide: folds 
Uncalled bet ($1.25) returned to 7bekon7
7bekon7 collected $2.50 from pot
7bekon7: doesn't show hand 
*** SUMMARY ***
Total pot $2.50 | Rake $0 
Seat 1: Xenicide (big blind) folded before Flop
Seat 2: SoldIer1024 folded before Flop (didn't bet)
Seat 3: 7bekon7 collected ($2.50)
Seat 4: 50CandyJoe folded before Flop (didn't bet)
Seat 5: Consig|iori (button) folded before Flop (didn't bet)
Seat 6: nikalas22 (small blind) folded before Flop



PokerStars Hand #254632035489:  Hold'em No Limit ($0.50/$1.00 USD) - 2025/01/30 2:17:00 WET [2025/01/30 21:17:00 ET]
Table 'Cevenola' 6-max Seat #6 is the button
Seat 1: Xenicide ($100 in chips) 
Seat 2: SoldIer1024 ($77.77 in chips) 
Seat 3: 7bekon7 ($151.02 in chips) 
Seat 4: 50CandyJoe ($100 in chips) 
Seat 5: Consig|iori ($110.20 in chips) 
Seat 6: nikalas22 ($100.68 in chips) 
Xenicide: posts small blind $0.50
SoldIer1024: posts big blind $1
*** HOLE CARDS ***
7bekon7: folds 
50CandyJoe: folds 
Consig|iori: folds 
nikalas22: raises $1.50 to $2.50
Consig|iori leaves the table
Xenicide: folds 
SoldIer1024: raises $2.50 to $5
nikalas22: folds 
Uncalled bet ($2.50) returned to SoldIer1024
gudinho0710 joins the table at seat #5 
SoldIer1024 collected $5.50 from pot
gudinho0710 is disconnected 
*** SUMMARY ***
Total pot $5.50 | Rake $0 
Seat 1: Xenicide (small blind) folded before Flop
Seat 2: SoldIer1024 (big blind) collected ($5.50)
Seat 3: 7bekon7 folded before Flop (didn't bet)
Seat 4: 50CandyJoe folded before Flop (didn't bet)
Seat 5: Consig|iori folded before Flop (didn't bet)
Seat 6: nikalas22 (button) folded before Flop



PokerStars Hand #254632039971:  Hold'em No Limit ($0.50/$1.00 USD) - 2025/01/30 2:17:30 WET [2025/01/30 21:17:30 ET]
Table 'Cevenola' 6-max Seat #1 is the button
Seat 5: gudinho0710 ($19.92 in chips) is sitting out
Seat 1: Xenicide ($100 in chips) 
Seat 2: SoldIer1024 ($80.77 in chips) 
Seat 3: 7bekon7 ($151.02 in chips) 
Seat 4: 50CandyJoe ($100 in chips) 
Seat 6: nikalas22 ($100 in chips) 
SoldIer1024: posts small blind $0.50
7bekon7: posts big blind $1
gudinho0710: sits out 
*** HOLE CARDS ***
50CandyJoe: raises $1.20 to $2.20
nikalas22: folds 
Xenicide: folds 
SoldIer1024: raises $4.20 to $6.40
7bekon7: folds 
50CandyJoe: calls $4.20
*** FLOP *** [Th 8s 7h]
SoldIer1024: bets $5.56
50CandyJoe: calls $5.56
*** TURN *** [Th 8s 7h] [Qd]
SoldIer1024: bets $15.84
50CandyJoe: folds 
Uncalled bet ($15.84) returned to SoldIer1024
SoldIer1024 collected $23.67 from pot
*** SUMMARY ***
Total pot $24.92 | Rake $1.25 
Board [Th 8s 7h Qd]
Seat 5: gudinho0710
Seat 1: Xenicide (button) folded before Flop (didn't bet)
Seat 2: SoldIer1024 (small blind) collected ($23.67)
Seat 3: 7bekon7 (big blind) folded before Flop
Seat 4: 50CandyJoe folded on the Turn
Seat 6: nikalas22 folded before Flop (didn't bet)



PokerStars Hand #254632048918:  Hold'em No Limit ($0.50/$1.00 USD) - 2025/01/30 2:18:31 WET [2025/01/30 21:18:31 ET]
Table 'Cevenola' 6-max Seat #2 is the button
Seat 5: gudinho0710 ($19.92 in chips) is sitting out
Seat 1: Xenicide ($100 in chips) 
Seat 2: SoldIer1024 ($92.48 in chips) 
Seat 3: 7bekon7 ($150.02 in chips) 
Seat 4: 50CandyJoe ($100 in chips) 
Seat 6: nikalas22 ($100 in chips) 
7bekon7: posts small blind $0.50
50CandyJoe: posts big blind $1
gudinho0710: sits out 
*** HOLE CARDS ***
nikalas22: folds 
Xenicide: folds 
SoldIer1024: calls $1
7bekon7: folds 
50CandyJoe: checks 
*** FLOP *** [4h 8h Ks]
50CandyJoe: checks 
SoldIer1024: bets $2
50CandyJoe: calls $2
*** TURN *** [4h 8h Ks] [Qd]
50CandyJoe: checks 
SoldIer1024: checks 
*** RIVER *** [4h 8h Ks Qd] [Kc]
50CandyJoe: bets $6.18
SoldIer1024: folds 
Uncalled bet ($6.18) returned to 50CandyJoe
50CandyJoe collected $6.18 from pot
50CandyJoe: doesn't show hand 
*** SUMMARY ***
Total pot $6.50 | Rake $0.32 
Board [4h 8h Ks Qd Kc]
Seat 5: gudinho0710
Seat 1: Xenicide folded before Flop (didn't bet)
Seat 2: SoldIer1024 (button) folded on the River
Seat 3: 7bekon7 (small blind) folded before Flop
Seat 4: 50CandyJoe (big blind) collected ($6.18)
Seat 6: nikalas22 folded before Flop (didn't bet)



PokerStars Hand #254632054489:  Hold'em No Limit ($0.50/$1.00 USD) - 2025/01/30 2:19:08 WET [2025/01/30 21:19:08 ET]
Table 'Cevenola' 6-max Seat #3 is the button
Seat 1: Xenicide ($100 in chips) 
Seat 2: SoldIer1024 ($89.48 in chips) 
Seat 3: 7bekon7 ($149.52 in chips) 
Seat 4: 50CandyJoe ($103.18 in chips) 
Seat 5: gudinho0710 ($19.92 in chips) 
Seat 6: nikalas22 ($100 in chips) 
50CandyJoe: posts small blind $0.50
gudinho0710: posts big blind $1
*** HOLE CARDS ***
nikalas22: folds 
Xenicide: folds 
SoldIer1024: folds 
7bekon7: folds 
50CandyJoe: folds 
Uncalled bet ($0.50) returned to gudinho0710
gudinho0710 collected $1 from pot
*** SUMMARY ***
Total pot $1 | Rake $0 
Seat 1: Xenicide folded before Flop (didn't bet)
Seat 2: SoldIer1024 folded before Flop (didn't bet)
Seat 3: 7bekon7 (button) folded before Flop (didn't bet)
Seat 4: 50CandyJoe (small blind) folded before Flop
Seat 5: gudinho0710 (big blind) collected ($1)
Seat 6: nikalas22 folded before Flop (didn't bet)



PokerStars Hand #254632057856:  Hold'em No Limit ($0.50/$1.00 USD) - 2025/01/30 2:19:30 WET [2025/01/30 21:19:30 ET]
Table 'Cevenola' 6-max Seat #4 is the button
Seat 1: Xenicide ($100 in chips) 
Seat 2: SoldIer1024 ($89.48 in chips) 
Seat 3: 7bekon7 ($149.52 in chips) 
Seat 4: 50CandyJoe ($102.68 in chips) 
Seat 5: gudinho0710 ($20.42 in chips) 
Seat 6: nikalas22 ($100 in chips) 
gudinho0710: posts small blind $0.50
nikalas22: posts big blind $1
*** HOLE CARDS ***
Xenicide: folds 
SoldIer1024: folds 
7bekon7: folds 
50CandyJoe: folds 
gudinho0710: calls $0.50
nikalas22: raises $4 to $5
gudinho0710 is disconnected 
gudinho0710 has timed out while disconnected
gudinho0710: folds 
Uncalled bet ($4) returned to nikalas22
nikalas22 collected $2 from pot
nikalas22: doesn't show hand 
*** SUMMARY ***
Total pot $2 | Rake $0 
Seat 1: Xenicide folded before Flop (didn't bet)
Seat 2: SoldIer1024 folded before Flop (didn't bet)
Seat 3: 7bekon7 folded before Flop (didn't bet)
Seat 4: 50CandyJoe (button) folded before Flop (didn't bet)
Seat 5: gudinho0710 (small blind) folded before Flop
Seat 6: nikalas22 (big blind) collected ($2)



PokerStars Hand #254632064745:  Hold'em No Limit ($0.50/$1.00 USD) - 2025/01/30 2:20:16 WET [2025/01/30 21:20:16 ET]
Table 'Cevenola' 6-max Seat #6 is the button
Seat 5: gudinho0710 ($19.42 in chips) is sitting out
Seat 1: Xenicide ($100 in chips) 
Seat 2: SoldIer1024 ($89.48 in chips) 
Seat 3: 7bekon7 ($149.52 in chips) 
Seat 4: 50CandyJoe ($102.68 in chips) 
Seat 6: nikalas22 ($101 in chips) 
Xenicide: posts small blind $0.50
SoldIer1024: posts big blind $1
*** HOLE CARDS ***
7bekon7: folds 
50CandyJoe: folds 
nikalas22: raises $1.50 to $2.50
Xenicide: folds 
SoldIer1024: folds 
Uncalled bet ($1.50) returned to nikalas22
nikalas22 collected $2.50 from pot
nikalas22: doesn't show hand 
*** SUMMARY ***
Total pot $2.50 | Rake $0 
Seat 5: gudinho0710
Seat 1: Xenicide (small blind) folded before Flop
Seat 2: SoldIer1024 (big blind) folded before Flop
Seat 3: 7bekon7 folded before Flop (didn't bet)
Seat 4: 50CandyJoe folded before Flop (didn't bet)
Seat 6: nikalas22 (button) collected ($2.50)



PokerStars Hand #254632067989:  Hold'em No Limit ($0.50/$1.00 USD) - 2025/01/30 2:20:38 WET [2025/01/30 21:20:38 ET]
Table 'Cevenola' 6-max Seat #1 is the button
Seat 1: Xenicide ($100 in chips) 
Seat 2: SoldIer1024 ($88.48 in chips) 
Seat 3: 7bekon7 ($149.52 in chips) 
Seat 4: 50CandyJoe ($102.68 in chips) 
Seat 5: gudinho0710 ($19.42 in chips) 
Seat 6: nikalas22 ($102.50 in chips) 
SoldIer1024: posts small blind $0.50
7bekon7: posts big blind $1
*** HOLE CARDS ***
50CandyJoe: raises $1.20 to $2.20
gudinho0710: calls $2.20
nikalas22: folds 
Xenicide: folds 
SoldIer1024: folds 
7bekon7: folds 
*** FLOP *** [5h 4d 3d]
50CandyJoe: checks 
gudinho0710: checks 
*** TURN *** [5h 4d 3d] [Kd]
50CandyJoe: bets $1.85
gudinho0710: folds 
Uncalled bet ($1.85) returned to 50CandyJoe
50CandyJoe collected $5.60 from pot
50CandyJoe: doesn't show hand 
*** SUMMARY ***
Total pot $5.90 | Rake $0.30 
Board [5h 4d 3d Kd]
Seat 1: Xenicide (button) folded before Flop (didn't bet)
Seat 2: SoldIer1024 (small blind) folded before Flop
Seat 3: 7bekon7 (big blind) folded before Flop
Seat 4: 50CandyJoe collected ($5.60)
Seat 5: gudinho0710 folded on the Turn
Seat 6: nikalas22 folded before Flop (didn't bet)



PokerStars Hand #254632073764:  Hold'em No Limit ($0.50/$1.00 USD) - 2025/01/30 2:21:17 WET [2025/01/30 21:21:17 ET]
Table 'Cevenola' 6-max Seat #2 is the button
Seat 1: Xenicide ($100 in chips) 
Seat 2: SoldIer1024 ($87.98 in chips) 
Seat 3: 7bekon7 ($148.52 in chips) 
Seat 4: 50CandyJoe ($106.08 in chips) 
Seat 5: gudinho0710 ($17.22 in chips) 
Seat 6: nikalas22 ($102.50 in chips) 
7bekon7: posts small blind $0.50
50CandyJoe: posts big blind $1
*** HOLE CARDS ***
gudinho0710: calls $1
nikalas22: folds 
Xenicide: raises $3 to $4
SoldIer1024: folds 
7bekon7: folds 
50CandyJoe: raises $10 to $14
gudinho0710: folds 
Xenicide: folds 
Uncalled bet ($10) returned to 50CandyJoe
50CandyJoe collected $9.50 from pot
50CandyJoe: doesn't show hand 
*** SUMMARY ***
Total pot $9.50 | Rake $0 
Seat 1: Xenicide folded before Flop
Seat 2: SoldIer1024 (button) folded before Flop (didn't bet)
Seat 3: 7bekon7 (small blind) folded before Flop
Seat 4: 50CandyJoe (big blind) collected ($9.50)
Seat 5: gudinho0710 folded before Flop
Seat 6: nikalas22 folded before Flop (didn't bet)



PokerStars Hand #254632084637:  Hold'em No Limit ($0.50/$1.00 USD) - 2025/01/30 2:22:29 WET [2025/01/30 21:22:29 ET]
Table 'Cevenola' 6-max Seat #3 is the button
Seat 1: Xenicide ($100 in chips) 
Seat 2: SoldIer1024 ($87.98 in chips) 
Seat 3: 7bekon7 ($148.02 in chips) 
Seat 4: 50CandyJoe ($111.58 in chips) 
Seat 5: gudinho0710 ($16.22 in chips) 
Seat 6: nikalas22 ($102.50 in chips) 
50CandyJoe: posts small blind $0.50
gudinho0710: posts big blind $1
*** HOLE CARDS ***
nikalas22: folds 
Xenicide: folds 
SoldIer1024: folds 
7bekon7: folds 
50CandyJoe: folds 
Uncalled bet ($0.50) returned to gudinho0710
gudinho0710 collected $1 from pot
*** SUMMARY ***
Total pot $1 | Rake $0 
Seat 1: Xenicide folded before Flop (didn't bet)
Seat 2: SoldIer1024 folded before Flop (didn't bet)
Seat 3: 7bekon7 (button) folded before Flop (didn't bet)
Seat 4: 50CandyJoe (small blind) folded before Flop
Seat 5: gudinho0710 (big blind) collected ($1)
Seat 6: nikalas22 folded before Flop (didn't bet)



PokerStars Hand #254632120064:  Hold'em No Limit ($0.50/$1.00 USD) - 2025/01/30 2:26:26 WET [2025/01/30 21:26:26 ET]
Table 'Cevenola' 6-max Seat #1 is the button
Seat 1: Xenicide ($100 in chips) 
Seat 2: SoldIer1024 ($81.98 in chips) 
Seat 3: 7bekon7 ($260.10 in chips) 
Seat 4: 50CandyJoe ($100 in chips) 
Seat 5: gudinho0710 ($32.72 in chips) 
Seat 6: nikalas22 ($101 in chips) 
SoldIer1024: posts small blind $0.50
7bekon7: posts big blind $1
*** HOLE CARDS ***
50CandyJoe: raises $1.20 to $2.20
gudinho0710: folds 
nikalas22: folds 
Xenicide: folds 
SoldIer1024: calls $1.70
7bekon7: calls $1.20
*** FLOP *** [3s 6d Qh]
SoldIer1024: checks 
7bekon7: checks 
50CandyJoe: bets $2.07
SoldIer1024: folds 
7bekon7: folds 
Uncalled bet ($2.07) returned to 50CandyJoe
50CandyJoe collected $6.27 from pot
50CandyJoe: doesn't show hand 
*** SUMMARY ***
Total pot $6.60 | Rake $0.33 
Board [3s 6d Qh]
Seat 1: Xenicide (button) folded before Flop (didn't bet)
Seat 2: SoldIer1024 (small blind) folded on the Flop
Seat 3: 7bekon7 (big blind) folded on the Flop
Seat 4: 50CandyJoe collected ($6.27)
Seat 5: gudinho0710 folded before Flop (didn't bet)
Seat 6: nikalas22 folded before Flop (didn't bet)



PokerStars Hand #254632125541:  Hold'em No Limit ($0.50/$1.00 USD) - 2025/01/30 2:27:03 WET [2025/01/30 21:27:03 ET]
Table 'Cevenola' 6-max Seat #2 is the button
Seat 1: Xenicide ($100 in chips) 
Seat 2: SoldIer1024 ($79.78 in chips) 
Seat 3: 7bekon7 ($257.90 in chips) 
Seat 4: 50CandyJoe ($104.07 in chips) 
Seat 5: gudinho0710 ($32.72 in chips) 
Seat 6: nikalas22 ($101 in chips) 
7bekon7: posts small blind $0.50
50CandyJoe: posts big blind $1
*** HOLE CARDS ***
gudinho0710: folds 
nikalas22: folds 
Xenicide: raises $1 to $2
SoldIer1024: calls $2
7bekon7: folds 
50CandyJoe: folds 
*** FLOP *** [Kh 3d Ad]
Xenicide: checks 
SoldIer1024: bets $2
Xenicide: folds 
Uncalled bet ($2) returned to SoldIer1024
SoldIer1024 collected $5.22 from pot
*** SUMMARY ***
Total pot $5.50 | Rake $0.28 
Board [Kh 3d Ad]
Seat 1: Xenicide folded on the Flop
Seat 2: SoldIer1024 (button) collected ($5.22)
Seat 3: 7bekon7 (small blind) folded before Flop
Seat 4: 50CandyJoe (big blind) folded before Flop
Seat 5: gudinho0710 folded before Flop (didn't bet)
Seat 6: nikalas22 folded before Flop (didn't bet)



PokerStars Hand #254632132948:  Hold'em No Limit ($0.50/$1.00 USD) - 2025/01/30 2:27:54 WET [2025/01/30 21:27:54 ET]
Table 'Cevenola' 6-max Seat #3 is the button
Seat 1: Xenicide ($100 in chips) 
Seat 2: SoldIer1024 ($83 in chips) 
Seat 3: 7bekon7 ($257.40 in chips) 
Seat 4: 50CandyJoe ($103.07 in chips) 
Seat 5: gudinho0710 ($32.72 in chips) 
Seat 6: nikalas22 ($101 in chips) 
50CandyJoe: posts small blind $0.50
gudinho0710: posts big blind $1
*** HOLE CARDS ***
nikalas22: folds 
Xenicide: folds 
SoldIer1024: calls $1
7bekon7: calls $1
50CandyJoe: calls $0.50
gudinho0710: raises $1 to $2
SoldIer1024: raises $3 to $5
7bekon7: folds 
50CandyJoe: folds 
gudinho0710: calls $3
*** FLOP *** [Qd 7d Tc]
gudinho0710: bets $7
SoldIer1024: raises $71 to $78 and is all-in
gudinho0710: calls $20.72 and is all-in
Uncalled bet ($50.28) returned to SoldIer1024
*** TURN *** [Qd 7d Tc] [Qc]
*** RIVER *** [Qd 7d Tc Qc] [5h]
*** SHOW DOWN ***
gudinho0710: shows [Th Js] (two pair, Queens and Tens)
SoldIer1024: shows [Ah Ad] (two pair, Aces and Queens)
SoldIer1024 collected $64.94 from pot
*** SUMMARY ***
Total pot $67.44 | Rake $2.50 
Board [Qd 7d Tc Qc 5h]
Seat 1: Xenicide folded before Flop (didn't bet)
Seat 2: SoldIer1024 showed [Ah Ad] and won ($64.94) with two pair, Aces and Queens
Seat 3: 7bekon7 (button) folded before Flop
Seat 4: 50CandyJoe (small blind) folded before Flop
Seat 5: gudinho0710 (big blind) showed [Th Js] and lost with two pair, Queens and Tens
Seat 6: nikalas22 folded before Flop (didn't bet)



PokerStars Hand #254632148680:  Hold'em No Limit ($0.50/$1.00 USD) - 2025/01/30 2:29:42 WET [2025/01/30 21:29:42 ET]
Table 'Cevenola' 6-max Seat #4 is the button
Seat 5: gudinho0710 ($0 in chips) is sitting out
Seat 1: Xenicide ($100 in chips) 
Seat 2: SoldIer1024 ($115.22 in chips) 
Seat 3: 7bekon7 ($256.40 in chips) 
Seat 4: 50CandyJoe ($102.07 in chips) 
Seat 6: nikalas22 ($101 in chips) 
nikalas22: posts small blind $0.50
Xenicide: posts big blind $1
*** HOLE CARDS ***
SoldIer1024: folds 
7bekon7: folds 
50CandyJoe: raises $1.50 to $2.50
gudinho0710 is disconnected 
nikalas22: folds 
Xenicide: raises $7.50 to $10
50CandyJoe: folds 
Uncalled bet ($7.50) returned to Xenicide
Xenicide collected $5.50 from pot
Xenicide: doesn't show hand 
*** SUMMARY ***
Total pot $5.50 | Rake $0 
Seat 5: gudinho0710
Seat 1: Xenicide (big blind) collected ($5.50)
Seat 2: SoldIer1024 folded before Flop (didn't bet)
Seat 3: 7bekon7 folded before Flop (didn't bet)
Seat 4: 50CandyJoe (button) folded before Flop
Seat 6: nikalas22 (small blind) folded before Flop



PokerStars Hand #254632154421:  Hold'em No Limit ($0.50/$1.00 USD) - 2025/01/30 2:30:21 WET [2025/01/30 21:30:21 ET]
Table 'Cevenola' 6-max Seat #6 is the button
Seat 5: gudinho0710 ($0 in chips) is sitting out
Seat 1: Xenicide ($103 in chips) 
Seat 2: SoldIer1024 ($115.22 in chips) 
Seat 3: 7bekon7 ($256.40 in chips) 
Seat 4: 50CandyJoe ($100 in chips) 
Seat 6: nikalas22 ($100.50 in chips) 
Xenicide: posts small blind $0.50
SoldIer1024: posts big blind $1
*** HOLE CARDS ***
7bekon7: folds 
50CandyJoe: folds 
nikalas22: raises $1.50 to $2.50
Xenicide: raises $7 to $9.50
SoldIer1024: folds 
nikalas22: folds 
Uncalled bet ($7) returned to Xenicide
Xenicide collected $6 from pot
Xenicide: doesn't show hand 
*** SUMMARY ***
Total pot $6 | Rake $0 
Seat 5: gudinho0710
Seat 1: Xenicide (small blind) collected ($6)
Seat 2: SoldIer1024 (big blind) folded before Flop
Seat 3: 7bekon7 folded before Flop (didn't bet)
Seat 4: 50CandyJoe folded before Flop (didn't bet)
Seat 6: nikalas22 (button) folded before Flop



PokerStars Hand #254632157983:  Hold'em No Limit ($0.50/$1.00 USD) - 2025/01/30 2:30:46 WET [2025/01/30 21:30:46 ET]
Table 'Cevenola' 6-max Seat #1 is the button
Seat 5: gudinho0710 ($0 in chips) is sitting out
Seat 1: Xenicide ($106.50 in chips) 
Seat 2: SoldIer1024 ($114.22 in chips) 
Seat 3: 7bekon7 ($256.40 in chips) 
Seat 4: 50CandyJoe ($100 in chips) 
Seat 6: nikalas22 ($100 in chips) 
SoldIer1024: posts small blind $0.50
7bekon7: posts big blind $1
*** HOLE CARDS ***
50CandyJoe: folds 
nikalas22: folds 
Xenicide: folds 
SoldIer1024: folds 
Uncalled bet ($0.50) returned to 7bekon7
7bekon7 collected $1 from pot
7bekon7: doesn't show hand 
*** SUMMARY ***
Total pot $1 | Rake $0 
Seat 5: gudinho0710
Seat 1: Xenicide (button) folded before Flop (didn't bet)
Seat 2: SoldIer1024 (small blind) folded before Flop
Seat 3: 7bekon7 (big blind) collected ($1)
Seat 4: 50CandyJoe folded before Flop (didn't bet)
Seat 6: nikalas22 folded before Flop (didn't bet)



PokerStars Hand #254632159167:  Hold'em No Limit ($0.50/$1.00 USD) - 2025/01/30 2:30:54 WET [2025/01/30 21:30:54 ET]
Table 'Cevenola' 6-max Seat #2 is the button
Seat 5: gudinho0710 ($0 in chips) is sitting out
Seat 1: Xenicide ($106.50 in chips) 
Seat 2: SoldIer1024 ($113.72 in chips) 
Seat 3: 7bekon7 ($256.90 in chips) 
Seat 4: 50CandyJoe ($100 in chips) 
Seat 6: nikalas22 ($100 in chips) 
7bekon7: posts small blind $0.50
50CandyJoe: posts big blind $1
*** HOLE CARDS ***
nikalas22: raises $1.50 to $2.50
Xenicide: folds 
SoldIer1024: folds 
7bekon7: calls $2
50CandyJoe: folds 
*** FLOP *** [Td 6h Jh]
7bekon7: checks 
nikalas22: checks 
*** TURN *** [Td 6h Jh] [Jc]
7bekon7: checks 
nikalas22: bets $4.28
7bekon7: calls $4.28
*** RIVER *** [Td 6h Jh Jc] [3c]
7bekon7: checks 
nikalas22: checks 
*** SHOW DOWN ***
7bekon7: shows [9s 9d] (two pair, Jacks and Nines)
nikalas22: mucks hand 
7bekon7 collected $13.83 from pot
*** SUMMARY ***
Total pot $14.56 | Rake $0.73 
Board [Td 6h Jh Jc 3c]
Seat 5: gudinho0710
Seat 1: Xenicide folded before Flop (didn't bet)
Seat 2: SoldIer1024 (button) folded before Flop (didn't bet)
Seat 3: 7bekon7 (small blind) showed [9s 9d] and won ($13.83) with two pair, Jacks and Nines
Seat 4: 50CandyJoe (big blind) folded before Flop
Seat 6: nikalas22 mucked



PokerStars Hand #254632171031:  Hold'em No Limit ($0.50/$1.00 USD) - 2025/01/30 2:32:14 WET [2025/01/30 21:32:14 ET]
Table 'Cevenola' 6-max Seat #3 is the button
Seat 5: gudinho0710 ($0 in chips) is sitting out
Seat 1: Xenicide ($106.50 in chips) 
Seat 2: SoldIer1024 ($113.72 in chips) 
Seat 3: 7bekon7 ($263.95 in chips) 
Seat 4: 50CandyJoe ($100 in chips) 
Seat 6: nikalas22 ($100 in chips) 
50CandyJoe: posts small blind $0.50
nikalas22: posts big blind $1
*** HOLE CARDS ***
Xenicide: folds 
SoldIer1024: folds 
7bekon7: raises $1.25 to $2.25
50CandyJoe: folds 
nikalas22: folds 
Uncalled bet ($1.25) returned to 7bekon7
7bekon7 collected $2.50 from pot
7bekon7: doesn't show hand 
*** SUMMARY ***
Total pot $2.50 | Rake $0 
Seat 5: gudinho0710
Seat 1: Xenicide folded before Flop (didn't bet)
Seat 2: SoldIer1024 folded before Flop (didn't bet)
Seat 3: 7bekon7 (button) collected ($2.50)
Seat 4: 50CandyJoe (small blind) folded before Flop
Seat 6: nikalas22 (big blind) folded before Flop



PokerStars Hand #254632176123:  Hold'em No Limit ($0.50/$1.00 USD) - 2025/01/30 2:32:50 WET [2025/01/30 21:32:50 ET]
Table 'Cevenola' 6-max Seat #4 is the button
Seat 5: gudinho0710 ($0 in chips) is sitting out
Seat 1: Xenicide ($106.50 in chips) 
Seat 2: SoldIer1024 ($113.72 in chips) 
Seat 3: 7bekon7 ($265.45 in chips) 
Seat 4: 50CandyJoe ($100 in chips) 
Seat 6: nikalas22 ($100 in chips) 
nikalas22: posts small blind $0.50
Xenicide: posts big blind $1
*** HOLE CARDS ***
SoldIer1024: folds 
7bekon7: folds 
50CandyJoe: raises $1.50 to $2.50
nikalas22: raises $9.50 to $12
Xenicide: folds 
50CandyJoe: folds 
Uncalled bet ($9.50) returned to nikalas22
nikalas22 collected $6 from pot
nikalas22: doesn't show hand 
*** SUMMARY ***
Total pot $6 | Rake $0 
Seat 5: gudinho0710
Seat 1: Xenicide (big blind) folded before Flop
Seat 2: SoldIer1024 folded before Flop (didn't bet)
Seat 3: 7bekon7 folded before Flop (didn't bet)
Seat 4: 50CandyJoe (button) folded before Flop
Seat 6: nikalas22 (small blind) collected ($6)



PokerStars Hand #254632178489:  Hold'em No Limit ($0.50/$1.00 USD) - 2025/01/30 2:33:06 WET [2025/01/30 21:33:06 ET]
Table 'Cevenola' 6-max Seat #6 is the button
Seat 5: gudinho0710 ($0 in chips) is sitting out
Seat 1: Xenicide ($105.50 in chips) 
Seat 2: SoldIer1024 ($113.72 in chips) 
Seat 3: 7bekon7 ($265.45 in chips) 
Seat 4: 50CandyJoe ($100 in chips) 
Seat 6: nikalas22 ($103.50 in chips) 
Xenicide: posts small blind $0.50
SoldIer1024: posts big blind $1
*** HOLE CARDS ***
7bekon7: raises $2 to $3
50CandyJoe: folds 
nikalas22: folds 
Xenicide: folds 
SoldIer1024: folds 
Uncalled bet ($2) returned to 7bekon7
7bekon7 collected $2.50 from pot
7bekon7: doesn't show hand 
*** SUMMARY ***
Total pot $2.50 | Rake $0 
Seat 5: gudinho0710
Seat 1: Xenicide (small blind) folded before Flop
Seat 2: SoldIer1024 (big blind) folded before Flop
Seat 3: 7bekon7 collected ($2.50)
Seat 4: 50CandyJoe folded before Flop (didn't bet)
Seat 6: nikalas22 (button) folded before Flop (didn't bet)



PokerStars Hand #254632181128:  Hold'em No Limit ($0.50/$1.00 USD) - 2025/01/30 2:33:24 WET [2025/01/30 21:33:24 ET]
Table 'Cevenola' 6-max Seat #1 is the button
Seat 5: gudinho0710 ($0 in chips) is sitting out
Seat 1: Xenicide ($105 in chips) 
Seat 2: SoldIer1024 ($112.72 in chips) 
Seat 3: 7bekon7 ($266.95 in chips) 
Seat 4: 50CandyJoe ($100 in chips) 
Seat 6: nikalas22 ($103.50 in chips) 
SoldIer1024: posts small blind $0.50
7bekon7: posts big blind $1
*** HOLE CARDS ***
50CandyJoe: folds 
nikalas22: folds 
Xenicide: raises $1.25 to $2.25
SoldIer1024: folds 
7bekon7: folds 
Uncalled bet ($1.25) returned to Xenicide
Xenicide collected $2.50 from pot
Xenicide: doesn't show hand 
*** SUMMARY ***
Total pot $2.50 | Rake $0 
Seat 5: gudinho0710
Seat 1: Xenicide (button) collected ($2.50)
Seat 2: SoldIer1024 (small blind) folded before Flop
Seat 3: 7bekon7 (big blind) folded before Flop
Seat 4: 50CandyJoe folded before Flop (didn't bet)
Seat 6: nikalas22 folded before Flop (didn't bet)



PokerStars Hand #254632184904:  Hold'em No Limit ($0.50/$1.00 USD) - 2025/01/30 2:33:49 WET [2025/01/30 21:33:49 ET]
Table 'Cevenola' 6-max Seat #2 is the button
Seat 5: gudinho0710 ($0 in chips) is sitting out
Seat 1: Xenicide ($106.50 in chips) 
Seat 2: SoldIer1024 ($112.22 in chips) 
Seat 3: 7bekon7 ($265.95 in chips) 
Seat 4: 50CandyJoe ($100 in chips) 
Seat 6: nikalas22 ($103.50 in chips) 
7bekon7: posts small blind $0.50
50CandyJoe: posts big blind $1
*** HOLE CARDS ***
nikalas22: raises $1.50 to $2.50
Xenicide: folds 
SoldIer1024: raises $5.50 to $8
7bekon7: raises $18 to $26
50CandyJoe: folds 
nikalas22: folds 
SoldIer1024: calls $18
*** FLOP *** [7h 8d 5c]
7bekon7: bets $13.25
SoldIer1024: calls $13.25
*** TURN *** [7h 8d 5c] [Jc]
7bekon7: bets $159
SoldIer1024: calls $72.97 and is all-in
Uncalled bet ($86.03) returned to 7bekon7
*** RIVER *** [7h 8d 5c Jc] [As]
*** SHOW DOWN ***
7bekon7: shows [Qc Ac] (a pair of Aces)
SoldIer1024: shows [9s 6s] (a straight, Five to Nine)
SoldIer1024 collected $225.44 from pot
*** SUMMARY ***
Total pot $227.94 | Rake $2.50 
Board [7h 8d 5c Jc As]
Seat 5: gudinho0710
Seat 1: Xenicide folded before Flop (didn't bet)
Seat 2: SoldIer1024 (button) showed [9s 6s] and won ($225.44) with a straight, Five to Nine
Seat 3: 7bekon7 (small blind) showed [Qc Ac] and lost with a pair of Aces
Seat 4: 50CandyJoe (big blind) folded before Flop
Seat 6: nikalas22 folded before Flop



PokerStars Hand #254632197951:  Hold'em No Limit ($0.50/$1.00 USD) - 2025/01/30 2:35:20 WET [2025/01/30 21:35:20 ET]
Table 'Cevenola' 6-max Seat #3 is the button
Seat 5: gudinho0710 ($0 in chips) is sitting out
Seat 1: Xenicide ($106.50 in chips) 
Seat 2: SoldIer1024 ($225.44 in chips) 
Seat 3: 7bekon7 ($153.73 in chips) 
Seat 4: 50CandyJoe ($100 in chips) 
Seat 6: nikalas22 ($101 in chips) 
50CandyJoe: posts small blind $0.50
nikalas22: posts big blind $1
*** HOLE CARDS ***
Xenicide: folds 
SoldIer1024: folds 
7bekon7: raises $1.25 to $2.25
50CandyJoe: folds 
nikalas22: raises $8.75 to $11
7bekon7: calls $8.75
*** FLOP *** [4h Kd 6c]
nikalas22: bets $6.41
7bekon7: calls $6.41
*** TURN *** [4h Kd 6c] [9h]
nikalas22: bets $25.16
7bekon7: folds 
Uncalled bet ($25.16) returned to nikalas22
nikalas22 collected $33.55 from pot
nikalas22: doesn't show hand 
*** SUMMARY ***
Total pot $35.32 | Rake $1.77 
Board [4h Kd 6c 9h]
Seat 5: gudinho0710
Seat 1: Xenicide folded before Flop (didn't bet)
Seat 2: SoldIer1024 folded before Flop (didn't bet)
Seat 3: 7bekon7 (button) folded on the Turn
Seat 4: 50CandyJoe (small blind) folded before Flop
Seat 6: nikalas22 (big blind) collected ($33.55)



PokerStars Hand #254632207632:  Hold'em No Limit ($0.50/$1.00 USD) - 2025/01/30 2:36:26 WET [2025/01/30 21:36:26 ET]
Table 'Cevenola' 6-max Seat #4 is the button
Seat 5: gudinho0710 ($0 in chips) is sitting out
Seat 1: Xenicide ($106.50 in chips) 
Seat 2: SoldIer1024 ($225.44 in chips) 
Seat 3: 7bekon7 ($136.32 in chips) 
Seat 4: 50CandyJoe ($100 in chips) 
Seat 6: nikalas22 ($117.14 in chips) 
nikalas22: posts small blind $0.50
Xenicide: posts big blind $1
*** HOLE CARDS ***
SoldIer1024: calls $1
7bekon7: folds 
50CandyJoe: raises $2.50 to $3.50
nikalas22: folds 
Xenicide: calls $2.50
SoldIer1024: calls $2.50
*** FLOP *** [Th 2d 4c]
Xenicide: checks 
SoldIer1024: checks 
50CandyJoe: checks 
*** TURN *** [Th 2d 4c] [6d]
Xenicide: bets $13.06
SoldIer1024: folds 
50CandyJoe: folds 
Uncalled bet ($13.06) returned to Xenicide
Xenicide collected $10.45 from pot
*** SUMMARY ***
Total pot $11 | Rake $0.55 
Board [Th 2d 4c 6d]
Seat 5: gudinho0710
Seat 1: Xenicide (big blind) collected ($10.45)
Seat 2: SoldIer1024 folded on the Turn
Seat 3: 7bekon7 folded before Flop (didn't bet)
Seat 4: 50CandyJoe (button) folded on the Turn
Seat 6: nikalas22 (small blind) folded before Flop



PokerStars Hand #254632218582:  Hold'em No Limit ($0.50/$1.00 USD) - 2025/01/30 2:37:40 WET [2025/01/30 21:37:40 ET]
Table 'Cevenola' 6-max Seat #6 is the button
Seat 5: gudinho0710 ($0 in chips) is sitting out
Seat 1: Xenicide ($113.45 in chips) 
Seat 2: SoldIer1024 ($221.94 in chips) 
Seat 3: 7bekon7 ($136.32 in chips) 
Seat 4: 50CandyJoe ($100 in chips) 
Seat 6: nikalas22 ($116.64 in chips) 
Xenicide: posts small blind $0.50
SoldIer1024: posts big blind $1
*** HOLE CARDS ***
7bekon7: folds 
50CandyJoe: folds 
nikalas22: folds 
Xenicide: raises $2.50 to $3.50
SoldIer1024: folds 
Uncalled bet ($2.50) returned to Xenicide
Xenicide collected $2 from pot
*** SUMMARY ***
Total pot $2 | Rake $0 
Seat 5: gudinho0710
Seat 1: Xenicide (small blind) collected ($2)
Seat 2: SoldIer1024 (big blind) folded before Flop
Seat 3: 7bekon7 folded before Flop (didn't bet)
Seat 4: 50CandyJoe folded before Flop (didn't bet)
Seat 6: nikalas22 (button) folded before Flop (didn't bet)



PokerStars Hand #254632222018:  Hold'em No Limit ($0.50/$1.00 USD) - 2025/01/30 2:38:04 WET [2025/01/30 21:38:04 ET]
Table 'Cevenola' 6-max Seat #1 is the button
Seat 5: gudinho0710 ($0 in chips) is sitting out
Seat 1: Xenicide ($114.45 in chips) 
Seat 2: SoldIer1024 ($220.94 in chips) 
Seat 3: 7bekon7 ($136.32 in chips) 
Seat 4: 50CandyJoe ($100 in chips) 
Seat 6: nikalas22 ($116.64 in chips) 
SoldIer1024: posts small blind $0.50
7bekon7: posts big blind $1
*** HOLE CARDS ***
50CandyJoe: folds 
nikalas22: folds 
Xenicide: folds 
SoldIer1024: folds 
Uncalled bet ($0.50) returned to 7bekon7
7bekon7 collected $1 from pot
7bekon7: doesn't show hand 
*** SUMMARY ***
Total pot $1 | Rake $0 
Seat 5: gudinho0710
Seat 1: Xenicide (button) folded before Flop (didn't bet)
Seat 2: SoldIer1024 (small blind) folded before Flop
Seat 3: 7bekon7 (big blind) collected ($1)
Seat 4: 50CandyJoe folded before Flop (didn't bet)
Seat 6: nikalas22 folded before Flop (didn't bet)



PokerStars Hand #254632223282:  Hold'em No Limit ($0.50/$1.00 USD) - 2025/01/30 2:38:12 WET [2025/01/30 21:38:12 ET]
Table 'Cevenola' 6-max Seat #2 is the button
Seat 5: gudinho0710 ($0 in chips) is sitting out
Seat 1: Xenicide ($114.45 in chips) 
Seat 2: SoldIer1024 ($220.44 in chips) 
Seat 3: 7bekon7 ($136.82 in chips) 
Seat 4: 50CandyJoe ($100 in chips) 
Seat 6: nikalas22 ($116.64 in chips) 
7bekon7: posts small blind $0.50
50CandyJoe: posts big blind $1
*** HOLE CARDS ***
nikalas22: folds 
Xenicide: folds 
SoldIer1024: folds 
7bekon7: folds 
Uncalled bet ($0.50) returned to 50CandyJoe
50CandyJoe collected $1 from pot
50CandyJoe: doesn't show hand 
*** SUMMARY ***
Total pot $1 | Rake $0 
Seat 5: gudinho0710
Seat 1: Xenicide folded before Flop (didn't bet)
Seat 2: SoldIer1024 (button) folded before Flop (didn't bet)
Seat 3: 7bekon7 (small blind) folded before Flop
Seat 4: 50CandyJoe (big blind) collected ($1)
Seat 6: nikalas22 folded before Flop (didn't bet)



PokerStars Hand #254632225649:  Hold'em No Limit ($0.50/$1.00 USD) - 2025/01/30 2:38:28 WET [2025/01/30 21:38:28 ET]
Table 'Cevenola' 6-max Seat #3 is the button
Seat 5: gudinho0710 ($0 in chips) is sitting out
Seat 1: Xenicide ($114.45 in chips) 
Seat 2: SoldIer1024 ($220.44 in chips) 
Seat 3: 7bekon7 ($136.32 in chips) 
Seat 4: 50CandyJoe ($100.50 in chips) 
Seat 6: nikalas22 ($116.64 in chips) 
50CandyJoe: posts small blind $0.50
nikalas22: posts big blind $1
*** HOLE CARDS ***
Xenicide: folds 
SoldIer1024: calls $1
7bekon7: folds 
50CandyJoe: raises $3.50 to $4.50
nikalas22: folds 
SoldIer1024: calls $3.50
*** FLOP *** [3s Ks 5d]
50CandyJoe: bets $2.75
SoldIer1024: folds 
Uncalled bet ($2.75) returned to 50CandyJoe
50CandyJoe collected $9.50 from pot
gudinho0710 leaves the table
50CandyJoe: doesn't show hand 
*** SUMMARY ***
Total pot $10 | Rake $0.50 
Board [3s Ks 5d]
Seat 5: gudinho0710
Seat 1: Xenicide folded before Flop (didn't bet)
Seat 2: SoldIer1024 folded on the Flop
Seat 3: 7bekon7 (button) folded before Flop (didn't bet)
Seat 4: 50CandyJoe (small blind) collected ($9.50)
Seat 6: nikalas22 (big blind) folded before Flop



PokerStars Hand #254632230774:  Hold'em No Limit ($0.50/$1.00 USD) - 2025/01/30 2:39:03 WET [2025/01/30 21:39:03 ET]
Table 'Cevenola' 6-max Seat #4 is the button
Seat 1: Xenicide ($114.45 in chips) 
Seat 2: SoldIer1024 ($215.94 in chips) 
Seat 3: 7bekon7 ($136.32 in chips) 
Seat 4: 50CandyJoe ($105.50 in chips) 
Seat 6: nikalas22 ($115.64 in chips) 
nikalas22: posts small blind $0.50
Xenicide: posts big blind $1
*** HOLE CARDS ***
SoldIer1024: folds 
7bekon7: raises $1.25 to $2.25
50CandyJoe: folds 
shootingGRID joins the table at seat #5 
nikalas22: raises $8.75 to $11
Xenicide: folds 
7bekon7: folds 
Uncalled bet ($8.75) returned to nikalas22
nikalas22 collected $5.50 from pot
nikalas22: doesn't show hand 
*** SUMMARY ***
Total pot $5.50 | Rake $0 
Seat 1: Xenicide (big blind) folded before Flop
Seat 2: SoldIer1024 folded before Flop (didn't bet)
Seat 3: 7bekon7 folded before Flop
Seat 4: 50CandyJoe (button) folded before Flop (didn't bet)
Seat 6: nikalas22 (small blind) collected ($5.50)



PokerStars Hand #254632235979:  Hold'em No Limit ($0.50/$1.00 USD) - 2025/01/30 2:39:39 WET [2025/01/30 21:39:39 ET]
Table 'Cevenola' 6-max Seat #6 is the button
Seat 5: shootingGRID ($111.80 in chips) is sitting out
Seat 1: Xenicide ($113.45 in chips) 
Seat 2: SoldIer1024 ($215.94 in chips) 
Seat 3: 7bekon7 ($134.07 in chips) 
Seat 4: 50CandyJoe ($105.50 in chips) 
Seat 6: nikalas22 ($118.89 in chips) 
Xenicide: posts small blind $0.50
SoldIer1024: posts big blind $1
shootingGRID: sits out 
*** HOLE CARDS ***
7bekon7: folds 
50CandyJoe: folds 
nikalas22: raises $1.50 to $2.50
Xenicide: raises $7 to $9.50
SoldIer1024: folds 
nikalas22: raises $14.50 to $24
Xenicide: raises $89.45 to $113.45 and is all-in
nikalas22: folds 
Uncalled bet ($89.45) returned to Xenicide
Xenicide collected $49 from pot
Xenicide: doesn't show hand 
*** SUMMARY ***
Total pot $49 | Rake $0 
Seat 5: shootingGRID
Seat 1: Xenicide (small blind) collected ($49)
Seat 2: SoldIer1024 (big blind) folded before Flop
Seat 3: 7bekon7 folded before Flop (didn't bet)
Seat 4: 50CandyJoe folded before Flop (didn't bet)
Seat 6: nikalas22 (button) folded before Flop



PokerStars Hand #254632244927:  Hold'em No Limit ($0.50/$1.00 USD) - 2025/01/30 2:40:41 WET [2025/01/30 21:40:41 ET]
Table 'Cevenola' 6-max Seat #1 is the button
Seat 5: shootingGRID ($111.80 in chips) is sitting out
Seat 1: Xenicide ($138.45 in chips) 
Seat 2: SoldIer1024 ($214.94 in chips) 
Seat 3: 7bekon7 ($134.07 in chips) 
Seat 4: 50CandyJoe ($105.50 in chips) 
Seat 6: nikalas22 ($100 in chips) 
SoldIer1024: posts small blind $0.50
7bekon7: posts big blind $1
shootingGRID: sits out 
*** HOLE CARDS ***
50CandyJoe: folds 
nikalas22: folds 
Xenicide: folds 
SoldIer1024: folds 
Uncalled bet ($0.50) returned to 7bekon7
7bekon7 collected $1 from pot
7bekon7: doesn't show hand 
*** SUMMARY ***
Total pot $1 | Rake $0 
Seat 5: shootingGRID
Seat 1: Xenicide (button) folded before Flop (didn't bet)
Seat 2: SoldIer1024 (small blind) folded before Flop
Seat 3: 7bekon7 (big blind) collected ($1)
Seat 4: 50CandyJoe folded before Flop (didn't bet)
Seat 6: nikalas22 folded before Flop (didn't bet)



PokerStars Hand #254632246008:  Hold'em No Limit ($0.50/$1.00 USD) - 2025/01/30 2:40:48 WET [2025/01/30 21:40:48 ET]
Table 'Cevenola' 6-max Seat #2 is the button
Seat 5: shootingGRID ($111.80 in chips) is sitting out
Seat 1: Xenicide ($138.45 in chips) 
Seat 2: SoldIer1024 ($214.44 in chips) 
Seat 3: 7bekon7 ($134.57 in chips) 
Seat 4: 50CandyJoe ($105.50 in chips) 
Seat 6: nikalas22 ($100 in chips) 
7bekon7: posts small blind $0.50
50CandyJoe: posts big blind $1
shootingGRID: sits out 
*** HOLE CARDS ***
nikalas22: folds 
Xenicide: folds 
SoldIer1024: calls $1
7bekon7: folds 
50CandyJoe: checks 
*** FLOP *** [Td 8h 5c]
50CandyJoe: bets $1
SoldIer1024: folds 
Uncalled bet ($1) returned to 50CandyJoe
50CandyJoe collected $2.38 from pot
50CandyJoe: doesn't show hand 
*** SUMMARY ***
Total pot $2.50 | Rake $0.12 
Board [Td 8h 5c]
Seat 5: shootingGRID
Seat 1: Xenicide folded before Flop (didn't bet)
Seat 2: SoldIer1024 (button) folded on the Flop
Seat 3: 7bekon7 (small blind) folded before Flop
Seat 4: 50CandyJoe (big blind) collected ($2.38)
Seat 6: nikalas22 folded before Flop (didn't bet)



PokerStars Hand #254632249805:  Hold'em No Limit ($0.50/$1.00 USD) - 2025/01/30 2:41:14 WET [2025/01/30 21:41:14 ET]
Table 'Cevenola' 6-max Seat #3 is the button
Seat 1: Xenicide ($138.45 in chips) 
Seat 2: SoldIer1024 ($213.44 in chips) 
Seat 3: 7bekon7 ($134.07 in chips) 
Seat 4: 50CandyJoe ($106.88 in chips) 
Seat 5: shootingGRID ($111.80 in chips) 
Seat 6: nikalas22 ($100 in chips) 
50CandyJoe: posts small blind $0.50
shootingGRID: posts big blind $1
*** HOLE CARDS ***
nikalas22: folds 
Xenicide: folds 
SoldIer1024: calls $1
7bekon7: folds 
50CandyJoe: folds 
shootingGRID: checks 
*** FLOP *** [6d 6h Td]
shootingGRID: checks 
SoldIer1024: checks 
*** TURN *** [6d 6h Td] [5h]
shootingGRID: checks 
SoldIer1024: checks 
*** RIVER *** [6d 6h Td 5h] [Ts]
shootingGRID: checks 
SoldIer1024: checks 
*** SHOW DOWN ***
shootingGRID: shows [Js 3h] (two pair, Tens and Sixes)
SoldIer1024: shows [3s As] (two pair, Tens and Sixes - Ace kicker)
SoldIer1024 collected $2.38 from pot
*** SUMMARY ***
Total pot $2.50 | Rake $0.12 
Board [6d 6h Td 5h Ts]
Seat 1: Xenicide folded before Flop (didn't bet)
Seat 2: SoldIer1024 showed [3s As] and won ($2.38) with two pair, Tens and Sixes
Seat 3: 7bekon7 (button) folded before Flop (didn't bet)
Seat 4: 50CandyJoe (small blind) folded before Flop
Seat 5: shootingGRID (big blind) showed [Js 3h] and lost with two pair, Tens and Sixes
Seat 6: nikalas22 folded before Flop (didn't bet)



PokerStars Hand #254632257958:  Hold'em No Limit ($0.50/$1.00 USD) - 2025/01/30 2:42:11 WET [2025/01/30 21:42:11 ET]
Table 'Cevenola' 6-max Seat #4 is the button
Seat 1: Xenicide ($138.45 in chips) 
Seat 2: SoldIer1024 ($214.82 in chips) 
Seat 3: 7bekon7 ($134.07 in chips) 
Seat 4: 50CandyJoe ($106.38 in chips) 
Seat 5: shootingGRID ($110.80 in chips) 
Seat 6: nikalas22 ($100 in chips) 
shootingGRID: posts small blind $0.50
nikalas22: posts big blind $1
*** HOLE CARDS ***
Xenicide: folds 
SoldIer1024: folds 
7bekon7: folds 
50CandyJoe: folds 
shootingGRID: raises $2 to $3
nikalas22: calls $2
*** FLOP *** [Jh Qd 3c]
shootingGRID: bets $1.88
nikalas22: folds 
Uncalled bet ($1.88) returned to shootingGRID
shootingGRID collected $5.70 from pot
*** SUMMARY ***
Total pot $6 | Rake $0.30 
Board [Jh Qd 3c]
Seat 1: Xenicide folded before Flop (didn't bet)
Seat 2: SoldIer1024 folded before Flop (didn't bet)
Seat 3: 7bekon7 folded before Flop (didn't bet)
Seat 4: 50CandyJoe (button) folded before Flop (didn't bet)
Seat 5: shootingGRID (small blind) collected ($5.70)
Seat 6: nikalas22 (big blind) folded on the Flop



PokerStars Hand #254632263436:  Hold'em No Limit ($0.50/$1.00 USD) - 2025/01/30 2:42:49 WET [2025/01/30 21:42:49 ET]
Table 'Cevenola' 6-max Seat #5 is the button
Seat 1: Xenicide ($138.45 in chips) 
Seat 2: SoldIer1024 ($214.82 in chips) 
Seat 3: 7bekon7 ($134.07 in chips) 
Seat 4: 50CandyJoe ($106.38 in chips) 
Seat 5: shootingGRID ($113.50 in chips) 
Seat 6: nikalas22 ($100 in chips) 
nikalas22: posts small blind $0.50
Xenicide: posts big blind $1
*** HOLE CARDS ***
SoldIer1024: folds 
7bekon7: folds 
50CandyJoe: raises $1.20 to $2.20
shootingGRID: raises $4.80 to $7
nikalas22: folds 
Xenicide: folds 
50CandyJoe: raises $14.50 to $21.50
shootingGRID: folds 
Uncalled bet ($14.50) returned to 50CandyJoe
50CandyJoe collected $15.50 from pot
50CandyJoe: doesn't show hand 
*** SUMMARY ***
Total pot $15.50 | Rake $0 
Seat 1: Xenicide (big blind) folded before Flop
Seat 2: SoldIer1024 folded before Flop (didn't bet)
Seat 3: 7bekon7 folded before Flop (didn't bet)
Seat 4: 50CandyJoe collected ($15.50)
Seat 5: shootingGRID (button) folded before Flop
Seat 6: nikalas22 (small blind) folded before Flop



PokerStars Hand #254632271832:  Hold'em No Limit ($0.50/$1.00 USD) - 2025/01/30 2:43:48 WET [2025/01/30 21:43:48 ET]
Table 'Cevenola' 6-max Seat #6 is the button
Seat 1: Xenicide ($137.45 in chips) 
Seat 2: SoldIer1024 ($214.82 in chips) 
Seat 3: 7bekon7 ($134.07 in chips) 
Seat 4: 50CandyJoe ($114.88 in chips) 
Seat 5: shootingGRID ($106.50 in chips) 
Seat 6: nikalas22 ($100 in chips) 
Xenicide: posts small blind $0.50
SoldIer1024: posts big blind $1
*** HOLE CARDS ***
7bekon7: raises $2 to $3
50CandyJoe: folds 
shootingGRID: folds 
nikalas22: folds 
Xenicide: raises $7.50 to $10.50
SoldIer1024: folds 
7bekon7: raises $11 to $21.50
Xenicide: calls $11
*** FLOP *** [5s Jd 9h]
Xenicide: checks 
7bekon7: checks 
*** TURN *** [5s Jd 9h] [4d]
Xenicide: bets $20.90
7bekon7: folds 
Uncalled bet ($20.90) returned to Xenicide
Xenicide collected $41.80 from pot
Xenicide: doesn't show hand 
*** SUMMARY ***
Total pot $44 | Rake $2.20 
Board [5s Jd 9h 4d]
Seat 1: Xenicide (small blind) collected ($41.80)
Seat 2: SoldIer1024 (big blind) folded before Flop
Seat 3: 7bekon7 folded on the Turn
Seat 4: 50CandyJoe folded before Flop (didn't bet)
Seat 5: shootingGRID folded before Flop (didn't bet)
Seat 6: nikalas22 (button) folded before Flop (didn't bet)



PokerStars Hand #254632284911:  Hold'em No Limit ($0.50/$1.00 USD) - 2025/01/30 2:45:21 WET [2025/01/30 21:45:21 ET]
Table 'Cevenola' 6-max Seat #1 is the button
Seat 1: Xenicide ($157.75 in chips) 
Seat 2: SoldIer1024 ($213.82 in chips) 
Seat 3: 7bekon7 ($112.57 in chips) 
Seat 4: 50CandyJoe ($114.88 in chips) 
Seat 5: shootingGRID ($106.50 in chips) 
Seat 6: nikalas22 ($100 in chips) 
SoldIer1024: posts small blind $0.50
7bekon7: posts big blind $1
*** HOLE CARDS ***
50CandyJoe: folds 
shootingGRID: folds 
nikalas22: folds 
Xenicide: raises $1.25 to $2.25
SoldIer1024: raises $5.50 to $7.75
7bekon7: folds 
Xenicide: calls $5.50
*** FLOP *** [5s As 2c]
SoldIer1024: bets $5.84
Xenicide: calls $5.84
*** TURN *** [5s As 2c] [Ts]
SoldIer1024: bets $13.39
Xenicide: calls $13.39
*** RIVER *** [5s As 2c Ts] [8d]
SoldIer1024: checks 
Xenicide: bets $129
SoldIer1024: folds 
Uncalled bet ($129) returned to Xenicide
Xenicide collected $52.46 from pot
*** SUMMARY ***
Total pot $54.96 | Rake $2.50 
Board [5s As 2c Ts 8d]
Seat 1: Xenicide (button) collected ($52.46)
Seat 2: SoldIer1024 (small blind) folded on the River
Seat 3: 7bekon7 (big blind) folded before Flop
Seat 4: 50CandyJoe folded before Flop (didn't bet)
Seat 5: shootingGRID folded before Flop (didn't bet)
Seat 6: nikalas22 folded before Flop (didn't bet)



PokerStars Hand #254632299558:  Hold'em No Limit ($0.50/$1.00 USD) - 2025/01/30 2:47:05 WET [2025/01/30 21:47:05 ET]
Table 'Cevenola' 6-max Seat #2 is the button
Seat 1: Xenicide ($183.23 in chips) 
Seat 2: SoldIer1024 ($186.84 in chips) 
Seat 3: 7bekon7 ($111.57 in chips) 
Seat 4: 50CandyJoe ($114.88 in chips) 
Seat 5: shootingGRID ($106.50 in chips) 
Seat 6: nikalas22 ($100 in chips) 
7bekon7: posts small blind $0.50
50CandyJoe: posts big blind $1
*** HOLE CARDS ***
shootingGRID: folds 
nikalas22: raises $1.50 to $2.50
Xenicide: folds 
SoldIer1024: calls $2.50
7bekon7: folds 
50CandyJoe: folds 
*** FLOP *** [Kh 3d 8s]
nikalas22: bets $1.85
SoldIer1024: raises $5.94 to $7.79
nikalas22: calls $5.94
*** TURN *** [Kh 3d 8s] [Js]
nikalas22: checks 
SoldIer1024: checks 
*** RIVER *** [Kh 3d 8s Js] [6s]
nikalas22: checks 
SoldIer1024: bets $15.49
nikalas22: calls $15.49
*** SHOW DOWN ***
SoldIer1024: shows [7c Tc] (high card King)
nikalas22: shows [Kd 7d] (a pair of Kings)
nikalas22 collected $50.56 from pot
*** SUMMARY ***
Total pot $53.06 | Rake $2.50 
Board [Kh 3d 8s Js 6s]
Seat 1: Xenicide folded before Flop (didn't bet)
Seat 2: SoldIer1024 (button) showed [7c Tc] and lost with high card King
Seat 3: 7bekon7 (small blind) folded before Flop
Seat 4: 50CandyJoe (big blind) folded before Flop
Seat 5: shootingGRID folded before Flop (didn't bet)
Seat 6: nikalas22 showed [Kd 7d] and won ($50.56) with a pair of Kings



PokerStars Hand #254632308576:  Hold'em No Limit ($0.50/$1.00 USD) - 2025/01/30 2:48:09 WET [2025/01/30 21:48:09 ET]
Table 'Cevenola' 6-max Seat #3 is the button
Seat 1: Xenicide ($183.23 in chips) 
Seat 2: SoldIer1024 ($161.06 in chips) 
Seat 3: 7bekon7 ($111.07 in chips) 
Seat 4: 50CandyJoe ($113.88 in chips) 
Seat 5: shootingGRID ($106.50 in chips) 
Seat 6: nikalas22 ($124.78 in chips) 
50CandyJoe: posts small blind $0.50
shootingGRID: posts big blind $1
*** HOLE CARDS ***
nikalas22: folds 
Xenicide: folds 
SoldIer1024: folds 
7bekon7: folds 
50CandyJoe: raises $2 to $3
shootingGRID: folds 
Uncalled bet ($2) returned to 50CandyJoe
50CandyJoe collected $2 from pot
50CandyJoe: doesn't show hand 
*** SUMMARY ***
Total pot $2 | Rake $0 
Seat 1: Xenicide folded before Flop (didn't bet)
Seat 2: SoldIer1024 folded before Flop (didn't bet)
Seat 3: 7bekon7 (button) folded before Flop (didn't bet)
Seat 4: 50CandyJoe (small blind) collected ($2)
Seat 5: shootingGRID (big blind) folded before Flop
Seat 6: nikalas22 folded before Flop (didn't bet)



PokerStars Hand #254632310938:  Hold'em No Limit ($0.50/$1.00 USD) - 2025/01/30 2:48:26 WET [2025/01/30 21:48:26 ET]
Table 'Cevenola' 6-max Seat #4 is the button
Seat 1: Xenicide ($183.23 in chips) 
Seat 2: SoldIer1024 ($161.06 in chips) 
Seat 3: 7bekon7 ($111.07 in chips) 
Seat 4: 50CandyJoe ($114.88 in chips) 
Seat 5: shootingGRID ($105.50 in chips) 
Seat 6: nikalas22 ($124.78 in chips) 
shootingGRID: posts small blind $0.50
nikalas22: posts big blind $1
*** HOLE CARDS ***
Xenicide: folds 
SoldIer1024: calls $1
7bekon7: folds 
50CandyJoe: raises $2.50 to $3.50
shootingGRID: raises $8.50 to $12
nikalas22: folds 
SoldIer1024: raises $16 to $28
50CandyJoe: folds 
shootingGRID: calls $16
*** FLOP *** [2h 4d Ts]
shootingGRID: checks 
SoldIer1024: bets $14
shootingGRID: raises $63.50 to $77.50 and is all-in
SoldIer1024: calls $63.50
*** TURN *** [2h 4d Ts] [Kc]
*** RIVER *** [2h 4d Ts Kc] [3s]
*** SHOW DOWN ***
shootingGRID: shows [Jd Js] (a pair of Jacks)
SoldIer1024: shows [Ad Ac] (a pair of Aces)
SoldIer1024 collected $213 from pot
*** SUMMARY ***
Total pot $215.50 | Rake $2.50 
Board [2h 4d Ts Kc 3s]
Seat 1: Xenicide folded before Flop (didn't bet)
Seat 2: SoldIer1024 showed [Ad Ac] and won ($213) with a pair of Aces
Seat 3: 7bekon7 folded before Flop (didn't bet)
Seat 4: 50CandyJoe (button) folded before Flop
Seat 5: shootingGRID (small blind) showed [Jd Js] and lost with a pair of Jacks
Seat 6: nikalas22 (big blind) folded before Flop



PokerStars Hand #254632322548:  Hold'em No Limit ($0.50/$1.00 USD) - 2025/01/30 2:49:48 WET [2025/01/30 21:49:48 ET]
Table 'Cevenola' 6-max Seat #5 is the button
Seat 1: Xenicide ($183.23 in chips) 
Seat 2: SoldIer1024 ($268.56 in chips) 
Seat 3: 7bekon7 ($111.07 in chips) 
Seat 4: 50CandyJoe ($111.38 in chips) 
Seat 5: shootingGRID ($100 in chips) 
Seat 6: nikalas22 ($123.78 in chips) 
nikalas22: posts small blind $0.50
Xenicide: posts big blind $1
*** HOLE CARDS ***
SoldIer1024: folds 
7bekon7: folds 
50CandyJoe: folds 
shootingGRID: raises $1.50 to $2.50
nikalas22: raises $9.50 to $12
Xenicide: folds 
shootingGRID: calls $9.50
*** FLOP *** [7s 6c 5h]
nikalas22: checks 
shootingGRID: checks 
*** TURN *** [7s 6c 5h] [Qc]
nikalas22: bets $17.81
shootingGRID: raises $70.19 to $88 and is all-in
nikalas22: folds 
Uncalled bet ($70.19) returned to shootingGRID
shootingGRID collected $58.12 from pot
*** SUMMARY ***
Total pot $60.62 | Rake $2.50 
Board [7s 6c 5h Qc]
Seat 1: Xenicide (big blind) folded before Flop
Seat 2: SoldIer1024 folded before Flop (didn't bet)
Seat 3: 7bekon7 folded before Flop (didn't bet)
Seat 4: 50CandyJoe folded before Flop (didn't bet)
Seat 5: shootingGRID (button) collected ($58.12)
Seat 6: nikalas22 (small blind) folded on the Turn



PokerStars Hand #254632330404:  Hold'em No Limit ($0.50/$1.00 USD) - 2025/01/30 2:50:45 WET [2025/01/30 21:50:45 ET]
Table 'Cevenola' 6-max Seat #6 is the button
Seat 1: Xenicide ($182.23 in chips) 
Seat 2: SoldIer1024 ($268.56 in chips) 
Seat 3: 7bekon7 ($111.07 in chips) 
Seat 4: 50CandyJoe ($111.38 in chips) 
Seat 5: shootingGRID ($128.31 in chips) 
Seat 6: nikalas22 ($100 in chips) 
Xenicide: posts small blind $0.50
SoldIer1024: posts big blind $1
*** HOLE CARDS ***
7bekon7: folds 
50CandyJoe: folds 
shootingGRID: raises $1.25 to $2.25
nikalas22: folds 
Xenicide: folds 
SoldIer1024: calls $1.25
*** FLOP *** [8s Ah Ad]
SoldIer1024: checks 
shootingGRID: bets $1.57
SoldIer1024: folds 
Uncalled bet ($1.57) returned to shootingGRID
shootingGRID collected $4.75 from pot
*** SUMMARY ***
Total pot $5 | Rake $0.25 
Board [8s Ah Ad]
Seat 1: Xenicide (small blind) folded before Flop
Seat 2: SoldIer1024 (big blind) folded on the Flop
Seat 3: 7bekon7 folded before Flop (didn't bet)
Seat 4: 50CandyJoe folded before Flop (didn't bet)
Seat 5: shootingGRID collected ($4.75)
Seat 6: nikalas22 (button) folded before Flop (didn't bet)



PokerStars Hand #254632334826:  Hold'em No Limit ($0.50/$1.00 USD) - 2025/01/30 2:51:17 WET [2025/01/30 21:51:17 ET]
Table 'Cevenola' 6-max Seat #1 is the button
Seat 1: Xenicide ($181.73 in chips) 
Seat 2: SoldIer1024 ($266.31 in chips) 
Seat 3: 7bekon7 ($111.07 in chips) 
Seat 4: 50CandyJoe ($111.38 in chips) 
Seat 5: shootingGRID ($130.81 in chips) 
Seat 6: nikalas22 ($100 in chips) 
SoldIer1024: posts small blind $0.50
7bekon7: posts big blind $1
*** HOLE CARDS ***
50CandyJoe: folds 
shootingGRID: raises $1.25 to $2.25
nikalas22: folds 
Xenicide: raises $4.25 to $6.50
SoldIer1024: calls $6
7bekon7: folds 
shootingGRID: calls $4.25
*** FLOP *** [Js 5s 2d]
SoldIer1024: checks 
shootingGRID: checks 
Xenicide: checks 
*** TURN *** [Js 5s 2d] [Kc]
SoldIer1024: checks 
shootingGRID: bets $9.74
Xenicide: folds 
SoldIer1024: calls $9.74
*** RIVER *** [Js 5s 2d Kc] [Qh]
SoldIer1024: checks 
shootingGRID: bets $12.53
SoldIer1024: calls $12.53
*** SHOW DOWN ***
shootingGRID: shows [Ks Tc] (a pair of Kings)
SoldIer1024: mucks hand 
shootingGRID collected $62.54 from pot
*** SUMMARY ***
Total pot $65.04 | Rake $2.50 
Board [Js 5s 2d Kc Qh]
Seat 1: Xenicide (button) folded on the Turn
Seat 2: SoldIer1024 (small blind) mucked
Seat 3: 7bekon7 (big blind) folded before Flop
Seat 4: 50CandyJoe folded before Flop (didn't bet)
Seat 5: shootingGRID showed [Ks Tc] and won ($62.54) with a pair of Kings
Seat 6: nikalas22 folded before Flop (didn't bet)



PokerStars Hand #254632355831:  Hold'em No Limit ($0.50/$1.00 USD) - 2025/01/30 2:53:47 WET [2025/01/30 21:53:47 ET]
Table 'Cevenola' 6-max Seat #2 is the button
Seat 1: Xenicide ($175.23 in chips) 
Seat 2: SoldIer1024 ($237.54 in chips) 
Seat 3: 7bekon7 ($110.07 in chips) 
Seat 4: 50CandyJoe ($111.38 in chips) 
Seat 5: shootingGRID ($164.58 in chips) 
Seat 6: nikalas22 ($100 in chips) 
7bekon7: posts small blind $0.50
50CandyJoe: posts big blind $1
*** HOLE CARDS ***
shootingGRID: folds 
nikalas22: folds 
Xenicide: folds 
SoldIer1024: calls $1
7bekon7: raises $4 to $5
50CandyJoe: folds 
SoldIer1024: folds 
Uncalled bet ($4) returned to 7bekon7
7bekon7 collected $3 from pot
7bekon7: doesn't show hand 
*** SUMMARY ***
Total pot $3 | Rake $0 
Seat 1: Xenicide folded before Flop (didn't bet)
Seat 2: SoldIer1024 (button) folded before Flop
Seat 3: 7bekon7 (small blind) collected ($3)
Seat 4: 50CandyJoe (big blind) folded before Flop
Seat 5: shootingGRID folded before Flop (didn't bet)
Seat 6: nikalas22 folded before Flop (didn't bet)



PokerStars Hand #254632357953:  Hold'em No Limit ($0.50/$1.00 USD) - 2025/01/30 2:54:02 WET [2025/01/30 21:54:02 ET]
Table 'Cevenola' 6-max Seat #3 is the button
Seat 1: Xenicide ($175.23 in chips) 
Seat 2: SoldIer1024 ($236.54 in chips) 
Seat 3: 7bekon7 ($112.07 in chips) 
Seat 4: 50CandyJoe ($110.38 in chips) 
Seat 5: shootingGRID ($164.58 in chips) 
Seat 6: nikalas22 ($100 in chips) 
50CandyJoe: posts small blind $0.50
shootingGRID: posts big blind $1
*** HOLE CARDS ***
nikalas22: folds 
Xenicide: folds 
SoldIer1024: calls $1
7bekon7: folds 
50CandyJoe: raises $3.50 to $4.50
shootingGRID: raises $10.50 to $15
SoldIer1024: folds 
50CandyJoe: folds 
Uncalled bet ($10.50) returned to shootingGRID
shootingGRID collected $10 from pot
*** SUMMARY ***
Total pot $10 | Rake $0 
Seat 1: Xenicide folded before Flop (didn't bet)
Seat 2: SoldIer1024 folded before Flop
Seat 3: 7bekon7 (button) folded before Flop (didn't bet)
Seat 4: 50CandyJoe (small blind) folded before Flop
Seat 5: shootingGRID (big blind) collected ($10)
Seat 6: nikalas22 folded before Flop (didn't bet)



PokerStars Hand #254632363309:  Hold'em No Limit ($0.50/$1.00 USD) - 2025/01/30 2:54:41 WET [2025/01/30 21:54:41 ET]
Table 'Cevenola' 6-max Seat #4 is the button
Seat 1: Xenicide ($175.23 in chips) 
Seat 2: SoldIer1024 ($235.54 in chips) 
Seat 3: 7bekon7 ($112.07 in chips) 
Seat 4: 50CandyJoe ($105.88 in chips) 
Seat 5: shootingGRID ($170.08 in chips) 
Seat 6: nikalas22 ($100 in chips) 
shootingGRID: posts small blind $0.50
nikalas22: posts big blind $1
*** HOLE CARDS ***
Xenicide: folds 
SoldIer1024: calls $1
7bekon7: raises $4 to $5
50CandyJoe: folds 
shootingGRID: folds 
nikalas22: folds 
SoldIer1024: calls $4
*** FLOP *** [Ts Qs 5s]
SoldIer1024: bets $11.92
7bekon7: folds 
Uncalled bet ($11.92) returned to SoldIer1024
SoldIer1024 collected $10.92 from pot
*** SUMMARY ***
Total pot $11.50 | Rake $0.58 
Board [Ts Qs 5s]
Seat 1: Xenicide folded before Flop (didn't bet)
Seat 2: SoldIer1024 collected ($10.92)
Seat 3: 7bekon7 folded on the Flop
Seat 4: 50CandyJoe (button) folded before Flop (didn't bet)
Seat 5: shootingGRID (small blind) folded before Flop
Seat 6: nikalas22 (big blind) folded before Flop



PokerStars Hand #254632367645:  Hold'em No Limit ($0.50/$1.00 USD) - 2025/01/30 2:55:12 WET [2025/01/30 21:55:12 ET]
Table 'Cevenola' 6-max Seat #5 is the button
Seat 1: Xenicide ($175.23 in chips) 
Seat 2: SoldIer1024 ($241.46 in chips) 
Seat 3: 7bekon7 ($107.07 in chips) 
Seat 4: 50CandyJoe ($105.88 in chips) 
Seat 5: shootingGRID ($169.58 in chips) 
Seat 6: nikalas22 ($100 in chips) 
nikalas22: posts small blind $0.50
Xenicide: posts big blind $1
*** HOLE CARDS ***
SoldIer1024: folds 
7bekon7: raises $1.25 to $2.25
50CandyJoe: folds 
shootingGRID: folds 
nikalas22: folds 
Xenicide: folds 
Uncalled bet ($1.25) returned to 7bekon7
7bekon7 collected $2.50 from pot
7bekon7: doesn't show hand 
*** SUMMARY ***
Total pot $2.50 | Rake $0 
Seat 1: Xenicide (big blind) folded before Flop
Seat 2: SoldIer1024 folded before Flop (didn't bet)
Seat 3: 7bekon7 collected ($2.50)
Seat 4: 50CandyJoe folded before Flop (didn't bet)
Seat 5: shootingGRID (button) folded before Flop (didn't bet)
Seat 6: nikalas22 (small blind) folded before Flop



PokerStars Hand #254632370412:  Hold'em No Limit ($0.50/$1.00 USD) - 2025/01/30 2:55:37 WET [2025/01/30 21:55:37 ET]
Table 'Cevenola' 6-max Seat #6 is the button
Seat 1: Xenicide ($174.23 in chips) 
Seat 2: SoldIer1024 ($241.46 in chips) 
Seat 3: 7bekon7 ($108.57 in chips) 
Seat 4: 50CandyJoe ($105.88 in chips) 
Seat 5: shootingGRID ($169.58 in chips) 
Seat 6: nikalas22 ($100 in chips) 
Xenicide: posts small blind $0.50
SoldIer1024: posts big blind $1
*** HOLE CARDS ***
7bekon7: folds 
50CandyJoe: folds 
shootingGRID: folds 
nikalas22: raises $1.50 to $2.50
Xenicide: folds 
SoldIer1024: calls $1.50
*** FLOP *** [Ac 3d Js]
SoldIer1024: checks 
nikalas22: bets $3.92
SoldIer1024: folds 
Uncalled bet ($3.92) returned to nikalas22
nikalas22 collected $5.22 from pot
nikalas22: doesn't show hand 
*** SUMMARY ***
Total pot $5.50 | Rake $0.28 
Board [Ac 3d Js]
Seat 1: Xenicide (small blind) folded before Flop
Seat 2: SoldIer1024 (big blind) folded on the Flop
Seat 3: 7bekon7 folded before Flop (didn't bet)
Seat 4: 50CandyJoe folded before Flop (didn't bet)
Seat 5: shootingGRID folded before Flop (didn't bet)
Seat 6: nikalas22 (button) collected ($5.22)



PokerStars Hand #254632373391:  Hold'em No Limit ($0.50/$1.00 USD) - 2025/01/30 2:56:05 WET [2025/01/30 21:56:05 ET]
Table 'Cevenola' 6-max Seat #1 is the button
Seat 1: Xenicide ($173.73 in chips) 
Seat 2: SoldIer1024 ($238.96 in chips) 
Seat 3: 7bekon7 ($108.57 in chips) 
Seat 4: 50CandyJoe ($105.88 in chips) 
Seat 5: shootingGRID ($169.58 in chips) 
Seat 6: nikalas22 ($102.72 in chips) 
SoldIer1024: posts small blind $0.50
7bekon7: posts big blind $1
*** HOLE CARDS ***
50CandyJoe: raises $1.20 to $2.20
shootingGRID: folds 
nikalas22: folds 
Xenicide: folds 
SoldIer1024: calls $1.70
7bekon7: calls $1.20
*** FLOP *** [2h 6c Qs]
SoldIer1024: checks 
7bekon7: checks 
50CandyJoe: checks 
*** TURN *** [2h 6c Qs] [7d]
SoldIer1024: checks 
7bekon7: checks 
50CandyJoe: checks 
*** RIVER *** [2h 6c Qs 7d] [8s]
SoldIer1024: checks 
7bekon7: checks 
50CandyJoe: checks 
*** SHOW DOWN ***
SoldIer1024: shows [Jc 9d] (high card Queen)
7bekon7: shows [Td As] (high card Ace)
50CandyJoe: shows [5c 5h] (a pair of Fives)
50CandyJoe collected $6.27 from pot
*** SUMMARY ***
Total pot $6.60 | Rake $0.33 
Board [2h 6c Qs 7d 8s]
Seat 1: Xenicide (button) folded before Flop (didn't bet)
Seat 2: SoldIer1024 (small blind) showed [Jc 9d] and lost with high card Queen
Seat 3: 7bekon7 (big blind) showed [Td As] and lost with high card Ace
Seat 4: 50CandyJoe showed [5c 5h] and won ($6.27) with a pair of Fives
Seat 5: shootingGRID folded before Flop (didn't bet)
Seat 6: nikalas22 folded before Flop (didn't bet)



PokerStars Hand #254632382682:  Hold'em No Limit ($0.50/$1.00 USD) - 2025/01/30 2:57:31 WET [2025/01/30 21:57:31 ET]
Table 'Cevenola' 6-max Seat #2 is the button
Seat 1: Xenicide ($173.73 in chips) 
Seat 2: SoldIer1024 ($236.76 in chips) 
Seat 3: 7bekon7 ($106.37 in chips) 
Seat 4: 50CandyJoe ($109.95 in chips) 
Seat 5: shootingGRID ($169.58 in chips) 
Seat 6: nikalas22 ($102.72 in chips) 
7bekon7: posts small blind $0.50
50CandyJoe: posts big blind $1
*** HOLE CARDS ***
shootingGRID: folds 
nikalas22: folds 
Xenicide: raises $1 to $2
SoldIer1024: calls $2
7bekon7: raises $8 to $10
50CandyJoe: folds 
Xenicide: folds 
SoldIer1024: calls $8
*** FLOP *** [2h 8h 7c]
7bekon7: bets $5.46
SoldIer1024: raises $16.39 to $21.85
7bekon7: calls $16.39
*** TURN *** [2h 8h 7c] [Ks]
7bekon7: checks 
SoldIer1024: bets $64.20
7bekon7: raises $10.32 to $74.52 and is all-in
SoldIer1024: calls $10.32
*** RIVER *** [2h 8h 7c Ks] [Jc]
*** SHOW DOWN ***
7bekon7: shows [Ah 7h] (a pair of Sevens)
SoldIer1024: shows [3d Kd] (a pair of Kings)
SoldIer1024 collected $213.24 from pot
*** SUMMARY ***
Total pot $215.74 | Rake $2.50 
Board [2h 8h 7c Ks Jc]
Seat 1: Xenicide folded before Flop
Seat 2: SoldIer1024 (button) showed [3d Kd] and won ($213.24) with a pair of Kings
Seat 3: 7bekon7 (small blind) showed [Ah 7h] and lost with a pair of Sevens
Seat 4: 50CandyJoe (big blind) folded before Flop
Seat 5: shootingGRID folded before Flop (didn't bet)
Seat 6: nikalas22 folded before Flop (didn't bet)



PokerStars Hand #254632395118:  Hold'em No Limit ($0.50/$1.00 USD) - 2025/01/30 2:59:27 WET [2025/01/30 21:59:27 ET]
Table 'Cevenola' 6-max Seat #3 is the button
Seat 1: Xenicide ($171.73 in chips) 
Seat 2: SoldIer1024 ($343.63 in chips) 
Seat 3: 7bekon7 ($100 in chips) 
Seat 4: 50CandyJoe ($108.95 in chips) 
Seat 5: shootingGRID ($169.58 in chips) 
Seat 6: nikalas22 ($102.72 in chips) 
50CandyJoe: posts small blind $0.50
shootingGRID: posts big blind $1
*** HOLE CARDS ***
nikalas22: folds 
Xenicide: folds 
SoldIer1024: folds 
SoldIer1024 leaves the table
7bekon7: raises $1.25 to $2.25
50CandyJoe: folds 
shootingGRID: folds 
Uncalled bet ($1.25) returned to 7bekon7
7bekon7 collected $2.50 from pot
7bekon7: doesn't show hand 
*** SUMMARY ***
Total pot $2.50 | Rake $0 
Seat 1: Xenicide folded before Flop (didn't bet)
Seat 2: SoldIer1024 folded before Flop (didn't bet)
Seat 3: 7bekon7 (button) collected ($2.50)
Seat 4: 50CandyJoe (small blind) folded before Flop
Seat 5: shootingGRID (big blind) folded before Flop
Seat 6: nikalas22 folded before Flop (didn't bet)



PokerStars Hand #254632397752:  Hold'em No Limit ($0.50/$1.00 USD) - 2025/01/30 2:59:51 WET [2025/01/30 21:59:51 ET]
Table 'Cevenola' 6-max Seat #4 is the button
Seat 6: nikalas22 ($102.72 in chips) is sitting out
Seat 1: Xenicide ($171.73 in chips) 
Seat 3: 7bekon7 ($101.50 in chips) 
Seat 4: 50CandyJoe ($108.45 in chips) 
Seat 5: shootingGRID ($168.58 in chips) 
shootingGRID: posts small blind $0.50
Xenicide: posts big blind $1
*** HOLE CARDS ***
7bekon7: folds 
nikalas22 leaves the table
50CandyJoe: raises $1.50 to $2.50
shootingGRID: folds 
Xenicide: calls $1.50
*** FLOP *** [8h 2h 8d]
Xenicide: checks 
50CandyJoe: checks 
*** TURN *** [8h 2h 8d] [9s]
Xenicide: bets $6.52
50CandyJoe: folds 
Uncalled bet ($6.52) returned to Xenicide
Xenicide collected $5.22 from pot
*** SUMMARY ***
Total pot $5.50 | Rake $0.28 
Board [8h 2h 8d 9s]
Seat 6: nikalas22
Seat 1: Xenicide (big blind) collected ($5.22)
Seat 3: 7bekon7 folded before Flop (didn't bet)
Seat 4: 50CandyJoe (button) folded on the Turn
Seat 5: shootingGRID (small blind) folded before Flop



PokerStars Hand #254632404766:  Hold'em No Limit ($0.50/$1.00 USD) - 2025/01/30 3:00:52 WET [2025/01/30 22:00:52 ET]
Table 'Cevenola' 6-max Seat #5 is the button
Seat 3: 7bekon7 ($101.50 in chips) is sitting out
Seat 1: Xenicide ($174.45 in chips) 
Seat 4: 50CandyJoe ($105.95 in chips) 
Seat 5: shootingGRID ($168.08 in chips) 
Xenicide: posts small blind $0.50
7bekon7: is sitting out 
50CandyJoe: posts big blind $1
*** HOLE CARDS ***
7bekon7 leaves the table
shootingGRID: raises $1.50 to $2.50
Xenicide: folds 
50CandyJoe: folds 
Uncalled bet ($1.50) returned to shootingGRID
shootingGRID collected $2.50 from pot
*** SUMMARY ***
Total pot $2.50 | Rake $0 
Seat 3: 7bekon7
Seat 1: Xenicide (small blind) folded before Flop
Seat 4: 50CandyJoe (big blind) folded before Flop
Seat 5: shootingGRID (button) collected ($2.50)



PokerStars Hand #254632409986:  Hold'em No Limit ($0.50/$1.00 USD) - 2025/01/30 3:01:31 WET [2025/01/30 22:01:31 ET]
Table 'Cevenola' 6-max Seat #6 is the button
Seat 2: XneferX ($100 in chips) 
Seat 4: 50CandyJoe ($104.95 in chips) 
Seat 6: ML51450 ($10 in chips) 
XneferX: posts small blind $0.50
50CandyJoe: posts big blind $1
*** HOLE CARDS ***
ML51450: raises $1 to $2
XneferX: folds 
50CandyJoe: folds 
Uncalled bet ($1) returned to ML51450
ML51450 collected $2.50 from pot
*** SUMMARY ***
Total pot $2.50 | Rake $0 
Seat 2: XneferX (small blind) folded before Flop
Seat 4: 50CandyJoe (big blind) folded before Flop
Seat 6: ML51450 (button) collected ($2.50)



PokerStars Hand #254632412664:  Hold'em No Limit ($0.50/$1.00 USD) - 2025/01/30 3:01:51 WET [2025/01/30 22:01:51 ET]
Table 'Cevenola' 6-max Seat #2 is the button
Seat 2: XneferX ($100 in chips) 
Seat 4: 50CandyJoe ($103.95 in chips) 
Seat 6: ML51450 ($11.50 in chips) 
50CandyJoe: posts small blind $0.50
ML51450: posts big blind $1
*** HOLE CARDS ***
XneferX: raises $1.77 to $2.77
50CandyJoe: folds 
ML51450: folds 
Uncalled bet ($1.77) returned to XneferX
XneferX collected $2.50 from pot
XneferX: doesn't show hand 
*** SUMMARY ***
Total pot $2.50 | Rake $0 
Seat 2: XneferX (button) collected ($2.50)
Seat 4: 50CandyJoe (small blind) folded before Flop
Seat 6: ML51450 (big blind) folded before Flop



PokerStars Hand #254632414964:  Hold'em No Limit ($0.50/$1.00 USD) - 2025/01/30 3:02:08 WET [2025/01/30 22:02:08 ET]
Table 'Cevenola' 6-max Seat #4 is the button
Seat 2: XneferX ($101.50 in chips) 
Seat 4: 50CandyJoe ($103.45 in chips) 
Seat 6: ML51450 ($10.50 in chips) 
ML51450: posts small blind $0.50
XneferX: posts big blind $1
*** HOLE CARDS ***
50CandyJoe: folds 
ML51450: raises $2 to $3
XneferX: folds 
Uncalled bet ($2) returned to ML51450
ML51450 collected $2 from pot
*** SUMMARY ***
Total pot $2 | Rake $0 
Seat 2: XneferX (big blind) folded before Flop
Seat 4: 50CandyJoe (button) folded before Flop (didn't bet)
Seat 6: ML51450 (small blind) collected ($2)



PokerStars Hand #254632416975:  Hold'em No Limit ($0.50/$1.00 USD) - 2025/01/30 3:02:24 WET [2025/01/30 22:02:24 ET]
Table 'Cevenola' 6-max Seat #6 is the button
Seat 2: XneferX ($100.50 in chips) 
Seat 4: 50CandyJoe ($103.45 in chips) 
Seat 6: ML51450 ($11.50 in chips) 
XneferX: posts small blind $0.50
50CandyJoe: posts big blind $1
*** HOLE CARDS ***
ML51450: raises $1 to $2
XneferX: folds 
Timonessb joins the table at seat #1 
50CandyJoe: folds 
Uncalled bet ($1) returned to ML51450
ML51450 collected $2.50 from pot
*** SUMMARY ***
Total pot $2.50 | Rake $0 
Seat 2: XneferX (small blind) folded before Flop
Seat 4: 50CandyJoe (big blind) folded before Flop
Seat 6: ML51450 (button) collected ($2.50)



PokerStars Hand #254632419797:  Hold'em No Limit ($0.50/$1.00 USD) - 2025/01/30 3:02:44 WET [2025/01/30 22:02:44 ET]
Table 'Cevenola' 6-max Seat #2 is the button
Seat 1: Timonessb ($148.88 in chips) is sitting out
Seat 2: XneferX ($100 in chips) 
Seat 4: 50CandyJoe ($102.45 in chips) 
Seat 6: ML51450 ($13 in chips) 
50CandyJoe: posts small blind $0.50
ML51450: posts big blind $1
Timonessb: sits out 
*** HOLE CARDS ***
XneferX: folds 
50CandyJoe: folds 
Uncalled bet ($0.50) returned to ML51450
ML51450 collected $1 from pot
*** SUMMARY ***
Total pot $1 | Rake $0 
Seat 1: Timonessb
Seat 2: XneferX (button) folded before Flop (didn't bet)
Seat 4: 50CandyJoe (small blind) folded before Flop
Seat 6: ML51450 (big blind) collected ($1)



PokerStars Hand #254632421890:  Hold'em No Limit ($0.50/$1.00 USD) - 2025/01/30 3:03:00 WET [2025/01/30 22:03:00 ET]
Table 'Cevenola' 6-max Seat #4 is the button
Seat 1: Timonessb ($148.88 in chips) 
Seat 2: XneferX ($100 in chips) 
Seat 4: 50CandyJoe ($101.95 in chips) 
Seat 6: ML51450 ($13.50 in chips) 
ML51450: posts small blind $0.50
Timonessb: posts big blind $1
*** HOLE CARDS ***
XneferX: raises $1.30 to $2.30
shootingGRID joins the table at seat #3 
50CandyJoe: raises $5.20 to $7.50
ML51450: folds 
Timonessb: folds 
XneferX: calls $5.20
*** FLOP *** [Jc 3s Kd]
XneferX: checks 
50CandyJoe: bets $5.17
XneferX: folds 
Uncalled bet ($5.17) returned to 50CandyJoe
50CandyJoe collected $15.68 from pot
50CandyJoe: doesn't show hand 
*** SUMMARY ***
Total pot $16.50 | Rake $0.82 
Board [Jc 3s Kd]
Seat 1: Timonessb (big blind) folded before Flop
Seat 2: XneferX folded on the Flop
Seat 4: 50CandyJoe (button) collected ($15.68)
Seat 6: ML51450 (small blind) folded before Flop



PokerStars Hand #254632430587:  Hold'em No Limit ($0.50/$1.00 USD) - 2025/01/30 3:04:03 WET [2025/01/30 22:04:03 ET]
Table 'Cevenola' 6-max Seat #6 is the button
Seat 3: shootingGRID ($169.58 in chips) is sitting out
Seat 1: Timonessb ($147.88 in chips) 
Seat 2: XneferX ($100 in chips) 
Seat 4: 50CandyJoe ($110.13 in chips) 
Seat 6: ML51450 ($13 in chips) 
Timonessb: posts small blind $0.50
XneferX: posts big blind $1
shootingGRID: sits out 
*** HOLE CARDS ***
50CandyJoe: folds 
ML51450: raises $2.50 to $3.50
Timonessb: folds 
XneferX: calls $2.50
*** FLOP *** [9s 2c Td]
XneferX: checks 
ML51450: bets $7.12
XneferX: folds 
Uncalled bet ($7.12) returned to ML51450
ML51450 collected $7.12 from pot
*** SUMMARY ***
Total pot $7.50 | Rake $0.38 
Board [9s 2c Td]
Seat 3: shootingGRID
Seat 1: Timonessb (small blind) folded before Flop
Seat 2: XneferX (big blind) folded on the Flop
Seat 4: 50CandyJoe folded before Flop (didn't bet)
Seat 6: ML51450 (button) collected ($7.12)



PokerStars Hand #254632435953:  Hold'em No Limit ($0.50/$1.00 USD) - 2025/01/30 3:04:42 WET [2025/01/30 22:04:42 ET]
Table 'Cevenola' 6-max Seat #1 is the button
Seat 1: Timonessb ($147.38 in chips) 
Seat 2: XneferX ($100 in chips) 
Seat 3: shootingGRID ($169.58 in chips) 
Seat 4: 50CandyJoe ($110.13 in chips) 
Seat 6: ML51450 ($16.62 in chips) 
XneferX: posts small blind $0.50
shootingGRID: posts big blind $1
*** HOLE CARDS ***
50CandyJoe: raises $1.20 to $2.20
ML51450: folds 
Timonessb: folds 
XneferX: folds 
shootingGRID: folds 
Uncalled bet ($1.20) returned to 50CandyJoe
50CandyJoe collected $2.50 from pot
50CandyJoe: doesn't show hand 
*** SUMMARY ***
Total pot $2.50 | Rake $0 
Seat 1: Timonessb (button) folded before Flop (didn't bet)
Seat 2: XneferX (small blind) folded before Flop
Seat 3: shootingGRID (big blind) folded before Flop
Seat 4: 50CandyJoe collected ($2.50)
Seat 6: ML51450 folded before Flop (didn't bet)



PokerStars Hand #254632438106:  Hold'em No Limit ($0.50/$1.00 USD) - 2025/01/30 3:04:57 WET [2025/01/30 22:04:57 ET]
Table 'Cevenola' 6-max Seat #2 is the button
Seat 1: Timonessb ($147.38 in chips) 
Seat 2: XneferX ($100 in chips) 
Seat 3: shootingGRID ($168.58 in chips) 
Seat 4: 50CandyJoe ($111.63 in chips) 
Seat 6: ML51450 ($16.62 in chips) 
shootingGRID: posts small blind $0.50
50CandyJoe: posts big blind $1
*** HOLE CARDS ***
ML51450: folds 
Timonessb: folds 
XneferX: folds 
shootingGRID: folds 
Uncalled bet ($0.50) returned to 50CandyJoe
50CandyJoe collected $1 from pot
50CandyJoe: doesn't show hand 
*** SUMMARY ***
Total pot $1 | Rake $0 
Seat 1: Timonessb folded before Flop (didn't bet)
Seat 2: XneferX (button) folded before Flop (didn't bet)
Seat 3: shootingGRID (small blind) folded before Flop
Seat 4: 50CandyJoe (big blind) collected ($1)
Seat 6: ML51450 folded before Flop (didn't bet)



PokerStars Hand #254632440347:  Hold'em No Limit ($0.50/$1.00 USD) - 2025/01/30 3:05:13 WET [2025/01/30 22:05:13 ET]
Table 'Cevenola' 6-max Seat #3 is the button
Seat 1: Timonessb ($147.38 in chips) 
Seat 2: XneferX ($100 in chips) 
Seat 3: shootingGRID ($168.08 in chips) 
Seat 4: 50CandyJoe ($112.13 in chips) 
Seat 6: ML51450 ($16.62 in chips) 
50CandyJoe: posts small blind $0.50
ML51450: posts big blind $1
*** HOLE CARDS ***
Timonessb: folds 
XneferX: folds 
shootingGRID: raises $1.50 to $2.50
50CandyJoe: raises $7.50 to $10
ML51450: folds 
shootingGRID: folds 
Uncalled bet ($7.50) returned to 50CandyJoe
50CandyJoe collected $6 from pot
50CandyJoe: doesn't show hand 
*** SUMMARY ***
Total pot $6 | Rake $0 
Seat 1: Timonessb folded before Flop (didn't bet)
Seat 2: XneferX folded before Flop (didn't bet)
Seat 3: shootingGRID (button) folded before Flop
Seat 4: 50CandyJoe (small blind) collected ($6)
Seat 6: ML51450 (big blind) folded before Flop



PokerStars Hand #254632444809:  Hold'em No Limit ($0.50/$1.00 USD) - 2025/01/30 3:05:45 WET [2025/01/30 22:05:45 ET]
Table 'Cevenola' 6-max Seat #4 is the button
Seat 1: Timonessb ($147.38 in chips) 
Seat 2: XneferX ($100 in chips) 
Seat 3: shootingGRID ($165.58 in chips) 
Seat 4: 50CandyJoe ($115.63 in chips) 
Seat 6: ML51450 ($15.62 in chips) 
ML51450: posts small blind $0.50
Timonessb: posts big blind $1
*** HOLE CARDS ***
XneferX: folds 
shootingGRID: folds 
50CandyJoe: folds 
ML51450: calls $0.50
Timonessb: checks 
*** FLOP *** [6s 7s 5c]
ML51450: checks 
Timonessb: checks 
*** TURN *** [6s 7s 5c] [Td]
ML51450: bets $1.90
Timonessb: folds 
Uncalled bet ($1.90) returned to ML51450
ML51450 collected $1.90 from pot
*** SUMMARY ***
Total pot $2 | Rake $0.10 
Board [6s 7s 5c Td]
Seat 1: Timonessb (big blind) folded on the Turn
Seat 2: XneferX folded before Flop (didn't bet)
Seat 3: shootingGRID folded before Flop (didn't bet)
Seat 4: 50CandyJoe (button) folded before Flop (didn't bet)
Seat 6: ML51450 (small blind) collected ($1.90)



PokerStars Hand #254632449496:  Hold'em No Limit ($0.50/$1.00 USD) - 2025/01/30 3:06:20 WET [2025/01/30 22:06:20 ET]
Table 'Cevenola' 6-max Seat #6 is the button
Seat 1: Timonessb ($146.38 in chips) 
Seat 2: XneferX ($100 in chips) 
Seat 3: shootingGRID ($165.58 in chips) 
Seat 4: 50CandyJoe ($115.63 in chips) 
Seat 6: ML51450 ($16.52 in chips) 
Timonessb: posts small blind $0.50
XneferX: posts big blind $1
*** HOLE CARDS ***
shootingGRID: folds 
50CandyJoe: folds 
ML51450: folds 
Timonessb: raises $2 to $3
XneferX: folds 
Uncalled bet ($2) returned to Timonessb
Timonessb collected $2 from pot
*** SUMMARY ***
Total pot $2 | Rake $0 
Seat 1: Timonessb (small blind) collected ($2)
Seat 2: XneferX (big blind) folded before Flop
Seat 3: shootingGRID folded before Flop (didn't bet)
Seat 4: 50CandyJoe folded before Flop (didn't bet)
Seat 6: ML51450 (button) folded before Flop (didn't bet)



PokerStars Hand #254632452805:  Hold'em No Limit ($0.50/$1.00 USD) - 2025/01/30 3:06:45 WET [2025/01/30 22:06:45 ET]
Table 'Cevenola' 6-max Seat #1 is the button
Seat 1: Timonessb ($147.38 in chips) 
Seat 2: XneferX ($100 in chips) 
Seat 3: shootingGRID ($165.58 in chips) 
Seat 4: 50CandyJoe ($115.63 in chips) 
Seat 6: ML51450 ($16.52 in chips) 
XneferX: posts small blind $0.50
shootingGRID: posts big blind $1
*** HOLE CARDS ***
50CandyJoe: folds 
ML51450: folds 
Timonessb: folds 
XneferX: raises $2 to $3
shootingGRID: calls $2
*** FLOP *** [5s 5h 8c]
XneferX: checks 
shootingGRID: checks 
*** TURN *** [5s 5h 8c] [Ac]
XneferX: checks 
shootingGRID: checks 
*** RIVER *** [5s 5h 8c Ac] [7s]
XneferX: bets $4.39
shootingGRID: folds 
Uncalled bet ($4.39) returned to XneferX
XneferX collected $5.70 from pot
XneferX: doesn't show hand 
*** SUMMARY ***
Total pot $6 | Rake $0.30 
Board [5s 5h 8c Ac 7s]
Seat 1: Timonessb (button) folded before Flop (didn't bet)
Seat 2: XneferX (small blind) collected ($5.70)
Seat 3: shootingGRID (big blind) folded on the River
Seat 4: 50CandyJoe folded before Flop (didn't bet)
Seat 6: ML51450 folded before Flop (didn't bet)



PokerStars Hand #254632460056:  Hold'em No Limit ($0.50/$1.00 USD) - 2025/01/30 3:07:40 WET [2025/01/30 22:07:40 ET]
Table 'Cevenola' 6-max Seat #2 is the button
Seat 1: Timonessb ($147.38 in chips) 
Seat 2: XneferX ($102.70 in chips) 
Seat 3: shootingGRID ($162.58 in chips) 
Seat 4: 50CandyJoe ($115.63 in chips) 
Seat 6: ML51450 ($16.52 in chips) 
shootingGRID: posts small blind $0.50
50CandyJoe: posts big blind $1
*** HOLE CARDS ***
ML51450: folds 
Timonessb: folds 
XneferX: folds 
shootingGRID: folds 
Uncalled bet ($0.50) returned to 50CandyJoe
50CandyJoe collected $1 from pot
50CandyJoe: doesn't show hand 
*** SUMMARY ***
Total pot $1 | Rake $0 
Seat 1: Timonessb folded before Flop (didn't bet)
Seat 2: XneferX (button) folded before Flop (didn't bet)
Seat 3: shootingGRID (small blind) folded before Flop
Seat 4: 50CandyJoe (big blind) collected ($1)
Seat 6: ML51450 folded before Flop (didn't bet)



PokerStars Hand #254632488752:  Hold'em No Limit ($0.50/$1.00 USD) - 2025/01/30 3:11:17 WET [2025/01/30 22:11:17 ET]
Table 'Cevenola' 6-max Seat #1 is the button
Seat 1: Timonessb ($149.88 in chips) 
Seat 2: XneferX ($100 in chips) 
Seat 3: shootingGRID ($144.81 in chips) 
Seat 4: 50CandyJoe ($117.97 in chips) 
Seat 6: ML51450 ($30.86 in chips) 
XneferX: posts small blind $0.50
shootingGRID: posts big blind $1
*** HOLE CARDS ***
50CandyJoe: raises $1.20 to $2.20
ML51450: folds 
Timonessb: raises $5.30 to $7.50
XneferX: folds 
shootingGRID: folds 
50CandyJoe: calls $5.30
*** FLOP *** [5c 9s 9c]
50CandyJoe: checks 
Timonessb: bets $8
50CandyJoe: calls $8
*** TURN *** [5c 9s 9c] [3h]
50CandyJoe: checks 
Timonessb: bets $20.69
50CandyJoe: calls $20.69
*** RIVER *** [5c 9s 9c 3h] [4d]
50CandyJoe: checks 
Timonessb: checks 
*** SHOW DOWN ***
50CandyJoe: shows [Kd As] (a pair of Nines)
Timonessb: shows [Qs Qc] (two pair, Queens and Nines)
Timonessb collected $71.38 from pot
*** SUMMARY ***
Total pot $73.88 | Rake $2.50 
Board [5c 9s 9c 3h 4d]
Seat 1: Timonessb (button) showed [Qs Qc] and won ($71.38) with two pair, Queens and Nines
Seat 2: XneferX (small blind) folded before Flop
Seat 3: shootingGRID (big blind) folded before Flop
Seat 4: 50CandyJoe showed [Kd As] and lost with a pair of Nines
Seat 6: ML51450 folded before Flop (didn't bet)



PokerStars Hand #254632499738:  Hold'em No Limit ($0.50/$1.00 USD) - 2025/01/30 3:12:40 WET [2025/01/30 22:12:40 ET]
Table 'Cevenola' 6-max Seat #2 is the button
Seat 1: Timonessb ($185.07 in chips) 
Seat 2: XneferX ($100 in chips) 
Seat 3: shootingGRID ($143.81 in chips) 
Seat 4: 50CandyJoe ($100 in chips) 
Seat 6: ML51450 ($30.86 in chips) 
shootingGRID: posts small blind $0.50
50CandyJoe: posts big blind $1
*** HOLE CARDS ***
ML51450: folds 
Timonessb: folds 
ML51450 leaves the table
XneferX: raises $1.77 to $2.77
shootingGRID: folds 
50CandyJoe: calls $1.77
*** FLOP *** [6s 7d Jh]
50CandyJoe: checks 
XneferX: bets $1.95
50CandyJoe: calls $1.95
*** TURN *** [6s 7d Jh] [As]
50CandyJoe: checks 
XneferX: checks 
*** RIVER *** [6s 7d Jh As] [8h]
50CandyJoe: bets $9.44
XneferX: calls $9.44
*** SHOW DOWN ***
50CandyJoe: shows [Ks Ts] (high card Ace)
XneferX: shows [Qh Qd] (a pair of Queens)
XneferX collected $27.38 from pot
*** SUMMARY ***
Total pot $28.82 | Rake $1.44 
Board [6s 7d Jh As 8h]
Seat 1: Timonessb folded before Flop (didn't bet)
Seat 2: XneferX (button) showed [Qh Qd] and won ($27.38) with a pair of Queens
Seat 3: shootingGRID (small blind) folded before Flop
Seat 4: 50CandyJoe (big blind) showed [Ks Ts] and lost with high card Ace
Seat 6: ML51450 folded before Flop (didn't bet)



PokerStars Hand #254632508116:  Hold'em No Limit ($0.50/$1.00 USD) - 2025/01/30 3:13:44 WET [2025/01/30 22:13:44 ET]
Table 'Cevenola' 6-max Seat #3 is the button
Seat 1: Timonessb ($185.07 in chips) 
Seat 2: XneferX ($113.22 in chips) 
Seat 3: shootingGRID ($143.31 in chips) 
Seat 4: 50CandyJoe ($100 in chips) 
50CandyJoe: posts small blind $0.50
Timonessb: posts big blind $1
*** HOLE CARDS ***
XneferX: raises $1.30 to $2.30
shootingGRID: folds 
50CandyJoe: folds 
Timonessb: folds 
Uncalled bet ($1.30) returned to XneferX
XneferX collected $2.50 from pot
XneferX: doesn't show hand 
*** SUMMARY ***
Total pot $2.50 | Rake $0 
Seat 1: Timonessb (big blind) folded before Flop
Seat 2: XneferX collected ($2.50)
Seat 3: shootingGRID (button) folded before Flop (didn't bet)
Seat 4: 50CandyJoe (small blind) folded before Flop



PokerStars Hand #254632509446:  Hold'em No Limit ($0.50/$1.00 USD) - 2025/01/30 3:13:54 WET [2025/01/30 22:13:54 ET]
Table 'Cevenola' 6-max Seat #1 is the button
Seat 2: XneferX ($114.72 in chips) is sitting out
Seat 3: shootingGRID ($143.31 in chips) is sitting out
Seat 1: Timonessb ($184.07 in chips) 
Seat 4: 50CandyJoe ($100 in chips) 
Timonessb: posts small blind $0.50
XneferX: is sitting out 
shootingGRID: is sitting out 
50CandyJoe: posts big blind $1
*** HOLE CARDS ***
Timonessb: folds 
Uncalled bet ($0.50) returned to 50CandyJoe
50CandyJoe collected $1 from pot
50CandyJoe: doesn't show hand 
Timonessb leaves the table
XneferX leaves the table
shootingGRID leaves the table
*** SUMMARY ***
Total pot $1 | Rake $0 
Seat 2: XneferX
Seat 3: shootingGRID
Seat 1: Timonessb (button) (small blind) folded before Flop
Seat 4: 50CandyJoe (big blind) collected ($1)



PokerStars Hand #254632478367:  Hold'em No Limit ($0.50/$1.00 USD) - 2025/01/30 3:09:58 WET [2025/01/30 22:09:58 ET]
Table 'Cevenola' 6-max Seat #4 is the button
Seat 2: XneferX ($102.70 in chips) is sitting out
Seat 1: Timonessb ($149.38 in chips) 
Seat 3: shootingGRID ($144.81 in chips) 
Seat 4: 50CandyJoe ($114.13 in chips) 
Seat 6: ML51450 ($31.86 in chips) 
ML51450: posts small blind $0.50
Timonessb: posts big blind $1
XneferX: sits out 
*** HOLE CARDS ***
shootingGRID: folds 
50CandyJoe: folds 
CEPTT joins the table at seat #5 
ML51450: calls $0.50
Timonessb: raises $2 to $3
ML51450: folds 
Uncalled bet ($2) returned to Timonessb
Timonessb collected $2 from pot
Timonessb: doesn't show hand 
*** SUMMARY ***
Total pot $2 | Rake $0 
Seat 2: XneferX
Seat 1: Timonessb (big blind) collected ($2)
Seat 3: shootingGRID folded before Flop (didn't bet)
Seat 4: 50CandyJoe (button) folded before Flop (didn't bet)
Seat 6: ML51450 (small blind) folded before Flop



PokerStars Hand #254632481618:  Hold'em No Limit ($0.50/$1.00 USD) - 2025/01/30 3:10:22 WET [2025/01/30 22:10:22 ET]
Table 'Cevenola' 6-max Seat #6 is the button
Seat 5: CEPTT ($281.61 in chips) is sitting out
Seat 1: Timonessb ($150.38 in chips) 
Seat 2: XneferX ($102.70 in chips) 
Seat 3: shootingGRID ($144.81 in chips) 
Seat 4: 50CandyJoe ($114.13 in chips) 
Seat 6: ML51450 ($30.86 in chips) 
Timonessb: posts small blind $0.50
XneferX: posts big blind $1
CEPTT: sits out 
*** HOLE CARDS ***
shootingGRID: folds 
50CandyJoe: raises $1.20 to $2.20
CEPTT leaves the table
ML51450: folds 
Timonessb: folds 
XneferX: calls $1.20
*** FLOP *** [3h 5c Qd]
XneferX: checks 
50CandyJoe: bets $1.54
XneferX: calls $1.54
*** TURN *** [3h 5c Qd] [9s]
XneferX: checks 
50CandyJoe: bets $10.23
XneferX: folds 
Uncalled bet ($10.23) returned to 50CandyJoe
50CandyJoe collected $7.58 from pot
50CandyJoe: doesn't show hand 
*** SUMMARY ***
Total pot $7.98 | Rake $0.40 
Board [3h 5c Qd 9s]
Seat 5: CEPTT
Seat 1: Timonessb (small blind) folded before Flop
Seat 2: XneferX (big blind) folded on the Turn
Seat 3: shootingGRID folded before Flop (didn't bet)
Seat 4: 50CandyJoe collected ($7.58)
Seat 6: ML51450 (button) folded before Flop (didn't bet)



