PokerStars Hand #254620226602:  Hold'em No Limit ($0.50/$1.00 USD) - 2025/01/30 12:36:07 WET [2025/01/30 7:36:07 ET]
Table 'Ariel' 6-max Seat #3 is the button
Seat 1: raiseinthedarkk ($103.72 in chips) 
Seat 2: KingVaPo ($7.50 in chips) 
Seat 3: Gfoer ($100 in chips) 
Seat 4: VahTang_89 ($100 in chips) 
Seat 5: Dvinixx ($77.84 in chips) 
Seat 6: elcutez ($102.32 in chips) 
VahTang_89: posts small blind $0.50
Dvinixx: posts big blind $1
*** HOLE CARDS ***
elcutez: folds 
raiseinthedarkk: folds 
KingVaPo: calls $1
Gfoer: folds 
VahTang_89: folds 
Dvinixx: checks 
*** FLOP *** [3h Ah Th]
Dvinixx: checks 
KingVaPo: bets $1
Dvinixx: calls $1
*** TURN *** [3h Ah Th] [3s]
Dvinixx: checks 
KingVaPo: bets $1
Dvinixx: calls $1
*** RIVER *** [3h Ah Th 3s] [Jd]
Dvinixx: checks 
KingVaPo: bets $2
Dvinixx: calls $2
*** SHOW DOWN ***
KingVaPo: shows [Jh 6h] (a flush, Ace high)
Dvinixx: mucks hand 
KingVaPo collected $9.98 from pot
*** SUMMARY ***
Total pot $10.50 | Rake $0.52 
Board [3h Ah Th 3s Jd]
Seat 1: raiseinthedarkk folded before Flop (didn't bet)
Seat 2: KingVaPo showed [Jh 6h] and won ($9.98) with a flush, Ace high
Seat 3: Gfoer (button) folded before Flop (didn't bet)
Seat 4: VahTang_89 (small blind) folded before Flop
Seat 5: Dvinixx (big blind) mucked
Seat 6: elcutez folded before Flop (didn't bet)



PokerStars Hand #254620234615:  Hold'em No Limit ($0.50/$1.00 USD) - 2025/01/30 12:37:04 WET [2025/01/30 7:37:04 ET]
Table 'Ariel' 6-max Seat #4 is the button
Seat 1: raiseinthedarkk ($103.72 in chips) 
Seat 2: KingVaPo ($12.48 in chips) 
Seat 3: Gfoer ($100 in chips) 
Seat 4: VahTang_89 ($100 in chips) 
Seat 5: Dvinixx ($72.84 in chips) 
Seat 6: elcutez ($102.32 in chips) 
Dvinixx: posts small blind $0.50
elcutez: posts big blind $1
*** HOLE CARDS ***
raiseinthedarkk: folds 
KingVaPo: folds 
Gfoer: folds 
VahTang_89: raises $1.20 to $2.20
Dvinixx: folds 
elcutez: folds 
Uncalled bet ($1.20) returned to VahTang_89
VahTang_89 collected $2.50 from pot
VahTang_89: doesn't show hand 
*** SUMMARY ***
Total pot $2.50 | Rake $0 
Seat 1: raiseinthedarkk folded before Flop (didn't bet)
Seat 2: KingVaPo folded before Flop (didn't bet)
Seat 3: Gfoer folded before Flop (didn't bet)
Seat 4: VahTang_89 (button) collected ($2.50)
Seat 5: Dvinixx (small blind) folded before Flop
Seat 6: elcutez (big blind) folded before Flop



PokerStars Hand #254620237179:  Hold'em No Limit ($0.50/$1.00 USD) - 2025/01/30 12:37:23 WET [2025/01/30 7:37:23 ET]
Table 'Ariel' 6-max Seat #5 is the button
Seat 1: raiseinthedarkk ($103.72 in chips) 
Seat 2: KingVaPo ($12.48 in chips) 
Seat 3: Gfoer ($100 in chips) 
Seat 4: VahTang_89 ($101.50 in chips) 
Seat 5: Dvinixx ($72.34 in chips) 
Seat 6: elcutez ($101.32 in chips) 
elcutez: posts small blind $0.50
raiseinthedarkk: posts big blind $1
*** HOLE CARDS ***
KingVaPo: calls $1
Gfoer: folds 
VahTang_89: folds 
Dvinixx: folds 
elcutez: calls $0.50
raiseinthedarkk: checks 
*** FLOP *** [3s Qh 9s]
elcutez: checks 
raiseinthedarkk: checks 
KingVaPo: bets $1.43
elcutez: folds 
raiseinthedarkk: folds 
Uncalled bet ($1.43) returned to KingVaPo
KingVaPo collected $2.85 from pot
*** SUMMARY ***
Total pot $3 | Rake $0.15 
Board [3s Qh 9s]
Seat 1: raiseinthedarkk (big blind) folded on the Flop
Seat 2: KingVaPo collected ($2.85)
Seat 3: Gfoer folded before Flop (didn't bet)
Seat 4: VahTang_89 folded before Flop (didn't bet)
Seat 5: Dvinixx (button) folded before Flop (didn't bet)
Seat 6: elcutez (small blind) folded on the Flop



PokerStars Hand #254620241784:  Hold'em No Limit ($0.50/$1.00 USD) - 2025/01/30 12:37:56 WET [2025/01/30 7:37:56 ET]
Table 'Ariel' 6-max Seat #6 is the button
Seat 1: raiseinthedarkk ($102.72 in chips) 
Seat 2: KingVaPo ($14.33 in chips) 
Seat 3: Gfoer ($100 in chips) 
Seat 4: VahTang_89 ($101.50 in chips) 
Seat 5: Dvinixx ($72.34 in chips) 
Seat 6: elcutez ($100.32 in chips) 
raiseinthedarkk: posts small blind $0.50
KingVaPo: posts big blind $1
*** HOLE CARDS ***
Gfoer: folds 
VahTang_89: folds 
Dvinixx: calls $1
elcutez: folds 
raiseinthedarkk: folds 
KingVaPo: checks 
*** FLOP *** [Ah 3d 5d]
KingVaPo: checks 
Dvinixx: checks 
*** TURN *** [Ah 3d 5d] [Js]
KingVaPo: checks 
Dvinixx: checks 
*** RIVER *** [Ah 3d 5d Js] [8s]
KingVaPo: checks 
Dvinixx: checks 
*** SHOW DOWN ***
KingVaPo: shows [7s 4s] (high card Ace)
Dvinixx: shows [Qc 8d] (a pair of Eights)
Dvinixx collected $2.38 from pot
*** SUMMARY ***
Total pot $2.50 | Rake $0.12 
Board [Ah 3d 5d Js 8s]
Seat 1: raiseinthedarkk (small blind) folded before Flop
Seat 2: KingVaPo (big blind) showed [7s 4s] and lost with high card Ace
Seat 3: Gfoer folded before Flop (didn't bet)
Seat 4: VahTang_89 folded before Flop (didn't bet)
Seat 5: Dvinixx showed [Qc 8d] and won ($2.38) with a pair of Eights
Seat 6: elcutez (button) folded before Flop (didn't bet)



PokerStars Hand #254620250658:  Hold'em No Limit ($0.50/$1.00 USD) - 2025/01/30 12:39:00 WET [2025/01/30 7:39:00 ET]
Table 'Ariel' 6-max Seat #1 is the button
Seat 1: raiseinthedarkk ($102.22 in chips) 
Seat 2: KingVaPo ($13.33 in chips) 
Seat 3: Gfoer ($100 in chips) 
Seat 4: VahTang_89 ($101.50 in chips) 
Seat 5: Dvinixx ($73.72 in chips) 
Seat 6: elcutez ($100.32 in chips) 
KingVaPo: posts small blind $0.50
Gfoer: posts big blind $1
*** HOLE CARDS ***
VahTang_89: folds 
Dvinixx: folds 
elcutez: folds 
raiseinthedarkk: folds 
KingVaPo: calls $0.50
Gfoer: checks 
*** FLOP *** [4h 5s Ks]
KingVaPo: bets $1
Gfoer: calls $1
*** TURN *** [4h 5s Ks] [8c]
KingVaPo: bets $1
Gfoer: raises $4.13 to $5.13
KingVaPo: calls $4.13
*** RIVER *** [4h 5s Ks 8c] [As]
KingVaPo: checks 
Gfoer: bets $6.66
KingVaPo: calls $6.20 and is all-in
Uncalled bet ($0.46) returned to Gfoer
*** SHOW DOWN ***
Gfoer: shows [3d 7d] (high card Ace)
KingVaPo: shows [Kc 6s] (a pair of Kings)
KingVaPo collected $25.33 from pot
*** SUMMARY ***
Total pot $26.66 | Rake $1.33 
Board [4h 5s Ks 8c As]
Seat 1: raiseinthedarkk (button) folded before Flop (didn't bet)
Seat 2: KingVaPo (small blind) showed [Kc 6s] and won ($25.33) with a pair of Kings
Seat 3: Gfoer (big blind) showed [3d 7d] and lost with high card Ace
Seat 4: VahTang_89 folded before Flop (didn't bet)
Seat 5: Dvinixx folded before Flop (didn't bet)
Seat 6: elcutez folded before Flop (didn't bet)



PokerStars Hand #254620263410:  Hold'em No Limit ($0.50/$1.00 USD) - 2025/01/30 12:40:29 WET [2025/01/30 7:40:29 ET]
Table 'Ariel' 6-max Seat #2 is the button
Seat 1: raiseinthedarkk ($102.22 in chips) 
Seat 2: KingVaPo ($25.33 in chips) 
Seat 3: Gfoer ($100 in chips) 
Seat 4: VahTang_89 ($101.50 in chips) 
Seat 5: Dvinixx ($73.72 in chips) 
Seat 6: elcutez ($100.32 in chips) 
Gfoer: posts small blind $0.50
VahTang_89: posts big blind $1
*** HOLE CARDS ***
Dvinixx: folds 
elcutez: folds 
raiseinthedarkk: folds 
KingVaPo: raises $2 to $3
Gfoer: folds 
VahTang_89: folds 
Uncalled bet ($2) returned to KingVaPo
KingVaPo collected $2.50 from pot
*** SUMMARY ***
Total pot $2.50 | Rake $0 
Seat 1: raiseinthedarkk folded before Flop (didn't bet)
Seat 2: KingVaPo (button) collected ($2.50)
Seat 3: Gfoer (small blind) folded before Flop
Seat 4: VahTang_89 (big blind) folded before Flop
Seat 5: Dvinixx folded before Flop (didn't bet)
Seat 6: elcutez folded before Flop (didn't bet)



PokerStars Hand #254620266397:  Hold'em No Limit ($0.50/$1.00 USD) - 2025/01/30 12:40:49 WET [2025/01/30 7:40:49 ET]
Table 'Ariel' 6-max Seat #3 is the button
Seat 1: raiseinthedarkk ($102.22 in chips) 
Seat 2: KingVaPo ($26.83 in chips) 
Seat 3: Gfoer ($100 in chips) 
Seat 4: VahTang_89 ($100.50 in chips) 
Seat 5: Dvinixx ($73.72 in chips) 
Seat 6: elcutez ($100.32 in chips) 
VahTang_89: posts small blind $0.50
Dvinixx: posts big blind $1
*** HOLE CARDS ***
elcutez: folds 
raiseinthedarkk: folds 
KingVaPo: folds 
KingVaPo leaves the table
Gfoer: folds 
VahTang_89: folds 
Uncalled bet ($0.50) returned to Dvinixx
Dvinixx collected $1 from pot
*** SUMMARY ***
Total pot $1 | Rake $0 
Seat 1: raiseinthedarkk folded before Flop (didn't bet)
Seat 2: KingVaPo folded before Flop (didn't bet)
Seat 3: Gfoer (button) folded before Flop (didn't bet)
Seat 4: VahTang_89 (small blind) folded before Flop
Seat 5: Dvinixx (big blind) collected ($1)
Seat 6: elcutez folded before Flop (didn't bet)



PokerStars Hand #254620268641:  Hold'em No Limit ($0.50/$1.00 USD) - 2025/01/30 12:41:05 WET [2025/01/30 7:41:05 ET]
Table 'Ariel' 6-max Seat #4 is the button
Seat 1: raiseinthedarkk ($102.22 in chips) 
Seat 3: Gfoer ($100 in chips) 
Seat 4: VahTang_89 ($100 in chips) 
Seat 5: Dvinixx ($74.22 in chips) 
Seat 6: elcutez ($100.32 in chips) 
Dvinixx: posts small blind $0.50
elcutez: posts big blind $1
*** HOLE CARDS ***
Melenya joins the table at seat #2 
raiseinthedarkk: folds 
Gfoer: raises $1.20 to $2.20
VahTang_89: folds 
Dvinixx: folds 
elcutez: folds 
Uncalled bet ($1.20) returned to Gfoer
Gfoer collected $2.50 from pot
Gfoer: doesn't show hand 
*** SUMMARY ***
Total pot $2.50 | Rake $0 
Seat 1: raiseinthedarkk folded before Flop (didn't bet)
Seat 3: Gfoer collected ($2.50)
Seat 4: VahTang_89 (button) folded before Flop (didn't bet)
Seat 5: Dvinixx (small blind) folded before Flop
Seat 6: elcutez (big blind) folded before Flop



PokerStars Hand #254620271835:  Hold'em No Limit ($0.50/$1.00 USD) - 2025/01/30 12:41:27 WET [2025/01/30 7:41:27 ET]
Table 'Ariel' 6-max Seat #5 is the button
Seat 2: Melenya ($100 in chips) is sitting out
Seat 1: raiseinthedarkk ($102.22 in chips) 
Seat 3: Gfoer ($101.50 in chips) 
Seat 4: VahTang_89 ($100 in chips) 
Seat 5: Dvinixx ($73.72 in chips) 
Seat 6: elcutez ($99.32 in chips) 
elcutez: posts small blind $0.50
raiseinthedarkk: posts big blind $1
Melenya: sits out 
*** HOLE CARDS ***
Gfoer: folds 
VahTang_89: folds 
Dvinixx: calls $1
elcutez: folds 
raiseinthedarkk: raises $3 to $4
Dvinixx: folds 
Uncalled bet ($3) returned to raiseinthedarkk
raiseinthedarkk collected $2.50 from pot
raiseinthedarkk: doesn't show hand 
*** SUMMARY ***
Total pot $2.50 | Rake $0 
Seat 2: Melenya
Seat 1: raiseinthedarkk (big blind) collected ($2.50)
Seat 3: Gfoer folded before Flop (didn't bet)
Seat 4: VahTang_89 folded before Flop (didn't bet)
Seat 5: Dvinixx (button) folded before Flop
Seat 6: elcutez (small blind) folded before Flop



PokerStars Hand #254620275796:  Hold'em No Limit ($0.50/$1.00 USD) - 2025/01/30 12:41:53 WET [2025/01/30 7:41:53 ET]
Table 'Ariel' 6-max Seat #6 is the button
Seat 1: raiseinthedarkk ($103.72 in chips) 
Seat 2: Melenya ($100 in chips) 
Seat 3: Gfoer ($101.50 in chips) 
Seat 4: VahTang_89 ($100 in chips) 
Seat 5: Dvinixx ($72.72 in chips) 
Seat 6: elcutez ($98.82 in chips) 
raiseinthedarkk: posts small blind $0.50
Melenya: posts big blind $1
*** HOLE CARDS ***
Gfoer: folds 
VahTang_89: folds 
Dvinixx: folds 
elcutez: raises $2 to $3
raiseinthedarkk: folds 
Melenya: calls $2
*** FLOP *** [Qs Qh 9s]
Melenya: checks 
elcutez: checks 
*** TURN *** [Qs Qh 9s] [Kd]
Melenya: checks 
elcutez: bets $3.09
Melenya: calls $3.09
*** RIVER *** [Qs Qh 9s Kd] [7s]
Melenya: checks 
elcutez: checks 
*** SHOW DOWN ***
Melenya: shows [Jd Ah] (a pair of Queens)
elcutez: mucks hand 
Melenya collected $12.05 from pot
*** SUMMARY ***
Total pot $12.68 | Rake $0.63 
Board [Qs Qh 9s Kd 7s]
Seat 1: raiseinthedarkk (small blind) folded before Flop
Seat 2: Melenya (big blind) showed [Jd Ah] and won ($12.05) with a pair of Queens
Seat 3: Gfoer folded before Flop (didn't bet)
Seat 4: VahTang_89 folded before Flop (didn't bet)
Seat 5: Dvinixx folded before Flop (didn't bet)
Seat 6: elcutez (button) mucked



PokerStars Hand #254620285758:  Hold'em No Limit ($0.50/$1.00 USD) - 2025/01/30 12:43:01 WET [2025/01/30 7:43:01 ET]
Table 'Ariel' 6-max Seat #1 is the button
Seat 1: raiseinthedarkk ($103.22 in chips) 
Seat 2: Melenya ($105.96 in chips) 
Seat 3: Gfoer ($101.50 in chips) 
Seat 4: VahTang_89 ($100 in chips) 
Seat 5: Dvinixx ($72.72 in chips) 
Seat 6: elcutez ($92.73 in chips) 
Melenya: posts small blind $0.50
Gfoer: posts big blind $1
*** HOLE CARDS ***
VahTang_89: folds 
Dvinixx: calls $1
elcutez: folds 
raiseinthedarkk: raises $3.50 to $4.50
Melenya: raises $10.50 to $15
Gfoer: folds 
Dvinixx: folds 
raiseinthedarkk: folds 
Uncalled bet ($10.50) returned to Melenya
Melenya collected $11 from pot
Melenya: doesn't show hand 
*** SUMMARY ***
Total pot $11 | Rake $0 
Seat 1: raiseinthedarkk (button) folded before Flop
Seat 2: Melenya (small blind) collected ($11)
Seat 3: Gfoer (big blind) folded before Flop
Seat 4: VahTang_89 folded before Flop (didn't bet)
Seat 5: Dvinixx folded before Flop
Seat 6: elcutez folded before Flop (didn't bet)



PokerStars Hand #254620294432:  Hold'em No Limit ($0.50/$1.00 USD) - 2025/01/30 12:44:00 WET [2025/01/30 7:44:00 ET]
Table 'Ariel' 6-max Seat #2 is the button
Seat 1: raiseinthedarkk ($100 in chips) 
Seat 2: Melenya ($112.46 in chips) 
Seat 3: Gfoer ($100.50 in chips) 
Seat 4: VahTang_89 ($100 in chips) 
Seat 5: Dvinixx ($71.72 in chips) 
Seat 6: elcutez ($99.35 in chips) 
Gfoer: posts small blind $0.50
VahTang_89: posts big blind $1
*** HOLE CARDS ***
Dvinixx: folds 
Dvinixx leaves the table
elcutez: raises $1 to $2
raiseinthedarkk: folds 
Melenya: folds 
Gfoer: folds 
VahTang_89: calls $1
*** FLOP *** [Tc Kh 6d]
VahTang_89: checks 
elcutez: checks 
*** TURN *** [Tc Kh 6d] [7h]
VahTang_89: checks 
elcutez has timed out
elcutez: checks 
*** RIVER *** [Tc Kh 6d 7h] [4s]
VahTang_89: bets $2.82
elcutez has timed out
elcutez: folds 
Uncalled bet ($2.82) returned to VahTang_89
VahTang_89 collected $4.28 from pot
VahTang_89: doesn't show hand 
*** SUMMARY ***
Total pot $4.50 | Rake $0.22 
Board [Tc Kh 6d 7h 4s]
Seat 1: raiseinthedarkk folded before Flop (didn't bet)
Seat 2: Melenya (button) folded before Flop (didn't bet)
Seat 3: Gfoer (small blind) folded before Flop
Seat 4: VahTang_89 (big blind) collected ($4.28)
Seat 5: Dvinixx folded before Flop (didn't bet)
Seat 6: elcutez folded on the River



PokerStars Hand #254620307467:  Hold'em No Limit ($0.50/$1.00 USD) - 2025/01/30 12:45:27 WET [2025/01/30 7:45:27 ET]
Table 'Ariel' 6-max Seat #3 is the button
Seat 1: raiseinthedarkk ($100 in chips) is sitting out
Seat 6: elcutez ($97.35 in chips) is sitting out
Seat 2: Melenya ($112.46 in chips) 
Seat 3: Gfoer ($100 in chips) 
Seat 4: VahTang_89 ($102.28 in chips) 
VahTang_89: posts small blind $0.50
raiseinthedarkk: is sitting out 
Melenya: posts big blind $1
*** HOLE CARDS ***
Gfoer: raises $1 to $2
VahTang_89: folds 
Melenya: calls $1
*** FLOP *** [8c 5d 7s]
Melenya: checks 
Gfoer: checks 
*** TURN *** [8c 5d 7s] [Qh]
raiseinthedarkk leaves the table
Melenya: bets $6.42
Gfoer: calls $6.42
*** RIVER *** [8c 5d 7s Qh] [2s]
Melenya: bets $28.82
Gfoer: folds 
Uncalled bet ($28.82) returned to Melenya
Melenya collected $16.47 from pot
Melenya: doesn't show hand 
*** SUMMARY ***
Total pot $17.34 | Rake $0.87 
Board [8c 5d 7s Qh 2s]
Seat 1: raiseinthedarkk
Seat 6: elcutez
Seat 2: Melenya (big blind) collected ($16.47)
Seat 3: Gfoer (button) folded on the River
Seat 4: VahTang_89 (small blind) folded before Flop



PokerStars Hand #254620209652:  Hold'em No Limit ($0.50/$1.00 USD) - 2025/01/30 12:34:04 WET [2025/01/30 7:34:04 ET]
Table 'Ariel' 6-max Seat #3 is the button
Seat 1: raiseinthedarkk ($100 in chips) 
Seat 2: KingVaPo ($10 in chips) 
Seat 3: Gfoer ($100 in chips) 
Seat 4: VahTang_89 ($100 in chips) 
VahTang_89: posts small blind $0.50
raiseinthedarkk: posts big blind $1
*** HOLE CARDS ***
KingVaPo: folds 
Gfoer: folds 
VahTang_89: raises $2 to $3
raiseinthedarkk: folds 
Uncalled bet ($2) returned to VahTang_89
VahTang_89 collected $2 from pot
VahTang_89: doesn't show hand 
*** SUMMARY ***
Total pot $2 | Rake $0 
Seat 1: raiseinthedarkk (big blind) folded before Flop
Seat 2: KingVaPo folded before Flop (didn't bet)
Seat 3: Gfoer (button) folded before Flop (didn't bet)
Seat 4: VahTang_89 (small blind) collected ($2)



PokerStars Hand #254620211660:  Hold'em No Limit ($0.50/$1.00 USD) - 2025/01/30 12:34:18 WET [2025/01/30 7:34:18 ET]
Table 'Ariel' 6-max Seat #4 is the button
Seat 1: raiseinthedarkk ($100 in chips) 
Seat 2: KingVaPo ($10 in chips) 
Seat 3: Gfoer ($100 in chips) 
Seat 4: VahTang_89 ($101 in chips) 
raiseinthedarkk: posts small blind $0.50
KingVaPo: posts big blind $1
*** HOLE CARDS ***
Gfoer: folds 
VahTang_89: folds 
raiseinthedarkk: raises $11 to $12
KingVaPo: folds 
Uncalled bet ($11) returned to raiseinthedarkk
raiseinthedarkk collected $2 from pot
raiseinthedarkk: doesn't show hand 
*** SUMMARY ***
Total pot $2 | Rake $0 
Seat 1: raiseinthedarkk (small blind) collected ($2)
Seat 2: KingVaPo (big blind) folded before Flop
Seat 3: Gfoer folded before Flop (didn't bet)
Seat 4: VahTang_89 (button) folded before Flop (didn't bet)



PokerStars Hand #254620214496:  Hold'em No Limit ($0.50/$1.00 USD) - 2025/01/30 12:34:39 WET [2025/01/30 7:34:39 ET]
Table 'Ariel' 6-max Seat #1 is the button
Seat 1: raiseinthedarkk ($101 in chips) 
Seat 2: KingVaPo ($9 in chips) 
Seat 3: Gfoer ($100 in chips) 
Seat 4: VahTang_89 ($101 in chips) 
KingVaPo: posts small blind $0.50
Gfoer: posts big blind $1
*** HOLE CARDS ***
VahTang_89: folds 
raiseinthedarkk: raises $1.50 to $2.50
KingVaPo: folds 
Gfoer: calls $1.50
*** FLOP *** [5h 9d 2h]
Gfoer: checks 
raiseinthedarkk: bets $5.50
elcutez joins the table at seat #6 
elcutez is disconnected 
Gfoer: folds 
Uncalled bet ($5.50) returned to raiseinthedarkk
Dvinixx joins the table at seat #5 
Dvinixx is disconnected 
raiseinthedarkk collected $5.22 from pot
raiseinthedarkk: doesn't show hand 
*** SUMMARY ***
Total pot $5.50 | Rake $0.28 
Board [5h 9d 2h]
Seat 1: raiseinthedarkk (button) collected ($5.22)
Seat 2: KingVaPo (small blind) folded before Flop
Seat 3: Gfoer (big blind) folded on the Flop
Seat 4: VahTang_89 folded before Flop (didn't bet)



PokerStars Hand #254620221905:  Hold'em No Limit ($0.50/$1.00 USD) - 2025/01/30 12:35:33 WET [2025/01/30 7:35:33 ET]
Table 'Ariel' 6-max Seat #2 is the button
Seat 5: Dvinixx ($77.84 in chips) is sitting out
Seat 1: raiseinthedarkk ($103.72 in chips) 
Seat 2: KingVaPo ($8.50 in chips) 
Seat 3: Gfoer ($100 in chips) 
Seat 4: VahTang_89 ($101 in chips) 
Seat 6: elcutez ($100 in chips) 
Gfoer: posts small blind $0.50
VahTang_89: posts big blind $1
Dvinixx: sits out 
elcutez: posts big blind $1
*** HOLE CARDS ***
elcutez: checks 
raiseinthedarkk: folds 
KingVaPo: calls $1
Gfoer: folds 
VahTang_89: checks 
*** FLOP *** [Kh 6d 3c]
VahTang_89: checks 
elcutez: checks 
KingVaPo: checks 
*** TURN *** [Kh 6d 3c] [Tc]
VahTang_89: checks 
elcutez: bets $1.66
KingVaPo: folds 
VahTang_89: folds 
Uncalled bet ($1.66) returned to elcutez
elcutez collected $3.32 from pot
*** SUMMARY ***
Total pot $3.50 | Rake $0.18 
Board [Kh 6d 3c Tc]
Seat 5: Dvinixx
Seat 1: raiseinthedarkk folded before Flop (didn't bet)
Seat 2: KingVaPo (button) folded on the Turn
Seat 3: Gfoer (small blind) folded before Flop
Seat 4: VahTang_89 (big blind) folded on the Turn
Seat 6: elcutez collected ($3.32)



PokerStars Hand #254620337293:  Hold'em No Limit ($0.50/$1.00 USD) - 2025/01/30 12:48:48 WET [2025/01/30 7:48:48 ET]
Table 'Ariel' 6-max Seat #6 is the button
Seat 2: Melenya ($120.51 in chips) 
Seat 6: elcutez ($97.35 in chips) 
elcutez: posts small blind $0.50
Melenya: posts big blind $1
*** HOLE CARDS ***
elcutez: raises $2 to $3
Melenya: calls $2
*** FLOP *** [4d 7h Jc]
Melenya: checks 
CMX1998 joins the table at seat #3 
CMX1998 is disconnected 
elcutez: checks 
*** TURN *** [4d 7h Jc] [3h]
Eredar5 joins the table at seat #4 
Melenya: checks 
ARCTlCkiss joins the table at seat #5 
elcutez: bets $4
Melenya: calls $4
*** RIVER *** [4d 7h Jc 3h] [6h]
VahTang_89 joins the table at seat #1 
Melenya: checks 
elcutez: checks 
*** SHOW DOWN ***
Melenya: shows [Ac 4s] (a pair of Fours)
elcutez: shows [9c 7d] (a pair of Sevens)
elcutez collected $13.30 from pot
*** SUMMARY ***
Total pot $14 | Rake $0.70 
Board [4d 7h Jc 3h 6h]
Seat 2: Melenya (big blind) showed [Ac 4s] and lost with a pair of Fours
Seat 6: elcutez (button) (small blind) showed [9c 7d] and won ($13.30) with a pair of Sevens



PokerStars Hand #254620344583:  Hold'em No Limit ($0.50/$1.00 USD) - 2025/01/30 12:49:37 WET [2025/01/30 7:49:37 ET]
Table 'Ariel' 6-max Seat #2 is the button
Seat 3: CMX1998 ($55.87 in chips) is sitting out
Seat 4: Eredar5 ($100 in chips) is sitting out
Seat 5: ARCTlCkiss ($100 in chips) is sitting out
Seat 1: VahTang_89 ($101.78 in chips) 
Seat 2: Melenya ($113.51 in chips) 
Seat 6: elcutez ($103.65 in chips) 
elcutez: posts small blind $0.50
VahTang_89: posts big blind $1
*** HOLE CARDS ***
Melenya: raises $1.50 to $2.50
elcutez: folds 
VahTang_89: folds 
Uncalled bet ($1.50) returned to Melenya
Melenya collected $2.50 from pot
Melenya: doesn't show hand 
*** SUMMARY ***
Total pot $2.50 | Rake $0 
Seat 3: CMX1998
Seat 4: Eredar5
Seat 5: ARCTlCkiss
Seat 1: VahTang_89 (big blind) folded before Flop
Seat 2: Melenya (button) collected ($2.50)
Seat 6: elcutez (small blind) folded before Flop



PokerStars Hand #254620345627:  Hold'em No Limit ($0.50/$1.00 USD) - 2025/01/30 12:49:44 WET [2025/01/30 7:49:44 ET]
Table 'Ariel' 6-max Seat #6 is the button
Seat 3: CMX1998 ($55.87 in chips) is sitting out
Seat 4: Eredar5 ($100 in chips) is sitting out
Seat 5: ARCTlCkiss ($100 in chips) is sitting out
Seat 1: VahTang_89 ($100.78 in chips) 
Seat 2: Melenya ($115.01 in chips) 
Seat 6: elcutez ($103.15 in chips) 
VahTang_89: posts small blind $0.50
Melenya: posts big blind $1
CMX1998: sits out 
Eredar5: sits out 
ARCTlCkiss: sits out 
*** HOLE CARDS ***
elcutez: folds 
VahTang_89: raises $2 to $3
Melenya: folds 
Uncalled bet ($2) returned to VahTang_89
VahTang_89 collected $2 from pot
VahTang_89: doesn't show hand 
*** SUMMARY ***
Total pot $2 | Rake $0 
Seat 3: CMX1998
Seat 4: Eredar5
Seat 5: ARCTlCkiss
Seat 1: VahTang_89 (small blind) collected ($2)
Seat 2: Melenya (big blind) folded before Flop
Seat 6: elcutez (button) folded before Flop (didn't bet)



PokerStars Hand #254620347184:  Hold'em No Limit ($0.50/$1.00 USD) - 2025/01/30 12:49:54 WET [2025/01/30 7:49:54 ET]
Table 'Ariel' 6-max Seat #1 is the button
Seat 4: Eredar5 ($100 in chips) is sitting out
Seat 5: ARCTlCkiss ($100 in chips) is sitting out
Seat 1: VahTang_89 ($101.78 in chips) 
Seat 2: Melenya ($114.01 in chips) 
Seat 3: CMX1998 ($55.87 in chips) 
Seat 6: elcutez ($103.15 in chips) 
Melenya: posts small blind $0.50
CMX1998: posts big blind $1
Eredar5: sits out 
ARCTlCkiss: sits out 
*** HOLE CARDS ***
elcutez: folds 
VahTang_89: raises $1.20 to $2.20
Melenya: raises $8.80 to $11
CMX1998: folds 
VahTang_89: calls $8.80
*** FLOP *** [Qh 3d 4d]
Melenya: bets $7.33
VahTang_89: calls $7.33
*** TURN *** [Qh 3d 4d] [Td]
Melenya: checks 
VahTang_89: checks 
*** RIVER *** [Qh 3d 4d Td] [Tc]
Melenya: bets $13
VahTang_89: folds 
Uncalled bet ($13) returned to Melenya
Melenya collected $36.66 from pot
Melenya: doesn't show hand 
*** SUMMARY ***
Total pot $37.66 | Rake $1 
Board [Qh 3d 4d Td Tc]
Seat 4: Eredar5
Seat 5: ARCTlCkiss
Seat 1: VahTang_89 (button) folded on the River
Seat 2: Melenya (small blind) collected ($36.66)
Seat 3: CMX1998 (big blind) folded before Flop
Seat 6: elcutez folded before Flop (didn't bet)



PokerStars Hand #254620358755:  Hold'em No Limit ($0.50/$1.00 USD) - 2025/01/30 12:51:12 WET [2025/01/30 7:51:12 ET]
Table 'Ariel' 6-max Seat #2 is the button
Seat 5: ARCTlCkiss ($100 in chips) is sitting out
Seat 1: VahTang_89 ($100 in chips) 
Seat 2: Melenya ($132.34 in chips) 
Seat 3: CMX1998 ($54.87 in chips) 
Seat 4: Eredar5 ($100 in chips) 
Seat 6: elcutez ($103.15 in chips) 
CMX1998: posts small blind $0.50
Eredar5: posts big blind $1
ARCTlCkiss: sits out 
*** HOLE CARDS ***
elcutez: folds 
VahTang_89: raises $1.20 to $2.20
Melenya: folds 
CMX1998: calls $1.70
Eredar5: folds 
*** FLOP *** [6s Td 8d]
CMX1998: checks 
VahTang_89: bets $1.69
CMX1998: calls $1.69
*** TURN *** [6s Td 8d] [2h]
CMX1998: checks 
VahTang_89: bets $6.25
CMX1998: folds 
Uncalled bet ($6.25) returned to VahTang_89
VahTang_89 collected $8.34 from pot
VahTang_89: doesn't show hand 
*** SUMMARY ***
Total pot $8.78 | Rake $0.44 
Board [6s Td 8d 2h]
Seat 5: ARCTlCkiss
Seat 1: VahTang_89 collected ($8.34)
Seat 2: Melenya (button) folded before Flop (didn't bet)
Seat 3: CMX1998 (small blind) folded on the Turn
Seat 4: Eredar5 (big blind) folded before Flop
Seat 6: elcutez folded before Flop (didn't bet)



PokerStars Hand #254620364844:  Hold'em No Limit ($0.50/$1.00 USD) - 2025/01/30 12:51:52 WET [2025/01/30 7:51:52 ET]
Table 'Ariel' 6-max Seat #3 is the button
Seat 1: VahTang_89 ($104.45 in chips) 
Seat 2: Melenya ($132.34 in chips) 
Seat 3: CMX1998 ($50.98 in chips) 
Seat 4: Eredar5 ($100 in chips) 
Seat 5: ARCTlCkiss ($100 in chips) 
Seat 6: elcutez ($103.15 in chips) 
Eredar5: posts small blind $0.50
ARCTlCkiss: posts big blind $1
*** HOLE CARDS ***
elcutez: folds 
VahTang_89: folds 
Melenya: folds 
CMX1998: calls $1
Eredar5: folds 
ARCTlCkiss: checks 
*** FLOP *** [4d 5h 8d]
ARCTlCkiss: checks 
CMX1998: checks 
*** TURN *** [4d 5h 8d] [3h]
ARCTlCkiss: checks 
CMX1998: checks 
*** RIVER *** [4d 5h 8d 3h] [5s]
ARCTlCkiss: bets $2.11
CMX1998: calls $2.11
*** SHOW DOWN ***
ARCTlCkiss: shows [5d 2d] (three of a kind, Fives)
CMX1998: mucks hand 
ARCTlCkiss collected $6.38 from pot
*** SUMMARY ***
Total pot $6.72 | Rake $0.34 
Board [4d 5h 8d 3h 5s]
Seat 1: VahTang_89 folded before Flop (didn't bet)
Seat 2: Melenya folded before Flop (didn't bet)
Seat 3: CMX1998 (button) mucked
Seat 4: Eredar5 (small blind) folded before Flop
Seat 5: ARCTlCkiss (big blind) showed [5d 2d] and won ($6.38) with three of a kind, Fives
Seat 6: elcutez folded before Flop (didn't bet)



PokerStars Hand #254620372245:  Hold'em No Limit ($0.50/$1.00 USD) - 2025/01/30 12:52:42 WET [2025/01/30 7:52:42 ET]
Table 'Ariel' 6-max Seat #4 is the button
Seat 1: VahTang_89 ($104.45 in chips) 
Seat 2: Melenya ($132.34 in chips) 
Seat 3: CMX1998 ($47.87 in chips) 
Seat 4: Eredar5 ($100 in chips) 
Seat 5: ARCTlCkiss ($103.27 in chips) 
Seat 6: elcutez ($103.15 in chips) 
ARCTlCkiss: posts small blind $0.50
elcutez: posts big blind $1
*** HOLE CARDS ***
VahTang_89: folds 
Melenya: folds 
CMX1998: calls $1
Eredar5: folds 
ARCTlCkiss: folds 
elcutez: checks 
*** FLOP *** [5h 9s Ks]
elcutez: bets $2.38
CMX1998: calls $2.38
*** TURN *** [5h 9s Ks] [6d]
elcutez: checks 
CMX1998: bets $3
elcutez: folds 
Uncalled bet ($3) returned to CMX1998
CMX1998 collected $6.90 from pot
*** SUMMARY ***
Total pot $7.26 | Rake $0.36 
Board [5h 9s Ks 6d]
Seat 1: VahTang_89 folded before Flop (didn't bet)
Seat 2: Melenya folded before Flop (didn't bet)
Seat 3: CMX1998 collected ($6.90)
Seat 4: Eredar5 (button) folded before Flop (didn't bet)
Seat 5: ARCTlCkiss (small blind) folded before Flop
Seat 6: elcutez (big blind) folded on the Turn



PokerStars Hand #254620380246:  Hold'em No Limit ($0.50/$1.00 USD) - 2025/01/30 12:53:35 WET [2025/01/30 7:53:35 ET]
Table 'Ariel' 6-max Seat #5 is the button
Seat 1: VahTang_89 ($104.45 in chips) 
Seat 2: Melenya ($132.34 in chips) 
Seat 3: CMX1998 ($51.39 in chips) 
Seat 4: Eredar5 ($100 in chips) 
Seat 5: ARCTlCkiss ($102.77 in chips) 
Seat 6: elcutez ($99.77 in chips) 
elcutez: posts small blind $0.50
VahTang_89: posts big blind $1
*** HOLE CARDS ***
Melenya: folds 
CMX1998: calls $1
Eredar5: folds 
ARCTlCkiss: folds 
elcutez: folds 
VahTang_89: checks 
*** FLOP *** [8c Ad Kc]
VahTang_89: checks 
CMX1998: checks 
*** TURN *** [8c Ad Kc] [4h]
VahTang_89: checks 
CMX1998: bets $2
VahTang_89: folds 
Uncalled bet ($2) returned to CMX1998
CMX1998 collected $2.38 from pot
*** SUMMARY ***
Total pot $2.50 | Rake $0.12 
Board [8c Ad Kc 4h]
Seat 1: VahTang_89 (big blind) folded on the Turn
Seat 2: Melenya folded before Flop (didn't bet)
Seat 3: CMX1998 collected ($2.38)
Seat 4: Eredar5 folded before Flop (didn't bet)
Seat 5: ARCTlCkiss (button) folded before Flop (didn't bet)
Seat 6: elcutez (small blind) folded before Flop



PokerStars Hand #254620384575:  Hold'em No Limit ($0.50/$1.00 USD) - 2025/01/30 12:54:04 WET [2025/01/30 7:54:04 ET]
Table 'Ariel' 6-max Seat #6 is the button
Seat 1: VahTang_89 ($103.45 in chips) 
Seat 2: Melenya ($132.34 in chips) 
Seat 3: CMX1998 ($52.77 in chips) 
Seat 4: Eredar5 ($100 in chips) 
Seat 5: ARCTlCkiss ($102.77 in chips) 
Seat 6: elcutez ($99.27 in chips) 
VahTang_89: posts small blind $0.50
Melenya: posts big blind $1
*** HOLE CARDS ***
CMX1998: calls $1
Eredar5: folds 
ARCTlCkiss: folds 
elcutez: raises $2 to $3
VahTang_89: folds 
Melenya: folds 
CMX1998: calls $2
*** FLOP *** [Qd 2s Jc]
CMX1998: checks 
elcutez: checks 
*** TURN *** [Qd 2s Jc] [7h]
CMX1998: checks 
elcutez: checks 
*** RIVER *** [Qd 2s Jc 7h] [9c]
CMX1998: checks 
elcutez: checks 
*** SHOW DOWN ***
CMX1998: shows [8c 9d] (a pair of Nines)
elcutez: shows [9h Kc] (a pair of Nines - King kicker)
elcutez collected $7.12 from pot
*** SUMMARY ***
Total pot $7.50 | Rake $0.38 
Board [Qd 2s Jc 7h 9c]
Seat 1: VahTang_89 (small blind) folded before Flop
Seat 2: Melenya (big blind) folded before Flop
Seat 3: CMX1998 showed [8c 9d] and lost with a pair of Nines
Seat 4: Eredar5 folded before Flop (didn't bet)
Seat 5: ARCTlCkiss folded before Flop (didn't bet)
Seat 6: elcutez (button) showed [9h Kc] and won ($7.12) with a pair of Nines



PokerStars Hand #254620388787:  Hold'em No Limit ($0.50/$1.00 USD) - 2025/01/30 12:54:32 WET [2025/01/30 7:54:32 ET]
Table 'Ariel' 6-max Seat #1 is the button
Seat 1: VahTang_89 ($102.95 in chips) 
Seat 2: Melenya ($131.34 in chips) 
Seat 3: CMX1998 ($49.77 in chips) 
Seat 4: Eredar5 ($100 in chips) 
Seat 5: ARCTlCkiss ($102.77 in chips) 
Seat 6: elcutez ($103.39 in chips) 
Melenya: posts small blind $0.50
CMX1998: posts big blind $1
*** HOLE CARDS ***
Eredar5: folds 
ARCTlCkiss: folds 
elcutez: folds 
VahTang_89: raises $1.20 to $2.20
Melenya: folds 
CMX1998: calls $1.20
*** FLOP *** [3d 6d 4d]
CMX1998: checks 
VahTang_89: bets $1.54
CMX1998: calls $1.54
*** TURN *** [3d 6d 4d] [4c]
CMX1998: checks 
VahTang_89: checks 
*** RIVER *** [3d 6d 4d 4c] [Kc]
CMX1998: checks 
VahTang_89: bets $5.69
CMX1998: folds 
Uncalled bet ($5.69) returned to VahTang_89
VahTang_89 collected $7.58 from pot
VahTang_89: doesn't show hand 
*** SUMMARY ***
Total pot $7.98 | Rake $0.40 
Board [3d 6d 4d 4c Kc]
Seat 1: VahTang_89 (button) collected ($7.58)
Seat 2: Melenya (small blind) folded before Flop
Seat 3: CMX1998 (big blind) folded on the River
Seat 4: Eredar5 folded before Flop (didn't bet)
Seat 5: ARCTlCkiss folded before Flop (didn't bet)
Seat 6: elcutez folded before Flop (didn't bet)



PokerStars Hand #254620396282:  Hold'em No Limit ($0.50/$1.00 USD) - 2025/01/30 12:55:28 WET [2025/01/30 7:55:28 ET]
Table 'Ariel' 6-max Seat #2 is the button
Seat 1: VahTang_89 ($106.79 in chips) 
Seat 2: Melenya ($130.84 in chips) 
Seat 3: CMX1998 ($46.03 in chips) 
Seat 4: Eredar5 ($100 in chips) 
Seat 5: ARCTlCkiss ($102.77 in chips) 
Seat 6: elcutez ($103.39 in chips) 
CMX1998: posts small blind $0.50
Eredar5: posts big blind $1
*** HOLE CARDS ***
ARCTlCkiss: folds 
elcutez: folds 
VahTang_89: folds 
Melenya: raises $1.50 to $2.50
CMX1998: calls $2
Eredar5: calls $1.50
*** FLOP *** [Kd 4c 2h]
CMX1998: checks 
Eredar5: checks 
Melenya: bets $5.34
CMX1998: folds 
Eredar5: folds 
Uncalled bet ($5.34) returned to Melenya
Melenya collected $7.12 from pot
Melenya: doesn't show hand 
*** SUMMARY ***
Total pot $7.50 | Rake $0.38 
Board [Kd 4c 2h]
Seat 1: VahTang_89 folded before Flop (didn't bet)
Seat 2: Melenya (button) collected ($7.12)
Seat 3: CMX1998 (small blind) folded on the Flop
Seat 4: Eredar5 (big blind) folded on the Flop
Seat 5: ARCTlCkiss folded before Flop (didn't bet)
Seat 6: elcutez folded before Flop (didn't bet)



PokerStars Hand #254620402244:  Hold'em No Limit ($0.50/$1.00 USD) - 2025/01/30 12:56:19 WET [2025/01/30 7:56:19 ET]
Table 'Ariel' 6-max Seat #3 is the button
Seat 1: VahTang_89 ($106.79 in chips) 
Seat 2: Melenya ($135.46 in chips) 
Seat 3: CMX1998 ($43.53 in chips) 
Seat 4: Eredar5 ($100 in chips) 
Seat 5: ARCTlCkiss ($102.77 in chips) 
Seat 6: elcutez ($103.39 in chips) 
Eredar5: posts small blind $0.50
ARCTlCkiss: posts big blind $1
*** HOLE CARDS ***
elcutez: folds 
VahTang_89: folds 
Melenya: folds 
CMX1998: folds 
Eredar5: raises $2 to $3
ARCTlCkiss: calls $2
*** FLOP *** [Kh 5d 2d]
Eredar5: checks 
ARCTlCkiss: checks 
*** TURN *** [Kh 5d 2d] [9h]
Eredar5: bets $1.94
ARCTlCkiss: folds 
Uncalled bet ($1.94) returned to Eredar5
Eredar5 collected $5.70 from pot
Eredar5: doesn't show hand 
*** SUMMARY ***
Total pot $6 | Rake $0.30 
Board [Kh 5d 2d 9h]
Seat 1: VahTang_89 folded before Flop (didn't bet)
Seat 2: Melenya folded before Flop (didn't bet)
Seat 3: CMX1998 (button) folded before Flop (didn't bet)
Seat 4: Eredar5 (small blind) collected ($5.70)
Seat 5: ARCTlCkiss (big blind) folded on the Turn
Seat 6: elcutez folded before Flop (didn't bet)



PokerStars Hand #254620409833:  Hold'em No Limit ($0.50/$1.00 USD) - 2025/01/30 12:57:22 WET [2025/01/30 7:57:22 ET]
Table 'Ariel' 6-max Seat #4 is the button
Seat 1: VahTang_89 ($106.79 in chips) 
Seat 2: Melenya ($135.46 in chips) 
Seat 3: CMX1998 ($43.53 in chips) 
Seat 4: Eredar5 ($102.70 in chips) 
Seat 5: ARCTlCkiss ($100 in chips) 
Seat 6: elcutez ($103.39 in chips) 
ARCTlCkiss: posts small blind $0.50
elcutez: posts big blind $1
*** HOLE CARDS ***
VahTang_89: folds 
Melenya: folds 
CMX1998: folds 
Eredar5: raises $1.50 to $2.50
ARCTlCkiss: folds 
elcutez: folds 
Uncalled bet ($1.50) returned to Eredar5
Eredar5 collected $2.50 from pot
Eredar5: doesn't show hand 
*** SUMMARY ***
Total pot $2.50 | Rake $0 
Seat 1: VahTang_89 folded before Flop (didn't bet)
Seat 2: Melenya folded before Flop (didn't bet)
Seat 3: CMX1998 folded before Flop (didn't bet)
Seat 4: Eredar5 (button) collected ($2.50)
Seat 5: ARCTlCkiss (small blind) folded before Flop
Seat 6: elcutez (big blind) folded before Flop



PokerStars Hand #254620412328:  Hold'em No Limit ($0.50/$1.00 USD) - 2025/01/30 12:57:42 WET [2025/01/30 7:57:42 ET]
Table 'Ariel' 6-max Seat #5 is the button
Seat 1: VahTang_89 ($106.79 in chips) 
Seat 2: Melenya ($135.46 in chips) 
Seat 3: CMX1998 ($43.53 in chips) 
Seat 4: Eredar5 ($104.20 in chips) 
Seat 5: ARCTlCkiss ($100 in chips) 
Seat 6: elcutez ($102.39 in chips) 
elcutez: posts small blind $0.50
VahTang_89: posts big blind $1
*** HOLE CARDS ***
Melenya: folds 
CMX1998: calls $1
Eredar5: folds 
ARCTlCkiss: raises $2.50 to $3.50
elcutez: folds 
VahTang_89: folds 
CMX1998: folds 
Uncalled bet ($2.50) returned to ARCTlCkiss
ARCTlCkiss collected $3.50 from pot
ARCTlCkiss: doesn't show hand 
*** SUMMARY ***
Total pot $3.50 | Rake $0 
Seat 1: VahTang_89 (big blind) folded before Flop
Seat 2: Melenya folded before Flop (didn't bet)
Seat 3: CMX1998 folded before Flop
Seat 4: Eredar5 folded before Flop (didn't bet)
Seat 5: ARCTlCkiss (button) collected ($3.50)
Seat 6: elcutez (small blind) folded before Flop



PokerStars Hand #254620414015:  Hold'em No Limit ($0.50/$1.00 USD) - 2025/01/30 12:57:56 WET [2025/01/30 7:57:56 ET]
Table 'Ariel' 6-max Seat #6 is the button
Seat 1: VahTang_89 ($105.79 in chips) 
Seat 2: Melenya ($135.46 in chips) 
Seat 3: CMX1998 ($42.53 in chips) 
Seat 4: Eredar5 ($104.20 in chips) 
Seat 5: ARCTlCkiss ($102.50 in chips) 
Seat 6: elcutez ($101.89 in chips) 
VahTang_89: posts small blind $0.50
Melenya: posts big blind $1
*** HOLE CARDS ***
CMX1998: calls $1
Eredar5: folds 
ARCTlCkiss: raises $2.50 to $3.50
elcutez: folds 
VahTang_89: folds 
Melenya: folds 
CMX1998: calls $2.50
*** FLOP *** [Jd 5h 6d]
CMX1998: checks 
ARCTlCkiss: bets $4.20
CMX1998: calls $4.20
*** TURN *** [Jd 5h 6d] [2d]
CMX1998: checks 
ARCTlCkiss: checks 
*** RIVER *** [Jd 5h 6d 2d] [Qs]
CMX1998: bets $11
ARCTlCkiss: calls $11
*** SHOW DOWN ***
CMX1998: shows [Ad 8s] (high card Ace)
ARCTlCkiss: shows [Jh 8h] (a pair of Jacks)
ARCTlCkiss collected $36.96 from pot
*** SUMMARY ***
Total pot $38.90 | Rake $1.94 
Board [Jd 5h 6d 2d Qs]
Seat 1: VahTang_89 (small blind) folded before Flop
Seat 2: Melenya (big blind) folded before Flop
Seat 3: CMX1998 showed [Ad 8s] and lost with high card Ace
Seat 4: Eredar5 folded before Flop (didn't bet)
Seat 5: ARCTlCkiss showed [Jh 8h] and won ($36.96) with a pair of Jacks
Seat 6: elcutez (button) folded before Flop (didn't bet)



PokerStars Hand #254620422075:  Hold'em No Limit ($0.50/$1.00 USD) - 2025/01/30 12:59:02 WET [2025/01/30 7:59:02 ET]
Table 'Ariel' 6-max Seat #1 is the button
Seat 1: VahTang_89 ($105.29 in chips) 
Seat 2: Melenya ($134.46 in chips) 
Seat 3: CMX1998 ($23.83 in chips) 
Seat 4: Eredar5 ($104.20 in chips) 
Seat 5: ARCTlCkiss ($120.76 in chips) 
Seat 6: elcutez ($101.89 in chips) 
Melenya: posts small blind $0.50
CMX1998: posts big blind $1
*** HOLE CARDS ***
Eredar5: folds 
ARCTlCkiss has timed out
ARCTlCkiss: folds 
elcutez: folds 
VahTang_89: raises $1.20 to $2.20
Melenya: folds 
CMX1998: calls $1.20
*** FLOP *** [4s As 8c]
CMX1998: checks 
VahTang_89: bets $1.54
CMX1998: calls $1.54
*** TURN *** [4s As 8c] [7c]
CMX1998: bets $3
VahTang_89: folds 
Uncalled bet ($3) returned to CMX1998
CMX1998 collected $7.58 from pot
*** SUMMARY ***
Total pot $7.98 | Rake $0.40 
Board [4s As 8c 7c]
Seat 1: VahTang_89 (button) folded on the Turn
Seat 2: Melenya (small blind) folded before Flop
Seat 3: CMX1998 (big blind) collected ($7.58)
Seat 4: Eredar5 folded before Flop (didn't bet)
Seat 5: ARCTlCkiss folded before Flop (didn't bet)
Seat 6: elcutez folded before Flop (didn't bet)



PokerStars Hand #254620427147:  Hold'em No Limit ($0.50/$1.00 USD) - 2025/01/30 12:59:43 WET [2025/01/30 7:59:43 ET]
Table 'Ariel' 6-max Seat #2 is the button
Seat 1: VahTang_89 ($101.55 in chips) 
Seat 2: Melenya ($133.96 in chips) 
Seat 3: CMX1998 ($27.67 in chips) 
Seat 4: Eredar5 ($104.20 in chips) 
Seat 5: ARCTlCkiss ($120.76 in chips) 
Seat 6: elcutez ($101.89 in chips) 
CMX1998: posts small blind $0.50
Eredar5: posts big blind $1
*** HOLE CARDS ***
ARCTlCkiss: folds 
elcutez: raises $2 to $3
VahTang_89: folds 
Melenya: folds 
CMX1998: calls $2.50
Eredar5: folds 
*** FLOP *** [6h 2d 4h]
CMX1998: checks 
elcutez: bets $4
CMX1998: calls $4
*** TURN *** [6h 2d 4h] [Jc]
CMX1998: bets $5
elcutez: calls $5
*** RIVER *** [6h 2d 4h Jc] [3h]
CMX1998: bets $15.67 and is all-in
elcutez: folds 
Uncalled bet ($15.67) returned to CMX1998
CMX1998 collected $23.75 from pot
*** SUMMARY ***
Total pot $25 | Rake $1.25 
Board [6h 2d 4h Jc 3h]
Seat 1: VahTang_89 folded before Flop (didn't bet)
Seat 2: Melenya (button) folded before Flop (didn't bet)
Seat 3: CMX1998 (small blind) collected ($23.75)
Seat 4: Eredar5 (big blind) folded before Flop
Seat 5: ARCTlCkiss folded before Flop (didn't bet)
Seat 6: elcutez folded on the River



PokerStars Hand #254620434161:  Hold'em No Limit ($0.50/$1.00 USD) - 2025/01/30 13:00:38 WET [2025/01/30 8:00:38 ET]
Table 'Ariel' 6-max Seat #3 is the button
Seat 1: VahTang_89 ($101.55 in chips) 
Seat 2: Melenya ($133.96 in chips) 
Seat 3: CMX1998 ($39.42 in chips) 
Seat 4: Eredar5 ($103.20 in chips) 
Seat 5: ARCTlCkiss ($120.76 in chips) 
Seat 6: elcutez ($89.89 in chips) 
Eredar5: posts small blind $0.50
ARCTlCkiss: posts big blind $1
*** HOLE CARDS ***
elcutez: raises $2 to $3
VahTang_89: folds 
Melenya: folds 
CMX1998: folds 
Eredar5: folds 
ARCTlCkiss: folds 
Uncalled bet ($2) returned to elcutez
elcutez collected $2.50 from pot
*** SUMMARY ***
Total pot $2.50 | Rake $0 
Seat 1: VahTang_89 folded before Flop (didn't bet)
Seat 2: Melenya folded before Flop (didn't bet)
Seat 3: CMX1998 (button) folded before Flop (didn't bet)
Seat 4: Eredar5 (small blind) folded before Flop
Seat 5: ARCTlCkiss (big blind) folded before Flop
Seat 6: elcutez collected ($2.50)



PokerStars Hand #254620436720:  Hold'em No Limit ($0.50/$1.00 USD) - 2025/01/30 13:00:57 WET [2025/01/30 8:00:57 ET]
Table 'Ariel' 6-max Seat #4 is the button
Seat 1: VahTang_89 ($101.55 in chips) 
Seat 2: Melenya ($133.96 in chips) 
Seat 3: CMX1998 ($39.42 in chips) 
Seat 4: Eredar5 ($102.70 in chips) 
Seat 5: ARCTlCkiss ($119.76 in chips) 
Seat 6: elcutez ($91.39 in chips) 
ARCTlCkiss: posts small blind $0.50
elcutez: posts big blind $1
*** HOLE CARDS ***
VahTang_89: folds 
Melenya: folds 
CMX1998: calls $1
Eredar5: raises $3 to $4
ARCTlCkiss: raises $10 to $14
elcutez: folds 
CMX1998: folds 
Eredar5: folds 
Uncalled bet ($10) returned to ARCTlCkiss
ARCTlCkiss collected $10 from pot
ARCTlCkiss: doesn't show hand 
*** SUMMARY ***
Total pot $10 | Rake $0 
Seat 1: VahTang_89 folded before Flop (didn't bet)
Seat 2: Melenya folded before Flop (didn't bet)
Seat 3: CMX1998 folded before Flop
Seat 4: Eredar5 (button) folded before Flop
Seat 5: ARCTlCkiss (small blind) collected ($10)
Seat 6: elcutez (big blind) folded before Flop



PokerStars Hand #254620442811:  Hold'em No Limit ($0.50/$1.00 USD) - 2025/01/30 13:01:37 WET [2025/01/30 8:01:37 ET]
Table 'Ariel' 6-max Seat #5 is the button
Seat 1: VahTang_89 ($101.55 in chips) is sitting out
Seat 2: Melenya ($133.96 in chips) 
Seat 3: CMX1998 ($38.42 in chips) 
Seat 4: Eredar5 ($100 in chips) 
Seat 5: ARCTlCkiss ($125.76 in chips) 
Seat 6: elcutez ($90.39 in chips) 
elcutez: posts small blind $0.50
VahTang_89: is sitting out 
Melenya: posts big blind $1
*** HOLE CARDS ***
VahTang_89 leaves the table
CMX1998: calls $1
Eredar5: folds 
socito joins the table at seat #1 
ARCTlCkiss: folds 
elcutez: folds 
Melenya: raises $4 to $5
CMX1998: calls $4
*** FLOP *** [6d 7s 6s]
Melenya: bets $2.50
CMX1998: calls $2.50
*** TURN *** [6d 7s 6s] [9c]
Melenya: bets $9.72
CMX1998: calls $9.72
*** RIVER *** [6d 7s 6s 9c] [9d]
Melenya: bets $3.32
CMX1998: calls $3.32
*** SHOW DOWN ***
Melenya: shows [8d As] (two pair, Nines and Sixes)
CMX1998: mucks hand 
Melenya collected $39.50 from pot
*** SUMMARY ***
Total pot $41.58 | Rake $2.08 
Board [6d 7s 6s 9c 9d]
Seat 1: VahTang_89
Seat 2: Melenya (big blind) showed [8d As] and won ($39.50) with two pair, Nines and Sixes
Seat 3: CMX1998 mucked
Seat 4: Eredar5 folded before Flop (didn't bet)
Seat 5: ARCTlCkiss (button) folded before Flop (didn't bet)
Seat 6: elcutez (small blind) folded before Flop



PokerStars Hand #254620453349:  Hold'em No Limit ($0.50/$1.00 USD) - 2025/01/30 13:02:46 WET [2025/01/30 8:02:46 ET]
Table 'Ariel' 6-max Seat #6 is the button
Seat 1: socito ($100 in chips) is sitting out
Seat 2: Melenya ($152.92 in chips) 
Seat 3: CMX1998 ($17.88 in chips) 
Seat 4: Eredar5 ($100 in chips) 
Seat 5: ARCTlCkiss ($125.76 in chips) 
Seat 6: elcutez ($89.89 in chips) 
Melenya: posts small blind $0.50
CMX1998: posts big blind $1
*** HOLE CARDS ***
Eredar5: folds 
ARCTlCkiss: folds 
elcutez: raises $1 to $2
Melenya: folds 
CMX1998: raises $15.88 to $17.88 and is all-in
elcutez: folds 
Uncalled bet ($15.88) returned to CMX1998
CMX1998 collected $4.50 from pot
*** SUMMARY ***
Total pot $4.50 | Rake $0 
Seat 1: socito
Seat 2: Melenya (small blind) folded before Flop
Seat 3: CMX1998 (big blind) collected ($4.50)
Seat 4: Eredar5 folded before Flop (didn't bet)
Seat 5: ARCTlCkiss folded before Flop (didn't bet)
Seat 6: elcutez (button) folded before Flop



PokerStars Hand #254620457315:  Hold'em No Limit ($0.50/$1.00 USD) - 2025/01/30 13:03:12 WET [2025/01/30 8:03:12 ET]
Table 'Ariel' 6-max Seat #2 is the button
Seat 1: socito ($100 in chips) is sitting out
Seat 2: Melenya ($152.42 in chips) 
Seat 3: CMX1998 ($20.38 in chips) 
Seat 4: Eredar5 ($100 in chips) 
Seat 5: ARCTlCkiss ($125.76 in chips) 
Seat 6: elcutez ($87.89 in chips) 
CMX1998: posts small blind $0.50
Eredar5: posts big blind $1
socito: sits out 
*** HOLE CARDS ***
ARCTlCkiss: folds 
elcutez: calls $1
Melenya: folds 
CMX1998: calls $0.50
Eredar5: checks 
*** FLOP *** [4s Kh Kc]
CMX1998: checks 
Eredar5: checks 
elcutez: checks 
*** TURN *** [4s Kh Kc] [9d]
CMX1998: checks 
Eredar5: checks 
elcutez: bets $1.43
CMX1998: folds 
Eredar5: folds 
Uncalled bet ($1.43) returned to elcutez
elcutez collected $2.85 from pot
*** SUMMARY ***
Total pot $3 | Rake $0.15 
Board [4s Kh Kc 9d]
Seat 1: socito
Seat 2: Melenya (button) folded before Flop (didn't bet)
Seat 3: CMX1998 (small blind) folded on the Turn
Seat 4: Eredar5 (big blind) folded on the Turn
Seat 5: ARCTlCkiss folded before Flop (didn't bet)
Seat 6: elcutez collected ($2.85)



PokerStars Hand #254620463239:  Hold'em No Limit ($0.50/$1.00 USD) - 2025/01/30 13:03:50 WET [2025/01/30 8:03:50 ET]
Table 'Ariel' 6-max Seat #3 is the button
Seat 1: socito ($100 in chips) is sitting out
Seat 2: Melenya ($152.42 in chips) 
Seat 3: CMX1998 ($19.38 in chips) 
Seat 4: Eredar5 ($100 in chips) 
Seat 5: ARCTlCkiss ($125.76 in chips) 
Seat 6: elcutez ($89.74 in chips) 
Eredar5: posts small blind $0.50
ARCTlCkiss: posts big blind $1
socito: sits out 
*** HOLE CARDS ***
elcutez: folds 
Melenya: folds 
CMX1998: calls $1
Eredar5: raises $3.50 to $4.50
ARCTlCkiss: folds 
CMX1998: calls $3.50
*** FLOP *** [Ks 9s 8c]
Eredar5: bets $3.23
CMX1998: folds 
Uncalled bet ($3.23) returned to Eredar5
Eredar5 collected $9.50 from pot
Eredar5: doesn't show hand 
*** SUMMARY ***
Total pot $10 | Rake $0.50 
Board [Ks 9s 8c]
Seat 1: socito
Seat 2: Melenya folded before Flop (didn't bet)
Seat 3: CMX1998 (button) folded on the Flop
Seat 4: Eredar5 (small blind) collected ($9.50)
Seat 5: ARCTlCkiss (big blind) folded before Flop
Seat 6: elcutez folded before Flop (didn't bet)



PokerStars Hand #254620467199:  Hold'em No Limit ($0.50/$1.00 USD) - 2025/01/30 13:04:16 WET [2025/01/30 8:04:16 ET]
Table 'Ariel' 6-max Seat #4 is the button
Seat 1: socito ($100 in chips) is sitting out
Seat 2: Melenya ($152.42 in chips) 
Seat 3: CMX1998 ($14.88 in chips) 
Seat 4: Eredar5 ($105 in chips) 
Seat 5: ARCTlCkiss ($124.76 in chips) 
Seat 6: elcutez ($89.74 in chips) 
ARCTlCkiss: posts small blind $0.50
elcutez: posts big blind $1
socito: sits out 
*** HOLE CARDS ***
Melenya: folds 
CMX1998: calls $1
Eredar5: raises $3 to $4
ARCTlCkiss: folds 
elcutez: folds 
CMX1998: calls $3
*** FLOP *** [5h Jd 3h]
CMX1998: bets $5
Eredar5: folds 
Uncalled bet ($5) returned to CMX1998
CMX1998 collected $9.02 from pot
*** SUMMARY ***
Total pot $9.50 | Rake $0.48 
Board [5h Jd 3h]
Seat 1: socito
Seat 2: Melenya folded before Flop (didn't bet)
Seat 3: CMX1998 collected ($9.02)
Seat 4: Eredar5 (button) folded on the Flop
Seat 5: ARCTlCkiss (small blind) folded before Flop
Seat 6: elcutez (big blind) folded before Flop



PokerStars Hand #254620470793:  Hold'em No Limit ($0.50/$1.00 USD) - 2025/01/30 13:04:39 WET [2025/01/30 8:04:39 ET]
Table 'Ariel' 6-max Seat #5 is the button
Seat 1: socito ($100 in chips) 
Seat 2: Melenya ($152.42 in chips) 
Seat 3: CMX1998 ($19.90 in chips) 
Seat 4: Eredar5 ($101 in chips) 
Seat 5: ARCTlCkiss ($124.26 in chips) 
Seat 6: elcutez ($88.74 in chips) 
elcutez: posts small blind $0.50
socito: posts big blind $1
*** HOLE CARDS ***
Melenya: folds 
CMX1998: raises $1 to $2
Eredar5: folds 
ARCTlCkiss: folds 
elcutez: folds 
socito: folds 
Uncalled bet ($1) returned to CMX1998
CMX1998 collected $2.50 from pot
*** SUMMARY ***
Total pot $2.50 | Rake $0 
Seat 1: socito (big blind) folded before Flop
Seat 2: Melenya folded before Flop (didn't bet)
Seat 3: CMX1998 collected ($2.50)
Seat 4: Eredar5 folded before Flop (didn't bet)
Seat 5: ARCTlCkiss (button) folded before Flop (didn't bet)
Seat 6: elcutez (small blind) folded before Flop



PokerStars Hand #254620474227:  Hold'em No Limit ($0.50/$1.00 USD) - 2025/01/30 13:05:00 WET [2025/01/30 8:05:00 ET]
Table 'Ariel' 6-max Seat #6 is the button
Seat 1: socito ($100 in chips) 
Seat 2: Melenya ($152.42 in chips) 
Seat 3: CMX1998 ($21.40 in chips) 
Seat 4: Eredar5 ($101 in chips) 
Seat 5: ARCTlCkiss ($124.26 in chips) 
Seat 6: elcutez ($88.24 in chips) 
socito: posts small blind $0.50
Melenya: posts big blind $1
*** HOLE CARDS ***
CMX1998: raises $1 to $2
Eredar5: folds 
ARCTlCkiss: folds 
elcutez: folds 
socito: folds 
Melenya: folds 
Uncalled bet ($1) returned to CMX1998
CMX1998 collected $2.50 from pot
*** SUMMARY ***
Total pot $2.50 | Rake $0 
Seat 1: socito (small blind) folded before Flop
Seat 2: Melenya (big blind) folded before Flop
Seat 3: CMX1998 collected ($2.50)
Seat 4: Eredar5 folded before Flop (didn't bet)
Seat 5: ARCTlCkiss folded before Flop (didn't bet)
Seat 6: elcutez (button) folded before Flop (didn't bet)



PokerStars Hand #254620479795:  Hold'em No Limit ($0.50/$1.00 USD) - 2025/01/30 13:05:36 WET [2025/01/30 8:05:36 ET]
Table 'Ariel' 6-max Seat #1 is the button
Seat 1: socito ($100 in chips) 
Seat 2: Melenya ($151.42 in chips) 
Seat 3: CMX1998 ($22.90 in chips) 
Seat 4: Eredar5 ($101 in chips) 
Seat 5: ARCTlCkiss ($124.26 in chips) 
Seat 6: elcutez ($88.24 in chips) 
Melenya: posts small blind $0.50
CMX1998: posts big blind $1
*** HOLE CARDS ***
Eredar5: folds 
ARCTlCkiss: folds 
elcutez: folds 
socito: folds 
Melenya: folds 
Uncalled bet ($0.50) returned to CMX1998
CMX1998 collected $1 from pot
*** SUMMARY ***
Total pot $1 | Rake $0 
Seat 1: socito (button) folded before Flop (didn't bet)
Seat 2: Melenya (small blind) folded before Flop
Seat 3: CMX1998 (big blind) collected ($1)
Seat 4: Eredar5 folded before Flop (didn't bet)
Seat 5: ARCTlCkiss folded before Flop (didn't bet)
Seat 6: elcutez folded before Flop (didn't bet)



PokerStars Hand #254620483091:  Hold'em No Limit ($0.50/$1.00 USD) - 2025/01/30 13:05:57 WET [2025/01/30 8:05:57 ET]
Table 'Ariel' 6-max Seat #2 is the button
Seat 1: socito ($100 in chips) 
Seat 2: Melenya ($150.92 in chips) 
Seat 3: CMX1998 ($23.40 in chips) 
Seat 4: Eredar5 ($101 in chips) 
Seat 5: ARCTlCkiss ($124.26 in chips) 
Seat 6: elcutez ($88.24 in chips) 
CMX1998: posts small blind $0.50
Eredar5: posts big blind $1
*** HOLE CARDS ***
ARCTlCkiss: folds 
elcutez: folds 
socito: folds 
Melenya: raises $1.50 to $2.50
CMX1998: calls $2
Eredar5: raises $11 to $13.50
Melenya: folds 
CMX1998: calls $11
*** FLOP *** [Qh 8h Jd]
CMX1998: bets $9.90 and is all-in
Eredar5: calls $9.90
*** TURN *** [Qh 8h Jd] [5s]
*** RIVER *** [Qh 8h Jd 5s] [Jc]
*** SHOW DOWN ***
CMX1998: shows [7s 6h] (a pair of Jacks)
Eredar5: shows [Ks Ac] (a pair of Jacks - Ace kicker)
Eredar5 collected $46.84 from pot
CMX1998 cashed out the hand for $11.97 | Cash Out Fee $0.24
*** SUMMARY ***
Total pot $49.30 | Rake $2.46 
Board [Qh 8h Jd 5s Jc]
Seat 1: socito folded before Flop (didn't bet)
Seat 2: Melenya (button) folded before Flop
Seat 3: CMX1998 (small blind) showed [7s 6h] and lost with a pair of Jacks (cashed out).
Seat 4: Eredar5 (big blind) showed [Ks Ac] and won ($46.84) with a pair of Jacks
Seat 5: ARCTlCkiss folded before Flop (didn't bet)
Seat 6: elcutez folded before Flop (didn't bet)



PokerStars Hand #254620491044:  Hold'em No Limit ($0.50/$1.00 USD) - 2025/01/30 13:06:48 WET [2025/01/30 8:06:48 ET]
Table 'Ariel' 6-max Seat #3 is the button
Seat 1: socito ($100 in chips) 
Seat 2: Melenya ($148.42 in chips) 
Seat 3: CMX1998 ($11.97 in chips) 
Seat 4: Eredar5 ($124.44 in chips) 
Seat 5: ARCTlCkiss ($124.26 in chips) 
Seat 6: elcutez ($88.24 in chips) 
Eredar5: posts small blind $0.50
ARCTlCkiss: posts big blind $1
*** HOLE CARDS ***
elcutez: folds 
socito: folds 
Melenya: folds 
CMX1998: calls $1
Eredar5: folds 
ARCTlCkiss: raises $11 to $12
CMX1998: calls $10.97 and is all-in
Uncalled bet ($0.03) returned to ARCTlCkiss
*** FLOP *** [7s Ts 9d]
*** TURN *** [7s Ts 9d] [4c]
*** RIVER *** [7s Ts 9d 4c] [8c]
*** SHOW DOWN ***
ARCTlCkiss: shows [8d Kd] (a pair of Eights)
CMX1998: shows [6c Td] (a straight, Six to Ten)
CMX1998 collected $23.22 from pot
*** SUMMARY ***
Total pot $24.44 | Rake $1.22 
Board [7s Ts 9d 4c 8c]
Seat 1: socito folded before Flop (didn't bet)
Seat 2: Melenya folded before Flop (didn't bet)
Seat 3: CMX1998 (button) showed [6c Td] and won ($23.22) with a straight, Six to Ten
Seat 4: Eredar5 (small blind) folded before Flop
Seat 5: ARCTlCkiss (big blind) showed [8d Kd] and lost with a pair of Eights
Seat 6: elcutez folded before Flop (didn't bet)



PokerStars Hand #254620526325:  Hold'em No Limit ($0.50/$1.00 USD) - 2025/01/30 13:10:35 WET [2025/01/30 8:10:35 ET]
Table 'Ariel' 6-max Seat #6 is the button
Seat 2: Melenya ($146.42 in chips) is sitting out
Seat 1: socito ($100 in chips) 
Seat 3: CMX1998 ($27.40 in chips) 
Seat 4: Eredar5 ($130.80 in chips) 
Seat 5: ARCTlCkiss ($111.79 in chips) 
Seat 6: elcutez ($85.74 in chips) 
socito: posts small blind $0.50
Melenya: is sitting out 
CMX1998: posts big blind $1
*** HOLE CARDS ***
Eredar5: folds 
ARCTlCkiss: folds 
elcutez: folds 
socito: folds 
Uncalled bet ($0.50) returned to CMX1998
CMX1998 collected $1 from pot
*** SUMMARY ***
Total pot $1 | Rake $0 
Seat 2: Melenya
Seat 1: socito (small blind) folded before Flop
Seat 3: CMX1998 (big blind) collected ($1)
Seat 4: Eredar5 folded before Flop (didn't bet)
Seat 5: ARCTlCkiss folded before Flop (didn't bet)
Seat 6: elcutez (button) folded before Flop (didn't bet)



PokerStars Hand #254620528321:  Hold'em No Limit ($0.50/$1.00 USD) - 2025/01/30 13:10:47 WET [2025/01/30 8:10:47 ET]
Table 'Ariel' 6-max Seat #1 is the button
Seat 2: Melenya ($146.42 in chips) is sitting out
Seat 1: socito ($100 in chips) 
Seat 3: CMX1998 ($27.90 in chips) 
Seat 4: Eredar5 ($130.80 in chips) 
Seat 5: ARCTlCkiss ($111.79 in chips) 
Seat 6: elcutez ($85.74 in chips) 
CMX1998: posts small blind $0.50
Eredar5: posts big blind $1
*** HOLE CARDS ***
ARCTlCkiss: folds 
elcutez: folds 
socito: raises $1.50 to $2.50
CMX1998: calls $2
Eredar5: folds 
*** FLOP *** [Jc 8h Kc]
CMX1998: bets $3
socito: folds 
Uncalled bet ($3) returned to CMX1998
CMX1998 collected $5.70 from pot
*** SUMMARY ***
Total pot $6 | Rake $0.30 
Board [Jc 8h Kc]
Seat 2: Melenya
Seat 1: socito (button) folded on the Flop
Seat 3: CMX1998 (small blind) collected ($5.70)
Seat 4: Eredar5 (big blind) folded before Flop
Seat 5: ARCTlCkiss folded before Flop (didn't bet)
Seat 6: elcutez folded before Flop (didn't bet)



PokerStars Hand #254620535268:  Hold'em No Limit ($0.50/$1.00 USD) - 2025/01/30 13:11:32 WET [2025/01/30 8:11:32 ET]
Table 'Ariel' 6-max Seat #3 is the button
Seat 2: Melenya ($146.42 in chips) is sitting out
Seat 1: socito ($100 in chips) 
Seat 3: CMX1998 ($31.10 in chips) 
Seat 4: Eredar5 ($129.80 in chips) 
Seat 5: ARCTlCkiss ($111.79 in chips) 
Seat 6: elcutez ($85.74 in chips) 
Eredar5: posts small blind $0.50
ARCTlCkiss: posts big blind $1
*** HOLE CARDS ***
elcutez: raises $2 to $3
socito: raises $6 to $9
CMX1998: folds 
Eredar5: folds 
ARCTlCkiss: folds 
elcutez: folds 
Uncalled bet ($6) returned to socito
socito collected $7.50 from pot
socito: doesn't show hand 
*** SUMMARY ***
Total pot $7.50 | Rake $0 
Seat 2: Melenya
Seat 1: socito collected ($7.50)
Seat 3: CMX1998 (button) folded before Flop (didn't bet)
Seat 4: Eredar5 (small blind) folded before Flop
Seat 5: ARCTlCkiss (big blind) folded before Flop
Seat 6: elcutez folded before Flop



PokerStars Hand #254620539098:  Hold'em No Limit ($0.50/$1.00 USD) - 2025/01/30 13:11:57 WET [2025/01/30 8:11:57 ET]
Table 'Ariel' 6-max Seat #4 is the button
Seat 2: Melenya ($146.42 in chips) is sitting out
Seat 1: socito ($104.50 in chips) 
Seat 3: CMX1998 ($31.10 in chips) 
Seat 4: Eredar5 ($129.30 in chips) 
Seat 5: ARCTlCkiss ($110.79 in chips) 
Seat 6: elcutez ($82.74 in chips) 
ARCTlCkiss: posts small blind $0.50
elcutez: posts big blind $1
*** HOLE CARDS ***
socito: raises $1.50 to $2.50
CMX1998: calls $2.50
Eredar5: folds 
ARCTlCkiss: folds 
elcutez: calls $1.50
*** FLOP *** [9d 6s 6d]
elcutez: checks 
socito: bets $2.51
CMX1998: calls $2.51
elcutez: folds 
*** TURN *** [9d 6s 6d] [8d]
socito: checks 
CMX1998: bets $26.09 and is all-in
socito: folds 
Uncalled bet ($26.09) returned to CMX1998
CMX1998 collected $12.37 from pot
*** SUMMARY ***
Total pot $13.02 | Rake $0.65 
Board [9d 6s 6d 8d]
Seat 2: Melenya
Seat 1: socito folded on the Turn
Seat 3: CMX1998 collected ($12.37)
Seat 4: Eredar5 (button) folded before Flop (didn't bet)
Seat 5: ARCTlCkiss (small blind) folded before Flop
Seat 6: elcutez (big blind) folded on the Flop



PokerStars Hand #254620547765:  Hold'em No Limit ($0.50/$1.00 USD) - 2025/01/30 13:12:52 WET [2025/01/30 8:12:52 ET]
Table 'Ariel' 6-max Seat #5 is the button
Seat 2: Melenya ($146.42 in chips) is sitting out
Seat 1: socito ($100 in chips) 
Seat 3: CMX1998 ($38.46 in chips) 
Seat 4: Eredar5 ($129.30 in chips) 
Seat 5: ARCTlCkiss ($110.29 in chips) 
Seat 6: elcutez ($80.24 in chips) 
elcutez: posts small blind $0.50
socito: posts big blind $1
*** HOLE CARDS ***
Melenya leaves the table
CMX1998: calls $1
Eredar5: folds 
ARCTlCkiss: raises $2.50 to $3.50
elcutez: folds 
socito: folds 
CMX1998: calls $2.50
*** FLOP *** [Qh Ah Tc]
CMX1998: checks 
ARCTlCkiss: bets $6.30
CMX1998: folds 
Uncalled bet ($6.30) returned to ARCTlCkiss
ARCTlCkiss collected $8.08 from pot
ARCTlCkiss: doesn't show hand 
*** SUMMARY ***
Total pot $8.50 | Rake $0.42 
Board [Qh Ah Tc]
Seat 2: Melenya
Seat 1: socito (big blind) folded before Flop
Seat 3: CMX1998 folded on the Flop
Seat 4: Eredar5 folded before Flop (didn't bet)
Seat 5: ARCTlCkiss (button) collected ($8.08)
Seat 6: elcutez (small blind) folded before Flop



PokerStars Hand #254620555248:  Hold'em No Limit ($0.50/$1.00 USD) - 2025/01/30 13:13:40 WET [2025/01/30 8:13:40 ET]
Table 'Ariel' 6-max Seat #6 is the button
Seat 1: socito ($100 in chips) 
Seat 3: CMX1998 ($34.96 in chips) 
Seat 4: Eredar5 ($129.30 in chips) 
Seat 5: ARCTlCkiss ($114.87 in chips) 
Seat 6: elcutez ($79.74 in chips) 
socito: posts small blind $0.50
CMX1998: posts big blind $1
*** HOLE CARDS ***
Eredar5: folds 
ARCTlCkiss: raises $1.53 to $2.53
elcutez: folds 
socito: folds 
CMX1998: calls $1.53
*** FLOP *** [6s 2c Qd]
CMX1998: bets $3
fedor0f joins the table at seat #2 
ARCTlCkiss: raises $6.12 to $9.12
CMX1998: calls $6.12
*** TURN *** [6s 2c Qd] [2s]
CMX1998: bets $23.31 and is all-in
ARCTlCkiss: folds 
Uncalled bet ($23.31) returned to CMX1998
CMX1998 collected $22.61 from pot
*** SUMMARY ***
Total pot $23.80 | Rake $1.19 
Board [6s 2c Qd 2s]
Seat 1: socito (small blind) folded before Flop
Seat 3: CMX1998 (big blind) collected ($22.61)
Seat 4: Eredar5 folded before Flop (didn't bet)
Seat 5: ARCTlCkiss folded on the Turn
Seat 6: elcutez (button) folded before Flop (didn't bet)



PokerStars Hand #254620563409:  Hold'em No Limit ($0.50/$1.00 USD) - 2025/01/30 13:14:33 WET [2025/01/30 8:14:33 ET]
Table 'Ariel' 6-max Seat #1 is the button
Seat 2: fedor0f ($100 in chips) is sitting out
Seat 1: socito ($100 in chips) 
Seat 3: CMX1998 ($45.92 in chips) 
Seat 4: Eredar5 ($129.30 in chips) 
Seat 5: ARCTlCkiss ($103.22 in chips) 
Seat 6: elcutez ($79.74 in chips) 
CMX1998: posts small blind $0.50
Eredar5: posts big blind $1
*** HOLE CARDS ***
ARCTlCkiss: folds 
elcutez: folds 
socito: raises $1.50 to $2.50
CMX1998: calls $2
Eredar5: calls $1.50
*** FLOP *** [Kc Jd Ts]
CMX1998: bets $5
Eredar5: folds 
socito: calls $5
*** TURN *** [Kc Jd Ts] [2s]
CMX1998: bets $5
socito: calls $5
*** RIVER *** [Kc Jd Ts 2s] [9s]
CMX1998: bets $33.42 and is all-in
socito: calls $33.42
*** SHOW DOWN ***
CMX1998: shows [2h Ks] (two pair, Kings and Deuces)
socito: shows [Ad Qh] (a straight, Ten to Ace)
socito collected $91.84 from pot
*** SUMMARY ***
Total pot $94.34 | Rake $2.50 
Board [Kc Jd Ts 2s 9s]
Seat 2: fedor0f
Seat 1: socito (button) showed [Ad Qh] and won ($91.84) with a straight, Ten to Ace
Seat 3: CMX1998 (small blind) showed [2h Ks] and lost with two pair, Kings and Deuces
Seat 4: Eredar5 (big blind) folded on the Flop
Seat 5: ARCTlCkiss folded before Flop (didn't bet)
Seat 6: elcutez folded before Flop (didn't bet)



PokerStars Hand #254620572347:  Hold'em No Limit ($0.50/$1.00 USD) - 2025/01/30 13:15:30 WET [2025/01/30 8:15:30 ET]
Table 'Ariel' 6-max Seat #4 is the button
Seat 2: fedor0f ($100 in chips) is sitting out
Seat 3: CMX1998 ($0 in chips) is sitting out
Seat 1: socito ($145.92 in chips) 
Seat 4: Eredar5 ($126.80 in chips) 
Seat 5: ARCTlCkiss ($103.22 in chips) 
Seat 6: elcutez ($79.74 in chips) 
ARCTlCkiss: posts small blind $0.50
elcutez: posts big blind $1
fedor0f: sits out 
*** HOLE CARDS ***
socito: folds 
Eredar5: folds 
ARCTlCkiss: folds 
Uncalled bet ($0.50) returned to elcutez
elcutez collected $1 from pot
*** SUMMARY ***
Total pot $1 | Rake $0 
Seat 2: fedor0f
Seat 3: CMX1998
Seat 1: socito folded before Flop (didn't bet)
Seat 4: Eredar5 (button) folded before Flop (didn't bet)
Seat 5: ARCTlCkiss (small blind) folded before Flop
Seat 6: elcutez (big blind) collected ($1)



PokerStars Hand #254620574168:  Hold'em No Limit ($0.50/$1.00 USD) - 2025/01/30 13:15:41 WET [2025/01/30 8:15:41 ET]
Table 'Ariel' 6-max Seat #5 is the button
Seat 2: fedor0f ($100 in chips) is sitting out
Seat 3: CMX1998 ($0 in chips) is sitting out
Seat 1: socito ($145.92 in chips) 
Seat 4: Eredar5 ($126.80 in chips) 
Seat 5: ARCTlCkiss ($102.72 in chips) 
Seat 6: elcutez ($80.24 in chips) 
elcutez: posts small blind $0.50
socito: posts big blind $1
fedor0f: sits out 
*** HOLE CARDS ***
Eredar5: folds 
ARCTlCkiss: folds 
elcutez: folds 
Uncalled bet ($0.50) returned to socito
socito collected $1 from pot
socito: doesn't show hand 
*** SUMMARY ***
Total pot $1 | Rake $0 
Seat 2: fedor0f
Seat 3: CMX1998
Seat 1: socito (big blind) collected ($1)
Seat 4: Eredar5 folded before Flop (didn't bet)
Seat 5: ARCTlCkiss (button) folded before Flop (didn't bet)
Seat 6: elcutez (small blind) folded before Flop



PokerStars Hand #254620577120:  Hold'em No Limit ($0.50/$1.00 USD) - 2025/01/30 13:16:00 WET [2025/01/30 8:16:00 ET]
Table 'Ariel' 6-max Seat #6 is the button
Seat 2: fedor0f ($100 in chips) is sitting out
Seat 3: CMX1998 ($0 in chips) is sitting out
Seat 1: socito ($146.42 in chips) 
Seat 4: Eredar5 ($126.80 in chips) 
Seat 5: ARCTlCkiss ($102.72 in chips) 
Seat 6: elcutez ($79.74 in chips) 
socito: posts small blind $0.50
Eredar5: posts big blind $1
*** HOLE CARDS ***
ARCTlCkiss: folds 
elcutez: raises $1.70 to $2.70
socito: folds 
CMX1998 is disconnected 
Eredar5: folds 
Uncalled bet ($1.70) returned to elcutez
elcutez collected $2.50 from pot
*** SUMMARY ***
Total pot $2.50 | Rake $0 
Seat 2: fedor0f
Seat 3: CMX1998
Seat 1: socito (small blind) folded before Flop
Seat 4: Eredar5 (big blind) folded before Flop
Seat 5: ARCTlCkiss folded before Flop (didn't bet)
Seat 6: elcutez (button) collected ($2.50)



PokerStars Hand #254620581620:  Hold'em No Limit ($0.50/$1.00 USD) - 2025/01/30 13:16:29 WET [2025/01/30 8:16:29 ET]
Table 'Ariel' 6-max Seat #1 is the button
Seat 2: fedor0f ($100 in chips) is sitting out
Seat 3: CMX1998 ($0 in chips) is sitting out
Seat 1: socito ($145.92 in chips) 
Seat 4: Eredar5 ($125.80 in chips) 
Seat 5: ARCTlCkiss ($102.72 in chips) 
Seat 6: elcutez ($81.24 in chips) 
Eredar5: posts small blind $0.50
ARCTlCkiss: posts big blind $1
*** HOLE CARDS ***
elcutez: folds 
CMX1998 leaves the table
socito: folds 
Eredar5: folds 
Uncalled bet ($0.50) returned to ARCTlCkiss
ARCTlCkiss collected $1 from pot
ARCTlCkiss: doesn't show hand 
fedor0f leaves the table
*** SUMMARY ***
Total pot $1 | Rake $0 
Seat 2: fedor0f
Seat 3: CMX1998
Seat 1: socito (button) folded before Flop (didn't bet)
Seat 4: Eredar5 (small blind) folded before Flop
Seat 5: ARCTlCkiss (big blind) collected ($1)
Seat 6: elcutez folded before Flop (didn't bet)



PokerStars Hand #254620583444:  Hold'em No Limit ($0.50/$1.00 USD) - 2025/01/30 13:16:40 WET [2025/01/30 8:16:40 ET]
Table 'Ariel' 6-max Seat #4 is the button
Seat 1: socito ($145.92 in chips) 
Seat 4: Eredar5 ($125.30 in chips) 
Seat 5: ARCTlCkiss ($103.22 in chips) 
Seat 6: elcutez ($81.24 in chips) 
ARCTlCkiss: posts small blind $0.50
elcutez: posts big blind $1
*** HOLE CARDS ***
socito: raises $1.50 to $2.50
Eredar5: folds 
ARCTlCkiss: folds 
elcutez: folds 
Uncalled bet ($1.50) returned to socito
socito collected $2.50 from pot
socito: doesn't show hand 
*** SUMMARY ***
Total pot $2.50 | Rake $0 
Seat 1: socito collected ($2.50)
Seat 4: Eredar5 (button) folded before Flop (didn't bet)
Seat 5: ARCTlCkiss (small blind) folded before Flop
Seat 6: elcutez (big blind) folded before Flop



PokerStars Hand #254620585751:  Hold'em No Limit ($0.50/$1.00 USD) - 2025/01/30 13:16:54 WET [2025/01/30 8:16:54 ET]
Table 'Ariel' 6-max Seat #5 is the button
Seat 1: socito ($147.42 in chips) 
Seat 4: Eredar5 ($125.30 in chips) 
Seat 5: ARCTlCkiss ($102.72 in chips) 
Seat 6: elcutez ($80.24 in chips) 
elcutez: posts small blind $0.50
socito: posts big blind $1
*** HOLE CARDS ***
Eredar5: folds 
ARCTlCkiss: raises $1.18 to $2.18
elcutez: raises $4.82 to $7
socito: folds 
ARCTlCkiss: raises $12.82 to $19.82
elcutez: calls $12.82
*** FLOP *** [3s 7h 4c]
socito leaves the table
elcutez: checks 
ARCTlCkiss: bets $13.60
elcutez: folds 
Uncalled bet ($13.60) returned to ARCTlCkiss
ARCTlCkiss collected $39.64 from pot
ARCTlCkiss: doesn't show hand 
*** SUMMARY ***
Total pot $40.64 | Rake $1 
Board [3s 7h 4c]
Seat 1: socito (big blind) folded before Flop
Seat 4: Eredar5 folded before Flop (didn't bet)
Seat 5: ARCTlCkiss (button) collected ($39.64)
Seat 6: elcutez (small blind) folded on the Flop



PokerStars Hand #254620596587:  Hold'em No Limit ($0.50/$1.00 USD) - 2025/01/30 13:18:02 WET [2025/01/30 8:18:02 ET]
Table 'Ariel' 6-max Seat #4 is the button
Seat 5: ARCTlCkiss ($122.54 in chips) is sitting out
Seat 4: Eredar5 ($125.30 in chips) 
Seat 6: elcutez ($60.42 in chips) 
Eredar5: posts small blind $0.50
ARCTlCkiss: is sitting out 
elcutez: posts big blind $1
*** HOLE CARDS ***
Eredar5: folds 
Uncalled bet ($0.50) returned to elcutez
elcutez collected $1 from pot
*** SUMMARY ***
Total pot $1 | Rake $0 
Seat 5: ARCTlCkiss
Seat 4: Eredar5 (button) (small blind) folded before Flop
Seat 6: elcutez (big blind) collected ($1)



