PokerStars Hand #254629212159:  Hold'em No Limit ($0.50/$1.00 USD) - 2025/01/30 22:28:27 WET [2025/01/30 17:28:27 ET]
Table 'Themis II' 6-max Seat #2 is the button
Seat 5: BoyLoc0 ($100 in chips) is sitting out
Seat 2: kuca86 ($100.50 in chips) 
Seat 6: Xenicide ($100 in chips) 
kuca86: posts small blind $0.50
Xenicide: posts big blind $1
*** HOLE CARDS ***
jonatanmazurok joins the table at seat #4 
Manifestorr joins the table at seat #1 
kvcsszblcs joins the table at seat #3 
kuca86: folds 
Uncalled bet ($0.50) returned to Xenicide
Xenicide collected $1 from pot
*** SUMMARY ***
Total pot $1 | Rake $0 
Seat 5: BoyLoc0
Seat 2: kuca86 (button) (small blind) folded before Flop
Seat 6: Xenicide (big blind) collected ($1)



PokerStars Hand #254629214885:  Hold'em No Limit ($0.50/$1.00 USD) - 2025/01/30 22:28:37 WET [2025/01/30 17:28:37 ET]
Table 'Themis II' 6-max Seat #6 is the button
Seat 1: Manifestorr ($100 in chips) is sitting out
Seat 4: jonatanmazurok ($40 in chips) is sitting out
Seat 5: BoyLoc0 ($100 in chips) is sitting out
Seat 2: kuca86 ($100 in chips) 
Seat 3: kvcsszblcs ($100 in chips) 
Seat 6: Xenicide ($100.50 in chips) 
kuca86: posts small blind $0.50
kvcsszblcs: posts big blind $1
jonatanmazurok: sits out 
*** HOLE CARDS ***
Xenicide: raises $1.25 to $2.25
kuca86: folds 
kvcsszblcs: folds 
Uncalled bet ($1.25) returned to Xenicide
Xenicide collected $2.50 from pot
*** SUMMARY ***
Total pot $2.50 | Rake $0 
Seat 1: Manifestorr
Seat 4: jonatanmazurok
Seat 5: BoyLoc0
Seat 2: kuca86 (small blind) folded before Flop
Seat 3: kvcsszblcs (big blind) folded before Flop
Seat 6: Xenicide (button) collected ($2.50)



PokerStars Hand #254629220291:  Hold'em No Limit ($0.50/$1.00 USD) - 2025/01/30 22:28:56 WET [2025/01/30 17:28:56 ET]
Table 'Themis II' 6-max Seat #2 is the button
Seat 1: Manifestorr ($100 in chips) is sitting out
Seat 5: BoyLoc0 ($100 in chips) is sitting out
Seat 2: kuca86 ($100 in chips) 
Seat 3: kvcsszblcs ($100 in chips) 
Seat 4: jonatanmazurok ($40 in chips) 
Seat 6: Xenicide ($102 in chips) 
kvcsszblcs: posts small blind $0.50
jonatanmazurok: posts big blind $1
Manifestorr: sits out 
*** HOLE CARDS ***
Xenicide: raises $1 to $2
kuca86: folds 
kvcsszblcs: folds 
jonatanmazurok: calls $1
*** FLOP *** [7h 5s 8h]
jonatanmazurok: checks 
Xenicide: checks 
*** TURN *** [7h 5s 8h] [5d]
jonatanmazurok: checks 
Xenicide: bets $6.42
jonatanmazurok: folds 
Uncalled bet ($6.42) returned to Xenicide
Xenicide collected $4.28 from pot
*** SUMMARY ***
Total pot $4.50 | Rake $0.22 
Board [7h 5s 8h 5d]
Seat 1: Manifestorr
Seat 5: BoyLoc0
Seat 2: kuca86 (button) folded before Flop (didn't bet)
Seat 3: kvcsszblcs (small blind) folded before Flop
Seat 4: jonatanmazurok (big blind) folded on the Turn
Seat 6: Xenicide collected ($4.28)



PokerStars Hand #254629235576:  Hold'em No Limit ($0.50/$1.00 USD) - 2025/01/30 22:29:50 WET [2025/01/30 17:29:50 ET]
Table 'Themis II' 6-max Seat #3 is the button
Seat 1: Manifestorr ($100 in chips) is sitting out
Seat 2: kuca86 ($100 in chips) 
Seat 3: kvcsszblcs ($100 in chips) 
Seat 4: jonatanmazurok ($38 in chips) 
Seat 5: BoyLoc0 ($100 in chips) 
Seat 6: Xenicide ($104.28 in chips) 
jonatanmazurok: posts small blind $0.50
BoyLoc0: posts big blind $1
Manifestorr: sits out 
*** HOLE CARDS ***
Xenicide: folds 
kuca86: folds 
kvcsszblcs: raises $1.25 to $2.25
jonatanmazurok: calls $1.75
BoyLoc0: raises $11.75 to $14
kvcsszblcs: folds 
jonatanmazurok: calls $11.75
*** FLOP *** [8s 2s 2c]
jonatanmazurok: checks 
BoyLoc0: bets $25
jonatanmazurok: folds 
Uncalled bet ($25) returned to BoyLoc0
BoyLoc0 collected $28.74 from pot
BoyLoc0: doesn't show hand 
*** SUMMARY ***
Total pot $30.25 | Rake $1.51 
Board [8s 2s 2c]
Seat 1: Manifestorr
Seat 2: kuca86 folded before Flop (didn't bet)
Seat 3: kvcsszblcs (button) folded before Flop
Seat 4: jonatanmazurok (small blind) folded on the Flop
Seat 5: BoyLoc0 (big blind) collected ($28.74)
Seat 6: Xenicide folded before Flop (didn't bet)



PokerStars Hand #254629246525:  Hold'em No Limit ($0.50/$1.00 USD) - 2025/01/30 22:30:28 WET [2025/01/30 17:30:28 ET]
Table 'Themis II' 6-max Seat #4 is the button
Seat 1: Manifestorr ($100 in chips) is sitting out
Seat 2: kuca86 ($100 in chips) 
Seat 3: kvcsszblcs ($100 in chips) 
Seat 4: jonatanmazurok ($24 in chips) 
Seat 5: BoyLoc0 ($114.74 in chips) 
Seat 6: Xenicide ($104.28 in chips) 
BoyLoc0: posts small blind $0.50
Xenicide: posts big blind $1
Manifestorr: sits out 
*** HOLE CARDS ***
kuca86: folds 
kvcsszblcs: folds 
kuca86 leaves the table
jonatanmazurok: calls $1
BoyLoc0: folds 
Xenicide: checks 
*** FLOP *** [Qs Jh Kh]
Xenicide: bets $1.31
jonatanmazurok: calls $1.31
*** TURN *** [Qs Jh Kh] [7d]
avstero joins the table at seat #2 
Xenicide: bets $1.51
jonatanmazurok: calls $1.51
*** RIVER *** [Qs Jh Kh 7d] [As]
Xenicide: checks 
jonatanmazurok: checks 
*** SHOW DOWN ***
Xenicide: shows [Ks 8h] (a pair of Kings)
jonatanmazurok: mucks hand 
Xenicide collected $7.73 from pot
*** SUMMARY ***
Total pot $8.14 | Rake $0.41 
Board [Qs Jh Kh 7d As]
Seat 1: Manifestorr
Seat 2: kuca86 folded before Flop (didn't bet)
Seat 3: kvcsszblcs folded before Flop (didn't bet)
Seat 4: jonatanmazurok (button) mucked
Seat 5: BoyLoc0 (small blind) folded before Flop
Seat 6: Xenicide (big blind) showed [Ks 8h] and won ($7.73) with a pair of Kings



PokerStars Hand #254629258248:  Hold'em No Limit ($0.50/$1.00 USD) - 2025/01/30 22:31:10 WET [2025/01/30 17:31:10 ET]
Table 'Themis II' 6-max Seat #5 is the button
Seat 2: avstero ($100 in chips) is sitting out
Seat 1: Manifestorr ($100 in chips) 
Seat 3: kvcsszblcs ($100 in chips) 
Seat 4: jonatanmazurok ($20.18 in chips) 
Seat 5: BoyLoc0 ($114.24 in chips) 
Seat 6: Xenicide ($108.19 in chips) 
Xenicide: posts small blind $0.50
Manifestorr: posts big blind $1
avstero: sits out 
*** HOLE CARDS ***
kvcsszblcs: folds 
jonatanmazurok: folds 
BoyLoc0: raises $1.50 to $2.50
Xenicide: folds 
Manifestorr: raises $9.50 to $12
BoyLoc0: folds 
Uncalled bet ($9.50) returned to Manifestorr
Manifestorr collected $5.50 from pot
*** SUMMARY ***
Total pot $5.50 | Rake $0 
Seat 2: avstero
Seat 1: Manifestorr (big blind) collected ($5.50)
Seat 3: kvcsszblcs folded before Flop (didn't bet)
Seat 4: jonatanmazurok folded before Flop (didn't bet)
Seat 5: BoyLoc0 (button) folded before Flop
Seat 6: Xenicide (small blind) folded before Flop



PokerStars Hand #254629266806:  Hold'em No Limit ($0.50/$1.00 USD) - 2025/01/30 22:31:41 WET [2025/01/30 17:31:41 ET]
Table 'Themis II' 6-max Seat #6 is the button
Seat 1: Manifestorr ($103 in chips) 
Seat 2: avstero ($100 in chips) 
Seat 3: kvcsszblcs ($100 in chips) 
Seat 4: jonatanmazurok ($20.18 in chips) 
Seat 5: BoyLoc0 ($111.74 in chips) 
Seat 6: Xenicide ($107.69 in chips) 
Manifestorr: posts small blind $0.50
avstero: posts big blind $1
*** HOLE CARDS ***
kvcsszblcs: folds 
jonatanmazurok: calls $1
BoyLoc0: calls $1
Xenicide: folds 
Manifestorr: folds 
avstero: checks 
*** FLOP *** [Jd Kc 4d]
avstero: checks 
Manifestorr is disconnected 
jonatanmazurok: bets $1
BoyLoc0: folds 
avstero: raises $4.80 to $5.80
jonatanmazurok: calls $4.80
*** TURN *** [Jd Kc 4d] [Qc]
avstero: bets $17.23
jonatanmazurok: calls $13.38 and is all-in
Uncalled bet ($3.85) returned to avstero
*** RIVER *** [Jd Kc 4d Qc] [6s]
*** SHOW DOWN ***
avstero: shows [Kh Ts] (a pair of Kings)
jonatanmazurok: shows [9d Ks] (a pair of Kings - lower kicker)
avstero collected $39.77 from pot
*** SUMMARY ***
Total pot $41.86 | Rake $2.09 
Board [Jd Kc 4d Qc 6s]
Seat 1: Manifestorr (small blind) folded before Flop
Seat 2: avstero (big blind) showed [Kh Ts] and won ($39.77) with a pair of Kings
Seat 3: kvcsszblcs folded before Flop (didn't bet)
Seat 4: jonatanmazurok showed [9d Ks] and lost with a pair of Kings
Seat 5: BoyLoc0 folded on the Flop
Seat 6: Xenicide (button) folded before Flop (didn't bet)



PokerStars Hand #254629290237:  Hold'em No Limit ($0.50/$1.00 USD) - 2025/01/30 22:33:05 WET [2025/01/30 17:33:05 ET]
Table 'Themis II' 6-max Seat #1 is the button
Seat 1: Manifestorr ($102.50 in chips) 
Seat 2: avstero ($119.59 in chips) 
Seat 3: kvcsszblcs ($100 in chips) 
Seat 5: BoyLoc0 ($110.74 in chips) 
Seat 6: Xenicide ($107.69 in chips) 
avstero: posts small blind $0.50
kvcsszblcs: posts big blind $1
*** HOLE CARDS ***
BoyLoc0: folds 
Xenicide: folds 
Manifestorr: folds 
avstero: folds 
Uncalled bet ($0.50) returned to kvcsszblcs
kvcsszblcs collected $1 from pot
kvcsszblcs: doesn't show hand 
*** SUMMARY ***
Total pot $1 | Rake $0 
Seat 1: Manifestorr (button) folded before Flop (didn't bet)
Seat 2: avstero (small blind) folded before Flop
Seat 3: kvcsszblcs (big blind) collected ($1)
Seat 5: BoyLoc0 folded before Flop (didn't bet)
Seat 6: Xenicide folded before Flop (didn't bet)



PokerStars Hand #254629293174:  Hold'em No Limit ($0.50/$1.00 USD) - 2025/01/30 22:33:15 WET [2025/01/30 17:33:15 ET]
Table 'Themis II' 6-max Seat #2 is the button
Seat 1: Manifestorr ($102.50 in chips) 
Seat 2: avstero ($119.09 in chips) 
Seat 3: kvcsszblcs ($100.50 in chips) 
Seat 5: BoyLoc0 ($110.74 in chips) 
Seat 6: Xenicide ($107.69 in chips) 
kvcsszblcs: posts small blind $0.50
BoyLoc0: posts big blind $1
*** HOLE CARDS ***
Xenicide: folds 
Manifestorr: folds 
avstero: folds 
kvcsszblcs: raises $1.85 to $2.85
BoyLoc0: folds 
Uncalled bet ($1.85) returned to kvcsszblcs
kvcsszblcs collected $2 from pot
kvcsszblcs: doesn't show hand 
*** SUMMARY ***
Total pot $2 | Rake $0 
Seat 1: Manifestorr folded before Flop (didn't bet)
Seat 2: avstero (button) folded before Flop (didn't bet)
Seat 3: kvcsszblcs (small blind) collected ($2)
Seat 5: BoyLoc0 (big blind) folded before Flop
Seat 6: Xenicide folded before Flop (didn't bet)



PokerStars Hand #254629298722:  Hold'em No Limit ($0.50/$1.00 USD) - 2025/01/30 22:33:35 WET [2025/01/30 17:33:35 ET]
Table 'Themis II' 6-max Seat #3 is the button
Seat 1: Manifestorr ($102.50 in chips) 
Seat 2: avstero ($119.09 in chips) 
Seat 3: kvcsszblcs ($101.50 in chips) 
Seat 5: BoyLoc0 ($109.74 in chips) 
Seat 6: Xenicide ($107.69 in chips) 
BoyLoc0: posts small blind $0.50
Xenicide: posts big blind $1
*** HOLE CARDS ***
Manifestorr: folds 
avstero: folds 
kvcsszblcs: folds 
BoyLoc0: raises $2 to $3
Xenicide: raises $6 to $9
BoyLoc0: folds 
Uncalled bet ($6) returned to Xenicide
Xenicide collected $6 from pot
*** SUMMARY ***
Total pot $6 | Rake $0 
Seat 1: Manifestorr folded before Flop (didn't bet)
Seat 2: avstero folded before Flop (didn't bet)
Seat 3: kvcsszblcs (button) folded before Flop (didn't bet)
Seat 5: BoyLoc0 (small blind) folded before Flop
Seat 6: Xenicide (big blind) collected ($6)



PokerStars Hand #254629306645:  Hold'em No Limit ($0.50/$1.00 USD) - 2025/01/30 22:34:04 WET [2025/01/30 17:34:04 ET]
Table 'Themis II' 6-max Seat #5 is the button
Seat 1: Manifestorr ($102.50 in chips) is sitting out
Seat 2: avstero ($119.09 in chips) is sitting out
Seat 3: kvcsszblcs ($101.50 in chips) 
Seat 5: BoyLoc0 ($106.74 in chips) 
Seat 6: Xenicide ($110.69 in chips) 
Xenicide: posts small blind $0.50
Manifestorr: is sitting out 
avstero: is sitting out 
kvcsszblcs: posts big blind $1
*** HOLE CARDS ***
avstero leaves the table
Manifestorr leaves the table
BoyLoc0: raises $1.50 to $2.50
Xenicide: raises $7 to $9.50
kvcsszblcs: folds 
BoyLoc0: calls $7
*** FLOP *** [7c 7h 2s]
Xenicide: checks 
BoyLoc0: bets $6.27
Xenicide: calls $6.27
*** TURN *** [7c 7h 2s] [Tc]
Xenicide: checks 
BoyLoc0: bets $22
Xenicide: calls $22
*** RIVER *** [7c 7h 2s Tc] [Td]
Xenicide: checks 
BoyLoc0: checks 
*** SHOW DOWN ***
Xenicide: shows [6h 6c] (two pair, Tens and Sevens)
BoyLoc0: mucks hand 
Xenicide collected $75.54 from pot
*** SUMMARY ***
Total pot $76.54 | Rake $1 
Board [7c 7h 2s Tc Td]
Seat 1: Manifestorr
Seat 2: avstero
Seat 3: kvcsszblcs (big blind) folded before Flop
Seat 5: BoyLoc0 (button) mucked
Seat 6: Xenicide (small blind) showed [6h 6c] and won ($75.54) with two pair, Tens and Sevens



PokerStars Hand #254629329799:  Hold'em No Limit ($0.50/$1.00 USD) - 2025/01/30 22:35:29 WET [2025/01/30 17:35:29 ET]
Table 'Themis II' 6-max Seat #6 is the button
Seat 3: kvcsszblcs ($100.50 in chips) 
Seat 5: BoyLoc0 ($100 in chips) 
Seat 6: Xenicide ($148.46 in chips) 
kvcsszblcs: posts small blind $0.50
BoyLoc0: posts big blind $1
*** HOLE CARDS ***
Xenicide: folds 
kvcsszblcs: folds 
Uncalled bet ($0.50) returned to BoyLoc0
BoyLoc0 collected $1 from pot
BoyLoc0: doesn't show hand 
*** SUMMARY ***
Total pot $1 | Rake $0 
Seat 3: kvcsszblcs (small blind) folded before Flop
Seat 5: BoyLoc0 (big blind) collected ($1)
Seat 6: Xenicide (button) folded before Flop (didn't bet)



PokerStars Hand #254629334791:  Hold'em No Limit ($0.50/$1.00 USD) - 2025/01/30 22:35:47 WET [2025/01/30 17:35:47 ET]
Table 'Themis II' 6-max Seat #3 is the button
Seat 3: kvcsszblcs ($100 in chips) 
Seat 5: BoyLoc0 ($100.50 in chips) 
Seat 6: Xenicide ($148.46 in chips) 
BoyLoc0: posts small blind $0.50
Xenicide: posts big blind $1
*** HOLE CARDS ***
kvcsszblcs: folds 
Casti180476 joins the table at seat #2 
santi820 joins the table at seat #4 
BoyLoc0: raises $2 to $3
YeeesMan joins the table at seat #1 
Xenicide: calls $2
*** FLOP *** [6s 8d Ad]
BoyLoc0: checks 
Xenicide: bets $1.43
BoyLoc0: raises $9.42 to $10.85
Xenicide: folds 
Uncalled bet ($9.42) returned to BoyLoc0
BoyLoc0 collected $8.42 from pot
BoyLoc0: doesn't show hand 
*** SUMMARY ***
Total pot $8.86 | Rake $0.44 
Board [6s 8d Ad]
Seat 3: kvcsszblcs (button) folded before Flop (didn't bet)
Seat 5: BoyLoc0 (small blind) collected ($8.42)
Seat 6: Xenicide (big blind) folded on the Flop



PokerStars Hand #254629360791:  Hold'em No Limit ($0.50/$1.00 USD) - 2025/01/30 22:37:20 WET [2025/01/30 17:37:20 ET]
Table 'Themis II' 6-max Seat #5 is the button
Seat 4: santi820 ($100 in chips) is sitting out
Seat 1: YeeesMan ($100 in chips) 
Seat 2: Casti180476 ($50 in chips) 
Seat 3: kvcsszblcs ($100 in chips) 
Seat 5: BoyLoc0 ($104.49 in chips) 
Seat 6: Xenicide ($144.03 in chips) 
Xenicide: posts small blind $0.50
YeeesMan: posts big blind $1
Casti180476: posts big blind $1
santi820: sits out 
*** HOLE CARDS ***
Casti180476: checks 
kvcsszblcs has timed out
kvcsszblcs: folds 
BoyLoc0: raises $3 to $4
Xenicide: folds 
YeeesMan: folds 
Casti180476: folds 
Uncalled bet ($3) returned to BoyLoc0
BoyLoc0 collected $3.50 from pot
BoyLoc0: doesn't show hand 
*** SUMMARY ***
Total pot $3.50 | Rake $0 
Seat 4: santi820
Seat 1: YeeesMan (big blind) folded before Flop
Seat 2: Casti180476 folded before Flop (didn't bet)
Seat 3: kvcsszblcs folded before Flop (didn't bet)
Seat 5: BoyLoc0 (button) collected ($3.50)
Seat 6: Xenicide (small blind) folded before Flop



PokerStars Hand #254629372154:  Hold'em No Limit ($0.50/$1.00 USD) - 2025/01/30 22:38:02 WET [2025/01/30 17:38:02 ET]
Table 'Themis II' 6-max Seat #6 is the button
Seat 4: santi820 ($100 in chips) is sitting out
Seat 1: YeeesMan ($100 in chips) 
Seat 2: Casti180476 ($49 in chips) 
Seat 3: kvcsszblcs ($100 in chips) 
Seat 5: BoyLoc0 ($106.99 in chips) 
Seat 6: Xenicide ($143.53 in chips) 
YeeesMan: posts small blind $0.50
Casti180476: posts big blind $1
santi820: sits out 
*** HOLE CARDS ***
kvcsszblcs: raises $1 to $2
BoyLoc0: raises $5 to $7
Xenicide: folds 
YeeesMan: folds 
Casti180476: folds 
kvcsszblcs: calls $5
*** FLOP *** [3d 2h Ks]
kvcsszblcs: checks 
BoyLoc0: bets $4.86
kvcsszblcs: raises $9.78 to $14.64
BoyLoc0: folds 
Uncalled bet ($9.78) returned to kvcsszblcs
kvcsszblcs collected $23.96 from pot
kvcsszblcs: doesn't show hand 
*** SUMMARY ***
Total pot $25.22 | Rake $1.26 
Board [3d 2h Ks]
Seat 4: santi820
Seat 1: YeeesMan (small blind) folded before Flop
Seat 2: Casti180476 (big blind) folded before Flop
Seat 3: kvcsszblcs collected ($23.96)
Seat 5: BoyLoc0 folded on the Flop
Seat 6: Xenicide (button) folded before Flop (didn't bet)



PokerStars Hand #254629382079:  Hold'em No Limit ($0.50/$1.00 USD) - 2025/01/30 22:38:38 WET [2025/01/30 17:38:38 ET]
Table 'Themis II' 6-max Seat #1 is the button
Seat 4: santi820 ($100 in chips) is sitting out
Seat 1: YeeesMan ($100 in chips) 
Seat 2: Casti180476 ($48 in chips) 
Seat 3: kvcsszblcs ($112.10 in chips) 
Seat 5: BoyLoc0 ($100 in chips) 
Seat 6: Xenicide ($143.53 in chips) 
Casti180476: posts small blind $0.50
kvcsszblcs: posts big blind $1
santi820: sits out 
*** HOLE CARDS ***
BoyLoc0: folds 
Xenicide: folds 
YeeesMan: folds 
Casti180476: calls $0.50
kvcsszblcs: checks 
*** FLOP *** [5d Ts 2s]
Casti180476: checks 
kvcsszblcs: bets $1
Casti180476: folds 
Uncalled bet ($1) returned to kvcsszblcs
kvcsszblcs collected $1.90 from pot
kvcsszblcs: doesn't show hand 
*** SUMMARY ***
Total pot $2 | Rake $0.10 
Board [5d Ts 2s]
Seat 4: santi820
Seat 1: YeeesMan (button) folded before Flop (didn't bet)
Seat 2: Casti180476 (small blind) folded on the Flop
Seat 3: kvcsszblcs (big blind) collected ($1.90)
Seat 5: BoyLoc0 folded before Flop (didn't bet)
Seat 6: Xenicide folded before Flop (didn't bet)



PokerStars Hand #254629391675:  Hold'em No Limit ($0.50/$1.00 USD) - 2025/01/30 22:39:13 WET [2025/01/30 17:39:13 ET]
Table 'Themis II' 6-max Seat #2 is the button
Seat 1: YeeesMan ($100 in chips) 
Seat 2: Casti180476 ($47 in chips) 
Seat 3: kvcsszblcs ($113 in chips) 
Seat 4: santi820 ($100 in chips) 
Seat 5: BoyLoc0 ($100 in chips) 
Seat 6: Xenicide ($143.53 in chips) 
kvcsszblcs: posts small blind $0.50
santi820: posts big blind $1
*** HOLE CARDS ***
BoyLoc0: folds 
Xenicide: folds 
YeeesMan: folds 
Casti180476: folds 
kvcsszblcs: raises $1.85 to $2.85
santi820: folds 
Uncalled bet ($1.85) returned to kvcsszblcs
kvcsszblcs collected $2 from pot
kvcsszblcs: doesn't show hand 
*** SUMMARY ***
Total pot $2 | Rake $0 
Seat 1: YeeesMan folded before Flop (didn't bet)
Seat 2: Casti180476 (button) folded before Flop (didn't bet)
Seat 3: kvcsszblcs (small blind) collected ($2)
Seat 4: santi820 (big blind) folded before Flop
Seat 5: BoyLoc0 folded before Flop (didn't bet)
Seat 6: Xenicide folded before Flop (didn't bet)



PokerStars Hand #254629396193:  Hold'em No Limit ($0.50/$1.00 USD) - 2025/01/30 22:39:29 WET [2025/01/30 17:39:29 ET]
Table 'Themis II' 6-max Seat #3 is the button
Seat 1: YeeesMan ($100 in chips) 
Seat 2: Casti180476 ($47 in chips) 
Seat 3: kvcsszblcs ($114 in chips) 
Seat 4: santi820 ($100 in chips) 
Seat 5: BoyLoc0 ($100 in chips) 
Seat 6: Xenicide ($143.53 in chips) 
santi820: posts small blind $0.50
BoyLoc0: posts big blind $1
*** HOLE CARDS ***
Xenicide: folds 
YeeesMan: folds 
Casti180476: calls $1
kvcsszblcs: raises $2.50 to $3.50
santi820: folds 
BoyLoc0: folds 
Casti180476: folds 
Uncalled bet ($2.50) returned to kvcsszblcs
kvcsszblcs collected $3.50 from pot
kvcsszblcs: doesn't show hand 
*** SUMMARY ***
Total pot $3.50 | Rake $0 
Seat 1: YeeesMan folded before Flop (didn't bet)
Seat 2: Casti180476 folded before Flop
Seat 3: kvcsszblcs (button) collected ($3.50)
Seat 4: santi820 (small blind) folded before Flop
Seat 5: BoyLoc0 (big blind) folded before Flop
Seat 6: Xenicide folded before Flop (didn't bet)



PokerStars Hand #254629404782:  Hold'em No Limit ($0.50/$1.00 USD) - 2025/01/30 22:40:00 WET [2025/01/30 17:40:00 ET]
Table 'Themis II' 6-max Seat #4 is the button
Seat 1: YeeesMan ($100 in chips) 
Seat 2: Casti180476 ($46 in chips) 
Seat 3: kvcsszblcs ($116.50 in chips) 
Seat 4: santi820 ($100 in chips) 
Seat 5: BoyLoc0 ($100 in chips) 
Seat 6: Xenicide ($143.53 in chips) 
BoyLoc0: posts small blind $0.50
Xenicide: posts big blind $1
*** HOLE CARDS ***
YeeesMan: folds 
Casti180476: folds 
kvcsszblcs: folds 
santi820: folds 
BoyLoc0: raises $2 to $3
Xenicide: folds 
Uncalled bet ($2) returned to BoyLoc0
BoyLoc0 collected $2 from pot
BoyLoc0: doesn't show hand 
*** SUMMARY ***
Total pot $2 | Rake $0 
Seat 1: YeeesMan folded before Flop (didn't bet)
Seat 2: Casti180476 folded before Flop (didn't bet)
Seat 3: kvcsszblcs folded before Flop (didn't bet)
Seat 4: santi820 (button) folded before Flop (didn't bet)
Seat 5: BoyLoc0 (small blind) collected ($2)
Seat 6: Xenicide (big blind) folded before Flop



PokerStars Hand #254629412005:  Hold'em No Limit ($0.50/$1.00 USD) - 2025/01/30 22:40:26 WET [2025/01/30 17:40:26 ET]
Table 'Themis II' 6-max Seat #5 is the button
Seat 1: YeeesMan ($100 in chips) is sitting out
Seat 2: Casti180476 ($46 in chips) 
Seat 3: kvcsszblcs ($116.50 in chips) 
Seat 4: santi820 ($100 in chips) 
Seat 5: BoyLoc0 ($101 in chips) 
Seat 6: Xenicide ($142.53 in chips) 
Xenicide: posts small blind $0.50
YeeesMan: is sitting out 
Casti180476: posts big blind $1
*** HOLE CARDS ***
kvcsszblcs: folds 
santi820: folds 
BoyLoc0: folds 
Xenicide: folds 
Uncalled bet ($0.50) returned to Casti180476
Casti180476 collected $1 from pot
*** SUMMARY ***
Total pot $1 | Rake $0 
Seat 1: YeeesMan
Seat 2: Casti180476 (big blind) collected ($1)
Seat 3: kvcsszblcs folded before Flop (didn't bet)
Seat 4: santi820 folded before Flop (didn't bet)
Seat 5: BoyLoc0 (button) folded before Flop (didn't bet)
Seat 6: Xenicide (small blind) folded before Flop



PokerStars Hand #254629415447:  Hold'em No Limit ($0.50/$1.00 USD) - 2025/01/30 22:40:38 WET [2025/01/30 17:40:38 ET]
Table 'Themis II' 6-max Seat #6 is the button
Seat 1: YeeesMan ($100 in chips) is sitting out
Seat 2: Casti180476 ($46.50 in chips) 
Seat 3: kvcsszblcs ($116.50 in chips) 
Seat 4: santi820 ($100 in chips) 
Seat 5: BoyLoc0 ($101 in chips) 
Seat 6: Xenicide ($142.03 in chips) 
Casti180476: posts small blind $0.50
kvcsszblcs: posts big blind $1
*** HOLE CARDS ***
santi820: folds 
BoyLoc0: raises $1.50 to $2.50
Xenicide: folds 
Casti180476: calls $2
kvcsszblcs: calls $1.50
*** FLOP *** [Tc 7c Qs]
Casti180476: bets $1
kvcsszblcs: folds 
BoyLoc0: calls $1
*** TURN *** [Tc 7c Qs] [2d]
Casti180476: bets $1
BoyLoc0: raises $8.27 to $9.27
Casti180476: folds [Ks Ac]
Uncalled bet ($8.27) returned to BoyLoc0
BoyLoc0 collected $10.92 from pot
BoyLoc0: doesn't show hand 
*** SUMMARY ***
Total pot $11.50 | Rake $0.58 
Board [Tc 7c Qs 2d]
Seat 1: YeeesMan
Seat 2: Casti180476 (small blind) folded on the Turn
Seat 3: kvcsszblcs (big blind) folded on the Flop
Seat 4: santi820 folded before Flop (didn't bet)
Seat 5: BoyLoc0 collected ($10.92)
Seat 6: Xenicide (button) folded before Flop (didn't bet)



PokerStars Hand #254629432622:  Hold'em No Limit ($0.50/$1.00 USD) - 2025/01/30 22:41:40 WET [2025/01/30 17:41:40 ET]
Table 'Themis II' 6-max Seat #2 is the button
Seat 1: YeeesMan ($100 in chips) is sitting out
Seat 2: Casti180476 ($42 in chips) 
Seat 3: kvcsszblcs ($114 in chips) 
Seat 4: santi820 ($100 in chips) 
Seat 5: BoyLoc0 ($107.42 in chips) 
Seat 6: Xenicide ($142.03 in chips) 
kvcsszblcs: posts small blind $0.50
santi820: posts big blind $1
*** HOLE CARDS ***
BoyLoc0: folds 
Xenicide: folds 
Casti180476: calls $1
kvcsszblcs: calls $0.50
santi820: checks 
*** FLOP *** [Jc 2h Td]
kvcsszblcs: checks 
santi820: checks 
Casti180476: checks 
*** TURN *** [Jc 2h Td] [7h]
kvcsszblcs: bets $1.50
santi820: folds 
Casti180476: folds 
Uncalled bet ($1.50) returned to kvcsszblcs
kvcsszblcs collected $2.85 from pot
kvcsszblcs: doesn't show hand 
*** SUMMARY ***
Total pot $3 | Rake $0.15 
Board [Jc 2h Td 7h]
Seat 1: YeeesMan
Seat 2: Casti180476 (button) folded on the Turn
Seat 3: kvcsszblcs (small blind) collected ($2.85)
Seat 4: santi820 (big blind) folded on the Turn
Seat 5: BoyLoc0 folded before Flop (didn't bet)
Seat 6: Xenicide folded before Flop (didn't bet)



PokerStars Hand #254629446174:  Hold'em No Limit ($0.50/$1.00 USD) - 2025/01/30 22:42:29 WET [2025/01/30 17:42:29 ET]
Table 'Themis II' 6-max Seat #3 is the button
Seat 1: YeeesMan ($100 in chips) is sitting out
Seat 2: Casti180476 ($41 in chips) 
Seat 3: kvcsszblcs ($115.85 in chips) 
Seat 4: santi820 ($100 in chips) 
Seat 5: BoyLoc0 ($107.42 in chips) 
Seat 6: Xenicide ($142.03 in chips) 
santi820: posts small blind $0.50
BoyLoc0: posts big blind $1
*** HOLE CARDS ***
Xenicide: folds 
Casti180476: folds 
kvcsszblcs: folds 
santi820: raises $1.70 to $2.70
BoyLoc0: folds 
Uncalled bet ($1.70) returned to santi820
santi820 collected $2 from pot
santi820: doesn't show hand 
*** SUMMARY ***
Total pot $2 | Rake $0 
Seat 1: YeeesMan
Seat 2: Casti180476 folded before Flop (didn't bet)
Seat 3: kvcsszblcs (button) folded before Flop (didn't bet)
Seat 4: santi820 (small blind) collected ($2)
Seat 5: BoyLoc0 (big blind) folded before Flop
Seat 6: Xenicide folded before Flop (didn't bet)



PokerStars Hand #254629450997:  Hold'em No Limit ($0.50/$1.00 USD) - 2025/01/30 22:42:47 WET [2025/01/30 17:42:47 ET]
Table 'Themis II' 6-max Seat #4 is the button
Seat 1: YeeesMan ($100 in chips) is sitting out
Seat 2: Casti180476 ($41 in chips) 
Seat 3: kvcsszblcs ($115.85 in chips) 
Seat 4: santi820 ($101 in chips) 
Seat 5: BoyLoc0 ($106.42 in chips) 
Seat 6: Xenicide ($142.03 in chips) 
BoyLoc0: posts small blind $0.50
Xenicide: posts big blind $1
*** HOLE CARDS ***
Casti180476: calls $1
kvcsszblcs: raises $2.50 to $3.50
santi820: folds 
BoyLoc0: raises $9.50 to $13
Xenicide: folds 
Casti180476: calls $12
kvcsszblcs: calls $9.50
*** FLOP *** [4s Qc 6c]
BoyLoc0: checks 
Casti180476: bets $7
kvcsszblcs: raises $7 to $14
BoyLoc0: calls $14
Casti180476: raises $7 to $21
YeeesMan leaves the table
kvcsszblcs: calls $7
BoyLoc0: raises $72.42 to $93.42 and is all-in
Casti180476: calls $7 and is all-in
kvcsszblcs: folds 
Uncalled bet ($65.42) returned to BoyLoc0
*** TURN *** [4s Qc 6c] [3h]
*** RIVER *** [4s Qc 6c 3h] [Td]
*** SHOW DOWN ***
BoyLoc0: shows [Ac As] (a pair of Aces)
Casti180476: shows [Tc Qd] (two pair, Queens and Tens)
Casti180476 collected $114.50 from pot
*** SUMMARY ***
Total pot $117 | Rake $2.50 
Board [4s Qc 6c 3h Td]
Seat 1: YeeesMan
Seat 2: Casti180476 showed [Tc Qd] and won ($114.50) with two pair, Queens and Tens
Seat 3: kvcsszblcs folded on the Flop
Seat 4: santi820 (button) folded before Flop (didn't bet)
Seat 5: BoyLoc0 (small blind) showed [Ac As] and lost with a pair of Aces
Seat 6: Xenicide (big blind) folded before Flop



PokerStars Hand #254629482272:  Hold'em No Limit ($0.50/$1.00 USD) - 2025/01/30 22:44:40 WET [2025/01/30 17:44:40 ET]
Table 'Themis II' 6-max Seat #5 is the button
Seat 2: Casti180476 ($114.50 in chips) 
Seat 3: kvcsszblcs ($100 in chips) 
Seat 4: santi820 ($101 in chips) 
Seat 5: BoyLoc0 ($100 in chips) 
Seat 6: Xenicide ($141.03 in chips) 
Xenicide: posts small blind $0.50
Casti180476: posts big blind $1
*** HOLE CARDS ***
kvcsszblcs: folds 
santi820: folds 
BoyLoc0: folds 
Xenicide: raises $2.50 to $3.50
Casti180476: folds 
Uncalled bet ($2.50) returned to Xenicide
Xenicide collected $2 from pot
*** SUMMARY ***
Total pot $2 | Rake $0 
Seat 2: Casti180476 (big blind) folded before Flop
Seat 3: kvcsszblcs folded before Flop (didn't bet)
Seat 4: santi820 folded before Flop (didn't bet)
Seat 5: BoyLoc0 (button) folded before Flop (didn't bet)
Seat 6: Xenicide (small blind) collected ($2)



PokerStars Hand #254629486425:  Hold'em No Limit ($0.50/$1.00 USD) - 2025/01/30 22:44:56 WET [2025/01/30 17:44:56 ET]
Table 'Themis II' 6-max Seat #6 is the button
Seat 2: Casti180476 ($113.50 in chips) 
Seat 3: kvcsszblcs ($100 in chips) 
Seat 4: santi820 ($101 in chips) 
Seat 5: BoyLoc0 ($100 in chips) 
Seat 6: Xenicide ($142.03 in chips) 
Casti180476: posts small blind $0.50
kvcsszblcs: posts big blind $1
*** HOLE CARDS ***
santi820: raises $1 to $2
BoyLoc0: calls $2
coeeeelho joins the table at seat #1 
Xenicide: folds 
Casti180476: calls $1.50
kvcsszblcs: folds 
*** FLOP *** [Jd 4s 6d]
Casti180476: bets $2.50
santi820: folds 
BoyLoc0: raises $5.83 to $8.33
Casti180476: folds 
Uncalled bet ($5.83) returned to BoyLoc0
BoyLoc0 collected $11.40 from pot
BoyLoc0: doesn't show hand 
*** SUMMARY ***
Total pot $12 | Rake $0.60 
Board [Jd 4s 6d]
Seat 2: Casti180476 (small blind) folded on the Flop
Seat 3: kvcsszblcs (big blind) folded before Flop
Seat 4: santi820 folded on the Flop
Seat 5: BoyLoc0 collected ($11.40)
Seat 6: Xenicide (button) folded before Flop (didn't bet)



PokerStars Hand #254629499053:  Hold'em No Limit ($0.50/$1.00 USD) - 2025/01/30 22:45:41 WET [2025/01/30 17:45:41 ET]
Table 'Themis II' 6-max Seat #2 is the button
Seat 1: coeeeelho ($100 in chips) is sitting out
Seat 2: Casti180476 ($109 in chips) 
Seat 3: kvcsszblcs ($100 in chips) 
Seat 4: santi820 ($100 in chips) 
Seat 5: BoyLoc0 ($106.90 in chips) 
Seat 6: Xenicide ($142.03 in chips) 
kvcsszblcs: posts small blind $0.50
santi820: posts big blind $1
coeeeelho: sits out 
*** HOLE CARDS ***
BoyLoc0: folds 
Xenicide: raises $1 to $2
Casti180476: folds 
kvcsszblcs: folds 
santi820: folds 
Uncalled bet ($1) returned to Xenicide
Xenicide collected $2.50 from pot
*** SUMMARY ***
Total pot $2.50 | Rake $0 
Seat 1: coeeeelho
Seat 2: Casti180476 (button) folded before Flop (didn't bet)
Seat 3: kvcsszblcs (small blind) folded before Flop
Seat 4: santi820 (big blind) folded before Flop
Seat 5: BoyLoc0 folded before Flop (didn't bet)
Seat 6: Xenicide collected ($2.50)



PokerStars Hand #254629505517:  Hold'em No Limit ($0.50/$1.00 USD) - 2025/01/30 22:46:05 WET [2025/01/30 17:46:05 ET]
Table 'Themis II' 6-max Seat #3 is the button
Seat 1: coeeeelho ($100 in chips) is sitting out
Seat 2: Casti180476 ($109 in chips) is sitting out
Seat 3: kvcsszblcs ($100 in chips) 
Seat 4: santi820 ($100 in chips) 
Seat 5: BoyLoc0 ($106.90 in chips) 
Seat 6: Xenicide ($143.53 in chips) 
santi820: posts small blind $0.50
BoyLoc0: posts big blind $1
coeeeelho: sits out 
*** HOLE CARDS ***
Xenicide: folds 
kvcsszblcs: raises $1.25 to $2.25
santi820: folds 
BoyLoc0: folds 
Uncalled bet ($1.25) returned to kvcsszblcs
kvcsszblcs collected $2.50 from pot
kvcsszblcs: doesn't show hand 
*** SUMMARY ***
Total pot $2.50 | Rake $0 
Seat 1: coeeeelho
Seat 2: Casti180476
Seat 3: kvcsszblcs (button) collected ($2.50)
Seat 4: santi820 (small blind) folded before Flop
Seat 5: BoyLoc0 (big blind) folded before Flop
Seat 6: Xenicide folded before Flop (didn't bet)



PokerStars Hand #254629509597:  Hold'em No Limit ($0.50/$1.00 USD) - 2025/01/30 22:46:20 WET [2025/01/30 17:46:20 ET]
Table 'Themis II' 6-max Seat #4 is the button
Seat 1: coeeeelho ($100 in chips) is sitting out
Seat 2: Casti180476 ($109 in chips) is sitting out
Seat 3: kvcsszblcs ($101.50 in chips) 
Seat 4: santi820 ($100 in chips) 
Seat 5: BoyLoc0 ($105.90 in chips) 
Seat 6: Xenicide ($143.53 in chips) 
BoyLoc0: posts small blind $0.50
Xenicide: posts big blind $1
coeeeelho: sits out 
*** HOLE CARDS ***
kvcsszblcs: folds 
santi820: folds 
BoyLoc0: raises $2 to $3
Xenicide: calls $2
*** FLOP *** [Th As Kh]
BoyLoc0: bets $4.28
Xenicide: calls $4.28
*** TURN *** [Th As Kh] [4d]
BoyLoc0: bets $20.75
Xenicide: folds 
Uncalled bet ($20.75) returned to BoyLoc0
BoyLoc0 collected $13.83 from pot
BoyLoc0: doesn't show hand 
*** SUMMARY ***
Total pot $14.56 | Rake $0.73 
Board [Th As Kh 4d]
Seat 1: coeeeelho
Seat 2: Casti180476
Seat 3: kvcsszblcs folded before Flop (didn't bet)
Seat 4: santi820 (button) folded before Flop (didn't bet)
Seat 5: BoyLoc0 (small blind) collected ($13.83)
Seat 6: Xenicide (big blind) folded on the Turn



PokerStars Hand #254629521785:  Hold'em No Limit ($0.50/$1.00 USD) - 2025/01/30 22:47:04 WET [2025/01/30 17:47:04 ET]
Table 'Themis II' 6-max Seat #5 is the button
Seat 2: Casti180476 ($109 in chips) is sitting out
Seat 1: coeeeelho ($100 in chips) 
Seat 3: kvcsszblcs ($101.50 in chips) 
Seat 4: santi820 ($100 in chips) 
Seat 5: BoyLoc0 ($112.45 in chips) 
Seat 6: Xenicide ($136.25 in chips) 
Xenicide: posts small blind $0.50
coeeeelho: posts big blind $1
*** HOLE CARDS ***
kvcsszblcs: raises $1 to $2
santi820: folds 
BoyLoc0: folds 
Xenicide: folds 
coeeeelho: calls $1
*** FLOP *** [Ks 2h Kc]
coeeeelho: checks 
kvcsszblcs: bets $1.07
coeeeelho: folds 
Uncalled bet ($1.07) returned to kvcsszblcs
kvcsszblcs collected $4.28 from pot
kvcsszblcs: doesn't show hand 
*** SUMMARY ***
Total pot $4.50 | Rake $0.22 
Board [Ks 2h Kc]
Seat 2: Casti180476
Seat 1: coeeeelho (big blind) folded on the Flop
Seat 3: kvcsszblcs collected ($4.28)
Seat 4: santi820 folded before Flop (didn't bet)
Seat 5: BoyLoc0 (button) folded before Flop (didn't bet)
Seat 6: Xenicide (small blind) folded before Flop



PokerStars Hand #254629529521:  Hold'em No Limit ($0.50/$1.00 USD) - 2025/01/30 22:47:33 WET [2025/01/30 17:47:33 ET]
Table 'Themis II' 6-max Seat #6 is the button
Seat 2: Casti180476 ($109 in chips) is sitting out
Seat 1: coeeeelho ($100 in chips) 
Seat 3: kvcsszblcs ($103.78 in chips) 
Seat 4: santi820 ($100 in chips) 
Seat 5: BoyLoc0 ($112.45 in chips) 
Seat 6: Xenicide ($135.75 in chips) 
coeeeelho: posts small blind $0.50
kvcsszblcs: posts big blind $1
*** HOLE CARDS ***
santi820: folds 
BoyLoc0: raises $1.50 to $2.50
Xenicide: folds 
coeeeelho: folds 
kvcsszblcs: folds 
Uncalled bet ($1.50) returned to BoyLoc0
BoyLoc0 collected $2.50 from pot
BoyLoc0: doesn't show hand 
*** SUMMARY ***
Total pot $2.50 | Rake $0 
Seat 2: Casti180476
Seat 1: coeeeelho (small blind) folded before Flop
Seat 3: kvcsszblcs (big blind) folded before Flop
Seat 4: santi820 folded before Flop (didn't bet)
Seat 5: BoyLoc0 collected ($2.50)
Seat 6: Xenicide (button) folded before Flop (didn't bet)



PokerStars Hand #254629536045:  Hold'em No Limit ($0.50/$1.00 USD) - 2025/01/30 22:47:56 WET [2025/01/30 17:47:56 ET]
Table 'Themis II' 6-max Seat #1 is the button
Seat 2: Casti180476 ($109 in chips) is sitting out
Seat 1: coeeeelho ($100 in chips) 
Seat 3: kvcsszblcs ($102.78 in chips) 
Seat 4: santi820 ($100 in chips) 
Seat 5: BoyLoc0 ($113.95 in chips) 
Seat 6: Xenicide ($135.75 in chips) 
kvcsszblcs: posts small blind $0.50
santi820: posts big blind $1
*** HOLE CARDS ***
BoyLoc0: folds 
Xenicide: raises $1 to $2
coeeeelho: raises $5.50 to $7.50
kvcsszblcs: folds 
santi820: folds 
Xenicide: raises $11.50 to $19
coeeeelho: raises $81 to $100 and is all-in
Xenicide: folds 
Uncalled bet ($81) returned to coeeeelho
coeeeelho collected $39.50 from pot
*** SUMMARY ***
Total pot $39.50 | Rake $0 
Seat 2: Casti180476
Seat 1: coeeeelho (button) collected ($39.50)
Seat 3: kvcsszblcs (small blind) folded before Flop
Seat 4: santi820 (big blind) folded before Flop
Seat 5: BoyLoc0 folded before Flop (didn't bet)
Seat 6: Xenicide folded before Flop



PokerStars Hand #254629549615:  Hold'em No Limit ($0.50/$1.00 USD) - 2025/01/30 22:48:46 WET [2025/01/30 17:48:46 ET]
Table 'Themis II' 6-max Seat #3 is the button
Seat 2: Casti180476 ($109 in chips) is sitting out
Seat 1: coeeeelho ($120.50 in chips) 
Seat 3: kvcsszblcs ($102.28 in chips) 
Seat 4: santi820 ($100 in chips) 
Seat 5: BoyLoc0 ($113.95 in chips) 
Seat 6: Xenicide ($116.75 in chips) 
santi820: posts small blind $0.50
BoyLoc0: posts big blind $1
*** HOLE CARDS ***
Xenicide: folds 
coeeeelho: folds 
kvcsszblcs: raises $1.25 to $2.25
santi820: raises $8.25 to $10.50
BoyLoc0: folds 
kvcsszblcs: folds 
Uncalled bet ($8.25) returned to santi820
santi820 collected $5.50 from pot
santi820: doesn't show hand 
*** SUMMARY ***
Total pot $5.50 | Rake $0 
Seat 2: Casti180476
Seat 1: coeeeelho folded before Flop (didn't bet)
Seat 3: kvcsszblcs (button) folded before Flop
Seat 4: santi820 (small blind) collected ($5.50)
Seat 5: BoyLoc0 (big blind) folded before Flop
Seat 6: Xenicide folded before Flop (didn't bet)



PokerStars Hand #254629558235:  Hold'em No Limit ($0.50/$1.00 USD) - 2025/01/30 22:49:19 WET [2025/01/30 17:49:19 ET]
Table 'Themis II' 6-max Seat #4 is the button
Seat 2: Casti180476 ($109 in chips) is sitting out
Seat 1: coeeeelho ($120.50 in chips) 
Seat 3: kvcsszblcs ($100.03 in chips) 
Seat 4: santi820 ($103.25 in chips) 
Seat 5: BoyLoc0 ($112.95 in chips) 
Seat 6: Xenicide ($116.75 in chips) 
BoyLoc0: posts small blind $0.50
Xenicide: posts big blind $1
*** HOLE CARDS ***
coeeeelho: folds 
kvcsszblcs: folds 
santi820: raises $1.50 to $2.50
BoyLoc0: folds 
Xenicide: calls $1.50
*** FLOP *** [Th 2c Jh]
Xenicide: checks 
santi820: bets $1.72
Xenicide: folds 
Uncalled bet ($1.72) returned to santi820
santi820 collected $5.22 from pot
santi820: doesn't show hand 
*** SUMMARY ***
Total pot $5.50 | Rake $0.28 
Board [Th 2c Jh]
Seat 2: Casti180476
Seat 1: coeeeelho folded before Flop (didn't bet)
Seat 3: kvcsszblcs folded before Flop (didn't bet)
Seat 4: santi820 (button) collected ($5.22)
Seat 5: BoyLoc0 (small blind) folded before Flop
Seat 6: Xenicide (big blind) folded on the Flop



PokerStars Hand #254629579130:  Hold'em No Limit ($0.50/$1.00 USD) - 2025/01/30 22:50:36 WET [2025/01/30 17:50:36 ET]
Table 'Themis II' 6-max Seat #5 is the button
Seat 1: coeeeelho ($120.50 in chips) 
Seat 2: Casti180476 ($109 in chips) 
Seat 3: kvcsszblcs ($100.03 in chips) 
Seat 4: santi820 ($105.97 in chips) 
Seat 5: BoyLoc0 ($112.45 in chips) 
Seat 6: Xenicide ($114.25 in chips) 
Xenicide: posts small blind $0.50
coeeeelho: posts big blind $1
Casti180476: posts small & big blinds $1.50
*** HOLE CARDS ***
Casti180476: checks 
kvcsszblcs: raises $3 to $4
santi820: folds 
BoyLoc0: raises $6 to $10
Xenicide: folds 
coeeeelho: folds 
Casti180476: folds 
kvcsszblcs: raises $14 to $24
BoyLoc0: raises $88.45 to $112.45 and is all-in
kvcsszblcs: calls $76.03 and is all-in
Uncalled bet ($12.42) returned to BoyLoc0
*** FLOP *** [5s Th 3c]
*** TURN *** [5s Th 3c] [2c]
*** RIVER *** [5s Th 3c 2c] [Qh]
*** SHOW DOWN ***
kvcsszblcs: shows [Ad Ks] (high card Ace)
BoyLoc0: shows [Kd As] (high card Ace)
kvcsszblcs collected $100.28 from pot
BoyLoc0 collected $100.28 from pot
*** SUMMARY ***
Total pot $203.06 | Rake $2.50 
Board [5s Th 3c 2c Qh]
Seat 1: coeeeelho (big blind) folded before Flop
Seat 2: Casti180476 folded before Flop (didn't bet)
Seat 3: kvcsszblcs showed [Ad Ks] and won ($100.28) with high card Ace
Seat 4: santi820 folded before Flop (didn't bet)
Seat 5: BoyLoc0 (button) showed [Kd As] and won ($100.28) with high card Ace
Seat 6: Xenicide (small blind) folded before Flop



PokerStars Hand #254629596796:  Hold'em No Limit ($0.50/$1.00 USD) - 2025/01/30 22:51:41 WET [2025/01/30 17:51:41 ET]
Table 'Themis II' 6-max Seat #6 is the button
Seat 1: coeeeelho ($119.50 in chips) 
Seat 2: Casti180476 ($107.50 in chips) 
Seat 3: kvcsszblcs ($100.28 in chips) 
Seat 4: santi820 ($105.97 in chips) 
Seat 5: BoyLoc0 ($112.70 in chips) 
Seat 6: Xenicide ($113.75 in chips) 
coeeeelho: posts small blind $0.50
Casti180476: posts big blind $1
*** HOLE CARDS ***
kvcsszblcs: folds 
santi820: folds 
BoyLoc0: raises $1.50 to $2.50
Xenicide: folds 
coeeeelho: folds 
Casti180476: folds 
Uncalled bet ($1.50) returned to BoyLoc0
BoyLoc0 collected $2.50 from pot
BoyLoc0: doesn't show hand 
*** SUMMARY ***
Total pot $2.50 | Rake $0 
Seat 1: coeeeelho (small blind) folded before Flop
Seat 2: Casti180476 (big blind) folded before Flop
Seat 3: kvcsszblcs folded before Flop (didn't bet)
Seat 4: santi820 folded before Flop (didn't bet)
Seat 5: BoyLoc0 collected ($2.50)
Seat 6: Xenicide (button) folded before Flop (didn't bet)



PokerStars Hand #254629600272:  Hold'em No Limit ($0.50/$1.00 USD) - 2025/01/30 22:51:54 WET [2025/01/30 17:51:54 ET]
Table 'Themis II' 6-max Seat #1 is the button
Seat 1: coeeeelho ($119 in chips) 
Seat 2: Casti180476 ($106.50 in chips) 
Seat 3: kvcsszblcs ($100.28 in chips) 
Seat 4: santi820 ($105.97 in chips) 
Seat 5: BoyLoc0 ($114.20 in chips) 
Seat 6: Xenicide ($113.75 in chips) 
Casti180476: posts small blind $0.50
kvcsszblcs: posts big blind $1
*** HOLE CARDS ***
santi820: folds 
BoyLoc0: folds 
Xenicide: folds 
coeeeelho: raises $1.20 to $2.20
Casti180476: folds 
kvcsszblcs: calls $1.20
*** FLOP *** [5h Jc As]
kvcsszblcs: checks 
coeeeelho: bets $3.50
kvcsszblcs: folds 
Uncalled bet ($3.50) returned to coeeeelho
coeeeelho collected $4.66 from pot
*** SUMMARY ***
Total pot $4.90 | Rake $0.24 
Board [5h Jc As]
Seat 1: coeeeelho (button) collected ($4.66)
Seat 2: Casti180476 (small blind) folded before Flop
Seat 3: kvcsszblcs (big blind) folded on the Flop
Seat 4: santi820 folded before Flop (didn't bet)
Seat 5: BoyLoc0 folded before Flop (didn't bet)
Seat 6: Xenicide folded before Flop (didn't bet)



PokerStars Hand #254629611308:  Hold'em No Limit ($0.50/$1.00 USD) - 2025/01/30 22:52:35 WET [2025/01/30 17:52:35 ET]
Table 'Themis II' 6-max Seat #2 is the button
Seat 1: coeeeelho ($121.46 in chips) 
Seat 2: Casti180476 ($106 in chips) 
Seat 3: kvcsszblcs ($100 in chips) 
Seat 4: santi820 ($105.97 in chips) 
Seat 5: BoyLoc0 ($114.20 in chips) 
Seat 6: Xenicide ($113.75 in chips) 
kvcsszblcs: posts small blind $0.50
santi820: posts big blind $1
*** HOLE CARDS ***
BoyLoc0: folds 
Xenicide: folds 
coeeeelho: folds 
Casti180476: folds 
kvcsszblcs: folds 
Uncalled bet ($0.50) returned to santi820
santi820 collected $1 from pot
santi820: doesn't show hand 
*** SUMMARY ***
Total pot $1 | Rake $0 
Seat 1: coeeeelho folded before Flop (didn't bet)
Seat 2: Casti180476 (button) folded before Flop (didn't bet)
Seat 3: kvcsszblcs (small blind) folded before Flop
Seat 4: santi820 (big blind) collected ($1)
Seat 5: BoyLoc0 folded before Flop (didn't bet)
Seat 6: Xenicide folded before Flop (didn't bet)



PokerStars Hand #254629714360:  Hold'em No Limit ($0.50/$1.00 USD) - 2025/01/30 23:00:16 WET [2025/01/30 18:00:16 ET]
Table 'Themis II' 6-max Seat #2 is the button
Seat 3: kvcsszblcs ($100 in chips) is sitting out
Seat 6: Seavus10 ($100 in chips) is sitting out
Seat 1: coeeeelho ($168.38 in chips) 
Seat 2: Casti180476 ($101.50 in chips) 
Seat 4: santi820 ($107.50 in chips) 
Seat 5: BoyLoc0 ($100 in chips) 
santi820: posts small blind $0.50
BoyLoc0: posts big blind $1
Seavus10: sits out 
*** HOLE CARDS ***
coeeeelho: folds 
Casti180476: folds 
santi820: raises $1.70 to $2.70
BoyLoc0: calls $1.70
*** FLOP *** [Jc Ah Js]
santi820: checks 
BoyLoc0: bets $1.69
santi820: calls $1.69
*** TURN *** [Jc Ah Js] [7d]
santi820: checks 
BoyLoc0: checks 
*** RIVER *** [Jc Ah Js 7d] [4c]
santi820: checks 
BoyLoc0: checks 
*** SHOW DOWN ***
santi820: shows [2d Ac] (two pair, Aces and Jacks)
BoyLoc0: mucks hand 
santi820 collected $8.34 from pot
*** SUMMARY ***
Total pot $8.78 | Rake $0.44 
Board [Jc Ah Js 7d 4c]
Seat 3: kvcsszblcs
Seat 6: Seavus10
Seat 1: coeeeelho folded before Flop (didn't bet)
Seat 2: Casti180476 (button) folded before Flop (didn't bet)
Seat 4: santi820 (small blind) showed [2d Ac] and won ($8.34) with two pair, Aces and Jacks
Seat 5: BoyLoc0 (big blind) mucked



PokerStars Hand #254629732466:  Hold'em No Limit ($0.50/$1.00 USD) - 2025/01/30 23:01:38 WET [2025/01/30 18:01:38 ET]
Table 'Themis II' 6-max Seat #4 is the button
Seat 3: kvcsszblcs ($100 in chips) is sitting out
Seat 1: coeeeelho ($168.38 in chips) 
Seat 2: Casti180476 ($101.50 in chips) 
Seat 4: santi820 ($111.45 in chips) 
Seat 5: BoyLoc0 ($100 in chips) 
Seat 6: Seavus10 ($100 in chips) 
BoyLoc0: posts small blind $0.50
Seavus10: posts big blind $1
kvcsszblcs: sits out 
*** HOLE CARDS ***
coeeeelho: folds 
Casti180476: calls $1
santi820: folds 
BoyLoc0: folds 
Seavus10: raises $4 to $5
Casti180476: calls $4
*** FLOP *** [6d 4h 5s]
Seavus10: checks 
Casti180476: checks 
*** TURN *** [6d 4h 5s] [2h]
Seavus10: checks 
Casti180476: checks 
*** RIVER *** [6d 4h 5s 2h] [Qh]
Seavus10: checks 
Casti180476: bets $9.98
Seavus10: folds 
Uncalled bet ($9.98) returned to Casti180476
Casti180476 collected $9.98 from pot
*** SUMMARY ***
Total pot $10.50 | Rake $0.52 
Board [6d 4h 5s 2h Qh]
Seat 3: kvcsszblcs
Seat 1: coeeeelho folded before Flop (didn't bet)
Seat 2: Casti180476 collected ($9.98)
Seat 4: santi820 (button) folded before Flop (didn't bet)
Seat 5: BoyLoc0 (small blind) folded before Flop
Seat 6: Seavus10 (big blind) folded on the River



PokerStars Hand #254629756228:  Hold'em No Limit ($0.50/$1.00 USD) - 2025/01/30 23:03:11 WET [2025/01/30 18:03:11 ET]
Table 'Themis II' 6-max Seat #5 is the button
Seat 3: kvcsszblcs ($100 in chips) is sitting out
Seat 1: coeeeelho ($168.38 in chips) 
Seat 2: Casti180476 ($106.48 in chips) 
Seat 4: santi820 ($111.45 in chips) 
Seat 5: BoyLoc0 ($100 in chips) 
Seat 6: Seavus10 ($100 in chips) 
Seavus10: posts small blind $0.50
coeeeelho: posts big blind $1
kvcsszblcs: sits out 
*** HOLE CARDS ***
Casti180476: calls $1
santi820: folds 
BoyLoc0: folds 
Seavus10: folds 
coeeeelho: checks 
*** FLOP *** [Qs 2s 5c]
coeeeelho: checks 
Casti180476: checks 
*** TURN *** [Qs 2s 5c] [8c]
coeeeelho: checks 
Casti180476: checks 
*** RIVER *** [Qs 2s 5c 8c] [4s]
coeeeelho: checks 
Casti180476: bets $2.38
coeeeelho: folds 
Uncalled bet ($2.38) returned to Casti180476
Casti180476 collected $2.38 from pot
*** SUMMARY ***
Total pot $2.50 | Rake $0.12 
Board [Qs 2s 5c 8c 4s]
Seat 3: kvcsszblcs
Seat 1: coeeeelho (big blind) folded on the River
Seat 2: Casti180476 collected ($2.38)
Seat 4: santi820 folded before Flop (didn't bet)
Seat 5: BoyLoc0 (button) folded before Flop (didn't bet)
Seat 6: Seavus10 (small blind) folded before Flop



PokerStars Hand #254629769228:  Hold'em No Limit ($0.50/$1.00 USD) - 2025/01/30 23:04:01 WET [2025/01/30 18:04:01 ET]
Table 'Themis II' 6-max Seat #6 is the button
Seat 3: kvcsszblcs ($100 in chips) is sitting out
Seat 1: coeeeelho ($167.38 in chips) 
Seat 2: Casti180476 ($107.86 in chips) 
Seat 4: santi820 ($111.45 in chips) 
Seat 5: BoyLoc0 ($100 in chips) 
Seat 6: Seavus10 ($100 in chips) 
coeeeelho: posts small blind $0.50
Casti180476: posts big blind $1
kvcsszblcs: sits out 
*** HOLE CARDS ***
santi820: folds 
BoyLoc0: raises $1.50 to $2.50
Seavus10: folds 
coeeeelho: folds 
Casti180476: folds 
Uncalled bet ($1.50) returned to BoyLoc0
BoyLoc0 collected $2.50 from pot
BoyLoc0: doesn't show hand 
*** SUMMARY ***
Total pot $2.50 | Rake $0 
Seat 3: kvcsszblcs
Seat 1: coeeeelho (small blind) folded before Flop
Seat 2: Casti180476 (big blind) folded before Flop
Seat 4: santi820 folded before Flop (didn't bet)
Seat 5: BoyLoc0 collected ($2.50)
Seat 6: Seavus10 (button) folded before Flop (didn't bet)



PokerStars Hand #254629773913:  Hold'em No Limit ($0.50/$1.00 USD) - 2025/01/30 23:04:18 WET [2025/01/30 18:04:18 ET]
Table 'Themis II' 6-max Seat #1 is the button
Seat 1: coeeeelho ($166.88 in chips) 
Seat 2: Casti180476 ($106.86 in chips) 
Seat 3: kvcsszblcs ($100 in chips) 
Seat 4: santi820 ($111.45 in chips) 
Seat 5: BoyLoc0 ($101.50 in chips) 
Seat 6: Seavus10 ($100 in chips) 
Casti180476: posts small blind $0.50
kvcsszblcs: posts big blind $1
*** HOLE CARDS ***
santi820: folds 
BoyLoc0: folds 
Seavus10: folds 
coeeeelho: raises $1.50 to $2.50
Casti180476: folds 
kvcsszblcs: calls $1.50
*** FLOP *** [Jc 7c Qh]
kvcsszblcs: checks 
coeeeelho: bets $1.30
kvcsszblcs: calls $1.30
*** TURN *** [Jc 7c Qh] [Qc]
kvcsszblcs: checks 
coeeeelho: checks 
*** RIVER *** [Jc 7c Qh Qc] [Kc]
kvcsszblcs: bets $5.08
coeeeelho: folds 
Uncalled bet ($5.08) returned to kvcsszblcs
kvcsszblcs collected $7.70 from pot
kvcsszblcs: doesn't show hand 
*** SUMMARY ***
Total pot $8.10 | Rake $0.40 
Board [Jc 7c Qh Qc Kc]
Seat 1: coeeeelho (button) folded on the River
Seat 2: Casti180476 (small blind) folded before Flop
Seat 3: kvcsszblcs (big blind) collected ($7.70)
Seat 4: santi820 folded before Flop (didn't bet)
Seat 5: BoyLoc0 folded before Flop (didn't bet)
Seat 6: Seavus10 folded before Flop (didn't bet)



PokerStars Hand #254629794535:  Hold'em No Limit ($0.50/$1.00 USD) - 2025/01/30 23:05:36 WET [2025/01/30 18:05:36 ET]
Table 'Themis II' 6-max Seat #2 is the button
Seat 1: coeeeelho ($163.08 in chips) 
Seat 2: Casti180476 ($106.36 in chips) 
Seat 3: kvcsszblcs ($103.90 in chips) 
Seat 4: santi820 ($111.45 in chips) 
Seat 5: BoyLoc0 ($101.50 in chips) 
Seat 6: Seavus10 ($100 in chips) 
kvcsszblcs: posts small blind $0.50
santi820: posts big blind $1
*** HOLE CARDS ***
BoyLoc0: folds 
Seavus10: folds 
coeeeelho: folds 
Casti180476: calls $1
kvcsszblcs: folds 
santi820: checks 
*** FLOP *** [Jd 2d Ah]
santi820: checks 
Casti180476: bets $1
santi820: folds 
Uncalled bet ($1) returned to Casti180476
Casti180476 collected $2.38 from pot
*** SUMMARY ***
Total pot $2.50 | Rake $0.12 
Board [Jd 2d Ah]
Seat 1: coeeeelho folded before Flop (didn't bet)
Seat 2: Casti180476 (button) collected ($2.38)
Seat 3: kvcsszblcs (small blind) folded before Flop
Seat 4: santi820 (big blind) folded on the Flop
Seat 5: BoyLoc0 folded before Flop (didn't bet)
Seat 6: Seavus10 folded before Flop (didn't bet)



PokerStars Hand #254629809892:  Hold'em No Limit ($0.50/$1.00 USD) - 2025/01/30 23:06:36 WET [2025/01/30 18:06:36 ET]
Table 'Themis II' 6-max Seat #3 is the button
Seat 1: coeeeelho ($163.08 in chips) 
Seat 2: Casti180476 ($107.74 in chips) 
Seat 3: kvcsszblcs ($103.40 in chips) 
Seat 4: santi820 ($110.45 in chips) 
Seat 5: BoyLoc0 ($101.50 in chips) 
Seat 6: Seavus10 ($100 in chips) 
santi820: posts small blind $0.50
BoyLoc0: posts big blind $1
*** HOLE CARDS ***
Seavus10: folds 
coeeeelho: folds 
Casti180476: folds 
kvcsszblcs: raises $1.25 to $2.25
santi820: folds 
BoyLoc0: raises $10.75 to $13
kvcsszblcs: folds 
Uncalled bet ($10.75) returned to BoyLoc0
BoyLoc0 collected $5 from pot
BoyLoc0: doesn't show hand 
*** SUMMARY ***
Total pot $5 | Rake $0 
Seat 1: coeeeelho folded before Flop (didn't bet)
Seat 2: Casti180476 folded before Flop (didn't bet)
Seat 3: kvcsszblcs (button) folded before Flop
Seat 4: santi820 (small blind) folded before Flop
Seat 5: BoyLoc0 (big blind) collected ($5)
Seat 6: Seavus10 folded before Flop (didn't bet)



PokerStars Hand #254629816076:  Hold'em No Limit ($0.50/$1.00 USD) - 2025/01/30 23:07:00 WET [2025/01/30 18:07:00 ET]
Table 'Themis II' 6-max Seat #4 is the button
Seat 1: coeeeelho ($163.08 in chips) 
Seat 2: Casti180476 ($107.74 in chips) 
Seat 3: kvcsszblcs ($101.15 in chips) 
Seat 4: santi820 ($109.95 in chips) 
Seat 5: BoyLoc0 ($104.25 in chips) 
Seat 6: Seavus10 ($100 in chips) 
BoyLoc0: posts small blind $0.50
Seavus10: posts big blind $1
*** HOLE CARDS ***
coeeeelho: folds 
Casti180476: folds 
kvcsszblcs: folds 
santi820: folds 
BoyLoc0: raises $2 to $3
Seavus10: folds 
Uncalled bet ($2) returned to BoyLoc0
BoyLoc0 collected $2 from pot
BoyLoc0: doesn't show hand 
*** SUMMARY ***
Total pot $2 | Rake $0 
Seat 1: coeeeelho folded before Flop (didn't bet)
Seat 2: Casti180476 folded before Flop (didn't bet)
Seat 3: kvcsszblcs folded before Flop (didn't bet)
Seat 4: santi820 (button) folded before Flop (didn't bet)
Seat 5: BoyLoc0 (small blind) collected ($2)
Seat 6: Seavus10 (big blind) folded before Flop



PokerStars Hand #254629820760:  Hold'em No Limit ($0.50/$1.00 USD) - 2025/01/30 23:07:18 WET [2025/01/30 18:07:18 ET]
Table 'Themis II' 6-max Seat #5 is the button
Seat 1: coeeeelho ($163.08 in chips) 
Seat 2: Casti180476 ($107.74 in chips) 
Seat 3: kvcsszblcs ($101.15 in chips) 
Seat 4: santi820 ($109.95 in chips) 
Seat 5: BoyLoc0 ($105.25 in chips) 
Seat 6: Seavus10 ($100 in chips) 
Seavus10: posts small blind $0.50
coeeeelho: posts big blind $1
*** HOLE CARDS ***
Casti180476: folds 
kvcsszblcs: raises $1 to $2
santi820: folds 
BoyLoc0: folds 
Seavus10: folds 
coeeeelho: folds 
Uncalled bet ($1) returned to kvcsszblcs
kvcsszblcs collected $2.50 from pot
kvcsszblcs: doesn't show hand 
*** SUMMARY ***
Total pot $2.50 | Rake $0 
Seat 1: coeeeelho (big blind) folded before Flop
Seat 2: Casti180476 folded before Flop (didn't bet)
Seat 3: kvcsszblcs collected ($2.50)
Seat 4: santi820 folded before Flop (didn't bet)
Seat 5: BoyLoc0 (button) folded before Flop (didn't bet)
Seat 6: Seavus10 (small blind) folded before Flop



PokerStars Hand #254629825801:  Hold'em No Limit ($0.50/$1.00 USD) - 2025/01/30 23:07:38 WET [2025/01/30 18:07:38 ET]
Table 'Themis II' 6-max Seat #6 is the button
Seat 1: coeeeelho ($162.08 in chips) 
Seat 2: Casti180476 ($107.74 in chips) 
Seat 3: kvcsszblcs ($102.65 in chips) 
Seat 4: santi820 ($109.95 in chips) 
Seat 5: BoyLoc0 ($105.25 in chips) 
Seat 6: Seavus10 ($100 in chips) 
coeeeelho: posts small blind $0.50
Casti180476: posts big blind $1
*** HOLE CARDS ***
kvcsszblcs: folds 
santi820: folds 
BoyLoc0: folds 
Seavus10: folds 
coeeeelho: raises $2 to $3
Casti180476: folds 
Uncalled bet ($2) returned to coeeeelho
coeeeelho collected $2 from pot
*** SUMMARY ***
Total pot $2 | Rake $0 
Seat 1: coeeeelho (small blind) collected ($2)
Seat 2: Casti180476 (big blind) folded before Flop
Seat 3: kvcsszblcs folded before Flop (didn't bet)
Seat 4: santi820 folded before Flop (didn't bet)
Seat 5: BoyLoc0 folded before Flop (didn't bet)
Seat 6: Seavus10 (button) folded before Flop (didn't bet)



PokerStars Hand #254629833810:  Hold'em No Limit ($0.50/$1.00 USD) - 2025/01/30 23:08:09 WET [2025/01/30 18:08:09 ET]
Table 'Themis II' 6-max Seat #1 is the button
Seat 1: coeeeelho ($163.08 in chips) 
Seat 2: Casti180476 ($106.74 in chips) 
Seat 3: kvcsszblcs ($102.65 in chips) 
Seat 4: santi820 ($109.95 in chips) 
Seat 5: BoyLoc0 ($105.25 in chips) 
Seat 6: Seavus10 ($100 in chips) 
Casti180476: posts small blind $0.50
kvcsszblcs: posts big blind $1
*** HOLE CARDS ***
santi820: folds 
BoyLoc0: folds 
Seavus10: folds 
coeeeelho: folds 
Casti180476: folds 
Uncalled bet ($0.50) returned to kvcsszblcs
kvcsszblcs collected $1 from pot
kvcsszblcs: doesn't show hand 
*** SUMMARY ***
Total pot $1 | Rake $0 
Seat 1: coeeeelho (button) folded before Flop (didn't bet)
Seat 2: Casti180476 (small blind) folded before Flop
Seat 3: kvcsszblcs (big blind) collected ($1)
Seat 4: santi820 folded before Flop (didn't bet)
Seat 5: BoyLoc0 folded before Flop (didn't bet)
Seat 6: Seavus10 folded before Flop (didn't bet)



PokerStars Hand #254629840609:  Hold'em No Limit ($0.50/$1.00 USD) - 2025/01/30 23:08:36 WET [2025/01/30 18:08:36 ET]
Table 'Themis II' 6-max Seat #2 is the button
Seat 1: coeeeelho ($163.08 in chips) 
Seat 2: Casti180476 ($106.24 in chips) 
Seat 3: kvcsszblcs ($103.15 in chips) 
Seat 4: santi820 ($109.95 in chips) 
Seat 5: BoyLoc0 ($105.25 in chips) 
Seat 6: Seavus10 ($100 in chips) 
kvcsszblcs: posts small blind $0.50
santi820: posts big blind $1
*** HOLE CARDS ***
BoyLoc0: folds 
Seavus10: folds 
coeeeelho: folds 
Casti180476: folds 
kvcsszblcs: folds 
Uncalled bet ($0.50) returned to santi820
santi820 collected $1 from pot
santi820: doesn't show hand 
*** SUMMARY ***
Total pot $1 | Rake $0 
Seat 1: coeeeelho folded before Flop (didn't bet)
Seat 2: Casti180476 (button) folded before Flop (didn't bet)
Seat 3: kvcsszblcs (small blind) folded before Flop
Seat 4: santi820 (big blind) collected ($1)
Seat 5: BoyLoc0 folded before Flop (didn't bet)
Seat 6: Seavus10 folded before Flop (didn't bet)



PokerStars Hand #254629844554:  Hold'em No Limit ($0.50/$1.00 USD) - 2025/01/30 23:08:51 WET [2025/01/30 18:08:51 ET]
Table 'Themis II' 6-max Seat #3 is the button
Seat 1: coeeeelho ($163.08 in chips) 
Seat 2: Casti180476 ($106.24 in chips) 
Seat 3: kvcsszblcs ($102.65 in chips) 
Seat 4: santi820 ($110.45 in chips) 
Seat 5: BoyLoc0 ($105.25 in chips) 
Seat 6: Seavus10 ($100 in chips) 
santi820: posts small blind $0.50
BoyLoc0: posts big blind $1
*** HOLE CARDS ***
Seavus10: folds 
coeeeelho: folds 
Casti180476: calls $1
kvcsszblcs: raises $4 to $5
santi820: folds 
BoyLoc0: folds 
Casti180476: folds 
Uncalled bet ($4) returned to kvcsszblcs
kvcsszblcs collected $3.50 from pot
kvcsszblcs: doesn't show hand 
*** SUMMARY ***
Total pot $3.50 | Rake $0 
Seat 1: coeeeelho folded before Flop (didn't bet)
Seat 2: Casti180476 folded before Flop
Seat 3: kvcsszblcs (button) collected ($3.50)
Seat 4: santi820 (small blind) folded before Flop
Seat 5: BoyLoc0 (big blind) folded before Flop
Seat 6: Seavus10 folded before Flop (didn't bet)



PokerStars Hand #254629851710:  Hold'em No Limit ($0.50/$1.00 USD) - 2025/01/30 23:09:19 WET [2025/01/30 18:09:19 ET]
Table 'Themis II' 6-max Seat #4 is the button
Seat 1: coeeeelho ($163.08 in chips) 
Seat 2: Casti180476 ($105.24 in chips) 
Seat 3: kvcsszblcs ($105.15 in chips) 
Seat 4: santi820 ($109.95 in chips) 
Seat 5: BoyLoc0 ($104.25 in chips) 
Seat 6: Seavus10 ($100 in chips) 
BoyLoc0: posts small blind $0.50
Seavus10: posts big blind $1
*** HOLE CARDS ***
coeeeelho: folds 
Casti180476: folds 
kvcsszblcs: folds 
santi820: folds 
BoyLoc0: folds 
Uncalled bet ($0.50) returned to Seavus10
Seavus10 collected $1 from pot
Seavus10: doesn't show hand 
*** SUMMARY ***
Total pot $1 | Rake $0 
Seat 1: coeeeelho folded before Flop (didn't bet)
Seat 2: Casti180476 folded before Flop (didn't bet)
Seat 3: kvcsszblcs folded before Flop (didn't bet)
Seat 4: santi820 (button) folded before Flop (didn't bet)
Seat 5: BoyLoc0 (small blind) folded before Flop
Seat 6: Seavus10 (big blind) collected ($1)



PokerStars Hand #254629854483:  Hold'em No Limit ($0.50/$1.00 USD) - 2025/01/30 23:09:30 WET [2025/01/30 18:09:30 ET]
Table 'Themis II' 6-max Seat #5 is the button
Seat 1: coeeeelho ($163.08 in chips) 
Seat 2: Casti180476 ($105.24 in chips) 
Seat 3: kvcsszblcs ($105.15 in chips) 
Seat 4: santi820 ($109.95 in chips) 
Seat 5: BoyLoc0 ($103.75 in chips) 
Seat 6: Seavus10 ($100.50 in chips) 
Seavus10: posts small blind $0.50
coeeeelho: posts big blind $1
*** HOLE CARDS ***
Casti180476: calls $1
kvcsszblcs: folds 
santi820: folds 
BoyLoc0: folds 
Seavus10: folds 
coeeeelho: checks 
*** FLOP *** [8c Js 5d]
coeeeelho: checks 
Casti180476: checks 
*** TURN *** [8c Js 5d] [Qs]
coeeeelho: checks 
Casti180476: checks 
*** RIVER *** [8c Js 5d Qs] [2s]
coeeeelho: checks 
Casti180476: checks 
*** SHOW DOWN ***
coeeeelho: shows [4h 3c] (high card Queen)
Casti180476: shows [Ad 7h] (high card Ace)
Casti180476 collected $2.38 from pot
*** SUMMARY ***
Total pot $2.50 | Rake $0.12 
Board [8c Js 5d Qs 2s]
Seat 1: coeeeelho (big blind) showed [4h 3c] and lost with high card Queen
Seat 2: Casti180476 showed [Ad 7h] and won ($2.38) with high card Ace
Seat 3: kvcsszblcs folded before Flop (didn't bet)
Seat 4: santi820 folded before Flop (didn't bet)
Seat 5: BoyLoc0 (button) folded before Flop (didn't bet)
Seat 6: Seavus10 (small blind) folded before Flop



PokerStars Hand #254629863458:  Hold'em No Limit ($0.50/$1.00 USD) - 2025/01/30 23:10:04 WET [2025/01/30 18:10:04 ET]
Table 'Themis II' 6-max Seat #6 is the button
Seat 1: coeeeelho ($162.08 in chips) 
Seat 2: Casti180476 ($106.62 in chips) 
Seat 3: kvcsszblcs ($105.15 in chips) 
Seat 4: santi820 ($109.95 in chips) 
Seat 5: BoyLoc0 ($103.75 in chips) 
Seat 6: Seavus10 ($100 in chips) 
coeeeelho: posts small blind $0.50
Casti180476: posts big blind $1
*** HOLE CARDS ***
kvcsszblcs: folds 
santi820: folds 
BoyLoc0: raises $1.50 to $2.50
Seavus10: folds 
coeeeelho: folds 
Casti180476: folds 
Uncalled bet ($1.50) returned to BoyLoc0
BoyLoc0 collected $2.50 from pot
BoyLoc0: doesn't show hand 
*** SUMMARY ***
Total pot $2.50 | Rake $0 
Seat 1: coeeeelho (small blind) folded before Flop
Seat 2: Casti180476 (big blind) folded before Flop
Seat 3: kvcsszblcs folded before Flop (didn't bet)
Seat 4: santi820 folded before Flop (didn't bet)
Seat 5: BoyLoc0 collected ($2.50)
Seat 6: Seavus10 (button) folded before Flop (didn't bet)



PokerStars Hand #254629868542:  Hold'em No Limit ($0.50/$1.00 USD) - 2025/01/30 23:10:24 WET [2025/01/30 18:10:24 ET]
Table 'Themis II' 6-max Seat #1 is the button
Seat 1: coeeeelho ($161.58 in chips) 
Seat 2: Casti180476 ($105.62 in chips) 
Seat 3: kvcsszblcs ($105.15 in chips) 
Seat 4: santi820 ($109.95 in chips) 
Seat 5: BoyLoc0 ($105.25 in chips) 
Seat 6: Seavus10 ($100 in chips) 
Casti180476: posts small blind $0.50
kvcsszblcs: posts big blind $1
*** HOLE CARDS ***
santi820: folds 
BoyLoc0: folds 
Seavus10: folds 
coeeeelho: raises $1.50 to $2.50
Casti180476: folds 
kvcsszblcs: folds 
Uncalled bet ($1.50) returned to coeeeelho
coeeeelho collected $2.50 from pot
*** SUMMARY ***
Total pot $2.50 | Rake $0 
Seat 1: coeeeelho (button) collected ($2.50)
Seat 2: Casti180476 (small blind) folded before Flop
Seat 3: kvcsszblcs (big blind) folded before Flop
Seat 4: santi820 folded before Flop (didn't bet)
Seat 5: BoyLoc0 folded before Flop (didn't bet)
Seat 6: Seavus10 folded before Flop (didn't bet)



PokerStars Hand #254629874266:  Hold'em No Limit ($0.50/$1.00 USD) - 2025/01/30 23:10:46 WET [2025/01/30 18:10:46 ET]
Table 'Themis II' 6-max Seat #2 is the button
Seat 1: coeeeelho ($163.08 in chips) 
Seat 2: Casti180476 ($105.12 in chips) 
Seat 3: kvcsszblcs ($104.15 in chips) 
Seat 4: santi820 ($109.95 in chips) 
Seat 5: BoyLoc0 ($105.25 in chips) 
Seat 6: Seavus10 ($100 in chips) 
kvcsszblcs: posts small blind $0.50
santi820: posts big blind $1
*** HOLE CARDS ***
BoyLoc0: raises $1.50 to $2.50
Seavus10: folds 
coeeeelho: folds 
Casti180476: folds 
kvcsszblcs: folds 
santi820: raises $9 to $11.50
BoyLoc0: calls $9
*** FLOP *** [Th 4c 3h]
santi820: bets $11.16
BoyLoc0: calls $11.16
*** TURN *** [Th 4c 3h] [Qh]
santi820: checks 
BoyLoc0: checks 
*** RIVER *** [Th 4c 3h Qh] [4s]
santi820: bets $14.36
BoyLoc0: folds 
Uncalled bet ($14.36) returned to santi820
santi820 collected $43.53 from pot
santi820: doesn't show hand 
*** SUMMARY ***
Total pot $45.82 | Rake $2.29 
Board [Th 4c 3h Qh 4s]
Seat 1: coeeeelho folded before Flop (didn't bet)
Seat 2: Casti180476 (button) folded before Flop (didn't bet)
Seat 3: kvcsszblcs (small blind) folded before Flop
Seat 4: santi820 (big blind) collected ($43.53)
Seat 5: BoyLoc0 folded on the River
Seat 6: Seavus10 folded before Flop (didn't bet)



PokerStars Hand #254629906008:  Hold'em No Limit ($0.50/$1.00 USD) - 2025/01/30 23:12:48 WET [2025/01/30 18:12:48 ET]
Table 'Themis II' 6-max Seat #3 is the button
Seat 1: coeeeelho ($163.08 in chips) 
Seat 2: Casti180476 ($105.12 in chips) 
Seat 3: kvcsszblcs ($103.65 in chips) 
Seat 4: santi820 ($130.82 in chips) 
Seat 5: BoyLoc0 ($100 in chips) 
Seat 6: Seavus10 ($100 in chips) 
santi820: posts small blind $0.50
BoyLoc0: posts big blind $1
*** HOLE CARDS ***
Seavus10: folds 
coeeeelho: folds 
Casti180476: calls $1
kvcsszblcs: raises $4.50 to $5.50
santi820: folds 
BoyLoc0: folds 
Casti180476: calls $4.50
*** FLOP *** [6c 2h Qh]
Casti180476: checks 
kvcsszblcs: checks 
*** TURN *** [6c 2h Qh] [Td]
Casti180476: bets $3
kvcsszblcs: calls $3
*** RIVER *** [6c 2h Qh Td] [Ts]
Casti180476: checks 
kvcsszblcs: bets $8.80
Casti180476: folds [Ad Kh]
Uncalled bet ($8.80) returned to kvcsszblcs
kvcsszblcs collected $17.58 from pot
kvcsszblcs: doesn't show hand 
*** SUMMARY ***
Total pot $18.50 | Rake $0.92 
Board [6c 2h Qh Td Ts]
Seat 1: coeeeelho folded before Flop (didn't bet)
Seat 2: Casti180476 folded on the River
Seat 3: kvcsszblcs (button) collected ($17.58)
Seat 4: santi820 (small blind) folded before Flop
Seat 5: BoyLoc0 (big blind) folded before Flop
Seat 6: Seavus10 folded before Flop (didn't bet)



PokerStars Hand #254629924210:  Hold'em No Limit ($0.50/$1.00 USD) - 2025/01/30 23:13:58 WET [2025/01/30 18:13:58 ET]
Table 'Themis II' 6-max Seat #4 is the button
Seat 1: coeeeelho ($163.08 in chips) 
Seat 2: Casti180476 ($96.62 in chips) 
Seat 3: kvcsszblcs ($112.73 in chips) 
Seat 4: santi820 ($130.32 in chips) 
Seat 5: BoyLoc0 ($100 in chips) 
Seat 6: Seavus10 ($100 in chips) 
BoyLoc0: posts small blind $0.50
Seavus10: posts big blind $1
*** HOLE CARDS ***
coeeeelho: folds 
Casti180476: folds 
kvcsszblcs: folds 
santi820: raises $1.50 to $2.50
BoyLoc0: folds 
Seavus10: calls $1.50
*** FLOP *** [2c Kh 7d]
Seavus10: checks 
santi820: bets $1.72
Seavus10: folds 
Uncalled bet ($1.72) returned to santi820
santi820 collected $5.22 from pot
santi820: doesn't show hand 
*** SUMMARY ***
Total pot $5.50 | Rake $0.28 
Board [2c Kh 7d]
Seat 1: coeeeelho folded before Flop (didn't bet)
Seat 2: Casti180476 folded before Flop (didn't bet)
Seat 3: kvcsszblcs folded before Flop (didn't bet)
Seat 4: santi820 (button) collected ($5.22)
Seat 5: BoyLoc0 (small blind) folded before Flop
Seat 6: Seavus10 (big blind) folded on the Flop



PokerStars Hand #254629937262:  Hold'em No Limit ($0.50/$1.00 USD) - 2025/01/30 23:14:50 WET [2025/01/30 18:14:50 ET]
Table 'Themis II' 6-max Seat #5 is the button
Seat 1: coeeeelho ($163.08 in chips) 
Seat 2: Casti180476 ($96.62 in chips) 
Seat 3: kvcsszblcs ($112.73 in chips) 
Seat 4: santi820 ($133.04 in chips) 
Seat 5: BoyLoc0 ($100 in chips) 
Seat 6: Seavus10 ($100 in chips) 
Seavus10: posts small blind $0.50
coeeeelho: posts big blind $1
*** HOLE CARDS ***
Casti180476: calls $1
kvcsszblcs: folds 
santi820: folds 
BoyLoc0: folds 
Seavus10: calls $0.50
coeeeelho: checks 
*** FLOP *** [4h Qd As]
Seavus10: checks 
coeeeelho: checks 
Casti180476: bets $1
Seavus10: folds 
coeeeelho: folds 
Uncalled bet ($1) returned to Casti180476
Casti180476 collected $2.85 from pot
*** SUMMARY ***
Total pot $3 | Rake $0.15 
Board [4h Qd As]
Seat 1: coeeeelho (big blind) folded on the Flop
Seat 2: Casti180476 collected ($2.85)
Seat 3: kvcsszblcs folded before Flop (didn't bet)
Seat 4: santi820 folded before Flop (didn't bet)
Seat 5: BoyLoc0 (button) folded before Flop (didn't bet)
Seat 6: Seavus10 (small blind) folded on the Flop



PokerStars Hand #254629945903:  Hold'em No Limit ($0.50/$1.00 USD) - 2025/01/30 23:15:24 WET [2025/01/30 18:15:24 ET]
Table 'Themis II' 6-max Seat #6 is the button
Seat 1: coeeeelho ($162.08 in chips) 
Seat 2: Casti180476 ($98.47 in chips) 
Seat 3: kvcsszblcs ($112.73 in chips) 
Seat 4: santi820 ($133.04 in chips) 
Seat 5: BoyLoc0 ($100 in chips) 
Seat 6: Seavus10 ($100 in chips) 
coeeeelho: posts small blind $0.50
Casti180476: posts big blind $1
*** HOLE CARDS ***
kvcsszblcs: raises $1 to $2
santi820: folds 
BoyLoc0: folds 
Seavus10: folds 
coeeeelho: folds 
Casti180476: calls $1
*** FLOP *** [4s Ac 5h]
Casti180476: bets $1
kvcsszblcs: raises $4.71 to $5.71
Casti180476: folds 
Uncalled bet ($4.71) returned to kvcsszblcs
kvcsszblcs collected $6.18 from pot
kvcsszblcs: doesn't show hand 
*** SUMMARY ***
Total pot $6.50 | Rake $0.32 
Board [4s Ac 5h]
Seat 1: coeeeelho (small blind) folded before Flop
Seat 2: Casti180476 (big blind) folded on the Flop
Seat 3: kvcsszblcs collected ($6.18)
Seat 4: santi820 folded before Flop (didn't bet)
Seat 5: BoyLoc0 folded before Flop (didn't bet)
Seat 6: Seavus10 (button) folded before Flop (didn't bet)



PokerStars Hand #254629957476:  Hold'em No Limit ($0.50/$1.00 USD) - 2025/01/30 23:16:09 WET [2025/01/30 18:16:09 ET]
Table 'Themis II' 6-max Seat #1 is the button
Seat 1: coeeeelho ($161.58 in chips) 
Seat 2: Casti180476 ($95.47 in chips) 
Seat 3: kvcsszblcs ($115.91 in chips) 
Seat 4: santi820 ($133.04 in chips) 
Seat 5: BoyLoc0 ($100 in chips) 
Seat 6: Seavus10 ($100 in chips) 
Casti180476: posts small blind $0.50
kvcsszblcs: posts big blind $1
*** HOLE CARDS ***
santi820: folds 
BoyLoc0: raises $1.50 to $2.50
Seavus10: folds 
coeeeelho: folds 
Casti180476: calls $2
kvcsszblcs: folds 
*** FLOP *** [7s 5c 3s]
Casti180476: checks 
BoyLoc0: bets $4.28
Casti180476: folds 
Uncalled bet ($4.28) returned to BoyLoc0
BoyLoc0 collected $5.70 from pot
BoyLoc0: doesn't show hand 
*** SUMMARY ***
Total pot $6 | Rake $0.30 
Board [7s 5c 3s]
Seat 1: coeeeelho (button) folded before Flop (didn't bet)
Seat 2: Casti180476 (small blind) folded on the Flop
Seat 3: kvcsszblcs (big blind) folded before Flop
Seat 4: santi820 folded before Flop (didn't bet)
Seat 5: BoyLoc0 collected ($5.70)
Seat 6: Seavus10 folded before Flop (didn't bet)



PokerStars Hand #254629965152:  Hold'em No Limit ($0.50/$1.00 USD) - 2025/01/30 23:16:39 WET [2025/01/30 18:16:39 ET]
Table 'Themis II' 6-max Seat #2 is the button
Seat 1: coeeeelho ($161.58 in chips) 
Seat 2: Casti180476 ($92.97 in chips) 
Seat 3: kvcsszblcs ($114.91 in chips) 
Seat 4: santi820 ($133.04 in chips) 
Seat 5: BoyLoc0 ($103.20 in chips) 
Seat 6: Seavus10 ($100 in chips) 
kvcsszblcs: posts small blind $0.50
santi820: posts big blind $1
*** HOLE CARDS ***
BoyLoc0: folds 
Seavus10: folds 
coeeeelho: raises $1.20 to $2.20
Casti180476: folds 
kvcsszblcs: folds 
santi820: folds 
Uncalled bet ($1.20) returned to coeeeelho
coeeeelho collected $2.50 from pot
*** SUMMARY ***
Total pot $2.50 | Rake $0 
Seat 1: coeeeelho collected ($2.50)
Seat 2: Casti180476 (button) folded before Flop (didn't bet)
Seat 3: kvcsszblcs (small blind) folded before Flop
Seat 4: santi820 (big blind) folded before Flop
Seat 5: BoyLoc0 folded before Flop (didn't bet)
Seat 6: Seavus10 folded before Flop (didn't bet)



PokerStars Hand #254629969130:  Hold'em No Limit ($0.50/$1.00 USD) - 2025/01/30 23:16:54 WET [2025/01/30 18:16:54 ET]
Table 'Themis II' 6-max Seat #3 is the button
Seat 1: coeeeelho ($163.08 in chips) 
Seat 2: Casti180476 ($92.97 in chips) 
Seat 3: kvcsszblcs ($114.41 in chips) 
Seat 4: santi820 ($132.04 in chips) 
Seat 5: BoyLoc0 ($103.20 in chips) 
Seat 6: Seavus10 ($100 in chips) 
santi820: posts small blind $0.50
BoyLoc0: posts big blind $1
*** HOLE CARDS ***
Seavus10: folds 
coeeeelho: folds 
Casti180476: folds 
kvcsszblcs: folds 
santi820: raises $1.70 to $2.70
BoyLoc0: folds 
Uncalled bet ($1.70) returned to santi820
santi820 collected $2 from pot
santi820: doesn't show hand 
*** SUMMARY ***
Total pot $2 | Rake $0 
Seat 1: coeeeelho folded before Flop (didn't bet)
Seat 2: Casti180476 folded before Flop (didn't bet)
Seat 3: kvcsszblcs (button) folded before Flop (didn't bet)
Seat 4: santi820 (small blind) collected ($2)
Seat 5: BoyLoc0 (big blind) folded before Flop
Seat 6: Seavus10 folded before Flop (didn't bet)



PokerStars Hand #254629975632:  Hold'em No Limit ($0.50/$1.00 USD) - 2025/01/30 23:17:20 WET [2025/01/30 18:17:20 ET]
Table 'Themis II' 6-max Seat #4 is the button
Seat 1: coeeeelho ($163.08 in chips) 
Seat 2: Casti180476 ($92.97 in chips) 
Seat 3: kvcsszblcs ($114.41 in chips) 
Seat 4: santi820 ($133.04 in chips) 
Seat 5: BoyLoc0 ($102.20 in chips) 
Seat 6: Seavus10 ($100 in chips) 
BoyLoc0: posts small blind $0.50
Seavus10: posts big blind $1
*** HOLE CARDS ***
coeeeelho: folds 
Casti180476: folds 
kvcsszblcs: folds 
santi820: folds 
BoyLoc0: raises $2 to $3
Seavus10: calls $2
*** FLOP *** [8s 5h Ts]
BoyLoc0: checks 
Seavus10: checks 
*** TURN *** [8s 5h Ts] [Ks]
BoyLoc0: checks 
Seavus10: bets $2.93
BoyLoc0: folds 
Uncalled bet ($2.93) returned to Seavus10
Seavus10 collected $5.70 from pot
Seavus10: doesn't show hand 
*** SUMMARY ***
Total pot $6 | Rake $0.30 
Board [8s 5h Ts Ks]
Seat 1: coeeeelho folded before Flop (didn't bet)
Seat 2: Casti180476 folded before Flop (didn't bet)
Seat 3: kvcsszblcs folded before Flop (didn't bet)
Seat 4: santi820 (button) folded before Flop (didn't bet)
Seat 5: BoyLoc0 (small blind) folded on the Turn
Seat 6: Seavus10 (big blind) collected ($5.70)



PokerStars Hand #254629989057:  Hold'em No Limit ($0.50/$1.00 USD) - 2025/01/30 23:18:12 WET [2025/01/30 18:18:12 ET]
Table 'Themis II' 6-max Seat #5 is the button
Seat 1: coeeeelho ($163.08 in chips) 
Seat 2: Casti180476 ($92.97 in chips) 
Seat 3: kvcsszblcs ($114.41 in chips) 
Seat 4: santi820 ($133.04 in chips) 
Seat 5: BoyLoc0 ($100 in chips) 
Seat 6: Seavus10 ($102.70 in chips) 
Seavus10: posts small blind $0.50
coeeeelho: posts big blind $1
*** HOLE CARDS ***
Casti180476: calls $1
kvcsszblcs: folds 
santi820: folds 
BoyLoc0: folds 
Seavus10: calls $0.50
coeeeelho: checks 
*** FLOP *** [Jh Js Qd]
Seavus10: bets $1
coeeeelho: folds 
Casti180476: calls $1
*** TURN *** [Jh Js Qd] [Ad]
Seavus10: bets $2.56
Casti180476: folds 
Uncalled bet ($2.56) returned to Seavus10
Seavus10 collected $4.75 from pot
Seavus10: doesn't show hand 
*** SUMMARY ***
Total pot $5 | Rake $0.25 
Board [Jh Js Qd Ad]
Seat 1: coeeeelho (big blind) folded on the Flop
Seat 2: Casti180476 folded on the Turn
Seat 3: kvcsszblcs folded before Flop (didn't bet)
Seat 4: santi820 folded before Flop (didn't bet)
Seat 5: BoyLoc0 (button) folded before Flop (didn't bet)
Seat 6: Seavus10 (small blind) collected ($4.75)



PokerStars Hand #254630001393:  Hold'em No Limit ($0.50/$1.00 USD) - 2025/01/30 23:19:01 WET [2025/01/30 18:19:01 ET]
Table 'Themis II' 6-max Seat #6 is the button
Seat 1: coeeeelho ($162.08 in chips) 
Seat 2: Casti180476 ($90.97 in chips) 
Seat 3: kvcsszblcs ($114.41 in chips) 
Seat 4: santi820 ($133.04 in chips) 
Seat 5: BoyLoc0 ($100 in chips) 
Seat 6: Seavus10 ($105.45 in chips) 
coeeeelho: posts small blind $0.50
Casti180476: posts big blind $1
*** HOLE CARDS ***
kvcsszblcs: folds 
santi820: folds 
BoyLoc0: folds 
Seavus10: raises $1.50 to $2.50
coeeeelho: folds 
Casti180476: folds 
Uncalled bet ($1.50) returned to Seavus10
Seavus10 collected $2.50 from pot
Seavus10: doesn't show hand 
*** SUMMARY ***
Total pot $2.50 | Rake $0 
Seat 1: coeeeelho (small blind) folded before Flop
Seat 2: Casti180476 (big blind) folded before Flop
Seat 3: kvcsszblcs folded before Flop (didn't bet)
Seat 4: santi820 folded before Flop (didn't bet)
Seat 5: BoyLoc0 folded before Flop (didn't bet)
Seat 6: Seavus10 (button) collected ($2.50)



PokerStars Hand #254630005582:  Hold'em No Limit ($0.50/$1.00 USD) - 2025/01/30 23:19:17 WET [2025/01/30 18:19:17 ET]
Table 'Themis II' 6-max Seat #1 is the button
Seat 1: coeeeelho ($161.58 in chips) 
Seat 2: Casti180476 ($89.97 in chips) 
Seat 3: kvcsszblcs ($114.41 in chips) 
Seat 4: santi820 ($133.04 in chips) 
Seat 5: BoyLoc0 ($100 in chips) 
Seat 6: Seavus10 ($106.95 in chips) 
Casti180476: posts small blind $0.50
kvcsszblcs: posts big blind $1
*** HOLE CARDS ***
santi820: folds 
BoyLoc0: raises $1.50 to $2.50
Seavus10: folds 
coeeeelho: folds 
Casti180476: calls $2
kvcsszblcs: folds 
*** FLOP *** [As 9h 6c]
Casti180476: checks 
BoyLoc0: bets $4.28
Casti180476: calls $4.28
*** TURN *** [As 9h 6c] [7s]
Casti180476: bets $1
BoyLoc0: calls $1
*** RIVER *** [As 9h 6c 7s] [Jc]
Casti180476: bets $7.87
BoyLoc0: folds 
Uncalled bet ($7.87) returned to Casti180476
Casti180476 collected $15.73 from pot
*** SUMMARY ***
Total pot $16.56 | Rake $0.83 
Board [As 9h 6c 7s Jc]
Seat 1: coeeeelho (button) folded before Flop (didn't bet)
Seat 2: Casti180476 (small blind) collected ($15.73)
Seat 3: kvcsszblcs (big blind) folded before Flop
Seat 4: santi820 folded before Flop (didn't bet)
Seat 5: BoyLoc0 folded on the River
Seat 6: Seavus10 folded before Flop (didn't bet)



PokerStars Hand #254630020167:  Hold'em No Limit ($0.50/$1.00 USD) - 2025/01/30 23:20:15 WET [2025/01/30 18:20:15 ET]
Table 'Themis II' 6-max Seat #2 is the button
Seat 1: coeeeelho ($161.58 in chips) 
Seat 2: Casti180476 ($97.92 in chips) 
Seat 3: kvcsszblcs ($113.41 in chips) 
Seat 4: santi820 ($133.04 in chips) 
Seat 5: BoyLoc0 ($100 in chips) 
Seat 6: Seavus10 ($106.95 in chips) 
kvcsszblcs: posts small blind $0.50
santi820: posts big blind $1
*** HOLE CARDS ***
BoyLoc0: folds 
Seavus10: folds 
coeeeelho: folds 
Casti180476: folds 
kvcsszblcs: raises $1.85 to $2.85
santi820: folds 
Uncalled bet ($1.85) returned to kvcsszblcs
kvcsszblcs collected $2 from pot
kvcsszblcs: doesn't show hand 
*** SUMMARY ***
Total pot $2 | Rake $0 
Seat 1: coeeeelho folded before Flop (didn't bet)
Seat 2: Casti180476 (button) folded before Flop (didn't bet)
Seat 3: kvcsszblcs (small blind) collected ($2)
Seat 4: santi820 (big blind) folded before Flop
Seat 5: BoyLoc0 folded before Flop (didn't bet)
Seat 6: Seavus10 folded before Flop (didn't bet)



PokerStars Hand #254630025036:  Hold'em No Limit ($0.50/$1.00 USD) - 2025/01/30 23:20:33 WET [2025/01/30 18:20:33 ET]
Table 'Themis II' 6-max Seat #3 is the button
Seat 1: coeeeelho ($161.58 in chips) 
Seat 2: Casti180476 ($97.92 in chips) 
Seat 3: kvcsszblcs ($114.41 in chips) 
Seat 4: santi820 ($132.04 in chips) 
Seat 5: BoyLoc0 ($100 in chips) 
Seat 6: Seavus10 ($106.95 in chips) 
santi820: posts small blind $0.50
BoyLoc0: posts big blind $1
*** HOLE CARDS ***
Seavus10: folds 
coeeeelho: folds 
Casti180476: folds 
kvcsszblcs: folds 
santi820: folds 
Uncalled bet ($0.50) returned to BoyLoc0
BoyLoc0 collected $1 from pot
BoyLoc0: doesn't show hand 
*** SUMMARY ***
Total pot $1 | Rake $0 
Seat 1: coeeeelho folded before Flop (didn't bet)
Seat 2: Casti180476 folded before Flop (didn't bet)
Seat 3: kvcsszblcs (button) folded before Flop (didn't bet)
Seat 4: santi820 (small blind) folded before Flop
Seat 5: BoyLoc0 (big blind) collected ($1)
Seat 6: Seavus10 folded before Flop (didn't bet)



PokerStars Hand #254630031640:  Hold'em No Limit ($0.50/$1.00 USD) - 2025/01/30 23:21:00 WET [2025/01/30 18:21:00 ET]
Table 'Themis II' 6-max Seat #4 is the button
Seat 1: coeeeelho ($161.58 in chips) 
Seat 2: Casti180476 ($97.92 in chips) 
Seat 3: kvcsszblcs ($114.41 in chips) 
Seat 4: santi820 ($131.54 in chips) 
Seat 5: BoyLoc0 ($100.50 in chips) 
Seat 6: Seavus10 ($106.95 in chips) 
BoyLoc0: posts small blind $0.50
Seavus10: posts big blind $1
*** HOLE CARDS ***
coeeeelho: folds 
Casti180476: folds 
kvcsszblcs: raises $1 to $2
santi820: raises $4.50 to $6.50
BoyLoc0: folds 
Seavus10: folds 
kvcsszblcs: folds 
Uncalled bet ($4.50) returned to santi820
santi820 collected $5.50 from pot
santi820: doesn't show hand 
*** SUMMARY ***
Total pot $5.50 | Rake $0 
Seat 1: coeeeelho folded before Flop (didn't bet)
Seat 2: Casti180476 folded before Flop (didn't bet)
Seat 3: kvcsszblcs folded before Flop
Seat 4: santi820 (button) collected ($5.50)
Seat 5: BoyLoc0 (small blind) folded before Flop
Seat 6: Seavus10 (big blind) folded before Flop



PokerStars Hand #254630039613:  Hold'em No Limit ($0.50/$1.00 USD) - 2025/01/30 23:21:31 WET [2025/01/30 18:21:31 ET]
Table 'Themis II' 6-max Seat #5 is the button
Seat 1: coeeeelho ($161.58 in chips) 
Seat 2: Casti180476 ($97.92 in chips) 
Seat 3: kvcsszblcs ($112.41 in chips) 
Seat 4: santi820 ($135.04 in chips) 
Seat 5: BoyLoc0 ($100 in chips) 
Seat 6: Seavus10 ($105.95 in chips) 
Seavus10: posts small blind $0.50
coeeeelho: posts big blind $1
*** HOLE CARDS ***
Casti180476: calls $1
kvcsszblcs: raises $3 to $4
santi820: folds 
BoyLoc0: folds 
Seavus10: folds 
coeeeelho: folds 
Casti180476: calls $3
*** FLOP *** [8d 7s 3d]
Casti180476: checks 
kvcsszblcs: bets $5.95
Casti180476: calls $5.95
*** TURN *** [8d 7s 3d] [4s]
Casti180476: checks 
kvcsszblcs: bets $15.25
Casti180476: calls $15.25
*** RIVER *** [8d 7s 3d 4s] [Kh]
Casti180476: checks 
kvcsszblcs: checks 
*** SHOW DOWN ***
Casti180476: shows [7h Qh] (a pair of Sevens)
kvcsszblcs: mucks hand 
Casti180476 collected $49.40 from pot
*** SUMMARY ***
Total pot $51.90 | Rake $2.50 
Board [8d 7s 3d 4s Kh]
Seat 1: coeeeelho (big blind) folded before Flop
Seat 2: Casti180476 showed [7h Qh] and won ($49.40) with a pair of Sevens
Seat 3: kvcsszblcs mucked
Seat 4: santi820 folded before Flop (didn't bet)
Seat 5: BoyLoc0 (button) folded before Flop (didn't bet)
Seat 6: Seavus10 (small blind) folded before Flop



PokerStars Hand #254630056481:  Hold'em No Limit ($0.50/$1.00 USD) - 2025/01/30 23:22:36 WET [2025/01/30 18:22:36 ET]
Table 'Themis II' 6-max Seat #6 is the button
Seat 1: coeeeelho ($160.58 in chips) 
Seat 2: Casti180476 ($122.12 in chips) 
Seat 3: kvcsszblcs ($100 in chips) 
Seat 4: santi820 ($135.04 in chips) 
Seat 5: BoyLoc0 ($100 in chips) 
Seat 6: Seavus10 ($105.45 in chips) 
coeeeelho: posts small blind $0.50
Casti180476: posts big blind $1
*** HOLE CARDS ***
kvcsszblcs: folds 
santi820: folds 
BoyLoc0: folds 
Seavus10: raises $1.50 to $2.50
coeeeelho: folds 
Casti180476: calls $1.50
*** FLOP *** [Ah 5s 7d]
Casti180476: checks 
Seavus10: bets $1.74
Casti180476: folds 
Uncalled bet ($1.74) returned to Seavus10
Seavus10 collected $5.22 from pot
Seavus10: doesn't show hand 
*** SUMMARY ***
Total pot $5.50 | Rake $0.28 
Board [Ah 5s 7d]
Seat 1: coeeeelho (small blind) folded before Flop
Seat 2: Casti180476 (big blind) folded on the Flop
Seat 3: kvcsszblcs folded before Flop (didn't bet)
Seat 4: santi820 folded before Flop (didn't bet)
Seat 5: BoyLoc0 folded before Flop (didn't bet)
Seat 6: Seavus10 (button) collected ($5.22)



PokerStars Hand #254630063897:  Hold'em No Limit ($0.50/$1.00 USD) - 2025/01/30 23:23:06 WET [2025/01/30 18:23:06 ET]
Table 'Themis II' 6-max Seat #1 is the button
Seat 1: coeeeelho ($160.08 in chips) 
Seat 2: Casti180476 ($119.62 in chips) 
Seat 3: kvcsszblcs ($100 in chips) 
Seat 4: santi820 ($135.04 in chips) 
Seat 5: BoyLoc0 ($100 in chips) 
Seat 6: Seavus10 ($108.17 in chips) 
Casti180476: posts small blind $0.50
kvcsszblcs: posts big blind $1
*** HOLE CARDS ***
santi820: folds 
BoyLoc0: folds 
Seavus10: raises $1.20 to $2.20
coeeeelho: folds 
Casti180476: calls $1.70
kvcsszblcs: folds 
*** FLOP *** [As Qh Kh]
Casti180476: checks 
Seavus10: bets $3.71
Casti180476: folds 
Uncalled bet ($3.71) returned to Seavus10
Seavus10 collected $5.13 from pot
Seavus10: doesn't show hand 
*** SUMMARY ***
Total pot $5.40 | Rake $0.27 
Board [As Qh Kh]
Seat 1: coeeeelho (button) folded before Flop (didn't bet)
Seat 2: Casti180476 (small blind) folded on the Flop
Seat 3: kvcsszblcs (big blind) folded before Flop
Seat 4: santi820 folded before Flop (didn't bet)
Seat 5: BoyLoc0 folded before Flop (didn't bet)
Seat 6: Seavus10 collected ($5.13)



PokerStars Hand #254630071799:  Hold'em No Limit ($0.50/$1.00 USD) - 2025/01/30 23:23:37 WET [2025/01/30 18:23:37 ET]
Table 'Themis II' 6-max Seat #2 is the button
Seat 1: coeeeelho ($160.08 in chips) 
Seat 2: Casti180476 ($117.42 in chips) 
Seat 3: kvcsszblcs ($100 in chips) 
Seat 4: santi820 ($135.04 in chips) 
Seat 5: BoyLoc0 ($100 in chips) 
Seat 6: Seavus10 ($111.10 in chips) 
kvcsszblcs: posts small blind $0.50
santi820: posts big blind $1
*** HOLE CARDS ***
BoyLoc0: folds 
Seavus10: folds 
coeeeelho: folds 
Casti180476: folds 
kvcsszblcs: folds 
Uncalled bet ($0.50) returned to santi820
santi820 collected $1 from pot
santi820: doesn't show hand 
*** SUMMARY ***
Total pot $1 | Rake $0 
Seat 1: coeeeelho folded before Flop (didn't bet)
Seat 2: Casti180476 (button) folded before Flop (didn't bet)
Seat 3: kvcsszblcs (small blind) folded before Flop
Seat 4: santi820 (big blind) collected ($1)
Seat 5: BoyLoc0 folded before Flop (didn't bet)
Seat 6: Seavus10 folded before Flop (didn't bet)



PokerStars Hand #254630079752:  Hold'em No Limit ($0.50/$1.00 USD) - 2025/01/30 23:24:09 WET [2025/01/30 18:24:09 ET]
Table 'Themis II' 6-max Seat #3 is the button
Seat 1: coeeeelho ($160.08 in chips) 
Seat 2: Casti180476 ($117.42 in chips) 
Seat 3: kvcsszblcs ($100 in chips) 
Seat 4: santi820 ($135.54 in chips) 
Seat 5: BoyLoc0 ($100 in chips) 
Seat 6: Seavus10 ($111.10 in chips) 
santi820: posts small blind $0.50
BoyLoc0: posts big blind $1
*** HOLE CARDS ***
Seavus10: folds 
coeeeelho: raises $1.10 to $2.10
Casti180476: folds 
kvcsszblcs: folds 
santi820: folds 
BoyLoc0: folds 
Uncalled bet ($1.10) returned to coeeeelho
coeeeelho collected $2.50 from pot
*** SUMMARY ***
Total pot $2.50 | Rake $0 
Seat 1: coeeeelho collected ($2.50)
Seat 2: Casti180476 folded before Flop (didn't bet)
Seat 3: kvcsszblcs (button) folded before Flop (didn't bet)
Seat 4: santi820 (small blind) folded before Flop
Seat 5: BoyLoc0 (big blind) folded before Flop
Seat 6: Seavus10 folded before Flop (didn't bet)



PokerStars Hand #254630088141:  Hold'em No Limit ($0.50/$1.00 USD) - 2025/01/30 23:24:43 WET [2025/01/30 18:24:43 ET]
Table 'Themis II' 6-max Seat #4 is the button
Seat 1: coeeeelho ($161.58 in chips) 
Seat 2: Casti180476 ($117.42 in chips) 
Seat 3: kvcsszblcs ($100 in chips) 
Seat 4: santi820 ($135.04 in chips) 
Seat 5: BoyLoc0 ($100 in chips) 
Seat 6: Seavus10 ($111.10 in chips) 
BoyLoc0: posts small blind $0.50
Seavus10: posts big blind $1
*** HOLE CARDS ***
coeeeelho: folds 
Casti180476: folds 
kvcsszblcs: raises $1 to $2
santi820: folds 
BoyLoc0: folds 
Seavus10: folds 
Uncalled bet ($1) returned to kvcsszblcs
kvcsszblcs collected $2.50 from pot
kvcsszblcs: doesn't show hand 
*** SUMMARY ***
Total pot $2.50 | Rake $0 
Seat 1: coeeeelho folded before Flop (didn't bet)
Seat 2: Casti180476 folded before Flop (didn't bet)
Seat 3: kvcsszblcs collected ($2.50)
Seat 4: santi820 (button) folded before Flop (didn't bet)
Seat 5: BoyLoc0 (small blind) folded before Flop
Seat 6: Seavus10 (big blind) folded before Flop



PokerStars Hand #254630093990:  Hold'em No Limit ($0.50/$1.00 USD) - 2025/01/30 23:25:05 WET [2025/01/30 18:25:05 ET]
Table 'Themis II' 6-max Seat #5 is the button
Seat 1: coeeeelho ($161.58 in chips) 
Seat 2: Casti180476 ($117.42 in chips) 
Seat 3: kvcsszblcs ($101.50 in chips) 
Seat 4: santi820 ($135.04 in chips) 
Seat 5: BoyLoc0 ($100 in chips) 
Seat 6: Seavus10 ($110.10 in chips) 
Seavus10: posts small blind $0.50
coeeeelho: posts big blind $1
*** HOLE CARDS ***
Casti180476: calls $1
kvcsszblcs: folds 
santi820: folds 
BoyLoc0: raises $3 to $4
Seavus10: folds 
coeeeelho: folds 
Casti180476: calls $3
*** FLOP *** [Jc Th 8c]
Casti180476: checks 
BoyLoc0: checks 
*** TURN *** [Jc Th 8c] [Jh]
Casti180476: checks 
BoyLoc0: bets $4.51
Casti180476: folds 
Uncalled bet ($4.51) returned to BoyLoc0
BoyLoc0 collected $9.02 from pot
BoyLoc0: doesn't show hand 
*** SUMMARY ***
Total pot $9.50 | Rake $0.48 
Board [Jc Th 8c Jh]
Seat 1: coeeeelho (big blind) folded before Flop
Seat 2: Casti180476 folded on the Turn
Seat 3: kvcsszblcs folded before Flop (didn't bet)
Seat 4: santi820 folded before Flop (didn't bet)
Seat 5: BoyLoc0 (button) collected ($9.02)
Seat 6: Seavus10 (small blind) folded before Flop



PokerStars Hand #254630104540:  Hold'em No Limit ($0.50/$1.00 USD) - 2025/01/30 23:25:47 WET [2025/01/30 18:25:47 ET]
Table 'Themis II' 6-max Seat #6 is the button
Seat 1: coeeeelho ($160.58 in chips) 
Seat 2: Casti180476 ($113.42 in chips) 
Seat 3: kvcsszblcs ($101.50 in chips) 
Seat 4: santi820 ($135.04 in chips) 
Seat 5: BoyLoc0 ($105.02 in chips) 
Seat 6: Seavus10 ($109.60 in chips) 
coeeeelho: posts small blind $0.50
Casti180476: posts big blind $1
*** HOLE CARDS ***
kvcsszblcs: folds 
santi820: folds 
BoyLoc0: raises $1.50 to $2.50
Seavus10: folds 
coeeeelho: folds 
Casti180476: folds 
Uncalled bet ($1.50) returned to BoyLoc0
BoyLoc0 collected $2.50 from pot
BoyLoc0: doesn't show hand 
*** SUMMARY ***
Total pot $2.50 | Rake $0 
Seat 1: coeeeelho (small blind) folded before Flop
Seat 2: Casti180476 (big blind) folded before Flop
Seat 3: kvcsszblcs folded before Flop (didn't bet)
Seat 4: santi820 folded before Flop (didn't bet)
Seat 5: BoyLoc0 collected ($2.50)
Seat 6: Seavus10 (button) folded before Flop (didn't bet)



PokerStars Hand #254630111617:  Hold'em No Limit ($0.50/$1.00 USD) - 2025/01/30 23:26:15 WET [2025/01/30 18:26:15 ET]
Table 'Themis II' 6-max Seat #1 is the button
Seat 1: coeeeelho ($160.08 in chips) 
Seat 2: Casti180476 ($112.42 in chips) 
Seat 3: kvcsszblcs ($101.50 in chips) 
Seat 4: santi820 ($135.04 in chips) 
Seat 5: BoyLoc0 ($106.52 in chips) 
Seat 6: Seavus10 ($109.60 in chips) 
Casti180476: posts small blind $0.50
kvcsszblcs: posts big blind $1
*** HOLE CARDS ***
santi820: folds 
BoyLoc0: folds 
Seavus10: folds 
coeeeelho: folds 
Casti180476: folds 
Uncalled bet ($0.50) returned to kvcsszblcs
kvcsszblcs collected $1 from pot
kvcsszblcs: doesn't show hand 
*** SUMMARY ***
Total pot $1 | Rake $0 
Seat 1: coeeeelho (button) folded before Flop (didn't bet)
Seat 2: Casti180476 (small blind) folded before Flop
Seat 3: kvcsszblcs (big blind) collected ($1)
Seat 4: santi820 folded before Flop (didn't bet)
Seat 5: BoyLoc0 folded before Flop (didn't bet)
Seat 6: Seavus10 folded before Flop (didn't bet)



PokerStars Hand #254630114962:  Hold'em No Limit ($0.50/$1.00 USD) - 2025/01/30 23:26:29 WET [2025/01/30 18:26:29 ET]
Table 'Themis II' 6-max Seat #2 is the button
Seat 1: coeeeelho ($160.08 in chips) 
Seat 2: Casti180476 ($111.92 in chips) 
Seat 3: kvcsszblcs ($102 in chips) 
Seat 4: santi820 ($135.04 in chips) 
Seat 5: BoyLoc0 ($106.52 in chips) 
Seat 6: Seavus10 ($109.60 in chips) 
kvcsszblcs: posts small blind $0.50
santi820: posts big blind $1
*** HOLE CARDS ***
BoyLoc0: folds 
Seavus10: folds 
coeeeelho: folds 
Casti180476: folds 
kvcsszblcs: folds 
Uncalled bet ($0.50) returned to santi820
santi820 collected $1 from pot
santi820: doesn't show hand 
*** SUMMARY ***
Total pot $1 | Rake $0 
Seat 1: coeeeelho folded before Flop (didn't bet)
Seat 2: Casti180476 (button) folded before Flop (didn't bet)
Seat 3: kvcsszblcs (small blind) folded before Flop
Seat 4: santi820 (big blind) collected ($1)
Seat 5: BoyLoc0 folded before Flop (didn't bet)
Seat 6: Seavus10 folded before Flop (didn't bet)



PokerStars Hand #254630120665:  Hold'em No Limit ($0.50/$1.00 USD) - 2025/01/30 23:26:52 WET [2025/01/30 18:26:52 ET]
Table 'Themis II' 6-max Seat #3 is the button
Seat 1: coeeeelho ($160.08 in chips) 
Seat 2: Casti180476 ($111.92 in chips) 
Seat 3: kvcsszblcs ($101.50 in chips) 
Seat 4: santi820 ($135.54 in chips) 
Seat 5: BoyLoc0 ($106.52 in chips) 
Seat 6: Seavus10 ($109.60 in chips) 
santi820: posts small blind $0.50
BoyLoc0: posts big blind $1
*** HOLE CARDS ***
Seavus10: folds 
coeeeelho: folds 
Casti180476: calls $1
kvcsszblcs: folds 
santi820: calls $0.50
BoyLoc0: checks 
*** FLOP *** [3h Jh Td]
santi820: checks 
BoyLoc0: checks 
Casti180476: checks 
*** TURN *** [3h Jh Td] [Qd]
santi820: checks 
BoyLoc0: checks 
Casti180476: checks 
*** RIVER *** [3h Jh Td Qd] [Ah]
santi820: checks 
BoyLoc0: bets $4.28
Casti180476: folds 
santi820: folds 
Uncalled bet ($4.28) returned to BoyLoc0
BoyLoc0 collected $2.85 from pot
BoyLoc0: doesn't show hand 
*** SUMMARY ***
Total pot $3 | Rake $0.15 
Board [3h Jh Td Qd Ah]
Seat 1: coeeeelho folded before Flop (didn't bet)
Seat 2: Casti180476 folded on the River
Seat 3: kvcsszblcs (button) folded before Flop (didn't bet)
Seat 4: santi820 (small blind) folded on the River
Seat 5: BoyLoc0 (big blind) collected ($2.85)
Seat 6: Seavus10 folded before Flop (didn't bet)



PokerStars Hand #254630136563:  Hold'em No Limit ($0.50/$1.00 USD) - 2025/01/30 23:27:55 WET [2025/01/30 18:27:55 ET]
Table 'Themis II' 6-max Seat #4 is the button
Seat 1: coeeeelho ($160.08 in chips) 
Seat 2: Casti180476 ($110.92 in chips) 
Seat 3: kvcsszblcs ($101.50 in chips) 
Seat 4: santi820 ($134.54 in chips) 
Seat 5: BoyLoc0 ($108.37 in chips) 
Seat 6: Seavus10 ($109.60 in chips) 
BoyLoc0: posts small blind $0.50
Seavus10: posts big blind $1
*** HOLE CARDS ***
coeeeelho: raises $1.20 to $2.20
Casti180476: calls $2.20
kvcsszblcs: folds 
santi820: folds 
BoyLoc0: folds 
Seavus10: folds 
*** FLOP *** [6d 5d Th]
coeeeelho: checks 
Casti180476: bets $1
coeeeelho: raises $8 to $9
Casti180476: calls $8
*** TURN *** [6d 5d Th] [8s]
coeeeelho: checks 
Casti180476: checks 
*** RIVER *** [6d 5d Th 8s] [7d]
coeeeelho: bets $5.67
Casti180476: folds 
Uncalled bet ($5.67) returned to coeeeelho
coeeeelho collected $22.70 from pot
*** SUMMARY ***
Total pot $23.90 | Rake $1.20 
Board [6d 5d Th 8s 7d]
Seat 1: coeeeelho collected ($22.70)
Seat 2: Casti180476 folded on the River
Seat 3: kvcsszblcs folded before Flop (didn't bet)
Seat 4: santi820 (button) folded before Flop (didn't bet)
Seat 5: BoyLoc0 (small blind) folded before Flop
Seat 6: Seavus10 (big blind) folded before Flop



PokerStars Hand #254630150579:  Hold'em No Limit ($0.50/$1.00 USD) - 2025/01/30 23:28:52 WET [2025/01/30 18:28:52 ET]
Table 'Themis II' 6-max Seat #5 is the button
Seat 1: coeeeelho ($171.58 in chips) 
Seat 2: Casti180476 ($99.72 in chips) 
Seat 3: kvcsszblcs ($101.50 in chips) 
Seat 4: santi820 ($134.54 in chips) 
Seat 5: BoyLoc0 ($107.87 in chips) 
Seat 6: Seavus10 ($108.60 in chips) 
Seavus10: posts small blind $0.50
coeeeelho: posts big blind $1
*** HOLE CARDS ***
Casti180476: calls $1
kvcsszblcs: folds 
santi820: folds 
BoyLoc0: folds 
Seavus10: folds 
coeeeelho: checks 
*** FLOP *** [Qd Ac 4s]
coeeeelho: checks 
Casti180476: bets $1
coeeeelho: folds 
Uncalled bet ($1) returned to Casti180476
Casti180476 collected $2.38 from pot
*** SUMMARY ***
Total pot $2.50 | Rake $0.12 
Board [Qd Ac 4s]
Seat 1: coeeeelho (big blind) folded on the Flop
Seat 2: Casti180476 collected ($2.38)
Seat 3: kvcsszblcs folded before Flop (didn't bet)
Seat 4: santi820 folded before Flop (didn't bet)
Seat 5: BoyLoc0 (button) folded before Flop (didn't bet)
Seat 6: Seavus10 (small blind) folded before Flop



PokerStars Hand #254630160020:  Hold'em No Limit ($0.50/$1.00 USD) - 2025/01/30 23:29:30 WET [2025/01/30 18:29:30 ET]
Table 'Themis II' 6-max Seat #6 is the button
Seat 1: coeeeelho ($170.58 in chips) 
Seat 2: Casti180476 ($101.10 in chips) 
Seat 3: kvcsszblcs ($101.50 in chips) 
Seat 4: santi820 ($134.54 in chips) 
Seat 5: BoyLoc0 ($107.87 in chips) 
Seat 6: Seavus10 ($108.10 in chips) 
coeeeelho: posts small blind $0.50
Casti180476: posts big blind $1
*** HOLE CARDS ***
kvcsszblcs: folds 
santi820: folds 
kvcsszblcs leaves the table
BoyLoc0: raises $1.50 to $2.50
Seavus10: folds 
ghc_2 joins the table at seat #3 
coeeeelho: raises $8.50 to $11
Casti180476: calls $10
BoyLoc0: calls $8.50
*** FLOP *** [5h 8d Ah]
coeeeelho: bets $7.84
Casti180476: folds 
BoyLoc0: calls $7.84
*** TURN *** [5h 8d Ah] [7d]
coeeeelho: checks 
BoyLoc0: checks 
*** RIVER *** [5h 8d Ah 7d] [6h]
coeeeelho: checks 
BoyLoc0: bets $34.69
coeeeelho: calls $34.69
*** SHOW DOWN ***
BoyLoc0: shows [Ad 9d] (a straight, Five to Nine)
coeeeelho: mucks hand 
BoyLoc0 collected $115.56 from pot
*** SUMMARY ***
Total pot $118.06 | Rake $2.50 
Board [5h 8d Ah 7d 6h]
Seat 1: coeeeelho (small blind) mucked
Seat 2: Casti180476 (big blind) folded on the Flop
Seat 3: kvcsszblcs folded before Flop (didn't bet)
Seat 4: santi820 folded before Flop (didn't bet)
Seat 5: BoyLoc0 showed [Ad 9d] and won ($115.56) with a straight, Five to Nine
Seat 6: Seavus10 (button) folded before Flop (didn't bet)



PokerStars Hand #254630177609:  Hold'em No Limit ($0.50/$1.00 USD) - 2025/01/30 23:30:41 WET [2025/01/30 18:30:41 ET]
Table 'Themis II' 6-max Seat #1 is the button
Seat 1: coeeeelho ($117.05 in chips) 
Seat 2: Casti180476 ($90.10 in chips) 
Seat 3: ghc_2 ($100 in chips) 
Seat 4: santi820 ($134.54 in chips) 
Seat 5: BoyLoc0 ($169.90 in chips) 
Seat 6: Seavus10 ($108.10 in chips) 
Casti180476: posts small blind $0.50
ghc_2: posts big blind $1
*** HOLE CARDS ***
santi820: folds 
BoyLoc0: folds 
Seavus10: folds 
coeeeelho: folds 
Casti180476: calls $0.50
ghc_2: checks 
*** FLOP *** [7s 5d 6c]
Casti180476: bets $1
ghc_2: calls $1
*** TURN *** [7s 5d 6c] [7d]
Casti180476: bets $1
ghc_2: calls $1
*** RIVER *** [7s 5d 6c 7d] [3s]
Casti180476: bets $5.70
ghc_2: calls $5.70
*** SHOW DOWN ***
Casti180476: shows [7h Kh] (three of a kind, Sevens)
ghc_2: shows [4d 5h] (a straight, Three to Seven)
ghc_2 collected $16.53 from pot
*** SUMMARY ***
Total pot $17.40 | Rake $0.87 
Board [7s 5d 6c 7d 3s]
Seat 1: coeeeelho (button) folded before Flop (didn't bet)
Seat 2: Casti180476 (small blind) showed [7h Kh] and lost with three of a kind, Sevens
Seat 3: ghc_2 (big blind) showed [4d 5h] and won ($16.53) with a straight, Three to Seven
Seat 4: santi820 folded before Flop (didn't bet)
Seat 5: BoyLoc0 folded before Flop (didn't bet)
Seat 6: Seavus10 folded before Flop (didn't bet)



PokerStars Hand #254630187635:  Hold'em No Limit ($0.50/$1.00 USD) - 2025/01/30 23:31:22 WET [2025/01/30 18:31:22 ET]
Table 'Themis II' 6-max Seat #2 is the button
Seat 1: coeeeelho ($117.05 in chips) 
Seat 2: Casti180476 ($81.40 in chips) 
Seat 3: ghc_2 ($107.83 in chips) 
Seat 4: santi820 ($134.54 in chips) 
Seat 5: BoyLoc0 ($169.90 in chips) 
Seat 6: Seavus10 ($108.10 in chips) 
ghc_2: posts small blind $0.50
santi820: posts big blind $1
*** HOLE CARDS ***
BoyLoc0: folds 
Seavus10: folds 
coeeeelho: folds 
Casti180476: folds 
ghc_2: raises $2 to $3
santi820: folds 
Uncalled bet ($2) returned to ghc_2
ghc_2 collected $2 from pot
ghc_2: doesn't show hand 
*** SUMMARY ***
Total pot $2 | Rake $0 
Seat 1: coeeeelho folded before Flop (didn't bet)
Seat 2: Casti180476 (button) folded before Flop (didn't bet)
Seat 3: ghc_2 (small blind) collected ($2)
Seat 4: santi820 (big blind) folded before Flop
Seat 5: BoyLoc0 folded before Flop (didn't bet)
Seat 6: Seavus10 folded before Flop (didn't bet)



PokerStars Hand #254630191541:  Hold'em No Limit ($0.50/$1.00 USD) - 2025/01/30 23:31:38 WET [2025/01/30 18:31:38 ET]
Table 'Themis II' 6-max Seat #3 is the button
Seat 1: coeeeelho ($117.05 in chips) 
Seat 2: Casti180476 ($81.40 in chips) 
Seat 3: ghc_2 ($108.83 in chips) 
Seat 4: santi820 ($133.54 in chips) 
Seat 5: BoyLoc0 ($169.90 in chips) 
Seat 6: Seavus10 ($108.10 in chips) 
santi820: posts small blind $0.50
BoyLoc0: posts big blind $1
*** HOLE CARDS ***
Seavus10: folds 
coeeeelho: folds 
Casti180476: folds 
ghc_2: folds 
santi820: folds 
Uncalled bet ($0.50) returned to BoyLoc0
BoyLoc0 collected $1 from pot
BoyLoc0: doesn't show hand 
*** SUMMARY ***
Total pot $1 | Rake $0 
Seat 1: coeeeelho folded before Flop (didn't bet)
Seat 2: Casti180476 folded before Flop (didn't bet)
Seat 3: ghc_2 (button) folded before Flop (didn't bet)
Seat 4: santi820 (small blind) folded before Flop
Seat 5: BoyLoc0 (big blind) collected ($1)
Seat 6: Seavus10 folded before Flop (didn't bet)



PokerStars Hand #254630200467:  Hold'em No Limit ($0.50/$1.00 USD) - 2025/01/30 23:32:14 WET [2025/01/30 18:32:14 ET]
Table 'Themis II' 6-max Seat #4 is the button
Seat 1: coeeeelho ($117.05 in chips) 
Seat 2: Casti180476 ($81.40 in chips) 
Seat 3: ghc_2 ($108.83 in chips) 
Seat 4: santi820 ($133.04 in chips) 
Seat 5: BoyLoc0 ($170.40 in chips) 
Seat 6: Seavus10 ($108.10 in chips) 
BoyLoc0: posts small blind $0.50
Seavus10: posts big blind $1
*** HOLE CARDS ***
coeeeelho: folds 
Casti180476: folds 
ghc_2: raises $1.30 to $2.30
santi820: folds 
BoyLoc0: folds 
Seavus10: calls $1.30
*** FLOP *** [6h 7c Ad]
Seavus10: checks 
ghc_2: checks 
*** TURN *** [6h 7c Ad] [Qd]
Seavus10: checks 
ghc_2: checks 
*** RIVER *** [6h 7c Ad Qd] [4c]
Seavus10: checks 
ghc_2: bets $2.42
Seavus10: folds 
Uncalled bet ($2.42) returned to ghc_2
ghc_2 collected $4.84 from pot
ghc_2: doesn't show hand 
*** SUMMARY ***
Total pot $5.10 | Rake $0.26 
Board [6h 7c Ad Qd 4c]
Seat 1: coeeeelho folded before Flop (didn't bet)
Seat 2: Casti180476 folded before Flop (didn't bet)
Seat 3: ghc_2 collected ($4.84)
Seat 4: santi820 (button) folded before Flop (didn't bet)
Seat 5: BoyLoc0 (small blind) folded before Flop
Seat 6: Seavus10 (big blind) folded on the River



PokerStars Hand #254630225589:  Hold'em No Limit ($0.50/$1.00 USD) - 2025/01/30 23:33:58 WET [2025/01/30 18:33:58 ET]
Table 'Themis II' 6-max Seat #5 is the button
Seat 1: coeeeelho ($117.05 in chips) 
Seat 2: Casti180476 ($81.40 in chips) 
Seat 3: ghc_2 ($111.37 in chips) 
Seat 4: santi820 ($133.04 in chips) 
Seat 5: BoyLoc0 ($169.90 in chips) 
Seat 6: Seavus10 ($105.80 in chips) 
Seavus10: posts small blind $0.50
coeeeelho: posts big blind $1
*** HOLE CARDS ***
Casti180476: calls $1
ghc_2: folds 
santi820: folds 
BoyLoc0: folds 
Seavus10: folds 
coeeeelho: checks 
*** FLOP *** [Th Qc Ks]
coeeeelho: checks 
Casti180476: bets $1.19
coeeeelho: folds 
Uncalled bet ($1.19) returned to Casti180476
Casti180476 collected $2.38 from pot
*** SUMMARY ***
Total pot $2.50 | Rake $0.12 
Board [Th Qc Ks]
Seat 1: coeeeelho (big blind) folded on the Flop
Seat 2: Casti180476 collected ($2.38)
Seat 3: ghc_2 folded before Flop (didn't bet)
Seat 4: santi820 folded before Flop (didn't bet)
Seat 5: BoyLoc0 (button) folded before Flop (didn't bet)
Seat 6: Seavus10 (small blind) folded before Flop



PokerStars Hand #254630241636:  Hold'em No Limit ($0.50/$1.00 USD) - 2025/01/30 23:35:04 WET [2025/01/30 18:35:04 ET]
Table 'Themis II' 6-max Seat #6 is the button
Seat 1: coeeeelho ($116.05 in chips) 
Seat 2: Casti180476 ($82.78 in chips) 
Seat 3: ghc_2 ($111.37 in chips) 
Seat 4: santi820 ($133.04 in chips) 
Seat 5: BoyLoc0 ($169.90 in chips) 
Seat 6: Seavus10 ($105.30 in chips) 
coeeeelho: posts small blind $0.50
Casti180476: posts big blind $1
*** HOLE CARDS ***
ghc_2: folds 
santi820: folds 
BoyLoc0: folds 
Seavus10: folds 
coeeeelho: raises $2 to $3
Casti180476: calls $2
*** FLOP *** [Tc Qc As]
coeeeelho: checks 
Casti180476: bets $2.85
coeeeelho: calls $2.85
*** TURN *** [Tc Qc As] [Td]
coeeeelho: checks 
Casti180476: bets $5.56
coeeeelho: calls $5.56
*** RIVER *** [Tc Qc As Td] [2s]
coeeeelho: checks 
Casti180476: bets $10.84
coeeeelho: folds 
Uncalled bet ($10.84) returned to Casti180476
Casti180476 collected $21.68 from pot
*** SUMMARY ***
Total pot $22.82 | Rake $1.14 
Board [Tc Qc As Td 2s]
Seat 1: coeeeelho (small blind) folded on the River
Seat 2: Casti180476 (big blind) collected ($21.68)
Seat 3: ghc_2 folded before Flop (didn't bet)
Seat 4: santi820 folded before Flop (didn't bet)
Seat 5: BoyLoc0 folded before Flop (didn't bet)
Seat 6: Seavus10 (button) folded before Flop (didn't bet)



PokerStars Hand #254630255890:  Hold'em No Limit ($0.50/$1.00 USD) - 2025/01/30 23:36:02 WET [2025/01/30 18:36:02 ET]
Table 'Themis II' 6-max Seat #1 is the button
Seat 1: coeeeelho ($104.64 in chips) 
Seat 2: Casti180476 ($93.05 in chips) 
Seat 3: ghc_2 ($111.37 in chips) 
Seat 4: santi820 ($133.04 in chips) 
Seat 5: BoyLoc0 ($169.90 in chips) 
Seat 6: Seavus10 ($105.30 in chips) 
Casti180476: posts small blind $0.50
ghc_2: posts big blind $1
*** HOLE CARDS ***
santi820: raises $1 to $2
BoyLoc0: folds 
Seavus10: raises $5 to $7
coeeeelho: folds 
Casti180476: folds 
ghc_2: folds 
santi820: folds 
Uncalled bet ($5) returned to Seavus10
Seavus10 collected $5.50 from pot
Seavus10: doesn't show hand 
*** SUMMARY ***
Total pot $5.50 | Rake $0 
Seat 1: coeeeelho (button) folded before Flop (didn't bet)
Seat 2: Casti180476 (small blind) folded before Flop
Seat 3: ghc_2 (big blind) folded before Flop
Seat 4: santi820 folded before Flop
Seat 5: BoyLoc0 folded before Flop (didn't bet)
Seat 6: Seavus10 collected ($5.50)



PokerStars Hand #254630264986:  Hold'em No Limit ($0.50/$1.00 USD) - 2025/01/30 23:36:39 WET [2025/01/30 18:36:39 ET]
Table 'Themis II' 6-max Seat #2 is the button
Seat 1: coeeeelho ($104.64 in chips) 
Seat 2: Casti180476 ($92.55 in chips) 
Seat 3: ghc_2 ($110.37 in chips) 
Seat 4: santi820 ($131.04 in chips) 
Seat 5: BoyLoc0 ($169.90 in chips) 
Seat 6: Seavus10 ($108.80 in chips) 
ghc_2: posts small blind $0.50
santi820: posts big blind $1
*** HOLE CARDS ***
BoyLoc0: raises $1.50 to $2.50
Seavus10: folds 
coeeeelho: folds 
Casti180476: folds 
ghc_2: folds 
santi820: folds 
Uncalled bet ($1.50) returned to BoyLoc0
BoyLoc0 collected $2.50 from pot
BoyLoc0: doesn't show hand 
*** SUMMARY ***
Total pot $2.50 | Rake $0 
Seat 1: coeeeelho folded before Flop (didn't bet)
Seat 2: Casti180476 (button) folded before Flop (didn't bet)
Seat 3: ghc_2 (small blind) folded before Flop
Seat 4: santi820 (big blind) folded before Flop
Seat 5: BoyLoc0 collected ($2.50)
Seat 6: Seavus10 folded before Flop (didn't bet)



PokerStars Hand #254630268860:  Hold'em No Limit ($0.50/$1.00 USD) - 2025/01/30 23:36:55 WET [2025/01/30 18:36:55 ET]
Table 'Themis II' 6-max Seat #3 is the button
Seat 1: coeeeelho ($104.64 in chips) 
Seat 2: Casti180476 ($92.55 in chips) 
Seat 3: ghc_2 ($109.87 in chips) 
Seat 4: santi820 ($130.04 in chips) 
Seat 5: BoyLoc0 ($171.40 in chips) 
Seat 6: Seavus10 ($108.80 in chips) 
santi820: posts small blind $0.50
BoyLoc0: posts big blind $1
*** HOLE CARDS ***
Seavus10: raises $1.20 to $2.20
coeeeelho: folds 
Casti180476: folds 
ghc_2: folds 
santi820: folds 
BoyLoc0: folds 
Uncalled bet ($1.20) returned to Seavus10
Seavus10 collected $2.50 from pot
Seavus10: doesn't show hand 
*** SUMMARY ***
Total pot $2.50 | Rake $0 
Seat 1: coeeeelho folded before Flop (didn't bet)
Seat 2: Casti180476 folded before Flop (didn't bet)
Seat 3: ghc_2 (button) folded before Flop (didn't bet)
Seat 4: santi820 (small blind) folded before Flop
Seat 5: BoyLoc0 (big blind) folded before Flop
Seat 6: Seavus10 collected ($2.50)



PokerStars Hand #254630274343:  Hold'em No Limit ($0.50/$1.00 USD) - 2025/01/30 23:37:18 WET [2025/01/30 18:37:18 ET]
Table 'Themis II' 6-max Seat #4 is the button
Seat 1: coeeeelho ($104.64 in chips) 
Seat 2: Casti180476 ($92.55 in chips) 
Seat 3: ghc_2 ($109.87 in chips) 
Seat 4: santi820 ($129.54 in chips) 
Seat 5: BoyLoc0 ($170.40 in chips) 
Seat 6: Seavus10 ($110.30 in chips) 
BoyLoc0: posts small blind $0.50
Seavus10: posts big blind $1
*** HOLE CARDS ***
coeeeelho: folds 
Casti180476: folds 
ghc_2: folds 
santi820: folds 
BoyLoc0: folds 
Uncalled bet ($0.50) returned to Seavus10
Seavus10 collected $1 from pot
Seavus10: doesn't show hand 
*** SUMMARY ***
Total pot $1 | Rake $0 
Seat 1: coeeeelho folded before Flop (didn't bet)
Seat 2: Casti180476 folded before Flop (didn't bet)
Seat 3: ghc_2 folded before Flop (didn't bet)
Seat 4: santi820 (button) folded before Flop (didn't bet)
Seat 5: BoyLoc0 (small blind) folded before Flop
Seat 6: Seavus10 (big blind) collected ($1)



PokerStars Hand #254630277260:  Hold'em No Limit ($0.50/$1.00 USD) - 2025/01/30 23:37:31 WET [2025/01/30 18:37:31 ET]
Table 'Themis II' 6-max Seat #5 is the button
Seat 1: coeeeelho ($104.64 in chips) 
Seat 2: Casti180476 ($92.55 in chips) 
Seat 3: ghc_2 ($109.87 in chips) 
Seat 4: santi820 ($129.54 in chips) 
Seat 5: BoyLoc0 ($169.90 in chips) 
Seat 6: Seavus10 ($110.80 in chips) 
Seavus10: posts small blind $0.50
coeeeelho: posts big blind $1
*** HOLE CARDS ***
Casti180476: calls $1
ghc_2: folds 
santi820: raises $1.30 to $2.30
BoyLoc0: folds 
Seavus10: folds 
coeeeelho: folds 
Casti180476: calls $1.30
*** FLOP *** [7h Qs 6h]
Casti180476: bets $2.90
santi820: folds 
Uncalled bet ($2.90) returned to Casti180476
Casti180476 collected $5.80 from pot
*** SUMMARY ***
Total pot $6.10 | Rake $0.30 
Board [7h Qs 6h]
Seat 1: coeeeelho (big blind) folded before Flop
Seat 2: Casti180476 collected ($5.80)
Seat 3: ghc_2 folded before Flop (didn't bet)
Seat 4: santi820 folded on the Flop
Seat 5: BoyLoc0 (button) folded before Flop (didn't bet)
Seat 6: Seavus10 (small blind) folded before Flop



PokerStars Hand #254630386511:  Hold'em No Limit ($0.50/$1.00 USD) - 2025/01/30 23:45:09 WET [2025/01/30 18:45:09 ET]
Table 'Themis II' 6-max Seat #2 is the button
Seat 1: coeeeelho ($100 in chips) 
Seat 2: Casti180476 ($132.54 in chips) 
Seat 3: ghc_2 ($116.40 in chips) 
Seat 4: santi820 ($145.67 in chips) 
Seat 5: BoyLoc0 ($116.29 in chips) 
Seat 6: Seavus10 ($104.74 in chips) 
ghc_2: posts small blind $0.50
santi820: posts big blind $1
*** HOLE CARDS ***
BoyLoc0: raises $1.50 to $2.50
Seavus10: folds 
coeeeelho: raises $5 to $7.50
Casti180476: folds 
ghc_2: folds 
santi820: folds 
BoyLoc0: folds 
Uncalled bet ($5) returned to coeeeelho
coeeeelho collected $6.50 from pot
*** SUMMARY ***
Total pot $6.50 | Rake $0 
Seat 1: coeeeelho collected ($6.50)
Seat 2: Casti180476 (button) folded before Flop (didn't bet)
Seat 3: ghc_2 (small blind) folded before Flop
Seat 4: santi820 (big blind) folded before Flop
Seat 5: BoyLoc0 folded before Flop
Seat 6: Seavus10 folded before Flop (didn't bet)



PokerStars Hand #254630392159:  Hold'em No Limit ($0.50/$1.00 USD) - 2025/01/30 23:45:33 WET [2025/01/30 18:45:33 ET]
Table 'Themis II' 6-max Seat #3 is the button
Seat 1: coeeeelho ($104 in chips) 
Seat 2: Casti180476 ($132.54 in chips) 
Seat 3: ghc_2 ($115.90 in chips) 
Seat 4: santi820 ($144.67 in chips) 
Seat 5: BoyLoc0 ($113.79 in chips) 
Seat 6: Seavus10 ($104.74 in chips) 
santi820: posts small blind $0.50
BoyLoc0: posts big blind $1
*** HOLE CARDS ***
Seavus10: folds 
coeeeelho: folds 
Casti180476: folds 
ghc_2: folds 
santi820: folds 
Uncalled bet ($0.50) returned to BoyLoc0
BoyLoc0 collected $1 from pot
BoyLoc0: doesn't show hand 
*** SUMMARY ***
Total pot $1 | Rake $0 
Seat 1: coeeeelho folded before Flop (didn't bet)
Seat 2: Casti180476 folded before Flop (didn't bet)
Seat 3: ghc_2 (button) folded before Flop (didn't bet)
Seat 4: santi820 (small blind) folded before Flop
Seat 5: BoyLoc0 (big blind) collected ($1)
Seat 6: Seavus10 folded before Flop (didn't bet)



PokerStars Hand #254630396723:  Hold'em No Limit ($0.50/$1.00 USD) - 2025/01/30 23:45:53 WET [2025/01/30 18:45:53 ET]
Table 'Themis II' 6-max Seat #4 is the button
Seat 1: coeeeelho ($104 in chips) 
Seat 2: Casti180476 ($132.54 in chips) 
Seat 3: ghc_2 ($115.90 in chips) 
Seat 4: santi820 ($144.17 in chips) 
Seat 5: BoyLoc0 ($114.29 in chips) 
Seat 6: Seavus10 ($104.74 in chips) 
BoyLoc0: posts small blind $0.50
Seavus10: posts big blind $1
*** HOLE CARDS ***
coeeeelho: folds 
Casti180476: calls $1
ghc_2: folds 
santi820: raises $3 to $4
BoyLoc0: folds 
Seavus10: folds 
Casti180476: calls $3
*** FLOP *** [Ts 7c 9c]
Casti180476: checks 
santi820: bets $6.77
Casti180476: calls $6.77
*** TURN *** [Ts 7c 9c] [4c]
Casti180476: checks 
santi820: checks 
*** RIVER *** [Ts 7c 9c 4c] [Jh]
Casti180476: bets $21.89
santi820: folds 
Uncalled bet ($21.89) returned to Casti180476
Casti180476 collected $21.89 from pot
*** SUMMARY ***
Total pot $23.04 | Rake $1.15 
Board [Ts 7c 9c 4c Jh]
Seat 1: coeeeelho folded before Flop (didn't bet)
Seat 2: Casti180476 collected ($21.89)
Seat 3: ghc_2 folded before Flop (didn't bet)
Seat 4: santi820 (button) folded on the River
Seat 5: BoyLoc0 (small blind) folded before Flop
Seat 6: Seavus10 (big blind) folded before Flop



PokerStars Hand #254630414728:  Hold'em No Limit ($0.50/$1.00 USD) - 2025/01/30 23:47:10 WET [2025/01/30 18:47:10 ET]
Table 'Themis II' 6-max Seat #5 is the button
Seat 1: coeeeelho ($104 in chips) 
Seat 2: Casti180476 ($143.66 in chips) 
Seat 3: ghc_2 ($115.90 in chips) 
Seat 4: santi820 ($133.40 in chips) 
Seat 5: BoyLoc0 ($113.79 in chips) 
Seat 6: Seavus10 ($103.74 in chips) 
Seavus10: posts small blind $0.50
coeeeelho: posts big blind $1
*** HOLE CARDS ***
Casti180476: folds 
ghc_2: folds 
santi820: raises $1.30 to $2.30
BoyLoc0: folds 
Seavus10: raises $9.20 to $11.50
coeeeelho: folds 
santi820: raises $12.50 to $24
Seavus10: calls $12.50
*** FLOP *** [4d 6s 3s]
Seavus10: checks 
santi820: bets $23.28
Seavus10: raises $56.46 to $79.74 and is all-in
santi820: calls $56.46
*** FIRST TURN *** [4d 6s 3s] [9c]
*** FIRST RIVER *** [4d 6s 3s 9c] [3d]
*** SECOND TURN *** [4d 6s 3s] [5s]
*** SECOND RIVER *** [4d 6s 3s 5s] [Js]
*** FIRST SHOW DOWN ***
Seavus10: shows [Ah 5h] (a pair of Threes)
santi820: shows [Ks 9s] (two pair, Nines and Threes)
santi820 collected $102.99 from pot
*** SECOND SHOW DOWN ***
Seavus10: shows [Ah 5h] (a pair of Fives)
santi820: shows [Ks 9s] (a flush, King high)
santi820 collected $102.99 from pot
*** SUMMARY ***
Total pot $208.48 | Rake $2.50 
Hand was run twice
FIRST Board [4d 6s 3s 9c 3d]
SECOND Board [4d 6s 3s 5s Js]
Seat 1: coeeeelho (big blind) folded before Flop
Seat 2: Casti180476 folded before Flop (didn't bet)
Seat 3: ghc_2 folded before Flop (didn't bet)
Seat 4: santi820 showed [Ks 9s] and won ($102.99) with two pair, Nines and Threes, and won ($102.99) with a flush, King high
Seat 5: BoyLoc0 (button) folded before Flop (didn't bet)
Seat 6: Seavus10 (small blind) showed [Ah 5h] and lost with a pair of Threes, and lost with a pair of Fives



PokerStars Hand #254630441636:  Hold'em No Limit ($0.50/$1.00 USD) - 2025/01/30 23:49:07 WET [2025/01/30 18:49:07 ET]
Table 'Themis II' 6-max Seat #6 is the button
Seat 1: coeeeelho ($103 in chips) 
Seat 2: Casti180476 ($143.66 in chips) 
Seat 3: ghc_2 ($115.90 in chips) 
Seat 4: santi820 ($235.64 in chips) 
Seat 5: BoyLoc0 ($113.79 in chips) 
Seat 6: Seavus10 ($100 in chips) 
coeeeelho: posts small blind $0.50
Casti180476: posts big blind $1
*** HOLE CARDS ***
ghc_2: folds 
santi820: folds 
BoyLoc0: folds 
Seavus10: folds 
coeeeelho: folds 
Uncalled bet ($0.50) returned to Casti180476
Casti180476 collected $1 from pot
*** SUMMARY ***
Total pot $1 | Rake $0 
Seat 1: coeeeelho (small blind) folded before Flop
Seat 2: Casti180476 (big blind) collected ($1)
Seat 3: ghc_2 folded before Flop (didn't bet)
Seat 4: santi820 folded before Flop (didn't bet)
Seat 5: BoyLoc0 folded before Flop (didn't bet)
Seat 6: Seavus10 (button) folded before Flop (didn't bet)



PokerStars Hand #254630449433:  Hold'em No Limit ($0.50/$1.00 USD) - 2025/01/30 23:49:40 WET [2025/01/30 18:49:40 ET]
Table 'Themis II' 6-max Seat #1 is the button
Seat 1: coeeeelho ($102.50 in chips) 
Seat 2: Casti180476 ($144.16 in chips) 
Seat 3: ghc_2 ($115.90 in chips) 
Seat 4: santi820 ($235.64 in chips) 
Seat 5: BoyLoc0 ($113.79 in chips) 
Seat 6: Seavus10 ($100 in chips) 
Casti180476: posts small blind $0.50
ghc_2: posts big blind $1
*** HOLE CARDS ***
santi820: folds 
BoyLoc0: raises $1.50 to $2.50
Seavus10: folds 
coeeeelho: raises $5 to $7.50
Casti180476: folds 
ghc_2: folds 
BoyLoc0: calls $5
*** FLOP *** [Ac 7h As]
BoyLoc0: checks 
coeeeelho: bets $3.92
BoyLoc0: calls $3.92
*** TURN *** [Ac 7h As] [2d]
BoyLoc0: checks 
coeeeelho: checks 
*** RIVER *** [Ac 7h As 2d] [Jc]
BoyLoc0: checks 
coeeeelho: bets $11.56
BoyLoc0: folds 
Uncalled bet ($11.56) returned to coeeeelho
coeeeelho collected $23.12 from pot
*** SUMMARY ***
Total pot $24.34 | Rake $1.22 
Board [Ac 7h As 2d Jc]
Seat 1: coeeeelho (button) collected ($23.12)
Seat 2: Casti180476 (small blind) folded before Flop
Seat 3: ghc_2 (big blind) folded before Flop
Seat 4: santi820 folded before Flop (didn't bet)
Seat 5: BoyLoc0 folded on the River
Seat 6: Seavus10 folded before Flop (didn't bet)



PokerStars Hand #254630473152:  Hold'em No Limit ($0.50/$1.00 USD) - 2025/01/30 23:51:24 WET [2025/01/30 18:51:24 ET]
Table 'Themis II' 6-max Seat #2 is the button
Seat 1: coeeeelho ($114.20 in chips) 
Seat 2: Casti180476 ($143.66 in chips) 
Seat 3: ghc_2 ($114.90 in chips) 
Seat 4: santi820 ($235.64 in chips) 
Seat 5: BoyLoc0 ($102.37 in chips) 
Seat 6: Seavus10 ($100 in chips) 
ghc_2: posts small blind $0.50
santi820: posts big blind $1
*** HOLE CARDS ***
BoyLoc0: folds 
Seavus10: folds 
coeeeelho: folds 
Casti180476: folds 
ghc_2: folds 
Uncalled bet ($0.50) returned to santi820
santi820 collected $1 from pot
santi820: doesn't show hand 
*** SUMMARY ***
Total pot $1 | Rake $0 
Seat 1: coeeeelho folded before Flop (didn't bet)
Seat 2: Casti180476 (button) folded before Flop (didn't bet)
Seat 3: ghc_2 (small blind) folded before Flop
Seat 4: santi820 (big blind) collected ($1)
Seat 5: BoyLoc0 folded before Flop (didn't bet)
Seat 6: Seavus10 folded before Flop (didn't bet)



PokerStars Hand #254630476257:  Hold'em No Limit ($0.50/$1.00 USD) - 2025/01/30 23:51:38 WET [2025/01/30 18:51:38 ET]
Table 'Themis II' 6-max Seat #3 is the button
Seat 1: coeeeelho ($114.20 in chips) 
Seat 2: Casti180476 ($143.66 in chips) 
Seat 3: ghc_2 ($114.40 in chips) 
Seat 4: santi820 ($236.14 in chips) 
Seat 5: BoyLoc0 ($102.37 in chips) 
Seat 6: Seavus10 ($100 in chips) 
santi820: posts small blind $0.50
BoyLoc0: posts big blind $1
*** HOLE CARDS ***
Seavus10: raises $1.50 to $2.50
coeeeelho: folds 
Casti180476: calls $2.50
ghc_2: folds 
santi820: folds 
BoyLoc0: folds 
*** FLOP *** [Ac 9d 8d]
Seavus10: bets $2.06
Casti180476: folds 
Uncalled bet ($2.06) returned to Seavus10
Seavus10 collected $6.18 from pot
Seavus10: doesn't show hand 
*** SUMMARY ***
Total pot $6.50 | Rake $0.32 
Board [Ac 9d 8d]
Seat 1: coeeeelho folded before Flop (didn't bet)
Seat 2: Casti180476 folded on the Flop
Seat 3: ghc_2 (button) folded before Flop (didn't bet)
Seat 4: santi820 (small blind) folded before Flop
Seat 5: BoyLoc0 (big blind) folded before Flop
Seat 6: Seavus10 collected ($6.18)



PokerStars Hand #254630484250:  Hold'em No Limit ($0.50/$1.00 USD) - 2025/01/30 23:52:13 WET [2025/01/30 18:52:13 ET]
Table 'Themis II' 6-max Seat #4 is the button
Seat 1: coeeeelho ($114.20 in chips) 
Seat 2: Casti180476 ($141.16 in chips) 
Seat 3: ghc_2 ($114.40 in chips) 
Seat 4: santi820 ($235.64 in chips) 
Seat 5: BoyLoc0 ($101.37 in chips) 
Seat 6: Seavus10 ($103.68 in chips) 
BoyLoc0: posts small blind $0.50
Seavus10: posts big blind $1
*** HOLE CARDS ***
coeeeelho: folds 
Casti180476: calls $1
ghc_2: folds 
santi820: raises $3.50 to $4.50
BoyLoc0: folds 
Seavus10: raises $7.88 to $12.38
Casti180476: folds 
santi820: folds 
Uncalled bet ($7.88) returned to Seavus10
Seavus10 collected $10.50 from pot
Seavus10: doesn't show hand 
*** SUMMARY ***
Total pot $10.50 | Rake $0 
Seat 1: coeeeelho folded before Flop (didn't bet)
Seat 2: Casti180476 folded before Flop
Seat 3: ghc_2 folded before Flop (didn't bet)
Seat 4: santi820 (button) folded before Flop
Seat 5: BoyLoc0 (small blind) folded before Flop
Seat 6: Seavus10 (big blind) collected ($10.50)



PokerStars Hand #254630495034:  Hold'em No Limit ($0.50/$1.00 USD) - 2025/01/30 23:53:01 WET [2025/01/30 18:53:01 ET]
Table 'Themis II' 6-max Seat #5 is the button
Seat 1: coeeeelho ($114.20 in chips) is sitting out
Seat 2: Casti180476 ($140.16 in chips) 
Seat 3: ghc_2 ($114.40 in chips) 
Seat 4: santi820 ($231.14 in chips) 
Seat 5: BoyLoc0 ($100.87 in chips) 
Seat 6: Seavus10 ($109.68 in chips) 
Seavus10: posts small blind $0.50
coeeeelho: is sitting out 
Casti180476: posts big blind $1
*** HOLE CARDS ***
ghc_2: folds 
coeeeelho leaves the table
santi820: folds 
BoyLoc0: raises $1.50 to $2.50
Seavus10: folds 
Casti180476: folds 
Uncalled bet ($1.50) returned to BoyLoc0
BoyLoc0 collected $2.50 from pot
BoyLoc0: doesn't show hand 
*** SUMMARY ***
Total pot $2.50 | Rake $0 
Seat 1: coeeeelho
Seat 2: Casti180476 (big blind) folded before Flop
Seat 3: ghc_2 folded before Flop (didn't bet)
Seat 4: santi820 folded before Flop (didn't bet)
Seat 5: BoyLoc0 (button) collected ($2.50)
Seat 6: Seavus10 (small blind) folded before Flop



PokerStars Hand #254630499022:  Hold'em No Limit ($0.50/$1.00 USD) - 2025/01/30 23:53:18 WET [2025/01/30 18:53:18 ET]
Table 'Themis II' 6-max Seat #6 is the button
Seat 2: Casti180476 ($139.16 in chips) 
Seat 3: ghc_2 ($114.40 in chips) 
Seat 4: santi820 ($231.14 in chips) 
Seat 5: BoyLoc0 ($102.37 in chips) 
Seat 6: Seavus10 ($109.18 in chips) 
Casti180476: posts small blind $0.50
ghc_2: posts big blind $1
*** HOLE CARDS ***
santi820: raises $1 to $2
BoyLoc0: folds 
Seavus10: folds 
Casti180476: calls $1.50
ghc_2: calls $1
*** FLOP *** [As 7c 6d]
Casti180476: checks 
ghc_2: checks 
santi820: checks 
*** TURN *** [As 7c 6d] [9h]
Casti180476: bets $1
Timonessb joins the table at seat #1 
ghc_2: folds 
santi820: folds 
Uncalled bet ($1) returned to Casti180476
Casti180476 collected $5.70 from pot
*** SUMMARY ***
Total pot $6 | Rake $0.30 
Board [As 7c 6d 9h]
Seat 2: Casti180476 (small blind) collected ($5.70)
Seat 3: ghc_2 (big blind) folded on the Turn
Seat 4: santi820 folded on the Turn
Seat 5: BoyLoc0 folded before Flop (didn't bet)
Seat 6: Seavus10 (button) folded before Flop (didn't bet)



PokerStars Hand #254630512826:  Hold'em No Limit ($0.50/$1.00 USD) - 2025/01/30 23:54:20 WET [2025/01/30 18:54:20 ET]
Table 'Themis II' 6-max Seat #2 is the button
Seat 1: Timonessb ($100 in chips) is sitting out
Seat 2: Casti180476 ($142.86 in chips) 
Seat 3: ghc_2 ($112.40 in chips) 
Seat 4: santi820 ($229.14 in chips) 
Seat 5: BoyLoc0 ($102.37 in chips) 
Seat 6: Seavus10 ($109.18 in chips) 
ghc_2: posts small blind $0.50
santi820: posts big blind $1
Timonessb: sits out 
*** HOLE CARDS ***
BoyLoc0: folds 
Seavus10: folds 
Casti180476: folds 
ghc_2: folds 
Uncalled bet ($0.50) returned to santi820
santi820 collected $1 from pot
santi820: doesn't show hand 
*** SUMMARY ***
Total pot $1 | Rake $0 
Seat 1: Timonessb
Seat 2: Casti180476 (button) folded before Flop (didn't bet)
Seat 3: ghc_2 (small blind) folded before Flop
Seat 4: santi820 (big blind) collected ($1)
Seat 5: BoyLoc0 folded before Flop (didn't bet)
Seat 6: Seavus10 folded before Flop (didn't bet)



PokerStars Hand #254630515956:  Hold'em No Limit ($0.50/$1.00 USD) - 2025/01/30 23:54:34 WET [2025/01/30 18:54:34 ET]
Table 'Themis II' 6-max Seat #3 is the button
Seat 1: Timonessb ($100 in chips) is sitting out
Seat 2: Casti180476 ($142.86 in chips) 
Seat 3: ghc_2 ($111.90 in chips) 
Seat 4: santi820 ($229.64 in chips) 
Seat 5: BoyLoc0 ($102.37 in chips) 
Seat 6: Seavus10 ($109.18 in chips) 
santi820: posts small blind $0.50
BoyLoc0: posts big blind $1
Timonessb: sits out 
*** HOLE CARDS ***
Seavus10: folds 
Casti180476: calls $1
ghc_2: raises $4 to $5
santi820: raises $11 to $16
BoyLoc0: folds 
Casti180476: folds 
ghc_2: folds 
Uncalled bet ($11) returned to santi820
santi820 collected $12 from pot
santi820: doesn't show hand 
*** SUMMARY ***
Total pot $12 | Rake $0 
Seat 1: Timonessb
Seat 2: Casti180476 folded before Flop
Seat 3: ghc_2 (button) folded before Flop
Seat 4: santi820 (small blind) collected ($12)
Seat 5: BoyLoc0 (big blind) folded before Flop
Seat 6: Seavus10 folded before Flop (didn't bet)



PokerStars Hand #254630527635:  Hold'em No Limit ($0.50/$1.00 USD) - 2025/01/30 23:55:31 WET [2025/01/30 18:55:31 ET]
Table 'Themis II' 6-max Seat #4 is the button
Seat 1: Timonessb ($100 in chips) is sitting out
Seat 2: Casti180476 ($141.86 in chips) 
Seat 3: ghc_2 ($106.90 in chips) 
Seat 4: santi820 ($236.64 in chips) 
Seat 5: BoyLoc0 ($101.37 in chips) 
Seat 6: Seavus10 ($109.18 in chips) 
BoyLoc0: posts small blind $0.50
Seavus10: posts big blind $1
Timonessb: sits out 
*** HOLE CARDS ***
Casti180476: calls $1
ghc_2: folds 
santi820: raises $3 to $4
BoyLoc0: folds 
Seavus10: folds 
Casti180476: calls $3
*** FLOP *** [Kd 4h 7s]
Casti180476: bets $4.51
santi820: raises $5.99 to $10.50
Casti180476: calls $5.99
*** TURN *** [Kd 4h 7s] [Qh]
Casti180476: bets $14.49
santi820: folds 
Uncalled bet ($14.49) returned to Casti180476
Casti180476 collected $28.98 from pot
*** SUMMARY ***
Total pot $30.50 | Rake $1.52 
Board [Kd 4h 7s Qh]
Seat 1: Timonessb
Seat 2: Casti180476 collected ($28.98)
Seat 3: ghc_2 folded before Flop (didn't bet)
Seat 4: santi820 (button) folded on the Turn
Seat 5: BoyLoc0 (small blind) folded before Flop
Seat 6: Seavus10 (big blind) folded before Flop



PokerStars Hand #254630539851:  Hold'em No Limit ($0.50/$1.00 USD) - 2025/01/30 23:56:42 WET [2025/01/30 18:56:42 ET]
Table 'Themis II' 6-max Seat #5 is the button
Seat 1: Timonessb ($100 in chips) 
Seat 2: Casti180476 ($156.34 in chips) 
Seat 3: ghc_2 ($106.90 in chips) 
Seat 4: santi820 ($222.14 in chips) 
Seat 5: BoyLoc0 ($100.87 in chips) 
Seat 6: Seavus10 ($108.18 in chips) 
Seavus10: posts small blind $0.50
Timonessb: posts big blind $1
*** HOLE CARDS ***
Casti180476: folds 
ghc_2: folds 
santi820: folds 
BoyLoc0: folds 
Seavus10: folds 
Uncalled bet ($0.50) returned to Timonessb
Timonessb collected $1 from pot
Timonessb: doesn't show hand 
*** SUMMARY ***
Total pot $1 | Rake $0 
Seat 1: Timonessb (big blind) collected ($1)
Seat 2: Casti180476 folded before Flop (didn't bet)
Seat 3: ghc_2 folded before Flop (didn't bet)
Seat 4: santi820 folded before Flop (didn't bet)
Seat 5: BoyLoc0 (button) folded before Flop (didn't bet)
Seat 6: Seavus10 (small blind) folded before Flop



PokerStars Hand #254630544091:  Hold'em No Limit ($0.50/$1.00 USD) - 2025/01/30 23:57:07 WET [2025/01/30 18:57:07 ET]
Table 'Themis II' 6-max Seat #6 is the button
Seat 1: Timonessb ($100.50 in chips) 
Seat 2: Casti180476 ($156.34 in chips) 
Seat 3: ghc_2 ($106.90 in chips) 
Seat 4: santi820 ($222.14 in chips) 
Seat 5: BoyLoc0 ($100.87 in chips) 
Seat 6: Seavus10 ($107.68 in chips) 
Timonessb: posts small blind $0.50
Casti180476: posts big blind $1
*** HOLE CARDS ***
ghc_2: folds 
santi820: folds 
BoyLoc0: folds 
Seavus10: folds 
Timonessb: raises $2 to $3
Casti180476: calls $2
*** FLOP *** [9d 4h 9h]
Timonessb: bets $2.91
Casti180476: calls $2.91
*** TURN *** [9d 4h 9h] [Jd]
Timonessb: checks 
Casti180476: checks 
*** RIVER *** [9d 4h 9h Jd] [Td]
Timonessb: checks 
Casti180476: checks 
*** SHOW DOWN ***
Timonessb: shows [Ah Qd] (a pair of Nines)
Casti180476: mucks hand 
Timonessb collected $11.23 from pot
*** SUMMARY ***
Total pot $11.82 | Rake $0.59 
Board [9d 4h 9h Jd Td]
Seat 1: Timonessb (small blind) showed [Ah Qd] and won ($11.23) with a pair of Nines
Seat 2: Casti180476 (big blind) mucked
Seat 3: ghc_2 folded before Flop (didn't bet)
Seat 4: santi820 folded before Flop (didn't bet)
Seat 5: BoyLoc0 folded before Flop (didn't bet)
Seat 6: Seavus10 (button) folded before Flop (didn't bet)



PokerStars Hand #254630549694:  Hold'em No Limit ($0.50/$1.00 USD) - 2025/01/30 23:57:40 WET [2025/01/30 18:57:40 ET]
Table 'Themis II' 6-max Seat #1 is the button
Seat 1: Timonessb ($105.82 in chips) 
Seat 2: Casti180476 ($150.43 in chips) 
Seat 3: ghc_2 ($106.90 in chips) 
Seat 4: santi820 ($222.14 in chips) 
Seat 5: BoyLoc0 ($100.87 in chips) 
Seat 6: Seavus10 ($107.68 in chips) 
Casti180476: posts small blind $0.50
ghc_2: posts big blind $1
*** HOLE CARDS ***
santi820: folds 
BoyLoc0: folds 
Seavus10: raises $1.20 to $2.20
Timonessb: folds 
Casti180476: folds 
ghc_2: folds 
Uncalled bet ($1.20) returned to Seavus10
Seavus10 collected $2.50 from pot
Seavus10: doesn't show hand 
*** SUMMARY ***
Total pot $2.50 | Rake $0 
Seat 1: Timonessb (button) folded before Flop (didn't bet)
Seat 2: Casti180476 (small blind) folded before Flop
Seat 3: ghc_2 (big blind) folded before Flop
Seat 4: santi820 folded before Flop (didn't bet)
Seat 5: BoyLoc0 folded before Flop (didn't bet)
Seat 6: Seavus10 collected ($2.50)



PokerStars Hand #254630551510:  Hold'em No Limit ($0.50/$1.00 USD) - 2025/01/30 23:57:51 WET [2025/01/30 18:57:51 ET]
Table 'Themis II' 6-max Seat #2 is the button
Seat 1: Timonessb ($105.82 in chips) 
Seat 2: Casti180476 ($149.93 in chips) 
Seat 3: ghc_2 ($105.90 in chips) 
Seat 4: santi820 ($222.14 in chips) 
Seat 5: BoyLoc0 ($100.87 in chips) 
Seat 6: Seavus10 ($109.18 in chips) 
ghc_2: posts small blind $0.50
santi820: posts big blind $1
*** HOLE CARDS ***
BoyLoc0: folds 
Seavus10: raises $1.20 to $2.20
Timonessb: folds 
Casti180476: calls $2.20
ghc_2: folds 
santi820: folds 
*** FLOP *** [7s Kc 3c]
Seavus10: bets $1.85
Casti180476: calls $1.85
*** TURN *** [7s Kc 3c] [Jd]
Seavus10: bets $7.62
Casti180476: calls $7.62
*** RIVER *** [7s Kc 3c Jd] [6d]
Seavus10: bets $14.74
Casti180476: folds 
Uncalled bet ($14.74) returned to Seavus10
Seavus10 collected $23.60 from pot
Seavus10: doesn't show hand 
*** SUMMARY ***
Total pot $24.84 | Rake $1.24 
Board [7s Kc 3c Jd 6d]
Seat 1: Timonessb folded before Flop (didn't bet)
Seat 2: Casti180476 (button) folded on the River
Seat 3: ghc_2 (small blind) folded before Flop
Seat 4: santi820 (big blind) folded before Flop
Seat 5: BoyLoc0 folded before Flop (didn't bet)
Seat 6: Seavus10 collected ($23.60)



PokerStars Hand #254630563326:  Hold'em No Limit ($0.50/$1.00 USD) - 2025/01/30 23:58:59 WET [2025/01/30 18:58:59 ET]
Table 'Themis II' 6-max Seat #3 is the button
Seat 1: Timonessb ($105.82 in chips) 
Seat 2: Casti180476 ($138.26 in chips) 
Seat 3: ghc_2 ($105.40 in chips) 
Seat 4: santi820 ($221.14 in chips) 
Seat 5: BoyLoc0 ($100.87 in chips) 
Seat 6: Seavus10 ($121.11 in chips) 
santi820: posts small blind $0.50
BoyLoc0: posts big blind $1
*** HOLE CARDS ***
Seavus10: folds 
Timonessb: raises $1.30 to $2.30
Casti180476: folds 
ghc_2: folds 
Casti180476 leaves the table
S3MPR3IGUAL joins the table at seat #2 
santi820: raises $8.20 to $10.50
BoyLoc0: folds 
S3MPR3IGUAL leaves the table
Timonessb: calls $8.20
*** FLOP *** [Kh Qs Js]
Seavus10 is disconnected 
franbasualdo10 joins the table at seat #2 
franbasualdo10 is disconnected 
santi820: bets $6.90
Timonessb: calls $6.90
*** TURN *** [Kh Qs Js] [Tc]
santi820: checks 
Timonessb: bets $23.29
santi820: folds 
Uncalled bet ($23.29) returned to Timonessb
Timonessb collected $34.01 from pot
Timonessb: doesn't show hand 
*** SUMMARY ***
Total pot $35.80 | Rake $1.79 
Board [Kh Qs Js Tc]
Seat 1: Timonessb collected ($34.01)
Seat 2: Casti180476 folded before Flop (didn't bet)
Seat 3: ghc_2 (button) folded before Flop (didn't bet)
Seat 4: santi820 (small blind) folded on the Turn
Seat 5: BoyLoc0 (big blind) folded before Flop
Seat 6: Seavus10 folded before Flop (didn't bet)



PokerStars Hand #254630575243:  Hold'em No Limit ($0.50/$1.00 USD) - 2025/01/30 0:00:09 WET [2025/01/30 19:00:09 ET]
Table 'Themis II' 6-max Seat #4 is the button
Seat 6: Seavus10 ($121.11 in chips) is sitting out
Seat 1: Timonessb ($122.43 in chips) 
Seat 2: franbasualdo10 ($40 in chips) 
Seat 3: ghc_2 ($105.40 in chips) 
Seat 4: santi820 ($203.74 in chips) 
Seat 5: BoyLoc0 ($100 in chips) 
BoyLoc0: posts small blind $0.50
Seavus10 has timed out while disconnected
Seavus10: is sitting out 
Timonessb: posts big blind $1
franbasualdo10: posts big blind $1
*** HOLE CARDS ***
franbasualdo10: checks 
ghc_2: raises $3 to $4
santi820: raises $8 to $12
BoyLoc0: folds 
Timonessb: folds 
franbasualdo10: folds 
ghc_2: folds 
Uncalled bet ($8) returned to santi820
santi820 collected $10.50 from pot
santi820: doesn't show hand 
*** SUMMARY ***
Total pot $10.50 | Rake $0 
Seat 6: Seavus10
Seat 1: Timonessb (big blind) folded before Flop
Seat 2: franbasualdo10 folded before Flop (didn't bet)
Seat 3: ghc_2 folded before Flop
Seat 4: santi820 (button) collected ($10.50)
Seat 5: BoyLoc0 (small blind) folded before Flop



PokerStars Hand #254630584111:  Hold'em No Limit ($0.50/$1.00 USD) - 2025/01/30 0:00:58 WET [2025/01/30 19:00:58 ET]
Table 'Themis II' 6-max Seat #5 is the button
Seat 6: Seavus10 ($121.11 in chips) is sitting out
Seat 1: Timonessb ($121.43 in chips) 
Seat 2: franbasualdo10 ($39 in chips) 
Seat 3: ghc_2 ($101.40 in chips) 
Seat 4: santi820 ($210.24 in chips) 
Seat 5: BoyLoc0 ($100 in chips) 
Timonessb: posts small blind $0.50
franbasualdo10: posts big blind $1
*** HOLE CARDS ***
ghc_2: raises $1 to $2
santi820: folds 
BoyLoc0: raises $5 to $7
Timonessb: folds 
franbasualdo10: folds 
ghc_2: raises $13.50 to $20.50
BoyLoc0: folds 
Uncalled bet ($13.50) returned to ghc_2
ghc_2 collected $15.50 from pot
ghc_2: doesn't show hand 
*** SUMMARY ***
Total pot $15.50 | Rake $0 
Seat 6: Seavus10
Seat 1: Timonessb (small blind) folded before Flop
Seat 2: franbasualdo10 (big blind) folded before Flop
Seat 3: ghc_2 collected ($15.50)
Seat 4: santi820 folded before Flop (didn't bet)
Seat 5: BoyLoc0 (button) folded before Flop



PokerStars Hand #254630591475:  Hold'em No Limit ($0.50/$1.00 USD) - 2025/01/30 0:01:33 WET [2025/01/30 19:01:33 ET]
Table 'Themis II' 6-max Seat #1 is the button
Seat 6: Seavus10 ($121.11 in chips) is sitting out
Seat 1: Timonessb ($120.93 in chips) 
Seat 2: franbasualdo10 ($38 in chips) 
Seat 3: ghc_2 ($109.90 in chips) 
Seat 4: santi820 ($210.24 in chips) 
Seat 5: BoyLoc0 ($100 in chips) 
franbasualdo10: posts small blind $0.50
ghc_2: posts big blind $1
*** HOLE CARDS ***
santi820: folds 
BoyLoc0: folds 
Timonessb: folds 
franbasualdo10: calls $0.50
ghc_2: checks 
*** FLOP *** [8s 9h 3d]
franbasualdo10: checks 
ghc_2: bets $1.43
franbasualdo10: folds 
Uncalled bet ($1.43) returned to ghc_2
ghc_2 collected $1.90 from pot
ghc_2: doesn't show hand 
*** SUMMARY ***
Total pot $2 | Rake $0.10 
Board [8s 9h 3d]
Seat 6: Seavus10
Seat 1: Timonessb (button) folded before Flop (didn't bet)
Seat 2: franbasualdo10 (small blind) folded on the Flop
Seat 3: ghc_2 (big blind) collected ($1.90)
Seat 4: santi820 folded before Flop (didn't bet)
Seat 5: BoyLoc0 folded before Flop (didn't bet)



PokerStars Hand #254630598640:  Hold'em No Limit ($0.50/$1.00 USD) - 2025/01/30 0:02:08 WET [2025/01/30 19:02:08 ET]
Table 'Themis II' 6-max Seat #3 is the button
Seat 2: franbasualdo10 ($37 in chips) is sitting out
Seat 6: Seavus10 ($121.11 in chips) is sitting out
Seat 1: Timonessb ($120.93 in chips) 
Seat 3: ghc_2 ($110.80 in chips) 
Seat 4: santi820 ($210.24 in chips) 
Seat 5: BoyLoc0 ($100 in chips) 
santi820: posts small blind $0.50
BoyLoc0: posts big blind $1
*** HOLE CARDS ***
franbasualdo10 is disconnected 
Timonessb: folds 
ghc_2: folds 
santi820: raises $1.70 to $2.70
BoyLoc0: folds 
Uncalled bet ($1.70) returned to santi820
santi820 collected $2 from pot
santi820: doesn't show hand 
*** SUMMARY ***
Total pot $2 | Rake $0 
Seat 2: franbasualdo10
Seat 6: Seavus10
Seat 1: Timonessb folded before Flop (didn't bet)
Seat 3: ghc_2 (button) folded before Flop (didn't bet)
Seat 4: santi820 (small blind) collected ($2)
Seat 5: BoyLoc0 (big blind) folded before Flop



PokerStars Hand #254630601940:  Hold'em No Limit ($0.50/$1.00 USD) - 2025/01/30 0:02:22 WET [2025/01/30 19:02:22 ET]
Table 'Themis II' 6-max Seat #4 is the button
Seat 1: Timonessb ($120.93 in chips) is sitting out
Seat 2: franbasualdo10 ($37 in chips) is sitting out
Seat 6: Seavus10 ($121.11 in chips) is sitting out
Seat 3: ghc_2 ($110.80 in chips) 
Seat 4: santi820 ($211.24 in chips) 
Seat 5: BoyLoc0 ($100 in chips) 
BoyLoc0: posts small blind $0.50
Timonessb: is sitting out 
ghc_2: posts big blind $1
*** HOLE CARDS ***
santi820: raises $1.50 to $2.50
BoyLoc0: folds 
ghc_2: folds 
Uncalled bet ($1.50) returned to santi820
Timonessb leaves the table
santi820 collected $2.50 from pot
santi820: doesn't show hand 
*** SUMMARY ***
Total pot $2.50 | Rake $0 
Seat 1: Timonessb
Seat 2: franbasualdo10
Seat 6: Seavus10
Seat 3: ghc_2 (big blind) folded before Flop
Seat 4: santi820 (button) collected ($2.50)
Seat 5: BoyLoc0 (small blind) folded before Flop



PokerStars Hand #254630604404:  Hold'em No Limit ($0.50/$1.00 USD) - 2025/01/30 0:02:34 WET [2025/01/30 19:02:34 ET]
Table 'Themis II' 6-max Seat #3 is the button
Seat 2: franbasualdo10 ($37 in chips) is sitting out
Seat 4: santi820 ($212.74 in chips) is sitting out
Seat 6: Seavus10 ($121.11 in chips) is sitting out
Seat 3: ghc_2 ($109.80 in chips) 
Seat 5: BoyLoc0 ($100 in chips) 
ghc_2: posts small blind $0.50
santi820: is sitting out 
BoyLoc0: posts big blind $1
*** HOLE CARDS ***
ghc_2: raises $1.40 to $2.40
BoyLoc0: raises $8.60 to $11
ghc_2: folds 
Uncalled bet ($8.60) returned to BoyLoc0
BoyLoc0 collected $4.80 from pot
BoyLoc0: doesn't show hand 
*** SUMMARY ***
Total pot $4.80 | Rake $0 
Seat 2: franbasualdo10
Seat 4: santi820
Seat 6: Seavus10
Seat 3: ghc_2 (button) (small blind) folded before Flop
Seat 5: BoyLoc0 (big blind) collected ($4.80)



PokerStars Hand #254630608870:  Hold'em No Limit ($0.50/$1.00 USD) - 2025/01/30 0:02:55 WET [2025/01/30 19:02:55 ET]
Table 'Themis II' 6-max Seat #5 is the button
Seat 2: franbasualdo10 ($37 in chips) is sitting out
Seat 4: santi820 ($212.74 in chips) is sitting out
Seat 6: Seavus10 ($121.11 in chips) is sitting out
Seat 3: ghc_2 ($107.40 in chips) 
Seat 5: BoyLoc0 ($102.40 in chips) 
BoyLoc0: posts small blind $0.50
ghc_2: posts big blind $1
*** HOLE CARDS ***
BoyLoc0: folds 
Uncalled bet ($0.50) returned to ghc_2
ghc_2 collected $1 from pot
ghc_2: doesn't show hand 
*** SUMMARY ***
Total pot $1 | Rake $0 
Seat 2: franbasualdo10
Seat 4: santi820
Seat 6: Seavus10
Seat 3: ghc_2 (big blind) collected ($1)
Seat 5: BoyLoc0 (button) (small blind) folded before Flop



