PokerStars Hand #254624443502:  Hold'em No Limit ($0.50/$1.00 USD) - 2025/01/30 18:15:43 WET [2025/01/30 13:15:43 ET]
Table 'Caprera' 6-max Seat #4 is the button
Seat 4: Madsen230986 ($20.30 in chips) 
Seat 5: An1an1 ($100 in chips) 
Madsen230986: posts small blind $0.50
An1an1: posts big blind $1
*** HOLE CARDS ***
Madsen230986: folds 
Uncalled bet ($0.50) returned to An1an1
BumHuntKing joins the table at seat #3 
An1an1 collected $1 from pot
An1an1: doesn't show hand 
*** SUMMARY ***
Total pot $1 | Rake $0 
Seat 4: Madsen230986 (button) (small blind) folded before Flop
Seat 5: An1an1 (big blind) collected ($1)



PokerStars Hand #254624445146:  Hold'em No Limit ($0.50/$1.00 USD) - 2025/01/30 18:15:50 WET [2025/01/30 13:15:50 ET]
Table 'Caprera' 6-max Seat #4 is the button
Seat 3: BumHuntKing ($100 in chips) 
Seat 4: Madsen230986 ($19.80 in chips) 
Seat 5: An1an1 ($100.50 in chips) 
An1an1: posts small blind $0.50
BumHuntKing: posts big blind $1
*** HOLE CARDS ***
sta$igk joins the table at seat #6 
Madsen230986: raises $1 to $2
AlexPinsk1 joins the table at seat #1 
An1an1: folds 
BumHuntKing: folds 
Uncalled bet ($1) returned to Madsen230986
Madsen230986 collected $2.50 from pot
*** SUMMARY ***
Total pot $2.50 | Rake $0 
Seat 3: BumHuntKing (big blind) folded before Flop
Seat 4: Madsen230986 (button) collected ($2.50)
Seat 5: An1an1 (small blind) folded before Flop



PokerStars Hand #254624447680:  Hold'em No Limit ($0.50/$1.00 USD) - 2025/01/30 18:15:59 WET [2025/01/30 13:15:59 ET]
Table 'Caprera' 6-max Seat #5 is the button
Seat 1: AlexPinsk1 ($100 in chips) is sitting out
Seat 6: sta$igk ($100 in chips) is sitting out
Seat 3: BumHuntKing ($100 in chips) 
Seat 4: Madsen230986 ($21.30 in chips) 
Seat 5: An1an1 ($100 in chips) 
BumHuntKing: posts small blind $0.50
Madsen230986: posts big blind $1
*** HOLE CARDS ***
An1an1: raises $1.50 to $2.50
BumHuntKing: folds 
Madsen230986: calls $1.50
*** FLOP *** [Ac 6h Jc]
JUANS2 joins the table at seat #2 
Madsen230986: bets $2.61
An1an1: calls $2.61
*** TURN *** [Ac 6h Jc] [8h]
Madsen230986: bets $5.09
An1an1: calls $5.09
*** RIVER *** [Ac 6h Jc 8h] [Qh]
Madsen230986: checks 
An1an1: bets $11.09
Madsen230986: folds 
Uncalled bet ($11.09) returned to An1an1
An1an1 collected $19.90 from pot
An1an1: doesn't show hand 
*** SUMMARY ***
Total pot $20.90 | Rake $1 
Board [Ac 6h Jc 8h Qh]
Seat 1: AlexPinsk1
Seat 6: sta$igk
Seat 3: BumHuntKing (small blind) folded before Flop
Seat 4: Madsen230986 (big blind) folded on the River
Seat 5: An1an1 (button) collected ($19.90)



PokerStars Hand #254624466891:  Hold'em No Limit ($0.50/$1.00 USD) - 2025/01/30 18:17:12 WET [2025/01/30 13:17:12 ET]
Table 'Caprera' 6-max Seat #3 is the button
Seat 1: AlexPinsk1 ($100 in chips) is sitting out
Seat 2: JUANS2 ($100 in chips) is sitting out
Seat 6: sta$igk ($100 in chips) is sitting out
Seat 3: BumHuntKing ($100 in chips) 
Seat 4: Madsen230986 ($11.10 in chips) 
Seat 5: An1an1 ($109.70 in chips) 
Madsen230986: posts small blind $0.50
An1an1: posts big blind $1
sta$igk: sits out 
AlexPinsk1: sits out 
JUANS2: sits out 
*** HOLE CARDS ***
BumHuntKing: folds 
Madsen230986: folds 
Uncalled bet ($0.50) returned to An1an1
An1an1 collected $1 from pot
An1an1: doesn't show hand 
*** SUMMARY ***
Total pot $1 | Rake $0 
Seat 1: AlexPinsk1
Seat 2: JUANS2
Seat 6: sta$igk
Seat 3: BumHuntKing (button) folded before Flop (didn't bet)
Seat 4: Madsen230986 (small blind) folded before Flop
Seat 5: An1an1 (big blind) collected ($1)



PokerStars Hand #254624469470:  Hold'em No Limit ($0.50/$1.00 USD) - 2025/01/30 18:17:21 WET [2025/01/30 13:17:21 ET]
Table 'Caprera' 6-max Seat #4 is the button
Seat 1: AlexPinsk1 ($100 in chips) is sitting out
Seat 2: JUANS2 ($100 in chips) is sitting out
Seat 3: BumHuntKing ($100 in chips) 
Seat 4: Madsen230986 ($10.60 in chips) 
Seat 5: An1an1 ($110.20 in chips) 
Seat 6: sta$igk ($100 in chips) 
An1an1: posts small blind $0.50
sta$igk: posts big blind $1
AlexPinsk1: sits out 
JUANS2: sits out 
*** HOLE CARDS ***
BumHuntKing: folds 
Madsen230986: raises $1 to $2
An1an1: folds 
sta$igk: calls $1
*** FLOP *** [Th As 8d]
sta$igk: checks 
Madsen230986: bets $2.14
sta$igk: raises $8.56 to $10.70
Madsen230986: calls $6.46 and is all-in
Uncalled bet ($2.10) returned to sta$igk
*** TURN *** [Th As 8d] [7h]
*** RIVER *** [Th As 8d 7h] [6h]
*** SHOW DOWN ***
sta$igk: shows [9s 7s] (a straight, Six to Ten)
Madsen230986: shows [Qd Ks] (high card Ace)
sta$igk collected $20.70 from pot
*** SUMMARY ***
Total pot $21.70 | Rake $1 
Board [Th As 8d 7h 6h]
Seat 1: AlexPinsk1
Seat 2: JUANS2
Seat 3: BumHuntKing folded before Flop (didn't bet)
Seat 4: Madsen230986 (button) showed [Qd Ks] and lost with high card Ace
Seat 5: An1an1 (small blind) folded before Flop
Seat 6: sta$igk (big blind) showed [9s 7s] and won ($20.70) with a straight, Six to Ten



PokerStars Hand #254624479655:  Hold'em No Limit ($0.50/$1.00 USD) - 2025/01/30 18:18:00 WET [2025/01/30 13:18:00 ET]
Table 'Caprera' 6-max Seat #5 is the button
Seat 2: JUANS2 ($100 in chips) is sitting out
Seat 4: Madsen230986 ($0 in chips) is sitting out
Seat 1: AlexPinsk1 ($100 in chips) 
Seat 3: BumHuntKing ($100 in chips) 
Seat 5: An1an1 ($109.70 in chips) 
Seat 6: sta$igk ($110.10 in chips) 
sta$igk: posts small blind $0.50
AlexPinsk1: posts big blind $1
JUANS2: sits out 
*** HOLE CARDS ***
BumHuntKing: raises $1.20 to $2.20
An1an1: raises $5.30 to $7.50
sta$igk: folds 
AlexPinsk1: folds 
Madsen230986 leaves the table
BumHuntKing: folds 
Uncalled bet ($5.30) returned to An1an1
An1an1 collected $5.90 from pot
An1an1: doesn't show hand 
*** SUMMARY ***
Total pot $5.90 | Rake $0 
Seat 2: JUANS2
Seat 4: Madsen230986
Seat 1: AlexPinsk1 (big blind) folded before Flop
Seat 3: BumHuntKing folded before Flop
Seat 5: An1an1 (button) collected ($5.90)
Seat 6: sta$igk (small blind) folded before Flop



PokerStars Hand #254624484095:  Hold'em No Limit ($0.50/$1.00 USD) - 2025/01/30 18:18:17 WET [2025/01/30 13:18:17 ET]
Table 'Caprera' 6-max Seat #6 is the button
Seat 2: JUANS2 ($100 in chips) is sitting out
Seat 1: AlexPinsk1 ($100 in chips) 
Seat 3: BumHuntKing ($100 in chips) 
Seat 5: An1an1 ($113.40 in chips) 
Seat 6: sta$igk ($109.60 in chips) 
AlexPinsk1: posts small blind $0.50
JUANS2: is sitting out 
BumHuntKing: posts big blind $1
*** HOLE CARDS ***
An1an1: raises $1 to $2
JUANS2 leaves the table
sta$igk: folds 
AlexPinsk1: folds 
BumHuntKing: folds 
Uncalled bet ($1) returned to An1an1
An1an1 collected $2.50 from pot
An1an1: doesn't show hand 
*** SUMMARY ***
Total pot $2.50 | Rake $0 
Seat 2: JUANS2
Seat 1: AlexPinsk1 (small blind) folded before Flop
Seat 3: BumHuntKing (big blind) folded before Flop
Seat 5: An1an1 collected ($2.50)
Seat 6: sta$igk (button) folded before Flop (didn't bet)



