PokerStars Hand #254647582895:  Hold'em No Limit ($0.50/$1.00 USD) - 2025/01/31 3:17:24 WET [2025/01/31 22:17:24 ET]
Table 'Ausonia' 6-max Seat #2 is the button
Seat 4: andutu34 ($147.58 in chips) is sitting out
Seat 6: Joe_Carlos ($87.87 in chips) is sitting out
Seat 1: m0nTTu ($100 in chips) 
Seat 2: TGrour ($48.89 in chips) 
Seat 3: Rysiff ($100 in chips) 
Seat 5: fobot21 ($100 in chips) 
Rysiff: posts small blind $0.50
andutu34: is sitting out 
fobot21: posts big blind $1
Joe_Carlos: sits out 
*** HOLE CARDS ***
m0nTTu: folds 
TGrour: folds 
andutu34 leaves the table
Rysiff: folds 
Uncalled bet ($0.50) returned to fobot21
fobot21 collected $1 from pot
fobot21: doesn't show hand 
*** SUMMARY ***
Total pot $1 | Rake $0 
Seat 4: andutu34
Seat 6: Joe_Carlos
Seat 1: m0nTTu folded before Flop (didn't bet)
Seat 2: TGrour (button) folded before Flop (didn't bet)
Seat 3: Rysiff (small blind) folded before Flop
Seat 5: fobot21 (big blind) collected ($1)



PokerStars Hand #254647584743:  Hold'em No Limit ($0.50/$1.00 USD) - 2025/01/31 3:17:37 WET [2025/01/31 22:17:37 ET]
Table 'Ausonia' 6-max Seat #3 is the button
Seat 1: m0nTTu ($100 in chips) 
Seat 2: TGrour ($48.89 in chips) 
Seat 3: Rysiff ($100 in chips) 
Seat 5: fobot21 ($100.50 in chips) 
Seat 6: Joe_Carlos ($87.87 in chips) 
fobot21: posts small blind $0.50
Joe_Carlos: posts big blind $1
*** HOLE CARDS ***
m0nTTu: folds 
TGrour: folds 
Rysiff: raises $1.50 to $2.50
fobot21: folds 
Joe_Carlos: folds 
Uncalled bet ($1.50) returned to Rysiff
Rysiff collected $2.50 from pot
Rysiff: doesn't show hand 
*** SUMMARY ***
Total pot $2.50 | Rake $0 
Seat 1: m0nTTu folded before Flop (didn't bet)
Seat 2: TGrour folded before Flop (didn't bet)
Seat 3: Rysiff (button) collected ($2.50)
Seat 5: fobot21 (small blind) folded before Flop
Seat 6: Joe_Carlos (big blind) folded before Flop



PokerStars Hand #254647588750:  Hold'em No Limit ($0.50/$1.00 USD) - 2025/01/31 3:18:05 WET [2025/01/31 22:18:05 ET]
Table 'Ausonia' 6-max Seat #5 is the button
Seat 1: m0nTTu ($100 in chips) is sitting out
Seat 2: TGrour ($48.89 in chips) 
Seat 3: Rysiff ($101.50 in chips) 
Seat 5: fobot21 ($100 in chips) 
Seat 6: Joe_Carlos ($86.87 in chips) 
Joe_Carlos: posts small blind $0.50
m0nTTu: is sitting out 
TGrour: posts big blind $1
*** HOLE CARDS ***
Rysiff: raises $1.50 to $2.50
fobot21: folds 
Joe_Carlos: folds 
TGrour: folds 
Uncalled bet ($1.50) returned to Rysiff
Rysiff collected $2.50 from pot
Rysiff: doesn't show hand 
*** SUMMARY ***
Total pot $2.50 | Rake $0 
Seat 1: m0nTTu
Seat 2: TGrour (big blind) folded before Flop
Seat 3: Rysiff collected ($2.50)
Seat 5: fobot21 (button) folded before Flop (didn't bet)
Seat 6: Joe_Carlos (small blind) folded before Flop



PokerStars Hand #254647591840:  Hold'em No Limit ($0.50/$1.00 USD) - 2025/01/31 3:18:27 WET [2025/01/31 22:18:27 ET]
Table 'Ausonia' 6-max Seat #6 is the button
Seat 1: m0nTTu ($100 in chips) is sitting out
Seat 2: TGrour ($47.89 in chips) 
Seat 3: Rysiff ($103 in chips) 
Seat 5: fobot21 ($100 in chips) 
Seat 6: Joe_Carlos ($86.37 in chips) 
TGrour: posts small blind $0.50
Rysiff: posts big blind $1
*** HOLE CARDS ***
fobot21: folds 
m0nTTu leaves the table
Joe_Carlos: folds 
TGrour: calls $0.50
Rysiff: checks 
*** FLOP *** [8s 6c 4c]
TGrour: checks 
Rysiff: bets $1
TGrour: calls $1
*** TURN *** [8s 6c 4c] [Kh]
TGrour: checks 
Rysiff: checks 
*** RIVER *** [8s 6c 4c Kh] [3d]
TGrour: checks 
Rysiff: checks 
*** SHOW DOWN ***
TGrour: shows [Js Jc] (a pair of Jacks)
Rysiff: mucks hand 
TGrour collected $3.80 from pot
*** SUMMARY ***
Total pot $4 | Rake $0.20 
Board [8s 6c 4c Kh 3d]
Seat 1: m0nTTu
Seat 2: TGrour (small blind) showed [Js Jc] and won ($3.80) with a pair of Jacks
Seat 3: Rysiff (big blind) mucked
Seat 5: fobot21 folded before Flop (didn't bet)
Seat 6: Joe_Carlos (button) folded before Flop (didn't bet)



PokerStars Hand #254647598631:  Hold'em No Limit ($0.50/$1.00 USD) - 2025/01/31 3:19:15 WET [2025/01/31 22:19:15 ET]
Table 'Ausonia' 6-max Seat #2 is the button
Seat 5: fobot21 ($100 in chips) is sitting out
Seat 2: TGrour ($49.69 in chips) 
Seat 3: Rysiff ($101 in chips) 
Seat 6: Joe_Carlos ($86.37 in chips) 
Rysiff: posts small blind $0.50
fobot21: is sitting out 
Joe_Carlos: posts big blind $1
*** HOLE CARDS ***
TGrour: raises $2.50 to $3.50
Rysiff: raises $8.50 to $12
Joe_Carlos: folds 
TGrour: folds 
Uncalled bet ($8.50) returned to Rysiff
Rysiff collected $8 from pot
Rysiff: doesn't show hand 
*** SUMMARY ***
Total pot $8 | Rake $0 
Seat 5: fobot21
Seat 2: TGrour (button) folded before Flop
Seat 3: Rysiff (small blind) collected ($8)
Seat 6: Joe_Carlos (big blind) folded before Flop



PokerStars Hand #254647603427:  Hold'em No Limit ($0.50/$1.00 USD) - 2025/01/31 3:19:49 WET [2025/01/31 22:19:49 ET]
Table 'Ausonia' 6-max Seat #3 is the button
Seat 5: fobot21 ($100 in chips) is sitting out
Seat 2: TGrour ($46.19 in chips) 
Seat 3: Rysiff ($105.50 in chips) 
Seat 6: Joe_Carlos ($85.37 in chips) 
Joe_Carlos: posts small blind $0.50
TGrour: posts big blind $1
*** HOLE CARDS ***
Rysiff: raises $1.50 to $2.50
Joe_Carlos: folds 
fobot21 leaves the table
TGrour: raises $1.50 to $4
Rysiff: calls $1.50
*** FLOP *** [8c As 9c]
TGrour: bets $8.08
Rysiff: calls $8.08
*** TURN *** [8c As 9c] [2h]
TGrour: bets $1
Rysiff: calls $1
*** RIVER *** [8c As 9c 2h] [6h]
TGrour: bets $1
Rysiff: folds 
Uncalled bet ($1) returned to TGrour
TGrour collected $25.66 from pot
TGrour: doesn't show hand 
*** SUMMARY ***
Total pot $26.66 | Rake $1 
Board [8c As 9c 2h 6h]
Seat 5: fobot21
Seat 2: TGrour (big blind) collected ($25.66)
Seat 3: Rysiff (button) folded on the River
Seat 6: Joe_Carlos (small blind) folded before Flop



PokerStars Hand #254647610391:  Hold'em No Limit ($0.50/$1.00 USD) - 2025/01/31 3:20:38 WET [2025/01/31 22:20:38 ET]
Table 'Ausonia' 6-max Seat #6 is the button
Seat 2: TGrour ($58.77 in chips) 
Seat 3: Rysiff ($100 in chips) 
Seat 6: Joe_Carlos ($84.87 in chips) 
TGrour: posts small blind $0.50
Rysiff: posts big blind $1
*** HOLE CARDS ***
Joe_Carlos: folds 
TGrour: folds 
Uncalled bet ($0.50) returned to Rysiff
Rysiff collected $1 from pot
Rysiff: doesn't show hand 
*** SUMMARY ***
Total pot $1 | Rake $0 
Seat 2: TGrour (small blind) folded before Flop
Seat 3: Rysiff (big blind) collected ($1)
Seat 6: Joe_Carlos (button) folded before Flop (didn't bet)



PokerStars Hand #254647611892:  Hold'em No Limit ($0.50/$1.00 USD) - 2025/01/31 3:20:49 WET [2025/01/31 22:20:49 ET]
Table 'Ausonia' 6-max Seat #2 is the button
Seat 2: TGrour ($58.27 in chips) 
Seat 3: Rysiff ($100.50 in chips) 
Seat 6: Joe_Carlos ($84.87 in chips) 
Rysiff: posts small blind $0.50
Joe_Carlos: posts big blind $1
*** HOLE CARDS ***
TGrour: raises $1 to $2
Rysiff: folds 
Joe_Carlos: calls $1
*** FLOP *** [Th 7d 3s]
Joe_Carlos: checks 
TGrour: checks 
*** TURN *** [Th 7d 3s] [Kh]
Joe_Carlos: checks 
TGrour: checks 
*** RIVER *** [Th 7d 3s Kh] [8s]
Joe_Carlos: bets $3.21
TGrour: calls $3.21
*** SHOW DOWN ***
Joe_Carlos: shows [8h Ad] (a pair of Eights)
TGrour: mucks hand 
Joe_Carlos collected $10.37 from pot
*** SUMMARY ***
Total pot $10.92 | Rake $0.55 
Board [Th 7d 3s Kh 8s]
Seat 2: TGrour (button) mucked
Seat 3: Rysiff (small blind) folded before Flop
Seat 6: Joe_Carlos (big blind) showed [8h Ad] and won ($10.37) with a pair of Eights



PokerStars Hand #254647618474:  Hold'em No Limit ($0.50/$1.00 USD) - 2025/01/31 3:21:36 WET [2025/01/31 22:21:36 ET]
Table 'Ausonia' 6-max Seat #3 is the button
Seat 2: TGrour ($53.06 in chips) 
Seat 3: Rysiff ($100 in chips) 
Seat 6: Joe_Carlos ($90.03 in chips) 
Joe_Carlos: posts small blind $0.50
TGrour: posts big blind $1
*** HOLE CARDS ***
Rysiff: folds 
Joe_Carlos: folds 
Uncalled bet ($0.50) returned to TGrour
TGrour collected $1 from pot
TGrour: doesn't show hand 
Joe_Carlos leaves the table
*** SUMMARY ***
Total pot $1 | Rake $0 
Seat 2: TGrour (big blind) collected ($1)
Seat 3: Rysiff (button) folded before Flop (didn't bet)
Seat 6: Joe_Carlos (small blind) folded before Flop



PokerStars Hand #254647620315:  Hold'em No Limit ($0.50/$1.00 USD) - 2025/01/31 3:21:49 WET [2025/01/31 22:21:49 ET]
Table 'Ausonia' 6-max Seat #2 is the button
Seat 2: TGrour ($53.56 in chips) 
Seat 3: Rysiff ($100 in chips) 
TGrour: posts small blind $0.50
Rysiff: posts big blind $1
*** HOLE CARDS ***
TGrour: folds 
Uncalled bet ($0.50) returned to Rysiff
Rysiff collected $1 from pot
Rysiff: doesn't show hand 
*** SUMMARY ***
Total pot $1 | Rake $0 
Seat 2: TGrour (button) (small blind) folded before Flop
Seat 3: Rysiff (big blind) collected ($1)



PokerStars Hand #254647621293:  Hold'em No Limit ($0.50/$1.00 USD) - 2025/01/31 3:21:56 WET [2025/01/31 22:21:56 ET]
Table 'Ausonia' 6-max Seat #3 is the button
Seat 2: TGrour ($53.06 in chips) 
Seat 3: Rysiff ($100.50 in chips) 
Rysiff: posts small blind $0.50
TGrour: posts big blind $1
*** HOLE CARDS ***
Rysiff: raises $1.50 to $2.50
TGrour: calls $1.50
*** FLOP *** [Ac 2c Tc]
TGrour: bets $1
Rysiff: folds 
Uncalled bet ($1) returned to TGrour
TGrour collected $4.75 from pot
TGrour: doesn't show hand 
*** SUMMARY ***
Total pot $5 | Rake $0.25 
Board [Ac 2c Tc]
Seat 2: TGrour (big blind) collected ($4.75)
Seat 3: Rysiff (button) (small blind) folded on the Flop



PokerStars Hand #254647625318:  Hold'em No Limit ($0.50/$1.00 USD) - 2025/01/31 3:22:25 WET [2025/01/31 22:22:25 ET]
Table 'Ausonia' 6-max Seat #2 is the button
Seat 2: TGrour ($55.31 in chips) 
Seat 3: Rysiff ($100 in chips) 
TGrour: posts small blind $0.50
Rysiff: posts big blind $1
*** HOLE CARDS ***
TGrour: calls $0.50
Rysiff: raises $4 to $5
TGrour: calls $4
*** FLOP *** [2d 5c 9h]
Rysiff: bets $4.75
TGrour: calls $4.75
*** TURN *** [2d 5c 9h] [7c]
Rysiff: checks 
TGrour: checks 
*** RIVER *** [2d 5c 9h 7c] [5s]
Rysiff: checks 
TGrour: checks 
*** SHOW DOWN ***
Rysiff: shows [Jc Kd] (a pair of Fives)
TGrour: shows [3s 9s] (two pair, Nines and Fives)
TGrour collected $18.52 from pot
*** SUMMARY ***
Total pot $19.50 | Rake $0.98 
Board [2d 5c 9h 7c 5s]
Seat 2: TGrour (button) (small blind) showed [3s 9s] and won ($18.52) with two pair, Nines and Fives
Seat 3: Rysiff (big blind) showed [Jc Kd] and lost with a pair of Fives



PokerStars Hand #254647636715:  Hold'em No Limit ($0.50/$1.00 USD) - 2025/01/31 3:23:47 WET [2025/01/31 22:23:47 ET]
Table 'Ausonia' 6-max Seat #3 is the button
Seat 2: TGrour ($64.08 in chips) 
Seat 3: Rysiff ($100 in chips) 
Rysiff: posts small blind $0.50
TGrour: posts big blind $1
*** HOLE CARDS ***
Rysiff: raises $1.50 to $2.50
TGrour: calls $1.50
*** FLOP *** [As Qh 2d]
TGrour: checks 
Rysiff: bets $3.80
TGrour: folds 
Uncalled bet ($3.80) returned to Rysiff
Rysiff collected $4.75 from pot
Rysiff: doesn't show hand 
*** SUMMARY ***
Total pot $5 | Rake $0.25 
Board [As Qh 2d]
Seat 2: TGrour (big blind) folded on the Flop
Seat 3: Rysiff (button) (small blind) collected ($4.75)



PokerStars Hand #254647641949:  Hold'em No Limit ($0.50/$1.00 USD) - 2025/01/31 3:24:25 WET [2025/01/31 22:24:25 ET]
Table 'Ausonia' 6-max Seat #2 is the button
Seat 2: TGrour ($61.58 in chips) 
Seat 3: Rysiff ($102.25 in chips) 
TGrour: posts small blind $0.50
Rysiff: posts big blind $1
*** HOLE CARDS ***
TGrour: folds 
Uncalled bet ($0.50) returned to Rysiff
Rysiff collected $1 from pot
Rysiff: doesn't show hand 
*** SUMMARY ***
Total pot $1 | Rake $0 
Seat 2: TGrour (button) (small blind) folded before Flop
Seat 3: Rysiff (big blind) collected ($1)



PokerStars Hand #254647642860:  Hold'em No Limit ($0.50/$1.00 USD) - 2025/01/31 3:24:31 WET [2025/01/31 22:24:31 ET]
Table 'Ausonia' 6-max Seat #3 is the button
Seat 2: TGrour ($61.08 in chips) 
Seat 3: Rysiff ($102.75 in chips) 
Rysiff: posts small blind $0.50
TGrour: posts big blind $1
*** HOLE CARDS ***
Rysiff: folds 
Uncalled bet ($0.50) returned to TGrour
TGrour collected $1 from pot
TGrour: doesn't show hand 
*** SUMMARY ***
Total pot $1 | Rake $0 
Seat 2: TGrour (big blind) collected ($1)
Seat 3: Rysiff (button) (small blind) folded before Flop



PokerStars Hand #254647643929:  Hold'em No Limit ($0.50/$1.00 USD) - 2025/01/31 3:24:39 WET [2025/01/31 22:24:39 ET]
Table 'Ausonia' 6-max Seat #2 is the button
Seat 2: TGrour ($61.58 in chips) 
Seat 3: Rysiff ($102.25 in chips) 
TGrour: posts small blind $0.50
Rysiff: posts big blind $1
*** HOLE CARDS ***
TGrour: calls $0.50
Rysiff: checks 
*** FLOP *** [7d 8c 6c]
Rysiff: checks 
TGrour: checks 
*** TURN *** [7d 8c 6c] [2d]
Rysiff: bets $5
TGrour: raises $5 to $10
Rysiff: raises $91.25 to $101.25 and is all-in
TGrour: folds 
Uncalled bet ($91.25) returned to Rysiff
Rysiff collected $21 from pot
Rysiff: doesn't show hand 
*** SUMMARY ***
Total pot $22 | Rake $1 
Board [7d 8c 6c 2d]
Seat 2: TGrour (button) (small blind) folded on the Turn
Seat 3: Rysiff (big blind) collected ($21)



PokerStars Hand #254647650417:  Hold'em No Limit ($0.50/$1.00 USD) - 2025/01/31 3:25:26 WET [2025/01/31 22:25:26 ET]
Table 'Ausonia' 6-max Seat #3 is the button
Seat 2: TGrour ($50.58 in chips) 
Seat 3: Rysiff ($112.25 in chips) 
Rysiff: posts small blind $0.50
TGrour: posts big blind $1
*** HOLE CARDS ***
Rysiff: raises $1.50 to $2.50
TGrour: calls $1.50
*** FLOP *** [Ts 3d 6h]
TGrour: checks 
Rysiff: bets $3.80
TGrour: folds 
Uncalled bet ($3.80) returned to Rysiff
Rysiff collected $4.75 from pot
Rysiff: doesn't show hand 
*** SUMMARY ***
Total pot $5 | Rake $0.25 
Board [Ts 3d 6h]
Seat 2: TGrour (big blind) folded on the Flop
Seat 3: Rysiff (button) (small blind) collected ($4.75)



PokerStars Hand #254647654133:  Hold'em No Limit ($0.50/$1.00 USD) - 2025/01/31 3:25:52 WET [2025/01/31 22:25:52 ET]
Table 'Ausonia' 6-max Seat #2 is the button
Seat 2: TGrour ($48.08 in chips) 
Seat 3: Rysiff ($114.50 in chips) 
TGrour: posts small blind $0.50
Rysiff: posts big blind $1
*** HOLE CARDS ***
TGrour: calls $0.50
Rysiff: checks 
*** FLOP *** [6h 4s As]
Rysiff: checks 
TGrour: checks 
*** TURN *** [6h 4s As] [2s]
Rysiff: checks 
TGrour: checks 
*** RIVER *** [6h 4s As 2s] [5c]
Rysiff: checks 
TGrour: checks 
*** SHOW DOWN ***
Rysiff: shows [9c Jh] (high card Ace)
TGrour: mucks hand 
Rysiff collected $1.90 from pot
*** SUMMARY ***
Total pot $2 | Rake $0.10 
Board [6h 4s As 2s 5c]
Seat 2: TGrour (button) (small blind) mucked
Seat 3: Rysiff (big blind) showed [9c Jh] and won ($1.90) with high card Ace



PokerStars Hand #254647657790:  Hold'em No Limit ($0.50/$1.00 USD) - 2025/01/31 3:26:18 WET [2025/01/31 22:26:18 ET]
Table 'Ausonia' 6-max Seat #3 is the button
Seat 2: TGrour ($47.08 in chips) 
Seat 3: Rysiff ($115.40 in chips) 
Rysiff: posts small blind $0.50
TGrour: posts big blind $1
*** HOLE CARDS ***
Rysiff: raises $2 to $3
TGrour: folds 
Uncalled bet ($2) returned to Rysiff
Rysiff collected $2 from pot
Rysiff: doesn't show hand 
*** SUMMARY ***
Total pot $2 | Rake $0 
Seat 2: TGrour (big blind) folded before Flop
Seat 3: Rysiff (button) (small blind) collected ($2)



PokerStars Hand #254647659908:  Hold'em No Limit ($0.50/$1.00 USD) - 2025/01/31 3:26:33 WET [2025/01/31 22:26:33 ET]
Table 'Ausonia' 6-max Seat #2 is the button
Seat 2: TGrour ($46.08 in chips) 
Seat 3: Rysiff ($116.40 in chips) 
TGrour: posts small blind $0.50
Rysiff: posts big blind $1
*** HOLE CARDS ***
TGrour: calls $0.50
Rysiff: raises $4 to $5
TGrour: calls $4
*** FLOP *** [Kd 3s Js]
Rysiff: bets $3.14
TGrour: calls $3.14
*** TURN *** [Kd 3s Js] [9d]
Rysiff: checks 
TGrour: checks 
*** RIVER *** [Kd 3s Js 9d] [Qs]
Rysiff: bets $5.11
TGrour: raises $5.11 to $10.22
Rysiff: folds 
Uncalled bet ($5.11) returned to TGrour
TGrour collected $25.50 from pot
TGrour: doesn't show hand 
*** SUMMARY ***
Total pot $26.50 | Rake $1 
Board [Kd 3s Js 9d Qs]
Seat 2: TGrour (button) (small blind) collected ($25.50)
Seat 3: Rysiff (big blind) folded on the River



PokerStars Hand #254647667833:  Hold'em No Limit ($0.50/$1.00 USD) - 2025/01/31 3:27:32 WET [2025/01/31 22:27:32 ET]
Table 'Ausonia' 6-max Seat #3 is the button
Seat 2: TGrour ($58.33 in chips) 
Seat 3: Rysiff ($103.15 in chips) 
Rysiff: posts small blind $0.50
TGrour: posts big blind $1
*** HOLE CARDS ***
Rysiff: raises $2 to $3
TGrour: calls $2
*** FLOP *** [9s 2d Kd]
TGrour: checks 
Rysiff: bets $2.85
TGrour: raises $2.85 to $5.70
Rysiff: calls $2.85
*** TURN *** [9s 2d Kd] [2c]
TGrour: bets $1
Rysiff: calls $1
*** RIVER *** [9s 2d Kd 2c] [7h]
TGrour: bets $1
Rysiff: calls $1
*** SHOW DOWN ***
TGrour: shows [Qs 8h] (a pair of Deuces)
Rysiff: shows [9d 8d] (two pair, Nines and Deuces)
Rysiff collected $20.40 from pot
*** SUMMARY ***
Total pot $21.40 | Rake $1 
Board [9s 2d Kd 2c 7h]
Seat 2: TGrour (big blind) showed [Qs 8h] and lost with a pair of Deuces
Seat 3: Rysiff (button) (small blind) showed [9d 8d] and won ($20.40) with two pair, Nines and Deuces



PokerStars Hand #254647674570:  Hold'em No Limit ($0.50/$1.00 USD) - 2025/01/31 3:28:21 WET [2025/01/31 22:28:21 ET]
Table 'Ausonia' 6-max Seat #2 is the button
Seat 2: TGrour ($47.63 in chips) 
Seat 3: Rysiff ($112.85 in chips) 
TGrour: posts small blind $0.50
Rysiff: posts big blind $1
*** HOLE CARDS ***
TGrour: calls $0.50
Rysiff: checks 
*** FLOP *** [7c 7h Qh]
Rysiff: checks 
TGrour: checks 
*** TURN *** [7c 7h Qh] [8s]
Rysiff: checks 
TGrour: checks 
*** RIVER *** [7c 7h Qh 8s] [Ad]
Rysiff: checks 
TGrour: checks 
*** SHOW DOWN ***
Rysiff: shows [Kd 5h] (a pair of Sevens)
TGrour: mucks hand 
Rysiff collected $1.90 from pot
*** SUMMARY ***
Total pot $2 | Rake $0.10 
Board [7c 7h Qh 8s Ad]
Seat 2: TGrour (button) (small blind) mucked
Seat 3: Rysiff (big blind) showed [Kd 5h] and won ($1.90) with a pair of Sevens



PokerStars Hand #254647681402:  Hold'em No Limit ($0.50/$1.00 USD) - 2025/01/31 3:29:12 WET [2025/01/31 22:29:12 ET]
Table 'Ausonia' 6-max Seat #3 is the button
Seat 2: TGrour ($46.63 in chips) 
Seat 3: Rysiff ($113.75 in chips) 
Rysiff: posts small blind $0.50
TGrour: posts big blind $1
*** HOLE CARDS ***
Rysiff: raises $1.50 to $2.50
TGrour: calls $1.50
*** FLOP *** [9d Th 6s]
TGrour: checks 
Rysiff: checks 
*** TURN *** [9d Th 6s] [Js]
TGrour: checks 
Rysiff: checks 
*** RIVER *** [9d Th 6s Js] [Td]
TGrour: bets $1
Rysiff: folds 
Uncalled bet ($1) returned to TGrour
TGrour collected $4.75 from pot
TGrour: doesn't show hand 
*** SUMMARY ***
Total pot $5 | Rake $0.25 
Board [9d Th 6s Js Td]
Seat 2: TGrour (big blind) collected ($4.75)
Seat 3: Rysiff (button) (small blind) folded on the River



PokerStars Hand #254647688303:  Hold'em No Limit ($0.50/$1.00 USD) - 2025/01/31 3:30:03 WET [2025/01/31 22:30:03 ET]
Table 'Ausonia' 6-max Seat #2 is the button
Seat 2: TGrour ($48.88 in chips) 
Seat 3: Rysiff ($111.25 in chips) 
TGrour: posts small blind $0.50
Rysiff: posts big blind $1
*** HOLE CARDS ***
TGrour: folds 
Uncalled bet ($0.50) returned to Rysiff
Rysiff collected $1 from pot
Rysiff: doesn't show hand 
*** SUMMARY ***
Total pot $1 | Rake $0 
Seat 2: TGrour (button) (small blind) folded before Flop
Seat 3: Rysiff (big blind) collected ($1)



PokerStars Hand #254647689253:  Hold'em No Limit ($0.50/$1.00 USD) - 2025/01/31 3:30:10 WET [2025/01/31 22:30:10 ET]
Table 'Ausonia' 6-max Seat #3 is the button
Seat 2: TGrour ($48.38 in chips) 
Seat 3: Rysiff ($111.75 in chips) 
Rysiff: posts small blind $0.50
TGrour: posts big blind $1
*** HOLE CARDS ***
Rysiff: raises $2 to $3
TGrour: calls $2
*** FLOP *** [Jc 2d Jd]
TGrour: checks 
Rysiff: bets $2.85
TGrour: calls $2.85
*** TURN *** [Jc 2d Jd] [9d]
TGrour: checks 
Rysiff: checks 
*** RIVER *** [Jc 2d Jd 9d] [9h]
TGrour: checks 
Rysiff: bets $8.90
TGrour: calls $8.90
*** SHOW DOWN ***
Rysiff: shows [9c 7c] (a full house, Nines full of Jacks)
TGrour: mucks hand 
Rysiff collected $28.50 from pot
*** SUMMARY ***
Total pot $29.50 | Rake $1 
Board [Jc 2d Jd 9d 9h]
Seat 2: TGrour (big blind) mucked
Seat 3: Rysiff (button) (small blind) showed [9c 7c] and won ($28.50) with a full house, Nines full of Jacks



PokerStars Hand #254647693335:  Hold'em No Limit ($0.50/$1.00 USD) - 2025/01/31 3:30:40 WET [2025/01/31 22:30:40 ET]
Table 'Ausonia' 6-max Seat #2 is the button
Seat 2: TGrour ($33.63 in chips) 
Seat 3: Rysiff ($125.50 in chips) 
TGrour: posts small blind $0.50
Rysiff: posts big blind $1
*** HOLE CARDS ***
TGrour: folds 
Uncalled bet ($0.50) returned to Rysiff
Rysiff collected $1 from pot
Rysiff: doesn't show hand 
*** SUMMARY ***
Total pot $1 | Rake $0 
Seat 2: TGrour (button) (small blind) folded before Flop
Seat 3: Rysiff (big blind) collected ($1)



PokerStars Hand #254647694365:  Hold'em No Limit ($0.50/$1.00 USD) - 2025/01/31 3:30:47 WET [2025/01/31 22:30:47 ET]
Table 'Ausonia' 6-max Seat #3 is the button
Seat 2: TGrour ($33.13 in chips) 
Seat 3: Rysiff ($126 in chips) 
Rysiff: posts small blind $0.50
TGrour: posts big blind $1
*** HOLE CARDS ***
Rysiff: folds 
Uncalled bet ($0.50) returned to TGrour
TGrour collected $1 from pot
TGrour: doesn't show hand 
*** SUMMARY ***
Total pot $1 | Rake $0 
Seat 2: TGrour (big blind) collected ($1)
Seat 3: Rysiff (button) (small blind) folded before Flop



PokerStars Hand #254647695197:  Hold'em No Limit ($0.50/$1.00 USD) - 2025/01/31 3:30:53 WET [2025/01/31 22:30:53 ET]
Table 'Ausonia' 6-max Seat #2 is the button
Seat 2: TGrour ($33.63 in chips) 
Seat 3: Rysiff ($125.50 in chips) 
TGrour: posts small blind $0.50
Rysiff: posts big blind $1
*** HOLE CARDS ***
TGrour: calls $0.50
Rysiff: raises $3 to $4
TGrour: raises $3 to $7
Rysiff: calls $3
*** FLOP *** [Qd 4c As]
Rysiff: checks 
TGrour: bets $1
Rysiff: folds 
Uncalled bet ($1) returned to TGrour
TGrour collected $13.30 from pot
TGrour: doesn't show hand 
*** SUMMARY ***
Total pot $14 | Rake $0.70 
Board [Qd 4c As]
Seat 2: TGrour (button) (small blind) collected ($13.30)
Seat 3: Rysiff (big blind) folded on the Flop



PokerStars Hand #254647699251:  Hold'em No Limit ($0.50/$1.00 USD) - 2025/01/31 3:31:24 WET [2025/01/31 22:31:24 ET]
Table 'Ausonia' 6-max Seat #3 is the button
Seat 2: TGrour ($39.93 in chips) 
Seat 3: Rysiff ($118.50 in chips) 
Rysiff: posts small blind $0.50
TGrour: posts big blind $1
*** HOLE CARDS ***
Rysiff: folds 
Uncalled bet ($0.50) returned to TGrour
TGrour collected $1 from pot
TGrour: doesn't show hand 
*** SUMMARY ***
Total pot $1 | Rake $0 
Seat 2: TGrour (big blind) collected ($1)
Seat 3: Rysiff (button) (small blind) folded before Flop



PokerStars Hand #254647700525:  Hold'em No Limit ($0.50/$1.00 USD) - 2025/01/31 3:31:33 WET [2025/01/31 22:31:33 ET]
Table 'Ausonia' 6-max Seat #2 is the button
Seat 2: TGrour ($40.43 in chips) 
Seat 3: Rysiff ($118 in chips) 
TGrour: posts small blind $0.50
Rysiff: posts big blind $1
*** HOLE CARDS ***
TGrour: calls $0.50
Rysiff: checks 
*** FLOP *** [5c Ad 3c]
Rysiff: checks 
TGrour: bets $1
Rysiff: calls $1
*** TURN *** [5c Ad 3c] [Tc]
Rysiff: checks 
TGrour: checks 
*** RIVER *** [5c Ad 3c Tc] [2c]
Rysiff: checks 
TGrour: checks 
*** SHOW DOWN ***
Rysiff: shows [2d Js] (a pair of Deuces)
TGrour: shows [6h 3h] (a pair of Threes)
TGrour collected $3.80 from pot
*** SUMMARY ***
Total pot $4 | Rake $0.20 
Board [5c Ad 3c Tc 2c]
Seat 2: TGrour (button) (small blind) showed [6h 3h] and won ($3.80) with a pair of Threes
Seat 3: Rysiff (big blind) showed [2d Js] and lost with a pair of Deuces



PokerStars Hand #254647705856:  Hold'em No Limit ($0.50/$1.00 USD) - 2025/01/31 3:32:13 WET [2025/01/31 22:32:13 ET]
Table 'Ausonia' 6-max Seat #3 is the button
Seat 2: TGrour ($42.23 in chips) 
Seat 3: Rysiff ($116 in chips) 
Rysiff: posts small blind $0.50
TGrour: posts big blind $1
*** HOLE CARDS ***
Rysiff: raises $1.50 to $2.50
TGrour: folds 
Uncalled bet ($1.50) returned to Rysiff
Rysiff collected $2 from pot
Rysiff: doesn't show hand 
*** SUMMARY ***
Total pot $2 | Rake $0 
Seat 2: TGrour (big blind) folded before Flop
Seat 3: Rysiff (button) (small blind) collected ($2)



PokerStars Hand #254647707033:  Hold'em No Limit ($0.50/$1.00 USD) - 2025/01/31 3:32:21 WET [2025/01/31 22:32:21 ET]
Table 'Ausonia' 6-max Seat #2 is the button
Seat 2: TGrour ($41.23 in chips) 
Seat 3: Rysiff ($117 in chips) 
TGrour: posts small blind $0.50
Rysiff: posts big blind $1
*** HOLE CARDS ***
TGrour: raises $1 to $2
Rysiff: raises $5 to $7
TGrour: calls $5
*** FLOP *** [8d 7c Ac]
Rysiff: bets $4.39
TGrour: raises $4.39 to $8.78
Rysiff: raises $36.22 to $45
TGrour: calls $25.45 and is all-in
Uncalled bet ($10.77) returned to Rysiff
*** TURN *** [8d 7c Ac] [4d]
*** RIVER *** [8d 7c Ac 4d] [9h]
*** SHOW DOWN ***
Rysiff: shows [Qc Jc] (high card Ace)
TGrour: shows [2s 2d] (a pair of Deuces)
TGrour collected $81.46 from pot
*** SUMMARY ***
Total pot $82.46 | Rake $1 
Board [8d 7c Ac 4d 9h]
Seat 2: TGrour (button) (small blind) showed [2s 2d] and won ($81.46) with a pair of Deuces
Seat 3: Rysiff (big blind) showed [Qc Jc] and lost with high card Ace



PokerStars Hand #254647716084:  Hold'em No Limit ($0.50/$1.00 USD) - 2025/01/31 3:33:27 WET [2025/01/31 22:33:27 ET]
Table 'Ausonia' 6-max Seat #3 is the button
Seat 2: TGrour ($81.46 in chips) 
Seat 3: Rysiff ($100 in chips) 
Rysiff: posts small blind $0.50
TGrour: posts big blind $1
*** HOLE CARDS ***
Rysiff: raises $2 to $3
TGrour: calls $2
*** FLOP *** [Js 9h 6d]
TGrour: checks 
Rysiff: bets $4.56
TGrour: calls $4.56
*** TURN *** [Js 9h 6d] [9c]
TGrour: bets $14.36
Rysiff: folds 
Uncalled bet ($14.36) returned to TGrour
TGrour collected $14.36 from pot
TGrour: doesn't show hand 
*** SUMMARY ***
Total pot $15.12 | Rake $0.76 
Board [Js 9h 6d 9c]
Seat 2: TGrour (big blind) collected ($14.36)
Seat 3: Rysiff (button) (small blind) folded on the Turn



PokerStars Hand #254647721801:  Hold'em No Limit ($0.50/$1.00 USD) - 2025/01/31 3:34:10 WET [2025/01/31 22:34:10 ET]
Table 'Ausonia' 6-max Seat #2 is the button
Seat 2: TGrour ($88.26 in chips) 
Seat 3: Rysiff ($100 in chips) 
TGrour: posts small blind $0.50
Rysiff: posts big blind $1
*** HOLE CARDS ***
TGrour: folds 
Uncalled bet ($0.50) returned to Rysiff
Rysiff collected $1 from pot
Rysiff: doesn't show hand 
*** SUMMARY ***
Total pot $1 | Rake $0 
Seat 2: TGrour (button) (small blind) folded before Flop
Seat 3: Rysiff (big blind) collected ($1)



PokerStars Hand #254647722747:  Hold'em No Limit ($0.50/$1.00 USD) - 2025/01/31 3:34:17 WET [2025/01/31 22:34:17 ET]
Table 'Ausonia' 6-max Seat #3 is the button
Seat 2: TGrour ($87.76 in chips) 
Seat 3: Rysiff ($100.50 in chips) 
Rysiff: posts small blind $0.50
TGrour: posts big blind $1
*** HOLE CARDS ***
Rysiff: raises $2 to $3
TGrour: calls $2
*** FLOP *** [8d 8s Td]
TGrour: bets $5.70
Rysiff: calls $5.70
*** TURN *** [8d 8s Td] [Ts]
TGrour: bets $8.27
Rysiff: calls $8.27
*** RIVER *** [8d 8s Td Ts] [4d]
TGrour: bets $1
Rysiff: calls $1
*** SHOW DOWN ***
TGrour: shows [Js Ks] (two pair, Tens and Eights)
Rysiff: shows [Ad 9h] (two pair, Tens and Eights - Ace kicker)
Rysiff collected $34.94 from pot
*** SUMMARY ***
Total pot $35.94 | Rake $1 
Board [8d 8s Td Ts 4d]
Seat 2: TGrour (big blind) showed [Js Ks] and lost with two pair, Tens and Eights
Seat 3: Rysiff (button) (small blind) showed [Ad 9h] and won ($34.94) with two pair, Tens and Eights



PokerStars Hand #254647729214:  Hold'em No Limit ($0.50/$1.00 USD) - 2025/01/31 3:35:04 WET [2025/01/31 22:35:04 ET]
Table 'Ausonia' 6-max Seat #2 is the button
Seat 2: TGrour ($69.79 in chips) 
Seat 3: Rysiff ($117.47 in chips) 
TGrour: posts small blind $0.50
Rysiff: posts big blind $1
*** HOLE CARDS ***
TGrour: calls $0.50
Rysiff: checks 
*** FLOP *** [Th 3c 9c]
Rysiff: checks 
TGrour: checks 
*** TURN *** [Th 3c 9c] [4h]
Rysiff: checks 
TGrour: checks 
*** RIVER *** [Th 3c 9c 4h] [As]
Rysiff: checks 
TGrour: checks 
*** SHOW DOWN ***
Rysiff: shows [Kh 3s] (a pair of Threes)
TGrour: mucks hand 
Rysiff collected $1.90 from pot
*** SUMMARY ***
Total pot $2 | Rake $0.10 
Board [Th 3c 9c 4h As]
Seat 2: TGrour (button) (small blind) mucked
Seat 3: Rysiff (big blind) showed [Kh 3s] and won ($1.90) with a pair of Threes



PokerStars Hand #254647732013:  Hold'em No Limit ($0.50/$1.00 USD) - 2025/01/31 3:35:25 WET [2025/01/31 22:35:25 ET]
Table 'Ausonia' 6-max Seat #3 is the button
Seat 2: TGrour ($68.79 in chips) 
Seat 3: Rysiff ($118.37 in chips) 
Rysiff: posts small blind $0.50
TGrour: posts big blind $1
*** HOLE CARDS ***
Rysiff: raises $2 to $3
TGrour: calls $2
*** FLOP *** [Jh 9d 7h]
TGrour: checks 
Rysiff: bets $4.56
TGrour: calls $4.56
*** TURN *** [Jh 9d 7h] [Ks]
TGrour: checks 
Rysiff: checks 
*** RIVER *** [Jh 9d 7h Ks] [Qd]
TGrour: checks 
Rysiff: checks 
*** SHOW DOWN ***
TGrour: shows [Ac Td] (a straight, Ten to Ace)
Rysiff: mucks hand 
TGrour collected $14.36 from pot
*** SUMMARY ***
Total pot $15.12 | Rake $0.76 
Board [Jh 9d 7h Ks Qd]
Seat 2: TGrour (big blind) showed [Ac Td] and won ($14.36) with a straight, Ten to Ace
Seat 3: Rysiff (button) (small blind) mucked



PokerStars Hand #254647739576:  Hold'em No Limit ($0.50/$1.00 USD) - 2025/01/31 3:36:22 WET [2025/01/31 22:36:22 ET]
Table 'Ausonia' 6-max Seat #2 is the button
Seat 2: TGrour ($75.59 in chips) 
Seat 3: Rysiff ($110.81 in chips) 
TGrour: posts small blind $0.50
Rysiff: posts big blind $1
*** HOLE CARDS ***
TGrour: folds 
Uncalled bet ($0.50) returned to Rysiff
Rysiff collected $1 from pot
Rysiff: doesn't show hand 
*** SUMMARY ***
Total pot $1 | Rake $0 
Seat 2: TGrour (button) (small blind) folded before Flop
Seat 3: Rysiff (big blind) collected ($1)



PokerStars Hand #254647741562:  Hold'em No Limit ($0.50/$1.00 USD) - 2025/01/31 3:36:37 WET [2025/01/31 22:36:37 ET]
Table 'Ausonia' 6-max Seat #3 is the button
Seat 2: TGrour ($75.09 in chips) 
Seat 3: Rysiff ($111.31 in chips) 
Rysiff: posts small blind $0.50
TGrour: posts big blind $1
*** HOLE CARDS ***
Rysiff: folds 
Uncalled bet ($0.50) returned to TGrour
TGrour collected $1 from pot
TGrour: doesn't show hand 
*** SUMMARY ***
Total pot $1 | Rake $0 
Seat 2: TGrour (big blind) collected ($1)
Seat 3: Rysiff (button) (small blind) folded before Flop



PokerStars Hand #254647742359:  Hold'em No Limit ($0.50/$1.00 USD) - 2025/01/31 3:36:43 WET [2025/01/31 22:36:43 ET]
Table 'Ausonia' 6-max Seat #2 is the button
Seat 2: TGrour ($75.59 in chips) 
Seat 3: Rysiff ($110.81 in chips) 
TGrour: posts small blind $0.50
Rysiff: posts big blind $1
*** HOLE CARDS ***
TGrour: calls $0.50
Rysiff: checks 
*** FLOP *** [Qc Th Kd]
Rysiff: checks 
TGrour: checks 
*** TURN *** [Qc Th Kd] [7s]
Rysiff: bets $4
TGrour: calls $4
*** RIVER *** [Qc Th Kd 7s] [3c]
Rysiff: bets $14
TGrour: raises $14 to $28
Rysiff: calls $14
*** SHOW DOWN ***
TGrour: shows [9h Jd] (a straight, Nine to King)
Rysiff: mucks hand 
TGrour collected $65 from pot
*** SUMMARY ***
Total pot $66 | Rake $1 
Board [Qc Th Kd 7s 3c]
Seat 2: TGrour (button) (small blind) showed [9h Jd] and won ($65) with a straight, Nine to King
Seat 3: Rysiff (big blind) mucked



PokerStars Hand #254647749413:  Hold'em No Limit ($0.50/$1.00 USD) - 2025/01/31 3:37:35 WET [2025/01/31 22:37:35 ET]
Table 'Ausonia' 6-max Seat #3 is the button
Seat 2: TGrour ($107.59 in chips) 
Seat 3: Rysiff ($100 in chips) 
Rysiff: posts small blind $0.50
TGrour: posts big blind $1
*** HOLE CARDS ***
Rysiff: raises $3 to $4
TGrour: calls $3
*** FLOP *** [4d Ad Kd]
TGrour: bets $3.80
Rysiff: calls $3.80
*** TURN *** [4d Ad Kd] [Qh]
TGrour: checks 
Rysiff: bets $11.86
TGrour: folds 
Uncalled bet ($11.86) returned to Rysiff
Rysiff collected $14.82 from pot
Rysiff: doesn't show hand 
*** SUMMARY ***
Total pot $15.60 | Rake $0.78 
Board [4d Ad Kd Qh]
Seat 2: TGrour (big blind) folded on the Turn
Seat 3: Rysiff (button) (small blind) collected ($14.82)



PokerStars Hand #254647753153:  Hold'em No Limit ($0.50/$1.00 USD) - 2025/01/31 3:38:04 WET [2025/01/31 22:38:04 ET]
Table 'Ausonia' 6-max Seat #2 is the button
Seat 2: TGrour ($99.79 in chips) 
Seat 3: Rysiff ($107.02 in chips) 
TGrour: posts small blind $0.50
Rysiff: posts big blind $1
*** HOLE CARDS ***
TGrour: calls $0.50
Rysiff: raises $4 to $5
TGrour: calls $4
*** FLOP *** [Tc 8d 8s]
Rysiff: bets $7.60
SingingPancake joins the table at seat #1 
TGrour: folds 
Uncalled bet ($7.60) returned to Rysiff
Rysiff collected $9.50 from pot
Rysiff: doesn't show hand 
*** SUMMARY ***
Total pot $10 | Rake $0.50 
Board [Tc 8d 8s]
Seat 2: TGrour (button) (small blind) folded on the Flop
Seat 3: Rysiff (big blind) collected ($9.50)



