PokerStars Hand #254638156129:  Hold'em No Limit ($0.50/$1.00 USD) - 2025/01/31 16:23:21 WET [2025/01/31 11:23:21 ET]
Table 'Gezelle' 6-max Seat #2 is the button
Seat 3: lilabully ($0 in chips) is sitting out
Seat 1: tintin641 ($101.22 in chips) 
Seat 2: AIien Hand ($100 in chips) 
Seat 4: AlexPinsk1 ($100 in chips) 
Seat 5: CichiChanMarian ($161.22 in chips) 
Seat 6: v.sting ($100 in chips) 
AlexPinsk1: posts small blind $0.50
CichiChanMarian: posts big blind $1
*** HOLE CARDS ***
v.sting: folds 
tintin641: raises $1.50 to $2.50
AIien Hand: folds 
v.sting leaves the table
AlexPinsk1: folds 
CichiChanMarian: folds 
Uncalled bet ($1.50) returned to tintin641
lilabully leaves the table
tintin641 collected $2.50 from pot
tintin641: doesn't show hand 
*** SUMMARY ***
Total pot $2.50 | Rake $0 
Seat 3: lilabully
Seat 1: tintin641 collected ($2.50)
Seat 2: AIien Hand (button) folded before Flop (didn't bet)
Seat 4: AlexPinsk1 (small blind) folded before Flop
Seat 5: CichiChanMarian (big blind) folded before Flop
Seat 6: v.sting folded before Flop (didn't bet)



PokerStars Hand #254638258208:  Hold'em No Limit ($0.50/$1.00 USD) - 2025/01/31 16:31:03 WET [2025/01/31 11:31:03 ET]
Table 'Gezelle' 6-max Seat #4 is the button
Seat 1: BoyLoc0 ($107.11 in chips) 
Seat 2: Xenicide ($100 in chips) 
Seat 4: AlexPinsk1 ($100 in chips) 
BoyLoc0: posts small blind $0.50
Xenicide: posts big blind $1
*** HOLE CARDS ***
AlexPinsk1: folds 
BoyLoc0: folds 
Uncalled bet ($0.50) returned to Xenicide
Xenicide collected $1 from pot
*** SUMMARY ***
Total pot $1 | Rake $0 
Seat 1: BoyLoc0 (small blind) folded before Flop
Seat 2: Xenicide (big blind) collected ($1)
Seat 4: AlexPinsk1 (button) folded before Flop (didn't bet)



PokerStars Hand #254638262006:  Hold'em No Limit ($0.50/$1.00 USD) - 2025/01/31 16:31:20 WET [2025/01/31 11:31:20 ET]
Table 'Gezelle' 6-max Seat #1 is the button
Seat 1: BoyLoc0 ($106.61 in chips) 
Seat 2: Xenicide ($100.50 in chips) 
Seat 4: AlexPinsk1 ($100 in chips) 
Xenicide: posts small blind $0.50
AlexPinsk1: posts big blind $1
*** HOLE CARDS ***
BoyLoc0: raises $1.50 to $2.50
Xenicide: folds 
AlexPinsk1: raises $9.50 to $12
BoyLoc0: folds 
Uncalled bet ($9.50) returned to AlexPinsk1
AlexPinsk1 collected $5.50 from pot
AlexPinsk1: doesn't show hand 
*** SUMMARY ***
Total pot $5.50 | Rake $0 
Seat 1: BoyLoc0 (button) folded before Flop
Seat 2: Xenicide (small blind) folded before Flop
Seat 4: AlexPinsk1 (big blind) collected ($5.50)



PokerStars Hand #254638269511:  Hold'em No Limit ($0.50/$1.00 USD) - 2025/01/31 16:31:54 WET [2025/01/31 11:31:54 ET]
Table 'Gezelle' 6-max Seat #2 is the button
Seat 1: BoyLoc0 ($104.11 in chips) 
Seat 2: Xenicide ($100 in chips) 
Seat 4: AlexPinsk1 ($103 in chips) 
AlexPinsk1: posts small blind $0.50
BoyLoc0: posts big blind $1
*** HOLE CARDS ***
Xenicide: raises $1.25 to $2.25
AlexPinsk1: folds 
BoyLoc0: folds 
Uncalled bet ($1.25) returned to Xenicide
Xenicide collected $2.50 from pot
*** SUMMARY ***
Total pot $2.50 | Rake $0 
Seat 1: BoyLoc0 (big blind) folded before Flop
Seat 2: Xenicide (button) collected ($2.50)
Seat 4: AlexPinsk1 (small blind) folded before Flop



PokerStars Hand #254638272974:  Hold'em No Limit ($0.50/$1.00 USD) - 2025/01/31 16:32:10 WET [2025/01/31 11:32:10 ET]
Table 'Gezelle' 6-max Seat #4 is the button
Seat 1: BoyLoc0 ($103.11 in chips) 
Seat 2: Xenicide ($101.50 in chips) 
Seat 4: AlexPinsk1 ($102.50 in chips) 
BoyLoc0: posts small blind $0.50
Xenicide: posts big blind $1
*** HOLE CARDS ***
AlexPinsk1: raises $1.50 to $2.50
BoyLoc0: folds 
Kristo 914 joins the table at seat #6 
Xenicide: folds 
Uncalled bet ($1.50) returned to AlexPinsk1
AlexPinsk1 collected $2.50 from pot
AlexPinsk1: doesn't show hand 
*** SUMMARY ***
Total pot $2.50 | Rake $0 
Seat 1: BoyLoc0 (small blind) folded before Flop
Seat 2: Xenicide (big blind) folded before Flop
Seat 4: AlexPinsk1 (button) collected ($2.50)



PokerStars Hand #254638275629:  Hold'em No Limit ($0.50/$1.00 USD) - 2025/01/31 16:32:22 WET [2025/01/31 11:32:22 ET]
Table 'Gezelle' 6-max Seat #1 is the button
Seat 6: Kristo 914 ($100 in chips) is sitting out
Seat 1: BoyLoc0 ($102.61 in chips) 
Seat 2: Xenicide ($100.50 in chips) 
Seat 4: AlexPinsk1 ($104 in chips) 
Xenicide: posts small blind $0.50
AlexPinsk1: posts big blind $1
Kristo 914: sits out 
*** HOLE CARDS ***
CichiChanMarian joins the table at seat #3 
BoyLoc0: folds 
Xenicide: raises $2.50 to $3.50
CichiChanMarian leaves the table
AlexPinsk1: calls $2.50
*** FLOP *** [6s Jd 6h]
Xenicide: checks 
AlexPinsk1: checks 
*** TURN *** [6s Jd 6h] [9s]
Xenicide: bets $8.31
AlexPinsk1: folds 
Uncalled bet ($8.31) returned to Xenicide
Xenicide collected $6.65 from pot
Xenicide: doesn't show hand 
*** SUMMARY ***
Total pot $7 | Rake $0.35 
Board [6s Jd 6h 9s]
Seat 6: Kristo 914
Seat 1: BoyLoc0 (button) folded before Flop (didn't bet)
Seat 2: Xenicide (small blind) collected ($6.65)
Seat 4: AlexPinsk1 (big blind) folded on the Turn



PokerStars Hand #254638289557:  Hold'em No Limit ($0.50/$1.00 USD) - 2025/01/31 16:33:26 WET [2025/01/31 11:33:26 ET]
Table 'Gezelle' 6-max Seat #2 is the button
Seat 1: BoyLoc0 ($102.61 in chips) 
Seat 2: Xenicide ($103.65 in chips) 
Seat 4: AlexPinsk1 ($100.50 in chips) 
Seat 6: Kristo 914 ($100 in chips) 
AlexPinsk1: posts small blind $0.50
Kristo 914: posts big blind $1
*** HOLE CARDS ***
BoyLoc0: folds 
Xenicide: folds 
AlexPinsk1: folds 
Uncalled bet ($0.50) returned to Kristo 914
Kristo 914 collected $1 from pot
Kristo 914: doesn't show hand 
*** SUMMARY ***
Total pot $1 | Rake $0 
Seat 1: BoyLoc0 folded before Flop (didn't bet)
Seat 2: Xenicide (button) folded before Flop (didn't bet)
Seat 4: AlexPinsk1 (small blind) folded before Flop
Seat 6: Kristo 914 (big blind) collected ($1)



PokerStars Hand #254638292155:  Hold'em No Limit ($0.50/$1.00 USD) - 2025/01/31 16:33:38 WET [2025/01/31 11:33:38 ET]
Table 'Gezelle' 6-max Seat #4 is the button
Seat 1: BoyLoc0 ($102.61 in chips) 
Seat 2: Xenicide ($103.65 in chips) 
Seat 4: AlexPinsk1 ($100 in chips) 
Seat 6: Kristo 914 ($100.50 in chips) 
Kristo 914: posts small blind $0.50
BoyLoc0: posts big blind $1
*** HOLE CARDS ***
Xenicide: folds 
AlexPinsk1: folds 
Kristo 914: raises $2 to $3
BoyLoc0: calls $2
*** FLOP *** [4d Ts 6c]
Kristo 914: bets $1.65
BoyLoc0: calls $1.65
*** TURN *** [4d Ts 6c] [Ah]
Kristo 914: bets $3.62
BoyLoc0: calls $3.62
*** RIVER *** [4d Ts 6c Ah] [Qc]
Kristo 914: bets $12
BoyLoc0: folds 
Uncalled bet ($12) returned to Kristo 914
BoyLoc0 leaves the table
Kristo 914 collected $15.71 from pot
Kristo 914: doesn't show hand 
*** SUMMARY ***
Total pot $16.54 | Rake $0.83 
Board [4d Ts 6c Ah Qc]
Seat 1: BoyLoc0 (big blind) folded on the River
Seat 2: Xenicide folded before Flop (didn't bet)
Seat 4: AlexPinsk1 (button) folded before Flop (didn't bet)
Seat 6: Kristo 914 (small blind) collected ($15.71)



PokerStars Hand #254638307378:  Hold'em No Limit ($0.50/$1.00 USD) - 2025/01/31 16:34:47 WET [2025/01/31 11:34:47 ET]
Table 'Gezelle' 6-max Seat #6 is the button
Seat 2: Xenicide ($103.65 in chips) 
Seat 4: AlexPinsk1 ($100 in chips) 
Seat 6: Kristo 914 ($107.94 in chips) 
Xenicide: posts small blind $0.50
AlexPinsk1: posts big blind $1
*** HOLE CARDS ***
Kristo 914: raises $1.40 to $2.40
Xenicide: raises $7.10 to $9.50
AlexPinsk1: folds 
Kristo 914: calls $7.10
*** FLOP *** [Ts Tc Qc]
Xenicide: bets $5.89
Kristo 914: folds 
Uncalled bet ($5.89) returned to Xenicide
Xenicide collected $19 from pot
Xenicide: doesn't show hand 
*** SUMMARY ***
Total pot $20 | Rake $1 
Board [Ts Tc Qc]
Seat 2: Xenicide (small blind) collected ($19)
Seat 4: AlexPinsk1 (big blind) folded before Flop
Seat 6: Kristo 914 (button) folded on the Flop



PokerStars Hand #254638319531:  Hold'em No Limit ($0.50/$1.00 USD) - 2025/01/31 16:35:42 WET [2025/01/31 11:35:42 ET]
Table 'Gezelle' 6-max Seat #2 is the button
Seat 2: Xenicide ($113.15 in chips) 
Seat 4: AlexPinsk1 ($100 in chips) 
Seat 6: Kristo 914 ($100 in chips) 
AlexPinsk1: posts small blind $0.50
Kristo 914: posts big blind $1
*** HOLE CARDS ***
Xenicide: folds 
AlexPinsk1: folds 
Uncalled bet ($0.50) returned to Kristo 914
Kristo 914 collected $1 from pot
Kristo 914: doesn't show hand 
*** SUMMARY ***
Total pot $1 | Rake $0 
Seat 2: Xenicide (button) folded before Flop (didn't bet)
Seat 4: AlexPinsk1 (small blind) folded before Flop
Seat 6: Kristo 914 (big blind) collected ($1)



PokerStars Hand #254638321059:  Hold'em No Limit ($0.50/$1.00 USD) - 2025/01/31 16:35:49 WET [2025/01/31 11:35:49 ET]
Table 'Gezelle' 6-max Seat #4 is the button
Seat 2: Xenicide ($113.15 in chips) 
Seat 4: AlexPinsk1 ($100 in chips) 
Seat 6: Kristo 914 ($100.50 in chips) 
Kristo 914: posts small blind $0.50
Xenicide: posts big blind $1
*** HOLE CARDS ***
AlexPinsk1: folds 
Kristo 914: folds 
Uncalled bet ($0.50) returned to Xenicide
Xenicide collected $1 from pot
*** SUMMARY ***
Total pot $1 | Rake $0 
Seat 2: Xenicide (big blind) collected ($1)
Seat 4: AlexPinsk1 (button) folded before Flop (didn't bet)
Seat 6: Kristo 914 (small blind) folded before Flop



PokerStars Hand #254638322960:  Hold'em No Limit ($0.50/$1.00 USD) - 2025/01/31 16:35:58 WET [2025/01/31 11:35:58 ET]
Table 'Gezelle' 6-max Seat #6 is the button
Seat 2: Xenicide ($113.65 in chips) 
Seat 4: AlexPinsk1 ($100 in chips) 
Seat 6: Kristo 914 ($100 in chips) 
Xenicide: posts small blind $0.50
AlexPinsk1: posts big blind $1
*** HOLE CARDS ***
Kristo 914: raises $1.40 to $2.40
Xenicide: folds 
AlexPinsk1: folds 
Uncalled bet ($1.40) returned to Kristo 914
Kristo 914 collected $2.50 from pot
Kristo 914: doesn't show hand 
*** SUMMARY ***
Total pot $2.50 | Rake $0 
Seat 2: Xenicide (small blind) folded before Flop
Seat 4: AlexPinsk1 (big blind) folded before Flop
Seat 6: Kristo 914 (button) collected ($2.50)



PokerStars Hand #254638326838:  Hold'em No Limit ($0.50/$1.00 USD) - 2025/01/31 16:36:15 WET [2025/01/31 11:36:15 ET]
Table 'Gezelle' 6-max Seat #2 is the button
Seat 2: Xenicide ($113.15 in chips) 
Seat 4: AlexPinsk1 ($100 in chips) 
Seat 6: Kristo 914 ($101.50 in chips) 
AlexPinsk1: posts small blind $0.50
Kristo 914: posts big blind $1
*** HOLE CARDS ***
Xenicide: raises $1.25 to $2.25
AlexPinsk1: raises $7.75 to $10
Kristo 914: folds 
Xenicide: folds 
Uncalled bet ($7.75) returned to AlexPinsk1
AlexPinsk1 collected $5.50 from pot
AlexPinsk1: doesn't show hand 
*** SUMMARY ***
Total pot $5.50 | Rake $0 
Seat 2: Xenicide (button) folded before Flop
Seat 4: AlexPinsk1 (small blind) collected ($5.50)
Seat 6: Kristo 914 (big blind) folded before Flop



PokerStars Hand #254638333612:  Hold'em No Limit ($0.50/$1.00 USD) - 2025/01/31 16:36:46 WET [2025/01/31 11:36:46 ET]
Table 'Gezelle' 6-max Seat #4 is the button
Seat 2: Xenicide ($110.90 in chips) 
Seat 4: AlexPinsk1 ($103.25 in chips) 
Seat 6: Kristo 914 ($100.50 in chips) 
Kristo 914: posts small blind $0.50
Xenicide: posts big blind $1
*** HOLE CARDS ***
AlexPinsk1: folds 
Kristo 914: folds 
Uncalled bet ($0.50) returned to Xenicide
Xenicide collected $1 from pot
*** SUMMARY ***
Total pot $1 | Rake $0 
Seat 2: Xenicide (big blind) collected ($1)
Seat 4: AlexPinsk1 (button) folded before Flop (didn't bet)
Seat 6: Kristo 914 (small blind) folded before Flop



PokerStars Hand #254638335617:  Hold'em No Limit ($0.50/$1.00 USD) - 2025/01/31 16:36:55 WET [2025/01/31 11:36:55 ET]
Table 'Gezelle' 6-max Seat #6 is the button
Seat 2: Xenicide ($111.40 in chips) 
Seat 4: AlexPinsk1 ($103.25 in chips) 
Seat 6: Kristo 914 ($100 in chips) 
Xenicide: posts small blind $0.50
AlexPinsk1: posts big blind $1
*** HOLE CARDS ***
Kristo 914: raises $1.40 to $2.40
Xenicide: folds 
AlexPinsk1: folds 
Uncalled bet ($1.40) returned to Kristo 914
Kristo 914 collected $2.50 from pot
Kristo 914: doesn't show hand 
*** SUMMARY ***
Total pot $2.50 | Rake $0 
Seat 2: Xenicide (small blind) folded before Flop
Seat 4: AlexPinsk1 (big blind) folded before Flop
Seat 6: Kristo 914 (button) collected ($2.50)



PokerStars Hand #254638340196:  Hold'em No Limit ($0.50/$1.00 USD) - 2025/01/31 16:37:15 WET [2025/01/31 11:37:15 ET]
Table 'Gezelle' 6-max Seat #2 is the button
Seat 2: Xenicide ($110.90 in chips) 
Seat 4: AlexPinsk1 ($102.25 in chips) 
Seat 6: Kristo 914 ($101.50 in chips) 
AlexPinsk1: posts small blind $0.50
Kristo 914: posts big blind $1
*** HOLE CARDS ***
Xenicide: folds 
AlexPinsk1: raises $2 to $3
Kristo 914: calls $2
*** FLOP *** [Js 7d 9h]
AlexPinsk1: bets $1.88
Kristo 914: folds 
Uncalled bet ($1.88) returned to AlexPinsk1
AlexPinsk1 collected $5.70 from pot
AlexPinsk1: doesn't show hand 
*** SUMMARY ***
Total pot $6 | Rake $0.30 
Board [Js 7d 9h]
Seat 2: Xenicide (button) folded before Flop (didn't bet)
Seat 4: AlexPinsk1 (small blind) collected ($5.70)
Seat 6: Kristo 914 (big blind) folded on the Flop



PokerStars Hand #254638348530:  Hold'em No Limit ($0.50/$1.00 USD) - 2025/01/31 16:37:53 WET [2025/01/31 11:37:53 ET]
Table 'Gezelle' 6-max Seat #4 is the button
Seat 2: Xenicide ($110.90 in chips) 
Seat 4: AlexPinsk1 ($104.95 in chips) 
Seat 6: Kristo 914 ($100 in chips) 
Kristo 914: posts small blind $0.50
Xenicide: posts big blind $1
*** HOLE CARDS ***
AlexPinsk1: raises $1.50 to $2.50
Kristo 914: folds 
Xenicide: calls $1.50
*** FLOP *** [5s Kd Jh]
Xenicide: checks 
AlexPinsk1: checks 
*** TURN *** [5s Kd Jh] [5c]
Xenicide: bets $7.83
AlexPinsk1: calls $7.83
*** RIVER *** [5s Kd Jh 5c] [Qd]
Xenicide: bets $20.16
AlexPinsk1: folds 
Uncalled bet ($20.16) returned to Xenicide
Xenicide collected $20.16 from pot
*** SUMMARY ***
Total pot $21.16 | Rake $1 
Board [5s Kd Jh 5c Qd]
Seat 2: Xenicide (big blind) collected ($20.16)
Seat 4: AlexPinsk1 (button) folded on the River
Seat 6: Kristo 914 (small blind) folded before Flop



PokerStars Hand #254638369633:  Hold'em No Limit ($0.50/$1.00 USD) - 2025/01/31 16:39:28 WET [2025/01/31 11:39:28 ET]
Table 'Gezelle' 6-max Seat #6 is the button
Seat 2: Xenicide ($120.73 in chips) 
Seat 4: AlexPinsk1 ($100 in chips) 
Seat 6: Kristo 914 ($100 in chips) 
Xenicide: posts small blind $0.50
AlexPinsk1: posts big blind $1
*** HOLE CARDS ***
Kristo 914: folds 
Xenicide: raises $2.50 to $3.50
AlexPinsk1: folds 
Uncalled bet ($2.50) returned to Xenicide
Xenicide collected $2 from pot
*** SUMMARY ***
Total pot $2 | Rake $0 
Seat 2: Xenicide (small blind) collected ($2)
Seat 4: AlexPinsk1 (big blind) folded before Flop
Seat 6: Kristo 914 (button) folded before Flop (didn't bet)



PokerStars Hand #254638372980:  Hold'em No Limit ($0.50/$1.00 USD) - 2025/01/31 16:39:43 WET [2025/01/31 11:39:43 ET]
Table 'Gezelle' 6-max Seat #2 is the button
Seat 2: Xenicide ($121.73 in chips) 
Seat 4: AlexPinsk1 ($100 in chips) 
Seat 6: Kristo 914 ($100 in chips) 
AlexPinsk1: posts small blind $0.50
Kristo 914: posts big blind $1
*** HOLE CARDS ***
Xenicide: folds 
AlexPinsk1: raises $2 to $3
Kristo 914: folds 
Uncalled bet ($2) returned to AlexPinsk1
AlexPinsk1 collected $2 from pot
AlexPinsk1: doesn't show hand 
*** SUMMARY ***
Total pot $2 | Rake $0 
Seat 2: Xenicide (button) folded before Flop (didn't bet)
Seat 4: AlexPinsk1 (small blind) collected ($2)
Seat 6: Kristo 914 (big blind) folded before Flop



PokerStars Hand #254638376586:  Hold'em No Limit ($0.50/$1.00 USD) - 2025/01/31 16:39:59 WET [2025/01/31 11:39:59 ET]
Table 'Gezelle' 6-max Seat #4 is the button
Seat 2: Xenicide ($121.73 in chips) 
Seat 4: AlexPinsk1 ($101 in chips) 
Seat 6: Kristo 914 ($100 in chips) 
Kristo 914: posts small blind $0.50
Xenicide: posts big blind $1
*** HOLE CARDS ***
AlexPinsk1: folds 
Kristo 914: folds 
Uncalled bet ($0.50) returned to Xenicide
Xenicide collected $1 from pot
*** SUMMARY ***
Total pot $1 | Rake $0 
Seat 2: Xenicide (big blind) collected ($1)
Seat 4: AlexPinsk1 (button) folded before Flop (didn't bet)
Seat 6: Kristo 914 (small blind) folded before Flop



PokerStars Hand #254638378249:  Hold'em No Limit ($0.50/$1.00 USD) - 2025/01/31 16:40:06 WET [2025/01/31 11:40:06 ET]
Table 'Gezelle' 6-max Seat #6 is the button
Seat 2: Xenicide ($122.23 in chips) 
Seat 4: AlexPinsk1 ($101 in chips) 
Seat 6: Kristo 914 ($100 in chips) 
Xenicide: posts small blind $0.50
AlexPinsk1: posts big blind $1
*** HOLE CARDS ***
Kristo 914: raises $1.40 to $2.40
Xenicide: folds 
AlexPinsk1: raises $9.60 to $12
Kristo 914: folds 
Uncalled bet ($9.60) returned to AlexPinsk1
AlexPinsk1 collected $5.30 from pot
AlexPinsk1: doesn't show hand 
*** SUMMARY ***
Total pot $5.30 | Rake $0 
Seat 2: Xenicide (small blind) folded before Flop
Seat 4: AlexPinsk1 (big blind) collected ($5.30)
Seat 6: Kristo 914 (button) folded before Flop



PokerStars Hand #254638386197:  Hold'em No Limit ($0.50/$1.00 USD) - 2025/01/31 16:40:42 WET [2025/01/31 11:40:42 ET]
Table 'Gezelle' 6-max Seat #2 is the button
Seat 2: Xenicide ($121.73 in chips) 
Seat 4: AlexPinsk1 ($103.90 in chips) 
Seat 6: Kristo 914 ($100 in chips) 
AlexPinsk1: posts small blind $0.50
Kristo 914: posts big blind $1
*** HOLE CARDS ***
Xenicide: folds 
AlexPinsk1: raises $2 to $3
MaikonAll joins the table at seat #5 
Kristo 914: calls $2
*** FLOP *** [Td Kh Jc]
AlexPinsk1: bets $1.88
Kristo 914: calls $1.88
*** TURN *** [Td Kh Jc] [8c]
AlexPinsk1: bets $14
Kristo 914: folds 
Uncalled bet ($14) returned to AlexPinsk1
AlexPinsk1 collected $9.27 from pot
AlexPinsk1: doesn't show hand 
*** SUMMARY ***
Total pot $9.76 | Rake $0.49 
Board [Td Kh Jc 8c]
Seat 2: Xenicide (button) folded before Flop (didn't bet)
Seat 4: AlexPinsk1 (small blind) collected ($9.27)
Seat 6: Kristo 914 (big blind) folded on the Turn



PokerStars Hand #254638400792:  Hold'em No Limit ($0.50/$1.00 USD) - 2025/01/31 16:41:46 WET [2025/01/31 11:41:46 ET]
Table 'Gezelle' 6-max Seat #4 is the button
Seat 5: MaikonAll ($100 in chips) is sitting out
Seat 2: Xenicide ($121.73 in chips) 
Seat 4: AlexPinsk1 ($108.29 in chips) 
Seat 6: Kristo 914 ($100 in chips) 
Kristo 914: posts small blind $0.50
Xenicide: posts big blind $1
*** HOLE CARDS ***
AlexPinsk1: raises $1.50 to $2.50
Kristo 914: folds 
Xenicide: folds 
Uncalled bet ($1.50) returned to AlexPinsk1
AlexPinsk1 collected $2.50 from pot
AlexPinsk1: doesn't show hand 
*** SUMMARY ***
Total pot $2.50 | Rake $0 
Seat 5: MaikonAll
Seat 2: Xenicide (big blind) folded before Flop
Seat 4: AlexPinsk1 (button) collected ($2.50)
Seat 6: Kristo 914 (small blind) folded before Flop



PokerStars Hand #254638404491:  Hold'em No Limit ($0.50/$1.00 USD) - 2025/01/31 16:42:03 WET [2025/01/31 11:42:03 ET]
Table 'Gezelle' 6-max Seat #6 is the button
Seat 5: MaikonAll ($100 in chips) is sitting out
Seat 2: Xenicide ($120.73 in chips) 
Seat 4: AlexPinsk1 ($109.79 in chips) 
Seat 6: Kristo 914 ($100 in chips) 
Xenicide: posts small blind $0.50
AlexPinsk1: posts big blind $1
MaikonAll: sits out 
*** HOLE CARDS ***
Kristo 914: folds 
Xenicide: folds 
Uncalled bet ($0.50) returned to AlexPinsk1
AlexPinsk1 collected $1 from pot
AlexPinsk1: doesn't show hand 
*** SUMMARY ***
Total pot $1 | Rake $0 
Seat 5: MaikonAll
Seat 2: Xenicide (small blind) folded before Flop
Seat 4: AlexPinsk1 (big blind) collected ($1)
Seat 6: Kristo 914 (button) folded before Flop (didn't bet)



PokerStars Hand #254638407770:  Hold'em No Limit ($0.50/$1.00 USD) - 2025/01/31 16:42:17 WET [2025/01/31 11:42:17 ET]
Table 'Gezelle' 6-max Seat #2 is the button
Seat 2: Xenicide ($120.23 in chips) 
Seat 4: AlexPinsk1 ($110.29 in chips) 
Seat 5: MaikonAll ($100 in chips) 
Seat 6: Kristo 914 ($100 in chips) 
AlexPinsk1: posts small blind $0.50
MaikonAll: posts big blind $1
*** HOLE CARDS ***
Kristo 914: folds 
Xenicide: folds 
AlexPinsk1: raises $2 to $3
MaikonAll: calls $2
*** FLOP *** [6s Jc 8s]
AlexPinsk1: checks 
MaikonAll: checks 
*** TURN *** [6s Jc 8s] [Js]
AlexPinsk1: bets $1.88
MaikonAll: calls $1.88
*** RIVER *** [6s Jc 8s Js] [5c]
AlexPinsk1: checks 
MaikonAll: bets $4.64
AlexPinsk1: calls $4.64
*** SHOW DOWN ***
MaikonAll: shows [8d Qd] (two pair, Jacks and Eights)
AlexPinsk1: shows [As Ah] (two pair, Aces and Jacks)
AlexPinsk1 collected $18.09 from pot
*** SUMMARY ***
Total pot $19.04 | Rake $0.95 
Board [6s Jc 8s Js 5c]
Seat 2: Xenicide (button) folded before Flop (didn't bet)
Seat 4: AlexPinsk1 (small blind) showed [As Ah] and won ($18.09) with two pair, Aces and Jacks
Seat 5: MaikonAll (big blind) showed [8d Qd] and lost with two pair, Jacks and Eights
Seat 6: Kristo 914 folded before Flop (didn't bet)



PokerStars Hand #254638426913:  Hold'em No Limit ($0.50/$1.00 USD) - 2025/01/31 16:43:42 WET [2025/01/31 11:43:42 ET]
Table 'Gezelle' 6-max Seat #4 is the button
Seat 2: Xenicide ($120.23 in chips) 
Seat 4: AlexPinsk1 ($118.86 in chips) 
Seat 5: MaikonAll ($100 in chips) 
Seat 6: Kristo 914 ($100 in chips) 
MaikonAll: posts small blind $0.50
Kristo 914: posts big blind $1
*** HOLE CARDS ***
Xenicide: folds 
AlexPinsk1: folds 
MaikonAll: folds 
Uncalled bet ($0.50) returned to Kristo 914
Kristo 914 collected $1 from pot
Kristo 914: doesn't show hand 
*** SUMMARY ***
Total pot $1 | Rake $0 
Seat 2: Xenicide folded before Flop (didn't bet)
Seat 4: AlexPinsk1 (button) folded before Flop (didn't bet)
Seat 5: MaikonAll (small blind) folded before Flop
Seat 6: Kristo 914 (big blind) collected ($1)



PokerStars Hand #254638429968:  Hold'em No Limit ($0.50/$1.00 USD) - 2025/01/31 16:43:55 WET [2025/01/31 11:43:55 ET]
Table 'Gezelle' 6-max Seat #5 is the button
Seat 2: Xenicide ($120.23 in chips) 
Seat 4: AlexPinsk1 ($118.86 in chips) 
Seat 5: MaikonAll ($100 in chips) 
Seat 6: Kristo 914 ($100.50 in chips) 
Kristo 914: posts small blind $0.50
Xenicide: posts big blind $1
*** HOLE CARDS ***
AlexPinsk1: folds 
BenCampbel10 joins the table at seat #3 
MaikonAll: raises $1.50 to $2.50
Kristo 914: folds 
Xenicide: folds 
Uncalled bet ($1.50) returned to MaikonAll
MaikonAll collected $2.50 from pot
MaikonAll: doesn't show hand 
*** SUMMARY ***
Total pot $2.50 | Rake $0 
Seat 2: Xenicide (big blind) folded before Flop
Seat 4: AlexPinsk1 folded before Flop (didn't bet)
Seat 5: MaikonAll (button) collected ($2.50)
Seat 6: Kristo 914 (small blind) folded before Flop



PokerStars Hand #254638434748:  Hold'em No Limit ($0.50/$1.00 USD) - 2025/01/31 16:44:16 WET [2025/01/31 11:44:16 ET]
Table 'Gezelle' 6-max Seat #6 is the button
Seat 2: Xenicide ($119.23 in chips) 
Seat 3: BenCampbel10 ($100 in chips) 
Seat 4: AlexPinsk1 ($118.86 in chips) 
Seat 5: MaikonAll ($101.50 in chips) 
Seat 6: Kristo 914 ($100 in chips) 
Xenicide: posts small blind $0.50
BenCampbel10: posts big blind $1
*** HOLE CARDS ***
AlexPinsk1: folds 
MaikonAll: folds 
Kristo 914: folds 
Xenicide: folds 
Uncalled bet ($0.50) returned to BenCampbel10
AlexPinsk1 leaves the table
BenCampbel10 collected $1 from pot
BenCampbel10: doesn't show hand 
*** SUMMARY ***
Total pot $1 | Rake $0 
Seat 2: Xenicide (small blind) folded before Flop
Seat 3: BenCampbel10 (big blind) collected ($1)
Seat 4: AlexPinsk1 folded before Flop (didn't bet)
Seat 5: MaikonAll folded before Flop (didn't bet)
Seat 6: Kristo 914 (button) folded before Flop (didn't bet)



PokerStars Hand #254638436990:  Hold'em No Limit ($0.50/$1.00 USD) - 2025/01/31 16:44:26 WET [2025/01/31 11:44:26 ET]
Table 'Gezelle' 6-max Seat #2 is the button
Seat 5: MaikonAll ($101.50 in chips) is sitting out
Seat 2: Xenicide ($118.73 in chips) 
Seat 3: BenCampbel10 ($100.50 in chips) 
Seat 6: Kristo 914 ($100 in chips) 
BenCampbel10: posts small blind $0.50
MaikonAll: is sitting out 
Kristo 914: posts big blind $1
*** HOLE CARDS ***
Xenicide: folds 
BenCampbel10: raises $1.50 to $2.50
Kristo 914: folds 
Uncalled bet ($1.50) returned to BenCampbel10
BenCampbel10 collected $2 from pot
*** SUMMARY ***
Total pot $2 | Rake $0 
Seat 5: MaikonAll
Seat 2: Xenicide (button) folded before Flop (didn't bet)
Seat 3: BenCampbel10 (small blind) collected ($2)
Seat 6: Kristo 914 (big blind) folded before Flop



PokerStars Hand #254638440108:  Hold'em No Limit ($0.50/$1.00 USD) - 2025/01/31 16:44:40 WET [2025/01/31 11:44:40 ET]
Table 'Gezelle' 6-max Seat #6 is the button
Seat 2: Xenicide ($118.73 in chips) is sitting out
Seat 5: MaikonAll ($101.50 in chips) is sitting out
Seat 3: BenCampbel10 ($101.50 in chips) 
Seat 6: Kristo 914 ($100 in chips) 
Kristo 914: posts small blind $0.50
Xenicide: is sitting out 
BenCampbel10: posts big blind $1
*** HOLE CARDS ***
Xenicide leaves the table
Kristo 914: folds 
Uncalled bet ($0.50) returned to BenCampbel10
BenCampbel10 collected $1 from pot
*** SUMMARY ***
Total pot $1 | Rake $0 
Seat 2: Xenicide
Seat 5: MaikonAll
Seat 3: BenCampbel10 (big blind) collected ($1)
Seat 6: Kristo 914 (button) (small blind) folded before Flop



PokerStars Hand #254638443697:  Hold'em No Limit ($0.50/$1.00 USD) - 2025/01/31 16:44:56 WET [2025/01/31 11:44:56 ET]
Table 'Gezelle' 6-max Seat #6 is the button
Seat 3: BenCampbel10 ($102 in chips) 
Seat 5: MaikonAll ($101.50 in chips) 
Seat 6: Kristo 914 ($100 in chips) 
BenCampbel10: posts small blind $0.50
MaikonAll: posts big blind $1
*** HOLE CARDS ***
Kristo 914: raises $1.40 to $2.40
BenCampbel10: folds 
MaikonAll: raises $10.60 to $13
Kristo 914: raises $14 to $27
MaikonAll: raises $74.50 to $101.50 and is all-in
Kristo 914: calls $73 and is all-in
Uncalled bet ($1.50) returned to MaikonAll
*** FLOP *** [7c 6d 3h]
*** TURN *** [7c 6d 3h] [2h]
*** RIVER *** [7c 6d 3h 2h] [9h]
*** SHOW DOWN ***
MaikonAll: shows [Jc Jh] (a pair of Jacks)
Kristo 914: shows [Ac Ks] (high card Ace)
MaikonAll collected $199.50 from pot
*** SUMMARY ***
Total pot $200.50 | Rake $1 
Board [7c 6d 3h 2h 9h]
Seat 3: BenCampbel10 (small blind) folded before Flop
Seat 5: MaikonAll (big blind) showed [Jc Jh] and won ($199.50) with a pair of Jacks
Seat 6: Kristo 914 (button) showed [Ac Ks] and lost with high card Ace



PokerStars Hand #254638455019:  Hold'em No Limit ($0.50/$1.00 USD) - 2025/01/31 16:45:45 WET [2025/01/31 11:45:45 ET]
Table 'Gezelle' 6-max Seat #3 is the button
Seat 3: BenCampbel10 ($101.50 in chips) 
Seat 5: MaikonAll ($201 in chips) 
Seat 6: Kristo 914 ($100 in chips) 
MaikonAll: posts small blind $0.50
Kristo 914: posts big blind $1
*** HOLE CARDS ***
BenCampbel10: raises $1 to $2
MaikonAll: raises $9 to $11
Kristo 914: folds 
BenCampbel10: folds 
Uncalled bet ($9) returned to MaikonAll
MaikonAll collected $5 from pot
MaikonAll: doesn't show hand 
*** SUMMARY ***
Total pot $5 | Rake $0 
Seat 3: BenCampbel10 (button) folded before Flop
Seat 5: MaikonAll (small blind) collected ($5)
Seat 6: Kristo 914 (big blind) folded before Flop



PokerStars Hand #254638458170:  Hold'em No Limit ($0.50/$1.00 USD) - 2025/01/31 16:46:00 WET [2025/01/31 11:46:00 ET]
Table 'Gezelle' 6-max Seat #5 is the button
Seat 3: BenCampbel10 ($100 in chips) 
Seat 5: MaikonAll ($204 in chips) 
Seat 6: Kristo 914 ($100 in chips) 
Kristo 914: posts small blind $0.50
BenCampbel10: posts big blind $1
*** HOLE CARDS ***
MaikonAll: raises $1.50 to $2.50
Kristo 914: folds 
BenCampbel10: folds 
Uncalled bet ($1.50) returned to MaikonAll
MaikonAll collected $2.50 from pot
MaikonAll: doesn't show hand 
*** SUMMARY ***
Total pot $2.50 | Rake $0 
Seat 3: BenCampbel10 (big blind) folded before Flop
Seat 5: MaikonAll (button) collected ($2.50)
Seat 6: Kristo 914 (small blind) folded before Flop



PokerStars Hand #254638461233:  Hold'em No Limit ($0.50/$1.00 USD) - 2025/01/31 16:46:13 WET [2025/01/31 11:46:13 ET]
Table 'Gezelle' 6-max Seat #6 is the button
Seat 3: BenCampbel10 ($100 in chips) 
Seat 5: MaikonAll ($205.50 in chips) 
Seat 6: Kristo 914 ($100 in chips) 
BenCampbel10: posts small blind $0.50
MaikonAll: posts big blind $1
*** HOLE CARDS ***
Kristo 914: folds 
BenCampbel10: folds 
Uncalled bet ($0.50) returned to MaikonAll
MaikonAll collected $1 from pot
MaikonAll: doesn't show hand 
*** SUMMARY ***
Total pot $1 | Rake $0 
Seat 3: BenCampbel10 (small blind) folded before Flop
Seat 5: MaikonAll (big blind) collected ($1)
Seat 6: Kristo 914 (button) folded before Flop (didn't bet)



PokerStars Hand #254638464339:  Hold'em No Limit ($0.50/$1.00 USD) - 2025/01/31 16:46:27 WET [2025/01/31 11:46:27 ET]
Table 'Gezelle' 6-max Seat #3 is the button
Seat 3: BenCampbel10 ($100 in chips) 
Seat 5: MaikonAll ($206 in chips) 
Seat 6: Kristo 914 ($100 in chips) 
MaikonAll: posts small blind $0.50
Kristo 914: posts big blind $1
*** HOLE CARDS ***
BenCampbel10: folds 
MaikonAll: raises $2 to $3
Kristo 914: folds 
Uncalled bet ($2) returned to MaikonAll
MaikonAll collected $2 from pot
MaikonAll: doesn't show hand 
*** SUMMARY ***
Total pot $2 | Rake $0 
Seat 3: BenCampbel10 (button) folded before Flop (didn't bet)
Seat 5: MaikonAll (small blind) collected ($2)
Seat 6: Kristo 914 (big blind) folded before Flop



PokerStars Hand #254638467546:  Hold'em No Limit ($0.50/$1.00 USD) - 2025/01/31 16:46:41 WET [2025/01/31 11:46:41 ET]
Table 'Gezelle' 6-max Seat #5 is the button
Seat 3: BenCampbel10 ($100 in chips) 
Seat 5: MaikonAll ($207 in chips) 
Seat 6: Kristo 914 ($100 in chips) 
Kristo 914: posts small blind $0.50
BenCampbel10: posts big blind $1
*** HOLE CARDS ***
MaikonAll: folds 
Kristo 914: raises $2 to $3
BenCampbel10: calls $2
*** FLOP *** [6c 2h 6h]
Kristo 914: checks 
BenCampbel10: bets $1.30
Kristo 914: calls $1.30
*** TURN *** [6c 2h 6h] [4s]
Kristo 914: checks 
BenCampbel10: bets $1.90
Kristo 914: calls $1.90
*** RIVER *** [6c 2h 6h 4s] [Js]
Kristo 914: checks 
BenCampbel10: bets $2.80
Kristo 914: raises $12.61 to $15.41
BenCampbel10: folds 
Uncalled bet ($12.61) returned to Kristo 914
Kristo 914 collected $17.10 from pot
Kristo 914: doesn't show hand 
*** SUMMARY ***
Total pot $18 | Rake $0.90 
Board [6c 2h 6h 4s Js]
Seat 3: BenCampbel10 (big blind) folded on the River
Seat 5: MaikonAll (button) folded before Flop (didn't bet)
Seat 6: Kristo 914 (small blind) collected ($17.10)



PokerStars Hand #254638485722:  Hold'em No Limit ($0.50/$1.00 USD) - 2025/01/31 16:48:02 WET [2025/01/31 11:48:02 ET]
Table 'Gezelle' 6-max Seat #6 is the button
Seat 3: BenCampbel10 ($100 in chips) 
Seat 5: MaikonAll ($207 in chips) 
Seat 6: Kristo 914 ($108.10 in chips) 
BenCampbel10: posts small blind $0.50
MaikonAll: posts big blind $1
*** HOLE CARDS ***
Kristo 914: folds 
BenCampbel10: folds 
Uncalled bet ($0.50) returned to MaikonAll
MaikonAll collected $1 from pot
MaikonAll: doesn't show hand 
*** SUMMARY ***
Total pot $1 | Rake $0 
Seat 3: BenCampbel10 (small blind) folded before Flop
Seat 5: MaikonAll (big blind) collected ($1)
Seat 6: Kristo 914 (button) folded before Flop (didn't bet)



PokerStars Hand #254638487576:  Hold'em No Limit ($0.50/$1.00 USD) - 2025/01/31 16:48:10 WET [2025/01/31 11:48:10 ET]
Table 'Gezelle' 6-max Seat #3 is the button
Seat 3: BenCampbel10 ($100 in chips) 
Seat 5: MaikonAll ($207.50 in chips) 
Seat 6: Kristo 914 ($108.10 in chips) 
MaikonAll: posts small blind $0.50
Kristo 914: posts big blind $1
*** HOLE CARDS ***
BenCampbel10: raises $1 to $2
MaikonAll: folds 
Kristo 914: calls $1
*** FLOP *** [3s As Jc]
Kristo 914: checks 
BenCampbel10: checks 
*** TURN *** [3s As Jc] [3d]
Kristo 914: checks 
BenCampbel10: bets $1
Kristo 914: calls $1
*** RIVER *** [3s As Jc 3d] [Jd]
Kristo 914: checks 
BenCampbel10: bets $3.09
Kristo 914: folds 
Uncalled bet ($3.09) returned to BenCampbel10
BenCampbel10 collected $6.18 from pot
BenCampbel10: doesn't show hand 
*** SUMMARY ***
Total pot $6.50 | Rake $0.32 
Board [3s As Jc 3d Jd]
Seat 3: BenCampbel10 (button) collected ($6.18)
Seat 5: MaikonAll (small blind) folded before Flop
Seat 6: Kristo 914 (big blind) folded on the River



PokerStars Hand #254638497778:  Hold'em No Limit ($0.50/$1.00 USD) - 2025/01/31 16:48:55 WET [2025/01/31 11:48:55 ET]
Table 'Gezelle' 6-max Seat #5 is the button
Seat 3: BenCampbel10 ($103.18 in chips) 
Seat 5: MaikonAll ($207 in chips) 
Seat 6: Kristo 914 ($105.10 in chips) 
Kristo 914: posts small blind $0.50
BenCampbel10: posts big blind $1
*** HOLE CARDS ***
MaikonAll: raises $1.50 to $2.50
Kristo 914: raises $8.50 to $11
BenCampbel10: folds 
MaikonAll: raises $13 to $24
Kristo 914: calls $13
*** FLOP *** [9h 7c 6d]
Kristo 914: checks 
MaikonAll: checks 
*** TURN *** [9h 7c 6d] [Ts]
Kristo 914: bets $24.48
MaikonAll: folds 
Uncalled bet ($24.48) returned to Kristo 914
Kristo 914 collected $48 from pot
Kristo 914: doesn't show hand 
*** SUMMARY ***
Total pot $49 | Rake $1 
Board [9h 7c 6d Ts]
Seat 3: BenCampbel10 (big blind) folded before Flop
Seat 5: MaikonAll (button) folded on the Turn
Seat 6: Kristo 914 (small blind) collected ($48)



PokerStars Hand #254638523433:  Hold'em No Limit ($0.50/$1.00 USD) - 2025/01/31 16:50:48 WET [2025/01/31 11:50:48 ET]
Table 'Gezelle' 6-max Seat #6 is the button
Seat 3: BenCampbel10 ($102.18 in chips) 
Seat 5: MaikonAll ($183 in chips) 
Seat 6: Kristo 914 ($129.10 in chips) 
BenCampbel10: posts small blind $0.50
MaikonAll: posts big blind $1
*** HOLE CARDS ***
Kristo 914: folds 
BenCampbel10: folds 
Uncalled bet ($0.50) returned to MaikonAll
MaikonAll collected $1 from pot
MaikonAll: doesn't show hand 
*** SUMMARY ***
Total pot $1 | Rake $0 
Seat 3: BenCampbel10 (small blind) folded before Flop
Seat 5: MaikonAll (big blind) collected ($1)
Seat 6: Kristo 914 (button) folded before Flop (didn't bet)



PokerStars Hand #254638526696:  Hold'em No Limit ($0.50/$1.00 USD) - 2025/01/31 16:51:03 WET [2025/01/31 11:51:03 ET]
Table 'Gezelle' 6-max Seat #3 is the button
Seat 3: BenCampbel10 ($101.68 in chips) 
Seat 5: MaikonAll ($183.50 in chips) 
Seat 6: Kristo 914 ($129.10 in chips) 
MaikonAll: posts small blind $0.50
Kristo 914: posts big blind $1
*** HOLE CARDS ***
BenCampbel10: raises $1 to $2
MaikonAll: folds 
Kristo 914: raises $8.50 to $10.50
BenCampbel10: folds 
Uncalled bet ($8.50) returned to Kristo 914
Kristo 914 collected $4.50 from pot
Kristo 914: doesn't show hand 
*** SUMMARY ***
Total pot $4.50 | Rake $0 
Seat 3: BenCampbel10 (button) folded before Flop
Seat 5: MaikonAll (small blind) folded before Flop
Seat 6: Kristo 914 (big blind) collected ($4.50)



PokerStars Hand #254638531205:  Hold'em No Limit ($0.50/$1.00 USD) - 2025/01/31 16:51:22 WET [2025/01/31 11:51:22 ET]
Table 'Gezelle' 6-max Seat #5 is the button
Seat 3: BenCampbel10 ($100 in chips) 
Seat 5: MaikonAll ($183 in chips) 
Seat 6: Kristo 914 ($131.60 in chips) 
Kristo 914: posts small blind $0.50
BenCampbel10: posts big blind $1
*** HOLE CARDS ***
MaikonAll: raises $1.50 to $2.50
Kristo 914: folds 
BenCampbel10: folds 
Uncalled bet ($1.50) returned to MaikonAll
MaikonAll collected $2.50 from pot
MaikonAll: doesn't show hand 
*** SUMMARY ***
Total pot $2.50 | Rake $0 
Seat 3: BenCampbel10 (big blind) folded before Flop
Seat 5: MaikonAll (button) collected ($2.50)
Seat 6: Kristo 914 (small blind) folded before Flop



PokerStars Hand #254638534398:  Hold'em No Limit ($0.50/$1.00 USD) - 2025/01/31 16:51:37 WET [2025/01/31 11:51:37 ET]
Table 'Gezelle' 6-max Seat #6 is the button
Seat 3: BenCampbel10 ($100 in chips) 
Seat 5: MaikonAll ($184.50 in chips) 
Seat 6: Kristo 914 ($131.10 in chips) 
BenCampbel10: posts small blind $0.50
MaikonAll: posts big blind $1
*** HOLE CARDS ***
Kristo 914: folds 
BenCampbel10: folds 
Uncalled bet ($0.50) returned to MaikonAll
MaikonAll collected $1 from pot
MaikonAll: doesn't show hand 
*** SUMMARY ***
Total pot $1 | Rake $0 
Seat 3: BenCampbel10 (small blind) folded before Flop
Seat 5: MaikonAll (big blind) collected ($1)
Seat 6: Kristo 914 (button) folded before Flop (didn't bet)



PokerStars Hand #254638536810:  Hold'em No Limit ($0.50/$1.00 USD) - 2025/01/31 16:51:48 WET [2025/01/31 11:51:48 ET]
Table 'Gezelle' 6-max Seat #3 is the button
Seat 3: BenCampbel10 ($100 in chips) 
Seat 5: MaikonAll ($185 in chips) 
Seat 6: Kristo 914 ($131.10 in chips) 
MaikonAll: posts small blind $0.50
Kristo 914: posts big blind $1
*** HOLE CARDS ***
BenCampbel10: raises $1 to $2
MaikonAll: folds 
Kristo 914: calls $1
*** FLOP *** [8s 2d Ad]
Kristo 914: checks 
BenCampbel10: checks 
*** TURN *** [8s 2d Ad] [9c]
Kristo 914: checks 
BenCampbel10: bets $3.20
Kristo 914: folds 
Uncalled bet ($3.20) returned to BenCampbel10
BenCampbel10 collected $4.28 from pot
*** SUMMARY ***
Total pot $4.50 | Rake $0.22 
Board [8s 2d Ad 9c]
Seat 3: BenCampbel10 (button) collected ($4.28)
Seat 5: MaikonAll (small blind) folded before Flop
Seat 6: Kristo 914 (big blind) folded on the Turn



PokerStars Hand #254638549132:  Hold'em No Limit ($0.50/$1.00 USD) - 2025/01/31 16:52:43 WET [2025/01/31 11:52:43 ET]
Table 'Gezelle' 6-max Seat #5 is the button
Seat 3: BenCampbel10 ($102.28 in chips) 
Seat 5: MaikonAll ($184.50 in chips) 
Seat 6: Kristo 914 ($129.10 in chips) 
Kristo 914: posts small blind $0.50
BenCampbel10: posts big blind $1
*** HOLE CARDS ***
MaikonAll: raises $1.50 to $2.50
Kristo 914: folds 
BenCampbel10: folds 
Uncalled bet ($1.50) returned to MaikonAll
MaikonAll collected $2.50 from pot
MaikonAll: doesn't show hand 
*** SUMMARY ***
Total pot $2.50 | Rake $0 
Seat 3: BenCampbel10 (big blind) folded before Flop
Seat 5: MaikonAll (button) collected ($2.50)
Seat 6: Kristo 914 (small blind) folded before Flop



PokerStars Hand #254638552758:  Hold'em No Limit ($0.50/$1.00 USD) - 2025/01/31 16:52:59 WET [2025/01/31 11:52:59 ET]
Table 'Gezelle' 6-max Seat #6 is the button
Seat 3: BenCampbel10 ($101.28 in chips) 
Seat 5: MaikonAll ($186 in chips) 
Seat 6: Kristo 914 ($128.60 in chips) 
BenCampbel10: posts small blind $0.50
MaikonAll: posts big blind $1
*** HOLE CARDS ***
Kristo 914: raises $1.40 to $2.40
BenCampbel10: raises $8.90 to $11.30
MaikonAll: folds 
Kristo 914: folds 
Uncalled bet ($8.90) returned to BenCampbel10
BenCampbel10 collected $5.80 from pot
BenCampbel10: doesn't show hand 
*** SUMMARY ***
Total pot $5.80 | Rake $0 
Seat 3: BenCampbel10 (small blind) collected ($5.80)
Seat 5: MaikonAll (big blind) folded before Flop
Seat 6: Kristo 914 (button) folded before Flop



PokerStars Hand #254638559526:  Hold'em No Limit ($0.50/$1.00 USD) - 2025/01/31 16:53:29 WET [2025/01/31 11:53:29 ET]
Table 'Gezelle' 6-max Seat #3 is the button
Seat 3: BenCampbel10 ($104.68 in chips) 
Seat 5: MaikonAll ($185 in chips) 
Seat 6: Kristo 914 ($126.20 in chips) 
MaikonAll: posts small blind $0.50
Kristo 914: posts big blind $1
*** HOLE CARDS ***
BenCampbel10: raises $1 to $2
MaikonAll: folds 
Kristo 914: calls $1
*** FLOP *** [7h Kd Ks]
Kristo 914: checks 
BenCampbel10: bets $1
Kristo 914: raises $3.80 to $4.80
BenCampbel10: folds 
Uncalled bet ($3.80) returned to Kristo 914
Kristo 914 collected $6.18 from pot
Kristo 914: doesn't show hand 
*** SUMMARY ***
Total pot $6.50 | Rake $0.32 
Board [7h Kd Ks]
Seat 3: BenCampbel10 (button) folded on the Flop
Seat 5: MaikonAll (small blind) folded before Flop
Seat 6: Kristo 914 (big blind) collected ($6.18)



PokerStars Hand #254638569913:  Hold'em No Limit ($0.50/$1.00 USD) - 2025/01/31 16:54:15 WET [2025/01/31 11:54:15 ET]
Table 'Gezelle' 6-max Seat #5 is the button
Seat 3: BenCampbel10 ($101.68 in chips) 
Seat 5: MaikonAll ($184.50 in chips) 
Seat 6: Kristo 914 ($129.38 in chips) 
Kristo 914: posts small blind $0.50
BenCampbel10: posts big blind $1
*** HOLE CARDS ***
MaikonAll: raises $1.50 to $2.50
Kristo 914: folds 
BenCampbel10: calls $1.50
*** FLOP *** [2s Jh 4s]
BenCampbel10: checks 
MaikonAll: bets $1.30
BenCampbel10: calls $1.30
*** TURN *** [2s Jh 4s] [6c]
BenCampbel10: checks 
MaikonAll: checks 
*** RIVER *** [2s Jh 4s 6c] [Js]
BenCampbel10: bets $5.40
MaikonAll: calls $5.40
*** SHOW DOWN ***
BenCampbel10: shows [7s 7d] (two pair, Jacks and Sevens)
MaikonAll: mucks hand 
BenCampbel10 collected $17.96 from pot
*** SUMMARY ***
Total pot $18.90 | Rake $0.94 
Board [2s Jh 4s 6c Js]
Seat 3: BenCampbel10 (big blind) showed [7s 7d] and won ($17.96) with two pair, Jacks and Sevens
Seat 5: MaikonAll (button) mucked
Seat 6: Kristo 914 (small blind) folded before Flop



PokerStars Hand #254638585383:  Hold'em No Limit ($0.50/$1.00 USD) - 2025/01/31 16:55:28 WET [2025/01/31 11:55:28 ET]
Table 'Gezelle' 6-max Seat #6 is the button
Seat 3: BenCampbel10 ($110.44 in chips) 
Seat 5: MaikonAll ($175.30 in chips) 
Seat 6: Kristo 914 ($128.88 in chips) 
BenCampbel10: posts small blind $0.50
MaikonAll: posts big blind $1
*** HOLE CARDS ***
Kristo 914: raises $1.40 to $2.40
BenCampbel10: folds 
MaikonAll: raises $10.60 to $13
Kristo 914: folds 
Uncalled bet ($10.60) returned to MaikonAll
MaikonAll collected $5.30 from pot
MaikonAll: doesn't show hand 
*** SUMMARY ***
Total pot $5.30 | Rake $0 
Seat 3: BenCampbel10 (small blind) folded before Flop
Seat 5: MaikonAll (big blind) collected ($5.30)
Seat 6: Kristo 914 (button) folded before Flop



PokerStars Hand #254638588050:  Hold'em No Limit ($0.50/$1.00 USD) - 2025/01/31 16:55:44 WET [2025/01/31 11:55:44 ET]
Table 'Gezelle' 6-max Seat #3 is the button
Seat 3: BenCampbel10 ($109.94 in chips) 
Seat 5: MaikonAll ($178.20 in chips) 
Seat 6: Kristo 914 ($126.48 in chips) 
MaikonAll: posts small blind $0.50
Kristo 914: posts big blind $1
*** HOLE CARDS ***
BenCampbel10: folds 
MaikonAll: raises $2 to $3
Kristo 914: folds 
Uncalled bet ($2) returned to MaikonAll
MaikonAll collected $2 from pot
MaikonAll: doesn't show hand 
*** SUMMARY ***
Total pot $2 | Rake $0 
Seat 3: BenCampbel10 (button) folded before Flop (didn't bet)
Seat 5: MaikonAll (small blind) collected ($2)
Seat 6: Kristo 914 (big blind) folded before Flop



PokerStars Hand #254638590876:  Hold'em No Limit ($0.50/$1.00 USD) - 2025/01/31 16:56:00 WET [2025/01/31 11:56:00 ET]
Table 'Gezelle' 6-max Seat #5 is the button
Seat 3: BenCampbel10 ($109.94 in chips) 
Seat 5: MaikonAll ($179.20 in chips) 
Seat 6: Kristo 914 ($125.48 in chips) 
Kristo 914: posts small blind $0.50
BenCampbel10: posts big blind $1
*** HOLE CARDS ***
MaikonAll: folds 
Kristo 914: folds 
Uncalled bet ($0.50) returned to BenCampbel10
BenCampbel10 collected $1 from pot
BenCampbel10: doesn't show hand 
*** SUMMARY ***
Total pot $1 | Rake $0 
Seat 3: BenCampbel10 (big blind) collected ($1)
Seat 5: MaikonAll (button) folded before Flop (didn't bet)
Seat 6: Kristo 914 (small blind) folded before Flop



PokerStars Hand #254638593801:  Hold'em No Limit ($0.50/$1.00 USD) - 2025/01/31 16:56:17 WET [2025/01/31 11:56:17 ET]
Table 'Gezelle' 6-max Seat #6 is the button
Seat 3: BenCampbel10 ($110.44 in chips) 
Seat 5: MaikonAll ($179.20 in chips) 
Seat 6: Kristo 914 ($124.98 in chips) 
BenCampbel10: posts small blind $0.50
MaikonAll: posts big blind $1
*** HOLE CARDS ***
Kristo 914: folds 
BenCampbel10: raises $1.50 to $2.50
MaikonAll: folds 
Uncalled bet ($1.50) returned to BenCampbel10
BenCampbel10 collected $2 from pot
*** SUMMARY ***
Total pot $2 | Rake $0 
Seat 3: BenCampbel10 (small blind) collected ($2)
Seat 5: MaikonAll (big blind) folded before Flop
Seat 6: Kristo 914 (button) folded before Flop (didn't bet)



PokerStars Hand #254638595959:  Hold'em No Limit ($0.50/$1.00 USD) - 2025/01/31 16:56:29 WET [2025/01/31 11:56:29 ET]
Table 'Gezelle' 6-max Seat #3 is the button
Seat 3: BenCampbel10 ($111.44 in chips) 
Seat 5: MaikonAll ($178.20 in chips) 
Seat 6: Kristo 914 ($124.98 in chips) 
MaikonAll: posts small blind $0.50
Kristo 914: posts big blind $1
*** HOLE CARDS ***
BenCampbel10: folds 
MaikonAll: raises $2 to $3
Kristo 914: folds 
Uncalled bet ($2) returned to MaikonAll
MaikonAll collected $2 from pot
MaikonAll: doesn't show hand 
*** SUMMARY ***
Total pot $2 | Rake $0 
Seat 3: BenCampbel10 (button) folded before Flop (didn't bet)
Seat 5: MaikonAll (small blind) collected ($2)
Seat 6: Kristo 914 (big blind) folded before Flop



PokerStars Hand #254638598211:  Hold'em No Limit ($0.50/$1.00 USD) - 2025/01/31 16:56:42 WET [2025/01/31 11:56:42 ET]
Table 'Gezelle' 6-max Seat #5 is the button
Seat 3: BenCampbel10 ($111.44 in chips) 
Seat 5: MaikonAll ($179.20 in chips) 
Seat 6: Kristo 914 ($123.98 in chips) 
Kristo 914: posts small blind $0.50
BenCampbel10: posts big blind $1
*** HOLE CARDS ***
MaikonAll: folds 
Kristo 914: folds 
Uncalled bet ($0.50) returned to BenCampbel10
BenCampbel10 collected $1 from pot
SasaTomic09 joins the table at seat #2 
SasaTomic09 is disconnected 
BenCampbel10: doesn't show hand 
*** SUMMARY ***
Total pot $1 | Rake $0 
Seat 3: BenCampbel10 (big blind) collected ($1)
Seat 5: MaikonAll (button) folded before Flop (didn't bet)
Seat 6: Kristo 914 (small blind) folded before Flop



PokerStars Hand #254638599496:  Hold'em No Limit ($0.50/$1.00 USD) - 2025/01/31 16:56:50 WET [2025/01/31 11:56:50 ET]
Table 'Gezelle' 6-max Seat #6 is the button
Seat 2: SasaTomic09 ($100 in chips) is sitting out
Seat 3: BenCampbel10 ($111.94 in chips) 
Seat 5: MaikonAll ($179.20 in chips) 
Seat 6: Kristo 914 ($123.48 in chips) 
BenCampbel10: posts small blind $0.50
MaikonAll: posts big blind $1
*** HOLE CARDS ***
Kristo 914: raises $1.40 to $2.40
BenCampbel10: folds 
MaikonAll: calls $1.40
*** FLOP *** [3s 8s 4s]
MaikonAll: checks 
Kristo 914: bets $1.46
MaikonAll: calls $1.46
*** TURN *** [3s 8s 4s] [Jc]
MaikonAll: checks 
Kristo 914: checks 
*** RIVER *** [3s 8s 4s Jc] [7h]
MaikonAll: bets $5.86
Kristo 914: folds 
Uncalled bet ($5.86) returned to MaikonAll
MaikonAll collected $7.81 from pot
MaikonAll: doesn't show hand 
*** SUMMARY ***
Total pot $8.22 | Rake $0.41 
Board [3s 8s 4s Jc 7h]
Seat 2: SasaTomic09
Seat 3: BenCampbel10 (small blind) folded before Flop
Seat 5: MaikonAll (big blind) collected ($7.81)
Seat 6: Kristo 914 (button) folded on the River



PokerStars Hand #254638610491:  Hold'em No Limit ($0.50/$1.00 USD) - 2025/01/31 16:57:52 WET [2025/01/31 11:57:52 ET]
Table 'Gezelle' 6-max Seat #3 is the button
Seat 2: SasaTomic09 ($100 in chips) is sitting out
Seat 3: BenCampbel10 ($111.44 in chips) 
Seat 5: MaikonAll ($183.15 in chips) 
Seat 6: Kristo 914 ($119.62 in chips) 
MaikonAll: posts small blind $0.50
Kristo 914: posts big blind $1
SasaTomic09: sits out 
*** HOLE CARDS ***
BenCampbel10: raises $1 to $2
MaikonAll: folds 
Kristo 914: folds 
Uncalled bet ($1) returned to BenCampbel10
BenCampbel10 collected $2.50 from pot
BenCampbel10: doesn't show hand 
*** SUMMARY ***
Total pot $2.50 | Rake $0 
Seat 2: SasaTomic09
Seat 3: BenCampbel10 (button) collected ($2.50)
Seat 5: MaikonAll (small blind) folded before Flop
Seat 6: Kristo 914 (big blind) folded before Flop



PokerStars Hand #254638613161:  Hold'em No Limit ($0.50/$1.00 USD) - 2025/01/31 16:58:08 WET [2025/01/31 11:58:08 ET]
Table 'Gezelle' 6-max Seat #5 is the button
Seat 2: SasaTomic09 ($100 in chips) 
Seat 3: BenCampbel10 ($112.94 in chips) 
Seat 5: MaikonAll ($182.65 in chips) 
Seat 6: Kristo 914 ($118.62 in chips) 
Kristo 914: posts small blind $0.50
SasaTomic09: posts big blind $1
*** HOLE CARDS ***
BenCampbel10: folds 
MaikonAll: folds 
Kristo 914: raises $2 to $3
SasaTomic09: calls $2
*** FLOP *** [3d 8h 2c]
Kristo 914: checks 
SasaTomic09: bets $3
Kristo 914: raises $5.97 to $8.97
SasaTomic09: calls $5.97
*** TURN *** [3d 8h 2c] [3s]
Kristo 914: checks 
Palacios777 joins the table at seat #4 
SasaTomic09: checks 
*** RIVER *** [3d 8h 2c 3s] [2d]
Palacios777 leaves the table
Kristo 914: checks 
SasaTomic09: bets $17.47
Kristo 914: calls $17.47
*** SHOW DOWN ***
SasaTomic09: shows [9d 9c] (two pair, Nines and Threes)
Kristo 914: shows [Ad Ac] (two pair, Aces and Threes)
Kristo 914 collected $57.88 from pot
*** SUMMARY ***
Total pot $58.88 | Rake $1 
Board [3d 8h 2c 3s 2d]
Seat 2: SasaTomic09 (big blind) showed [9d 9c] and lost with two pair, Nines and Threes
Seat 3: BenCampbel10 folded before Flop (didn't bet)
Seat 5: MaikonAll (button) folded before Flop (didn't bet)
Seat 6: Kristo 914 (small blind) showed [Ad Ac] and won ($57.88) with two pair, Aces and Threes



PokerStars Hand #254638630481:  Hold'em No Limit ($0.50/$1.00 USD) - 2025/01/31 16:59:48 WET [2025/01/31 11:59:48 ET]
Table 'Gezelle' 6-max Seat #6 is the button
Seat 2: SasaTomic09 ($70.56 in chips) 
Seat 3: BenCampbel10 ($112.94 in chips) 
Seat 5: MaikonAll ($182.65 in chips) 
Seat 6: Kristo 914 ($147.06 in chips) 
SasaTomic09: posts small blind $0.50
BenCampbel10: posts big blind $1
*** HOLE CARDS ***
MaikonAll: raises $1.30 to $2.30
Kristo 914: folds 
SasaTomic09: folds 
BenCampbel10: folds 
Uncalled bet ($1.30) returned to MaikonAll
SasaTomic09 leaves the table
MaikonAll collected $2.50 from pot
MaikonAll: doesn't show hand 
*** SUMMARY ***
Total pot $2.50 | Rake $0 
Seat 2: SasaTomic09 (small blind) folded before Flop
Seat 3: BenCampbel10 (big blind) folded before Flop
Seat 5: MaikonAll collected ($2.50)
Seat 6: Kristo 914 (button) folded before Flop (didn't bet)



PokerStars Hand #254638633690:  Hold'em No Limit ($0.50/$1.00 USD) - 2025/01/31 17:00:05 WET [2025/01/31 12:00:05 ET]
Table 'Gezelle' 6-max Seat #3 is the button
Seat 3: BenCampbel10 ($111.94 in chips) 
Seat 5: MaikonAll ($184.15 in chips) 
Seat 6: Kristo 914 ($147.06 in chips) 
MaikonAll: posts small blind $0.50
Kristo 914: posts big blind $1
*** HOLE CARDS ***
BenCampbel10: raises $1 to $2
MaikonAll: folds 
Kristo 914: folds 
Uncalled bet ($1) returned to BenCampbel10
BenCampbel10 collected $2.50 from pot
BenCampbel10: doesn't show hand 
*** SUMMARY ***
Total pot $2.50 | Rake $0 
Seat 3: BenCampbel10 (button) collected ($2.50)
Seat 5: MaikonAll (small blind) folded before Flop
Seat 6: Kristo 914 (big blind) folded before Flop



PokerStars Hand #254638637373:  Hold'em No Limit ($0.50/$1.00 USD) - 2025/01/31 17:00:26 WET [2025/01/31 12:00:26 ET]
Table 'Gezelle' 6-max Seat #5 is the button
Seat 3: BenCampbel10 ($113.44 in chips) 
Seat 5: MaikonAll ($183.65 in chips) 
Seat 6: Kristo 914 ($146.06 in chips) 
Kristo 914: posts small blind $0.50
BenCampbel10: posts big blind $1
*** HOLE CARDS ***
MaikonAll: folds 
Kristo 914: folds 
Uncalled bet ($0.50) returned to BenCampbel10
BenCampbel10 collected $1 from pot
*** SUMMARY ***
Total pot $1 | Rake $0 
Seat 3: BenCampbel10 (big blind) collected ($1)
Seat 5: MaikonAll (button) folded before Flop (didn't bet)
Seat 6: Kristo 914 (small blind) folded before Flop



PokerStars Hand #254638639281:  Hold'em No Limit ($0.50/$1.00 USD) - 2025/01/31 17:00:37 WET [2025/01/31 12:00:37 ET]
Table 'Gezelle' 6-max Seat #6 is the button
Seat 3: BenCampbel10 ($113.94 in chips) 
Seat 5: MaikonAll ($183.65 in chips) 
Seat 6: Kristo 914 ($145.56 in chips) 
BenCampbel10: posts small blind $0.50
MaikonAll: posts big blind $1
*** HOLE CARDS ***
Kristo 914: folds 
BenCampbel10: folds 
Uncalled bet ($0.50) returned to MaikonAll
MaikonAll collected $1 from pot
MaikonAll: doesn't show hand 
*** SUMMARY ***
Total pot $1 | Rake $0 
Seat 3: BenCampbel10 (small blind) folded before Flop
Seat 5: MaikonAll (big blind) collected ($1)
Seat 6: Kristo 914 (button) folded before Flop (didn't bet)



PokerStars Hand #254638641017:  Hold'em No Limit ($0.50/$1.00 USD) - 2025/01/31 17:00:46 WET [2025/01/31 12:00:46 ET]
Table 'Gezelle' 6-max Seat #3 is the button
Seat 3: BenCampbel10 ($113.44 in chips) 
Seat 5: MaikonAll ($184.15 in chips) 
Seat 6: Kristo 914 ($145.56 in chips) 
MaikonAll: posts small blind $0.50
Kristo 914: posts big blind $1
*** HOLE CARDS ***
BenCampbel10: raises $1 to $2
MaikonAll: folds 
Kristo 914: calls $1
*** FLOP *** [6h 4c 2s]
Kristo 914: checks 
BenCampbel10: checks 
*** TURN *** [6h 4c 2s] [9s]
Kristo 914: bets $6
BenCampbel10: folds 
Uncalled bet ($6) returned to Kristo 914
Kristo 914 collected $4.28 from pot
Kristo 914: doesn't show hand 
*** SUMMARY ***
Total pot $4.50 | Rake $0.22 
Board [6h 4c 2s 9s]
Seat 3: BenCampbel10 (button) folded on the Turn
Seat 5: MaikonAll (small blind) folded before Flop
Seat 6: Kristo 914 (big blind) collected ($4.28)



PokerStars Hand #254638649087:  Hold'em No Limit ($0.50/$1.00 USD) - 2025/01/31 17:01:26 WET [2025/01/31 12:01:26 ET]
Table 'Gezelle' 6-max Seat #5 is the button
Seat 3: BenCampbel10 ($111.44 in chips) 
Seat 5: MaikonAll ($183.65 in chips) 
Seat 6: Kristo 914 ($147.84 in chips) 
Kristo 914: posts small blind $0.50
BenCampbel10: posts big blind $1
*** HOLE CARDS ***
MaikonAll: folds 
Kristo 914: folds 
Uncalled bet ($0.50) returned to BenCampbel10
BenCampbel10 collected $1 from pot
BenCampbel10: doesn't show hand 
*** SUMMARY ***
Total pot $1 | Rake $0 
Seat 3: BenCampbel10 (big blind) collected ($1)
Seat 5: MaikonAll (button) folded before Flop (didn't bet)
Seat 6: Kristo 914 (small blind) folded before Flop



PokerStars Hand #254638653491:  Hold'em No Limit ($0.50/$1.00 USD) - 2025/01/31 17:01:47 WET [2025/01/31 12:01:47 ET]
Table 'Gezelle' 6-max Seat #6 is the button
Seat 3: BenCampbel10 ($111.94 in chips) 
Seat 5: MaikonAll ($183.65 in chips) 
Seat 6: Kristo 914 ($147.34 in chips) 
BenCampbel10: posts small blind $0.50
MaikonAll: posts big blind $1
*** HOLE CARDS ***
Kristo 914: folds 
BenCampbel10: raises $1.50 to $2.50
MaikonAll: raises $5.50 to $8
BenCampbel10: folds 
Uncalled bet ($5.50) returned to MaikonAll
MaikonAll collected $5 from pot
MaikonAll: doesn't show hand 
*** SUMMARY ***
Total pot $5 | Rake $0 
Seat 3: BenCampbel10 (small blind) folded before Flop
Seat 5: MaikonAll (big blind) collected ($5)
Seat 6: Kristo 914 (button) folded before Flop (didn't bet)



PokerStars Hand #254638660033:  Hold'em No Limit ($0.50/$1.00 USD) - 2025/01/31 17:02:17 WET [2025/01/31 12:02:17 ET]
Table 'Gezelle' 6-max Seat #3 is the button
Seat 3: BenCampbel10 ($109.44 in chips) 
Seat 5: MaikonAll ($186.15 in chips) 
Seat 6: Kristo 914 ($147.34 in chips) 
MaikonAll: posts small blind $0.50
Kristo 914: posts big blind $1
*** HOLE CARDS ***
BenCampbel10: raises $1 to $2
MaikonAll: folds 
Kristo 914: raises $8.50 to $10.50
BenCampbel10: calls $8.50
*** FLOP *** [Th Ad 7h]
Kristo 914: checks 
BenCampbel10: checks 
*** TURN *** [Th Ad 7h] [6d]
Kristo 914: bets $5.95
BenCampbel10: calls $5.95
*** RIVER *** [Th Ad 7h 6d] [Kc]
Kristo 914: checks 
BenCampbel10: checks 
*** SHOW DOWN ***
Kristo 914: shows [Js Jh] (a pair of Jacks)
BenCampbel10: mucks hand 
Kristo 914 collected $32.40 from pot
*** SUMMARY ***
Total pot $33.40 | Rake $1 
Board [Th Ad 7h 6d Kc]
Seat 3: BenCampbel10 (button) mucked
Seat 5: MaikonAll (small blind) folded before Flop
Seat 6: Kristo 914 (big blind) showed [Js Jh] and won ($32.40) with a pair of Jacks



PokerStars Hand #254638676914:  Hold'em No Limit ($0.50/$1.00 USD) - 2025/01/31 17:03:31 WET [2025/01/31 12:03:31 ET]
Table 'Gezelle' 6-max Seat #5 is the button
Seat 3: BenCampbel10 ($100 in chips) 
Seat 5: MaikonAll ($185.65 in chips) 
Seat 6: Kristo 914 ($163.29 in chips) 
Kristo 914: posts small blind $0.50
BenCampbel10: posts big blind $1
*** HOLE CARDS ***
MaikonAll: raises $1.50 to $2.50
Kristo 914: folds 
BenCampbel10: calls $1.50
*** FLOP *** [2s 3c 9d]
BenCampbel10: checks 
MaikonAll: bets $3.92
BGS013 joins the table at seat #4 
BenCampbel10: folds 
Uncalled bet ($3.92) returned to MaikonAll
MaikonAll collected $5.22 from pot
MaikonAll: doesn't show hand 
*** SUMMARY ***
Total pot $5.50 | Rake $0.28 
Board [2s 3c 9d]
Seat 3: BenCampbel10 (big blind) folded on the Flop
Seat 5: MaikonAll (button) collected ($5.22)
Seat 6: Kristo 914 (small blind) folded before Flop



PokerStars Hand #254638685434:  Hold'em No Limit ($0.50/$1.00 USD) - 2025/01/31 17:04:08 WET [2025/01/31 12:04:08 ET]
Table 'Gezelle' 6-max Seat #6 is the button
Seat 3: BenCampbel10 ($100 in chips) 
Seat 4: BGS013 ($100 in chips) 
Seat 5: MaikonAll ($188.37 in chips) 
Seat 6: Kristo 914 ($162.79 in chips) 
BenCampbel10: posts small blind $0.50
BGS013: posts big blind $1
*** HOLE CARDS ***
MaikonAll: folds 
Kristo 914: folds 
BenCampbel10: raises $1.50 to $2.50
BGS013: folds 
Uncalled bet ($1.50) returned to BenCampbel10
BenCampbel10 collected $2 from pot
*** SUMMARY ***
Total pot $2 | Rake $0 
Seat 3: BenCampbel10 (small blind) collected ($2)
Seat 4: BGS013 (big blind) folded before Flop
Seat 5: MaikonAll folded before Flop (didn't bet)
Seat 6: Kristo 914 (button) folded before Flop (didn't bet)



PokerStars Hand #254638687785:  Hold'em No Limit ($0.50/$1.00 USD) - 2025/01/31 17:04:19 WET [2025/01/31 12:04:19 ET]
Table 'Gezelle' 6-max Seat #3 is the button
Seat 5: MaikonAll ($188.37 in chips) is sitting out
Seat 3: BenCampbel10 ($101 in chips) 
Seat 4: BGS013 ($100 in chips) 
Seat 6: Kristo 914 ($162.79 in chips) 
BGS013: posts small blind $0.50
MaikonAll: is sitting out 
Kristo 914: posts big blind $1
*** HOLE CARDS ***
BenCampbel10: folds 
BGS013: folds 
Uncalled bet ($0.50) returned to Kristo 914
Kristo 914 collected $1 from pot
Kristo 914: doesn't show hand 
MaikonAll leaves the table
*** SUMMARY ***
Total pot $1 | Rake $0 
Seat 5: MaikonAll
Seat 3: BenCampbel10 (button) folded before Flop (didn't bet)
Seat 4: BGS013 (small blind) folded before Flop
Seat 6: Kristo 914 (big blind) collected ($1)



PokerStars Hand #254638689595:  Hold'em No Limit ($0.50/$1.00 USD) - 2025/01/31 17:04:27 WET [2025/01/31 12:04:27 ET]
Table 'Gezelle' 6-max Seat #4 is the button
Seat 3: BenCampbel10 ($101 in chips) 
Seat 4: BGS013 ($100 in chips) 
Seat 6: Kristo 914 ($163.29 in chips) 
Kristo 914: posts small blind $0.50
BenCampbel10: posts big blind $1
*** HOLE CARDS ***
BGS013: folds 
Kristo 914: folds 
Uncalled bet ($0.50) returned to BenCampbel10
BenCampbel10 collected $1 from pot
BenCampbel10: doesn't show hand 
*** SUMMARY ***
Total pot $1 | Rake $0 
Seat 3: BenCampbel10 (big blind) collected ($1)
Seat 4: BGS013 (button) folded before Flop (didn't bet)
Seat 6: Kristo 914 (small blind) folded before Flop



PokerStars Hand #254638694112:  Hold'em No Limit ($0.50/$1.00 USD) - 2025/01/31 17:04:47 WET [2025/01/31 12:04:47 ET]
Table 'Gezelle' 6-max Seat #6 is the button
Seat 3: BenCampbel10 ($101.50 in chips) 
Seat 4: BGS013 ($100 in chips) 
Seat 6: Kristo 914 ($162.79 in chips) 
BenCampbel10: posts small blind $0.50
BGS013: posts big blind $1
*** HOLE CARDS ***
Kristo 914: raises $1.40 to $2.40
BenCampbel10: folds 
BGS013: folds 
Uncalled bet ($1.40) returned to Kristo 914
Kristo 914 collected $2.50 from pot
Kristo 914: doesn't show hand 
*** SUMMARY ***
Total pot $2.50 | Rake $0 
Seat 3: BenCampbel10 (small blind) folded before Flop
Seat 4: BGS013 (big blind) folded before Flop
Seat 6: Kristo 914 (button) collected ($2.50)



PokerStars Hand #254638696448:  Hold'em No Limit ($0.50/$1.00 USD) - 2025/01/31 17:04:56 WET [2025/01/31 12:04:56 ET]
Table 'Gezelle' 6-max Seat #3 is the button
Seat 3: BenCampbel10 ($101 in chips) 
Seat 4: BGS013 ($100 in chips) 
Seat 6: Kristo 914 ($164.29 in chips) 
BGS013: posts small blind $0.50
Kristo 914: posts big blind $1
*** HOLE CARDS ***
BenCampbel10: raises $1 to $2
BGS013: folds 
Kristo 914: folds 
Uncalled bet ($1) returned to BenCampbel10
BenCampbel10 collected $2.50 from pot
BenCampbel10: doesn't show hand 
*** SUMMARY ***
Total pot $2.50 | Rake $0 
Seat 3: BenCampbel10 (button) collected ($2.50)
Seat 4: BGS013 (small blind) folded before Flop
Seat 6: Kristo 914 (big blind) folded before Flop



PokerStars Hand #254638698920:  Hold'em No Limit ($0.50/$1.00 USD) - 2025/01/31 17:05:07 WET [2025/01/31 12:05:07 ET]
Table 'Gezelle' 6-max Seat #6 is the button
Seat 3: BenCampbel10 ($102.50 in chips) is sitting out
Seat 4: BGS013 ($100 in chips) 
Seat 6: Kristo 914 ($163.29 in chips) 
Kristo 914: posts small blind $0.50
BenCampbel10: is sitting out 
BGS013: posts big blind $1
*** HOLE CARDS ***
BenCampbel10 leaves the table
Kristo 914: raises $1.40 to $2.40
BGS013: folds 
Uncalled bet ($1.40) returned to Kristo 914
Kristo 914 collected $2 from pot
Kristo 914: doesn't show hand 
*** SUMMARY ***
Total pot $2 | Rake $0 
Seat 3: BenCampbel10
Seat 4: BGS013 (big blind) folded before Flop
Seat 6: Kristo 914 (button) (small blind) collected ($2)



PokerStars Hand #254638706394:  Hold'em No Limit ($0.50/$1.00 USD) - 2025/01/31 17:05:40 WET [2025/01/31 12:05:40 ET]
Table 'Gezelle' 6-max Seat #2 is the button
Seat 2: Oli3579 ($100 in chips) 
Seat 4: BGS013 ($100 in chips) 
Oli3579: posts small blind $0.50
BGS013: posts big blind $1
*** HOLE CARDS ***
Oli3579: folds 
Uncalled bet ($0.50) returned to BGS013
BGS013 collected $1 from pot
BGS013: doesn't show hand 
*** SUMMARY ***
Total pot $1 | Rake $0 
Seat 2: Oli3579 (button) (small blind) folded before Flop
Seat 4: BGS013 (big blind) collected ($1)



PokerStars Hand #254638708351:  Hold'em No Limit ($0.50/$1.00 USD) - 2025/01/31 17:05:49 WET [2025/01/31 12:05:49 ET]
Table 'Gezelle' 6-max Seat #4 is the button
Seat 2: Oli3579 ($100 in chips) 
Seat 4: BGS013 ($100.50 in chips) 
BGS013: posts small blind $0.50
Oli3579: posts big blind $1
*** HOLE CARDS ***
BGS013: raises $1.50 to $2.50
Oli3579: raises $8 to $10.50
BGS013: folds 
Uncalled bet ($8) returned to Oli3579
Oli3579 collected $5 from pot
Oli3579: doesn't show hand 
*** SUMMARY ***
Total pot $5 | Rake $0 
Seat 2: Oli3579 (big blind) collected ($5)
Seat 4: BGS013 (button) (small blind) folded before Flop



PokerStars Hand #254638713037:  Hold'em No Limit ($0.50/$1.00 USD) - 2025/01/31 17:06:10 WET [2025/01/31 12:06:10 ET]
Table 'Gezelle' 6-max Seat #2 is the button
Seat 2: Oli3579 ($102.50 in chips) 
Seat 4: BGS013 ($100 in chips) 
Oli3579: posts small blind $0.50
BGS013: posts big blind $1
*** HOLE CARDS ***
Oli3579: raises $1.50 to $2.50
BGS013: calls $1.50
*** FLOP *** [2s 4d Kc]
BGS013: checks 
Oli3579: bets $1.57
BGS013: folds 
Uncalled bet ($1.57) returned to Oli3579
Oli3579 collected $4.75 from pot
Oli3579: doesn't show hand 
*** SUMMARY ***
Total pot $5 | Rake $0.25 
Board [2s 4d Kc]
Seat 2: Oli3579 (button) (small blind) collected ($4.75)
Seat 4: BGS013 (big blind) folded on the Flop



