PokerStars Hand #254635635606:  Hold'em No Limit ($0.50/$1.00 USD) - 2025/01/31 12:20:55 WET [2025/01/31 7:20:55 ET]
Table 'Alfreda' 6-max Seat #4 is the button
Seat 2: tintin641 ($100 in chips) 
Seat 4: socito ($100 in chips) 
Seat 6: fedor0f ($100 in chips) 
fedor0f: posts small blind $0.50
tintin641: posts big blind $1
*** HOLE CARDS ***
socito: folds 
fedor0f: folds 
Uncalled bet ($0.50) returned to tintin641
tintin641 collected $1 from pot
tintin641: doesn't show hand 
*** SUMMARY ***
Total pot $1 | Rake $0 
Seat 2: tintin641 (big blind) collected ($1)
Seat 4: socito (button) folded before Flop (didn't bet)
Seat 6: fedor0f (small blind) folded before Flop



PokerStars Hand #254635637517:  Hold'em No Limit ($0.50/$1.00 USD) - 2025/01/31 12:21:09 WET [2025/01/31 7:21:09 ET]
Table 'Alfreda' 6-max Seat #6 is the button
Seat 2: tintin641 ($100.50 in chips) 
Seat 4: socito ($100 in chips) 
Seat 6: fedor0f ($100 in chips) 
tintin641: posts small blind $0.50
socito: posts big blind $1
*** HOLE CARDS ***
fedor0f: folds 
tintin641: folds 
Uncalled bet ($0.50) returned to socito
socito collected $1 from pot
socito: doesn't show hand 
*** SUMMARY ***
Total pot $1 | Rake $0 
Seat 2: tintin641 (small blind) folded before Flop
Seat 4: socito (big blind) collected ($1)
Seat 6: fedor0f (button) folded before Flop (didn't bet)



PokerStars Hand #254635638874:  Hold'em No Limit ($0.50/$1.00 USD) - 2025/01/31 12:21:19 WET [2025/01/31 7:21:19 ET]
Table 'Alfreda' 6-max Seat #2 is the button
Seat 2: tintin641 ($100 in chips) 
Seat 4: socito ($100.50 in chips) 
Seat 6: fedor0f ($100 in chips) 
socito: posts small blind $0.50
fedor0f: posts big blind $1
*** HOLE CARDS ***
tintin641: folds 
socito: folds 
Uncalled bet ($0.50) returned to fedor0f
fedor0f collected $1 from pot
fedor0f: doesn't show hand 
*** SUMMARY ***
Total pot $1 | Rake $0 
Seat 2: tintin641 (button) folded before Flop (didn't bet)
Seat 4: socito (small blind) folded before Flop
Seat 6: fedor0f (big blind) collected ($1)



PokerStars Hand #254635639890:  Hold'em No Limit ($0.50/$1.00 USD) - 2025/01/31 12:21:27 WET [2025/01/31 7:21:27 ET]
Table 'Alfreda' 6-max Seat #4 is the button
Seat 2: tintin641 ($100 in chips) 
Seat 4: socito ($100 in chips) 
Seat 6: fedor0f ($100.50 in chips) 
fedor0f: posts small blind $0.50
tintin641: posts big blind $1
*** HOLE CARDS ***
socito: folds 
fedor0f: folds 
Uncalled bet ($0.50) returned to tintin641
tintin641 collected $1 from pot
tintin641: doesn't show hand 
*** SUMMARY ***
Total pot $1 | Rake $0 
Seat 2: tintin641 (big blind) collected ($1)
Seat 4: socito (button) folded before Flop (didn't bet)
Seat 6: fedor0f (small blind) folded before Flop



PokerStars Hand #254635641917:  Hold'em No Limit ($0.50/$1.00 USD) - 2025/01/31 12:21:42 WET [2025/01/31 7:21:42 ET]
Table 'Alfreda' 6-max Seat #6 is the button
Seat 2: tintin641 ($100.50 in chips) 
Seat 4: socito ($100 in chips) 
Seat 6: fedor0f ($100 in chips) 
tintin641: posts small blind $0.50
ando9192 joins the table at seat #3 
ando9192 is disconnected 
socito: posts big blind $1
*** HOLE CARDS ***
steepfell joins the table at seat #5 
fedor0f: raises $1.20 to $2.20
EasyGamerrr joins the table at seat #1 
tintin641: folds 
socito: folds 
Uncalled bet ($1.20) returned to fedor0f
fedor0f collected $2.50 from pot
fedor0f: doesn't show hand 
*** SUMMARY ***
Total pot $2.50 | Rake $0 
Seat 2: tintin641 (small blind) folded before Flop
Seat 4: socito (big blind) folded before Flop
Seat 6: fedor0f (button) collected ($2.50)



PokerStars Hand #254635644253:  Hold'em No Limit ($0.50/$1.00 USD) - 2025/01/31 12:21:59 WET [2025/01/31 7:21:59 ET]
Table 'Alfreda' 6-max Seat #2 is the button
Seat 1: EasyGamerrr ($100 in chips) is sitting out
Seat 3: ando9192 ($72.35 in chips) is sitting out
Seat 2: tintin641 ($100 in chips) 
Seat 4: socito ($100 in chips) 
Seat 5: steepfell ($100 in chips) 
Seat 6: fedor0f ($101.50 in chips) 
socito: posts small blind $0.50
steepfell: posts big blind $1
EasyGamerrr: sits out 
*** HOLE CARDS ***
fedor0f: folds 
tintin641: folds 
socito: folds 
Uncalled bet ($0.50) returned to steepfell
steepfell collected $1 from pot
steepfell: doesn't show hand 
*** SUMMARY ***
Total pot $1 | Rake $0 
Seat 1: EasyGamerrr
Seat 3: ando9192
Seat 2: tintin641 (button) folded before Flop (didn't bet)
Seat 4: socito (small blind) folded before Flop
Seat 5: steepfell (big blind) collected ($1)
Seat 6: fedor0f folded before Flop (didn't bet)



PokerStars Hand #254635645617:  Hold'em No Limit ($0.50/$1.00 USD) - 2025/01/31 12:22:09 WET [2025/01/31 7:22:09 ET]
Table 'Alfreda' 6-max Seat #4 is the button
Seat 1: EasyGamerrr ($100 in chips) is sitting out
Seat 2: tintin641 ($100 in chips) 
Seat 3: ando9192 ($72.35 in chips) 
Seat 4: socito ($100 in chips) 
Seat 5: steepfell ($100.50 in chips) 
Seat 6: fedor0f ($101.50 in chips) 
steepfell: posts small blind $0.50
fedor0f: posts big blind $1
EasyGamerrr: sits out 
ando9192: posts big blind $1
*** HOLE CARDS ***
tintin641: folds 
ando9192: checks 
socito: folds 
steepfell: folds 
fedor0f: checks 
*** FLOP *** [5d Ad 6c]
fedor0f: checks 
ando9192: checks 
*** TURN *** [5d Ad 6c] [8s]
fedor0f: bets $1
ando9192: calls $1
*** RIVER *** [5d Ad 6c 8s] [2h]
fedor0f: checks 
ando9192: checks 
*** SHOW DOWN ***
fedor0f: shows [4s 8d] (a pair of Eights)
ando9192: shows [8c 9h] (a pair of Eights - Ace+Nine kicker)
ando9192 collected $4.28 from pot
*** SUMMARY ***
Total pot $4.50 | Rake $0.22 
Board [5d Ad 6c 8s 2h]
Seat 1: EasyGamerrr
Seat 2: tintin641 folded before Flop (didn't bet)
Seat 3: ando9192 showed [8c 9h] and won ($4.28) with a pair of Eights
Seat 4: socito (button) folded before Flop (didn't bet)
Seat 5: steepfell (small blind) folded before Flop
Seat 6: fedor0f (big blind) showed [4s 8d] and lost with a pair of Eights



PokerStars Hand #254635651527:  Hold'em No Limit ($0.50/$1.00 USD) - 2025/01/31 12:22:54 WET [2025/01/31 7:22:54 ET]
Table 'Alfreda' 6-max Seat #5 is the button
Seat 1: EasyGamerrr ($100 in chips) 
Seat 2: tintin641 ($100 in chips) 
Seat 3: ando9192 ($74.63 in chips) 
Seat 4: socito ($100 in chips) 
Seat 5: steepfell ($100 in chips) 
Seat 6: fedor0f ($100 in chips) 
fedor0f: posts small blind $0.50
EasyGamerrr: posts big blind $1
*** HOLE CARDS ***
tintin641: folds 
ando9192: folds 
socito: folds 
steepfell: raises $1.50 to $2.50
fedor0f: folds 
EasyGamerrr: raises $9.50 to $12
steepfell: folds 
Uncalled bet ($9.50) returned to EasyGamerrr
EasyGamerrr collected $5.50 from pot
EasyGamerrr: doesn't show hand 
*** SUMMARY ***
Total pot $5.50 | Rake $0 
Seat 1: EasyGamerrr (big blind) collected ($5.50)
Seat 2: tintin641 folded before Flop (didn't bet)
Seat 3: ando9192 folded before Flop (didn't bet)
Seat 4: socito folded before Flop (didn't bet)
Seat 5: steepfell (button) folded before Flop
Seat 6: fedor0f (small blind) folded before Flop



PokerStars Hand #254635654863:  Hold'em No Limit ($0.50/$1.00 USD) - 2025/01/31 12:23:19 WET [2025/01/31 7:23:19 ET]
Table 'Alfreda' 6-max Seat #6 is the button
Seat 1: EasyGamerrr ($103 in chips) 
Seat 2: tintin641 ($100 in chips) 
Seat 3: ando9192 ($74.63 in chips) 
Seat 4: socito ($100 in chips) 
Seat 5: steepfell ($100 in chips) 
Seat 6: fedor0f ($100 in chips) 
EasyGamerrr: posts small blind $0.50
tintin641: posts big blind $1
*** HOLE CARDS ***
ando9192: calls $1
socito: folds 
steepfell: folds 
fedor0f: raises $2.50 to $3.50
EasyGamerrr: folds 
tintin641: folds 
ando9192: folds 
Uncalled bet ($2.50) returned to fedor0f
fedor0f collected $3.50 from pot
fedor0f: doesn't show hand 
*** SUMMARY ***
Total pot $3.50 | Rake $0 
Seat 1: EasyGamerrr (small blind) folded before Flop
Seat 2: tintin641 (big blind) folded before Flop
Seat 3: ando9192 folded before Flop
Seat 4: socito folded before Flop (didn't bet)
Seat 5: steepfell folded before Flop (didn't bet)
Seat 6: fedor0f (button) collected ($3.50)



PokerStars Hand #254635660253:  Hold'em No Limit ($0.50/$1.00 USD) - 2025/01/31 12:24:00 WET [2025/01/31 7:24:00 ET]
Table 'Alfreda' 6-max Seat #1 is the button
Seat 1: EasyGamerrr ($102.50 in chips) 
Seat 2: tintin641 ($100 in chips) 
Seat 3: ando9192 ($73.63 in chips) 
Seat 4: socito ($100 in chips) 
Seat 5: steepfell ($100 in chips) 
Seat 6: fedor0f ($102.50 in chips) 
tintin641: posts small blind $0.50
ando9192: posts big blind $1
*** HOLE CARDS ***
socito: folds 
steepfell: folds 
fedor0f: folds 
EasyGamerrr: raises $1.50 to $2.50
tintin641: folds 
ando9192: calls $1.50
*** FLOP *** [8s 3d 4d]
ando9192: checks 
EasyGamerrr: bets $1.72
ando9192: folds 
Uncalled bet ($1.72) returned to EasyGamerrr
EasyGamerrr collected $5.22 from pot
EasyGamerrr: doesn't show hand 
*** SUMMARY ***
Total pot $5.50 | Rake $0.28 
Board [8s 3d 4d]
Seat 1: EasyGamerrr (button) collected ($5.22)
Seat 2: tintin641 (small blind) folded before Flop
Seat 3: ando9192 (big blind) folded on the Flop
Seat 4: socito folded before Flop (didn't bet)
Seat 5: steepfell folded before Flop (didn't bet)
Seat 6: fedor0f folded before Flop (didn't bet)



PokerStars Hand #254635663711:  Hold'em No Limit ($0.50/$1.00 USD) - 2025/01/31 12:24:25 WET [2025/01/31 7:24:25 ET]
Table 'Alfreda' 6-max Seat #2 is the button
Seat 1: EasyGamerrr ($105.22 in chips) 
Seat 2: tintin641 ($100 in chips) 
Seat 3: ando9192 ($71.13 in chips) 
Seat 4: socito ($100 in chips) 
Seat 5: steepfell ($100 in chips) 
Seat 6: fedor0f ($102.50 in chips) 
ando9192: posts small blind $0.50
socito: posts big blind $1
*** HOLE CARDS ***
steepfell: folds 
fedor0f: folds 
EasyGamerrr: folds 
tintin641: folds 
ando9192: calls $0.50
socito: checks 
*** FLOP *** [Kc 5c 9s]
ando9192: checks 
socito: bets $1
ando9192: calls $1
*** TURN *** [Kc 5c 9s] [7d]
ando9192: checks 
socito: bets $5.70
ando9192: calls $5.70
*** RIVER *** [Kc 5c 9s 7d] [Kh]
ando9192: checks 
socito: bets $21.95
ando9192: folds 
Uncalled bet ($21.95) returned to socito
socito collected $14.63 from pot
socito: doesn't show hand 
*** SUMMARY ***
Total pot $15.40 | Rake $0.77 
Board [Kc 5c 9s 7d Kh]
Seat 1: EasyGamerrr folded before Flop (didn't bet)
Seat 2: tintin641 (button) folded before Flop (didn't bet)
Seat 3: ando9192 (small blind) folded on the River
Seat 4: socito (big blind) collected ($14.63)
Seat 5: steepfell folded before Flop (didn't bet)
Seat 6: fedor0f folded before Flop (didn't bet)



PokerStars Hand #254635669530:  Hold'em No Limit ($0.50/$1.00 USD) - 2025/01/31 12:25:08 WET [2025/01/31 7:25:08 ET]
Table 'Alfreda' 6-max Seat #3 is the button
Seat 1: EasyGamerrr ($105.22 in chips) 
Seat 2: tintin641 ($100 in chips) 
Seat 3: ando9192 ($63.43 in chips) 
Seat 4: socito ($106.93 in chips) 
Seat 5: steepfell ($100 in chips) 
Seat 6: fedor0f ($102.50 in chips) 
socito: posts small blind $0.50
steepfell: posts big blind $1
*** HOLE CARDS ***
fedor0f: raises $1 to $2
EasyGamerrr: folds 
tintin641: raises $5 to $7
ando9192: folds 
socito: folds 
steepfell: folds 
fedor0f: folds 
Uncalled bet ($5) returned to tintin641
tintin641 collected $5.50 from pot
tintin641: doesn't show hand 
*** SUMMARY ***
Total pot $5.50 | Rake $0 
Seat 1: EasyGamerrr folded before Flop (didn't bet)
Seat 2: tintin641 collected ($5.50)
Seat 3: ando9192 (button) folded before Flop (didn't bet)
Seat 4: socito (small blind) folded before Flop
Seat 5: steepfell (big blind) folded before Flop
Seat 6: fedor0f folded before Flop



PokerStars Hand #254635674946:  Hold'em No Limit ($0.50/$1.00 USD) - 2025/01/31 12:25:49 WET [2025/01/31 7:25:49 ET]
Table 'Alfreda' 6-max Seat #4 is the button
Seat 1: EasyGamerrr ($105.22 in chips) is sitting out
Seat 6: fedor0f ($100.50 in chips) is sitting out
Seat 2: tintin641 ($103.50 in chips) 
Seat 3: ando9192 ($63.43 in chips) 
Seat 4: socito ($106.43 in chips) 
Seat 5: steepfell ($100 in chips) 
steepfell: posts small blind $0.50
fedor0f: is sitting out 
EasyGamerrr: is sitting out 
tintin641: posts big blind $1
*** HOLE CARDS ***
ando9192: folds 
fedor0f leaves the table
socito: folds 
ando9192 leaves the table
EasyGamerrr leaves the table
steepfell: folds 
Uncalled bet ($0.50) returned to tintin641
tintin641 collected $1 from pot
tintin641: doesn't show hand 
*** SUMMARY ***
Total pot $1 | Rake $0 
Seat 1: EasyGamerrr
Seat 6: fedor0f
Seat 2: tintin641 (big blind) collected ($1)
Seat 3: ando9192 folded before Flop (didn't bet)
Seat 4: socito (button) folded before Flop (didn't bet)
Seat 5: steepfell (small blind) folded before Flop



PokerStars Hand #254635676332:  Hold'em No Limit ($0.50/$1.00 USD) - 2025/01/31 12:25:59 WET [2025/01/31 7:25:59 ET]
Table 'Alfreda' 6-max Seat #5 is the button
Seat 2: tintin641 ($104 in chips) 
Seat 4: socito ($106.43 in chips) 
Seat 5: steepfell ($100 in chips) 
tintin641: posts small blind $0.50
socito: posts big blind $1
*** HOLE CARDS ***
steepfell: raises $1.50 to $2.50
tintin641: folds 
socito: folds 
Uncalled bet ($1.50) returned to steepfell
socito leaves the table
steepfell collected $2.50 from pot
steepfell: doesn't show hand 
*** SUMMARY ***
Total pot $2.50 | Rake $0 
Seat 2: tintin641 (small blind) folded before Flop
Seat 4: socito (big blind) folded before Flop
Seat 5: steepfell (button) collected ($2.50)



PokerStars Hand #254635678324:  Hold'em No Limit ($0.50/$1.00 USD) - 2025/01/31 12:26:14 WET [2025/01/31 7:26:14 ET]
Table 'Alfreda' 6-max Seat #2 is the button
Seat 2: tintin641 ($103.50 in chips) 
Seat 5: steepfell ($101.50 in chips) 
tintin641: posts small blind $0.50
steepfell: posts big blind $1
*** HOLE CARDS ***
tintin641: folds 
Uncalled bet ($0.50) returned to steepfell
steepfell collected $1 from pot
steepfell: doesn't show hand 
*** SUMMARY ***
Total pot $1 | Rake $0 
Seat 2: tintin641 (button) (small blind) folded before Flop
Seat 5: steepfell (big blind) collected ($1)



PokerStars Hand #254635679344:  Hold'em No Limit ($0.50/$1.00 USD) - 2025/01/31 12:26:21 WET [2025/01/31 7:26:21 ET]
Table 'Alfreda' 6-max Seat #5 is the button
Seat 2: tintin641 ($103 in chips) 
Seat 5: steepfell ($102 in chips) 
steepfell: posts small blind $0.50
tintin641: posts big blind $1
*** HOLE CARDS ***
steepfell: raises $1.50 to $2.50
tintin641: folds 
Uncalled bet ($1.50) returned to steepfell
steepfell collected $2 from pot
steepfell: doesn't show hand 
*** SUMMARY ***
Total pot $2 | Rake $0 
Seat 2: tintin641 (big blind) folded before Flop
Seat 5: steepfell (button) (small blind) collected ($2)



PokerStars Hand #254635681427:  Hold'em No Limit ($0.50/$1.00 USD) - 2025/01/31 12:26:36 WET [2025/01/31 7:26:36 ET]
Table 'Alfreda' 6-max Seat #2 is the button
Seat 2: tintin641 ($102 in chips) 
Seat 5: steepfell ($103 in chips) 
tintin641: posts small blind $0.50
steepfell: posts big blind $1
*** HOLE CARDS ***
tintin641: raises $1.50 to $2.50
steepfell: calls $1.50
*** FLOP *** [Qd 9s As]
steepfell: checks 
tintin641: bets $3.56
steepfell: calls $3.56
*** TURN *** [Qd 9s As] [Ad]
steepfell: checks 
tintin641: checks 
*** RIVER *** [Qd 9s As Ad] [Kh]
steepfell: checks 
tintin641: bets $8.63
steepfell: folds 
Uncalled bet ($8.63) returned to tintin641
tintin641 collected $11.51 from pot
tintin641: doesn't show hand 
*** SUMMARY ***
Total pot $12.12 | Rake $0.61 
Board [Qd 9s As Ad Kh]
Seat 2: tintin641 (button) (small blind) collected ($11.51)
Seat 5: steepfell (big blind) folded on the River



