PokerStars Hand #254641225399:  Hold'em No Limit ($0.50/$1.00 USD) - 2025/01/31 19:50:58 WET [2025/01/31 14:50:58 ET]
Table 'Laverna' 6-max Seat #1 is the button
Seat 4: socito ($100 in chips) is sitting out
Seat 1: Xenicide ($100 in chips) 
Seat 6: TheAveiro ($10 in chips) 
Xenicide: posts small blind $0.50
TheAveiro: posts big blind $1
*** HOLE CARDS ***
Xenicide: raises $12 to $13
TheAveiro: folds 
Uncalled bet ($12) returned to Xenicide
Xenicide collected $2 from pot
*** SUMMARY ***
Total pot $2 | Rake $0 
Seat 4: socito
Seat 1: Xenicide (button) (small blind) collected ($2)
Seat 6: TheAveiro (big blind) folded before Flop



PokerStars Hand #254641232942:  Hold'em No Limit ($0.50/$1.00 USD) - 2025/01/31 19:51:26 WET [2025/01/31 14:51:26 ET]
Table 'Laverna' 6-max Seat #6 is the button
Seat 1: Xenicide ($101 in chips) 
Seat 4: socito ($100 in chips) 
Seat 6: TheAveiro ($10 in chips) 
Xenicide: posts small blind $0.50
socito: posts big blind $1
*** HOLE CARDS ***
TheAveiro: folds 
Xenicide: folds 
Uncalled bet ($0.50) returned to socito
socito collected $1 from pot
socito: doesn't show hand 
*** SUMMARY ***
Total pot $1 | Rake $0 
Seat 1: Xenicide (small blind) folded before Flop
Seat 4: socito (big blind) collected ($1)
Seat 6: TheAveiro (button) folded before Flop (didn't bet)



PokerStars Hand #254641237093:  Hold'em No Limit ($0.50/$1.00 USD) - 2025/01/31 19:51:40 WET [2025/01/31 14:51:40 ET]
Table 'Laverna' 6-max Seat #1 is the button
Seat 1: Xenicide ($100.50 in chips) 
Seat 4: socito ($100.50 in chips) 
Seat 6: TheAveiro ($10 in chips) 
socito: posts small blind $0.50
TheAveiro: posts big blind $1
*** HOLE CARDS ***
Xenicide: folds 
socito: folds 
Uncalled bet ($0.50) returned to TheAveiro
TheAveiro collected $1 from pot
TheAveiro: doesn't show hand 
*** SUMMARY ***
Total pot $1 | Rake $0 
Seat 1: Xenicide (button) folded before Flop (didn't bet)
Seat 4: socito (small blind) folded before Flop
Seat 6: TheAveiro (big blind) collected ($1)



PokerStars Hand #254641239321:  Hold'em No Limit ($0.50/$1.00 USD) - 2025/01/31 19:51:48 WET [2025/01/31 14:51:48 ET]
Table 'Laverna' 6-max Seat #4 is the button
Seat 1: Xenicide ($100.50 in chips) 
Seat 4: socito ($100 in chips) 
Seat 6: TheAveiro ($10.50 in chips) 
TheAveiro: posts small blind $0.50
Xenicide: posts big blind $1
*** HOLE CARDS ***
socito: folds 
TheAveiro: folds 
Uncalled bet ($0.50) returned to Xenicide
Xenicide collected $1 from pot
*** SUMMARY ***
Total pot $1 | Rake $0 
Seat 1: Xenicide (big blind) collected ($1)
Seat 4: socito (button) folded before Flop (didn't bet)
Seat 6: TheAveiro (small blind) folded before Flop



PokerStars Hand #254641242153:  Hold'em No Limit ($0.50/$1.00 USD) - 2025/01/31 19:51:58 WET [2025/01/31 14:51:58 ET]
Table 'Laverna' 6-max Seat #6 is the button
Seat 1: Xenicide ($101 in chips) 
Seat 4: socito ($100 in chips) 
Seat 6: TheAveiro ($10 in chips) 
Xenicide: posts small blind $0.50
socito: posts big blind $1
*** HOLE CARDS ***
TheAveiro: folds 
Xenicide: raises $2.50 to $3.50
socito: folds 
Uncalled bet ($2.50) returned to Xenicide
Xenicide collected $2 from pot
*** SUMMARY ***
Total pot $2 | Rake $0 
Seat 1: Xenicide (small blind) collected ($2)
Seat 4: socito (big blind) folded before Flop
Seat 6: TheAveiro (button) folded before Flop (didn't bet)



PokerStars Hand #254641247875:  Hold'em No Limit ($0.50/$1.00 USD) - 2025/01/31 19:52:19 WET [2025/01/31 14:52:19 ET]
Table 'Laverna' 6-max Seat #1 is the button
Seat 1: Xenicide ($102 in chips) 
Seat 4: socito ($100 in chips) 
Seat 6: TheAveiro ($10 in chips) 
socito: posts small blind $0.50
TheAveiro: posts big blind $1
*** HOLE CARDS ***
Xenicide: folds 
Richard2494 joins the table at seat #2 
socito: folds 
Uncalled bet ($0.50) returned to TheAveiro
TheAveiro collected $1 from pot
TheAveiro: doesn't show hand 
*** SUMMARY ***
Total pot $1 | Rake $0 
Seat 1: Xenicide (button) folded before Flop (didn't bet)
Seat 4: socito (small blind) folded before Flop
Seat 6: TheAveiro (big blind) collected ($1)



PokerStars Hand #254641250970:  Hold'em No Limit ($0.50/$1.00 USD) - 2025/01/31 19:52:30 WET [2025/01/31 14:52:30 ET]
Table 'Laverna' 6-max Seat #4 is the button
Seat 2: Richard2494 ($100 in chips) is sitting out
Seat 1: Xenicide ($102 in chips) 
Seat 4: socito ($100 in chips) 
Seat 6: TheAveiro ($10.50 in chips) 
TheAveiro: posts small blind $0.50
Xenicide: posts big blind $1
Richard2494: sits out 
*** HOLE CARDS ***
socito: folds 
z00mba joins the table at seat #3 
leozaur joins the table at seat #5 
TheAveiro: folds 
Uncalled bet ($0.50) returned to Xenicide
Xenicide collected $1 from pot
*** SUMMARY ***
Total pot $1 | Rake $0 
Seat 2: Richard2494
Seat 1: Xenicide (big blind) collected ($1)
Seat 4: socito (button) folded before Flop (didn't bet)
Seat 6: TheAveiro (small blind) folded before Flop



PokerStars Hand #254641254633:  Hold'em No Limit ($0.50/$1.00 USD) - 2025/01/31 19:52:43 WET [2025/01/31 14:52:43 ET]
Table 'Laverna' 6-max Seat #6 is the button
Seat 3: z00mba ($100 in chips) is sitting out
Seat 5: leozaur ($100 in chips) is sitting out
Seat 1: Xenicide ($102.50 in chips) 
Seat 2: Richard2494 ($100 in chips) 
Seat 4: socito ($100 in chips) 
Seat 6: TheAveiro ($10 in chips) 
Xenicide: posts small blind $0.50
Richard2494: posts big blind $1
leozaur: sits out 
*** HOLE CARDS ***
socito: folds 
TheAveiro: raises $9 to $10 and is all-in
Xenicide: folds 
Richard2494: calls $9
*** FLOP *** [3s 8d 5d]
*** TURN *** [3s 8d 5d] [2h]
*** RIVER *** [3s 8d 5d 2h] [Td]
*** SHOW DOWN ***
Richard2494: shows [Th Tc] (three of a kind, Tens)
TheAveiro: shows [Ac 9c] (high card Ace)
Richard2494 collected $19.50 from pot
*** SUMMARY ***
Total pot $20.50 | Rake $1 
Board [3s 8d 5d 2h Td]
Seat 3: z00mba
Seat 5: leozaur
Seat 1: Xenicide (small blind) folded before Flop
Seat 2: Richard2494 (big blind) showed [Th Tc] and won ($19.50) with three of a kind, Tens
Seat 4: socito folded before Flop (didn't bet)
Seat 6: TheAveiro (button) showed [Ac 9c] and lost with high card Ace



PokerStars Hand #254641262309:  Hold'em No Limit ($0.50/$1.00 USD) - 2025/01/31 19:53:11 WET [2025/01/31 14:53:11 ET]
Table 'Laverna' 6-max Seat #1 is the button
Seat 3: z00mba ($100 in chips) is sitting out
Seat 4: socito ($100 in chips) is sitting out
Seat 1: Xenicide ($102 in chips) 
Seat 2: Richard2494 ($109.50 in chips) 
Seat 5: leozaur ($100 in chips) 
Seat 6: TheAveiro ($10 in chips) 
Richard2494: posts small blind $0.50
socito: is sitting out 
leozaur: posts big blind $1
*** HOLE CARDS ***
TheAveiro: folds 
Xenicide: folds 
Richard2494: folds 
Uncalled bet ($0.50) returned to leozaur
socito leaves the table
leozaur collected $1 from pot
leozaur: doesn't show hand 
*** SUMMARY ***
Total pot $1 | Rake $0 
Seat 3: z00mba
Seat 4: socito
Seat 1: Xenicide (button) folded before Flop (didn't bet)
Seat 2: Richard2494 (small blind) folded before Flop
Seat 5: leozaur (big blind) collected ($1)
Seat 6: TheAveiro folded before Flop (didn't bet)



