PokerStars Hand #254641909885:  Hold'em No Limit ($0.50/$1.00 USD) - 2025/01/31 20:31:59 WET [2025/01/31 15:31:59 ET]
Table 'Stromgrenia' 6-max Seat #2 is the button
Seat 1: Nazareno1999 ($100 in chips) 
Seat 2: santosEST ($100 in chips) 
Seat 4: Nicedaymybro ($100 in chips) 
Nicedaymybro: posts small blind $0.50
Nazareno1999: posts big blind $1
*** HOLE CARDS ***
santosEST: folds 
Nicedaymybro: folds 
Uncalled bet ($0.50) returned to Nazareno1999
Nazareno1999 collected $1 from pot
Nazareno1999: doesn't show hand 
*** SUMMARY ***
Total pot $1 | Rake $0 
Seat 1: Nazareno1999 (big blind) collected ($1)
Seat 2: santosEST (button) folded before Flop (didn't bet)
Seat 4: Nicedaymybro (small blind) folded before Flop



PokerStars Hand #254641911970:  Hold'em No Limit ($0.50/$1.00 USD) - 2025/01/31 20:32:06 WET [2025/01/31 15:32:06 ET]
Table 'Stromgrenia' 6-max Seat #4 is the button
Seat 1: Nazareno1999 ($100.50 in chips) 
Seat 2: santosEST ($100 in chips) 
Seat 4: Nicedaymybro ($100 in chips) 
Nazareno1999: posts small blind $0.50
santosEST: posts big blind $1
*** HOLE CARDS ***
Nicedaymybro: folds 
Nazareno1999: raises $1.50 to $2.50
santosEST: folds 
Uncalled bet ($1.50) returned to Nazareno1999
Nazareno1999 collected $2 from pot
Nazareno1999: doesn't show hand 
*** SUMMARY ***
Total pot $2 | Rake $0 
Seat 1: Nazareno1999 (small blind) collected ($2)
Seat 2: santosEST (big blind) folded before Flop
Seat 4: Nicedaymybro (button) folded before Flop (didn't bet)



PokerStars Hand #254641915809:  Hold'em No Limit ($0.50/$1.00 USD) - 2025/01/31 20:32:19 WET [2025/01/31 15:32:19 ET]
Table 'Stromgrenia' 6-max Seat #1 is the button
Seat 1: Nazareno1999 ($101.50 in chips) 
Seat 2: santosEST ($99 in chips) 
Seat 4: Nicedaymybro ($100 in chips) 
santosEST: posts small blind $0.50
Nicedaymybro: posts big blind $1
*** HOLE CARDS ***
Nazareno1999: raises $1.20 to $2.20
santosEST: calls $1.70
Nicedaymybro: folds 
*** FLOP *** [4c Jd 2d]
santosEST: checks 
Nazareno1999: bets $1.69
santosEST: calls $1.69
*** TURN *** [4c Jd 2d] [Tc]
santosEST: checks 
Nazareno1999: bets $13.50
santosEST: calls $13.50
*** RIVER *** [4c Jd 2d Tc] [Ah]
santosEST: bets $22
Nazareno1999: raises $62.10 to $84.10
santosEST: calls $59.61 and is all-in
Uncalled bet ($2.49) returned to Nazareno1999
*** SHOW DOWN ***
Nazareno1999: shows [2s 2h] (three of a kind, Deuces)
santosEST: shows [Td Ac] (two pair, Aces and Tens)
Nazareno1999 collected $198 from pot
*** SUMMARY ***
Total pot $199 | Rake $1 
Board [4c Jd 2d Tc Ah]
Seat 1: Nazareno1999 (button) showed [2s 2h] and won ($198) with three of a kind, Deuces
Seat 2: santosEST (small blind) showed [Td Ac] and lost with two pair, Aces and Tens
Seat 4: Nicedaymybro (big blind) folded before Flop



PokerStars Hand #254641934315:  Hold'em No Limit ($0.50/$1.00 USD) - 2025/01/31 20:33:20 WET [2025/01/31 15:33:20 ET]
Table 'Stromgrenia' 6-max Seat #4 is the button
Seat 2: santosEST ($0 in chips) is sitting out
Seat 1: Nazareno1999 ($200.50 in chips) 
Seat 4: Nicedaymybro ($100 in chips) 
Nicedaymybro: posts small blind $0.50
Nazareno1999: posts big blind $1
*** HOLE CARDS ***
Nicedaymybro: raises $1.50 to $2.50
Nazareno1999: folds 
Uncalled bet ($1.50) returned to Nicedaymybro
Nicedaymybro collected $2 from pot
Nicedaymybro: doesn't show hand 
*** SUMMARY ***
Total pot $2 | Rake $0 
Seat 2: santosEST
Seat 1: Nazareno1999 (big blind) folded before Flop
Seat 4: Nicedaymybro (button) (small blind) collected ($2)



PokerStars Hand #254641936317:  Hold'em No Limit ($0.50/$1.00 USD) - 2025/01/31 20:33:27 WET [2025/01/31 15:33:27 ET]
Table 'Stromgrenia' 6-max Seat #4 is the button
Seat 1: Nazareno1999 ($199.50 in chips) 
Seat 2: santosEST ($100 in chips) 
Seat 4: Nicedaymybro ($101 in chips) 
Nazareno1999: posts small blind $0.50
santosEST: posts big blind $1
*** HOLE CARDS ***
Nicedaymybro: folds 
Nazareno1999: raises $2 to $3
p@p@stroumf joins the table at seat #6 
worker0k joins the table at seat #5 
santosEST: calls $2
*** FLOP *** [Ac 6s 6c]
Nazareno1999: bets $1.43
santosEST: calls $1.43
*** TURN *** [Ac 6s 6c] [2h]
Nazareno1999: checks 
santosEST: bets $4.21
Nazareno1999: folds 
Uncalled bet ($4.21) returned to santosEST
santosEST collected $8.42 from pot
*** SUMMARY ***
Total pot $8.86 | Rake $0.44 
Board [Ac 6s 6c 2h]
Seat 1: Nazareno1999 (small blind) folded on the Turn
Seat 2: santosEST (big blind) collected ($8.42)
Seat 4: Nicedaymybro (button) folded before Flop (didn't bet)



PokerStars Hand #254641947404:  Hold'em No Limit ($0.50/$1.00 USD) - 2025/01/31 20:34:04 WET [2025/01/31 15:34:04 ET]
Table 'Stromgrenia' 6-max Seat #1 is the button
Seat 2: santosEST ($103.99 in chips) is sitting out
Seat 1: Nazareno1999 ($195.07 in chips) 
Seat 4: Nicedaymybro ($101 in chips) 
Seat 5: worker0k ($100 in chips) 
Seat 6: p@p@stroumf ($100 in chips) 
paramourx joins the table at seat #3 
santosEST has timed out
santosEST: is sitting out 
Nicedaymybro: posts small blind $0.50
worker0k: posts big blind $1
p@p@stroumf: posts big blind $1
*** HOLE CARDS ***
p@p@stroumf: raises $2 to $3
Nazareno1999: folds 
Nicedaymybro: folds 
worker0k: folds 
Uncalled bet ($2) returned to p@p@stroumf
p@p@stroumf collected $2.50 from pot
*** SUMMARY ***
Total pot $2.50 | Rake $0 
Seat 2: santosEST
Seat 1: Nazareno1999 (button) folded before Flop (didn't bet)
Seat 4: Nicedaymybro (small blind) folded before Flop
Seat 5: worker0k (big blind) folded before Flop
Seat 6: p@p@stroumf collected ($2.50)



PokerStars Hand #254641954194:  Hold'em No Limit ($0.50/$1.00 USD) - 2025/01/31 20:34:27 WET [2025/01/31 15:34:27 ET]
Table 'Stromgrenia' 6-max Seat #4 is the button
Seat 3: paramourx ($100 in chips) is sitting out
Seat 1: Nazareno1999 ($195.07 in chips) 
Seat 2: santosEST ($103.99 in chips) 
Seat 4: Nicedaymybro ($100.50 in chips) 
Seat 5: worker0k ($100 in chips) 
Seat 6: p@p@stroumf ($101.50 in chips) 
worker0k: posts small blind $0.50
p@p@stroumf: posts big blind $1
santosEST: posts small blind $0.50
paramourx: sits out 
*** HOLE CARDS ***
Nazareno1999: folds 
santosEST: raises $2 to $3
Nicedaymybro: folds 
worker0k: calls $2.50
p@p@stroumf: calls $2
*** FLOP *** [9s Jd Qc]
worker0k: checks 
p@p@stroumf: checks 
santosEST: bets $3
worker0k: folds 
p@p@stroumf: folds 
Uncalled bet ($3) returned to santosEST
santosEST collected $9.02 from pot
*** SUMMARY ***
Total pot $9.50 | Rake $0.48 
Board [9s Jd Qc]
Seat 3: paramourx
Seat 1: Nazareno1999 folded before Flop (didn't bet)
Seat 2: santosEST collected ($9.02)
Seat 4: Nicedaymybro (button) folded before Flop (didn't bet)
Seat 5: worker0k (small blind) folded on the Flop
Seat 6: p@p@stroumf (big blind) folded on the Flop



PokerStars Hand #254641964008:  Hold'em No Limit ($0.50/$1.00 USD) - 2025/01/31 20:35:00 WET [2025/01/31 15:35:00 ET]
Table 'Stromgrenia' 6-max Seat #5 is the button
Seat 3: paramourx ($100 in chips) is sitting out
Seat 1: Nazareno1999 ($195.07 in chips) 
Seat 2: santosEST ($109.51 in chips) 
Seat 4: Nicedaymybro ($100.50 in chips) 
Seat 5: worker0k ($100 in chips) 
Seat 6: p@p@stroumf ($98.50 in chips) 
p@p@stroumf: posts small blind $0.50
Nazareno1999: posts big blind $1
paramourx: sits out 
*** HOLE CARDS ***
santosEST: raises $1 to $2
Nicedaymybro: folds 
worker0k: raises $5 to $7
p@p@stroumf: folds 
Nazareno1999: folds 
santosEST: calls $5
*** FLOP *** [9c 5c 4h]
santosEST: checks 
worker0k: bets $7.36
santosEST: calls $7.36
*** TURN *** [9c 5c 4h] [Qs]
santosEST: checks 
worker0k: bets $18.66
santosEST: calls $18.66
*** RIVER *** [9c 5c 4h Qs] [3c]
santosEST: bets $41
worker0k: folds 
Uncalled bet ($41) returned to santosEST
santosEST collected $65.04 from pot
santosEST: doesn't show hand 
*** SUMMARY ***
Total pot $67.54 | Rake $2.50 
Board [9c 5c 4h Qs 3c]
Seat 3: paramourx
Seat 1: Nazareno1999 (big blind) folded before Flop
Seat 2: santosEST collected ($65.04)
Seat 4: Nicedaymybro folded before Flop (didn't bet)
Seat 5: worker0k (button) folded on the River
Seat 6: p@p@stroumf (small blind) folded before Flop



PokerStars Hand #254641986770:  Hold'em No Limit ($0.50/$1.00 USD) - 2025/01/31 20:36:15 WET [2025/01/31 15:36:15 ET]
Table 'Stromgrenia' 6-max Seat #6 is the button
Seat 3: paramourx ($100 in chips) is sitting out
Seat 1: Nazareno1999 ($194.07 in chips) 
Seat 2: santosEST ($141.53 in chips) 
Seat 4: Nicedaymybro ($100.50 in chips) 
Seat 5: worker0k ($100 in chips) 
Seat 6: p@p@stroumf ($98 in chips) 
Nazareno1999: posts small blind $0.50
santosEST: posts big blind $1
paramourx: sits out 
*** HOLE CARDS ***
Nicedaymybro: folds 
worker0k: folds 
p@p@stroumf: raises $1 to $2
Nazareno1999: folds 
santosEST: folds 
Uncalled bet ($1) returned to p@p@stroumf
p@p@stroumf collected $2.50 from pot
*** SUMMARY ***
Total pot $2.50 | Rake $0 
Seat 3: paramourx
Seat 1: Nazareno1999 (small blind) folded before Flop
Seat 2: santosEST (big blind) folded before Flop
Seat 4: Nicedaymybro folded before Flop (didn't bet)
Seat 5: worker0k folded before Flop (didn't bet)
Seat 6: p@p@stroumf (button) collected ($2.50)



PokerStars Hand #254641990033:  Hold'em No Limit ($0.50/$1.00 USD) - 2025/01/31 20:36:26 WET [2025/01/31 15:36:26 ET]
Table 'Stromgrenia' 6-max Seat #1 is the button
Seat 1: Nazareno1999 ($193.57 in chips) 
Seat 2: santosEST ($140.53 in chips) 
Seat 3: paramourx ($100 in chips) 
Seat 4: Nicedaymybro ($100.50 in chips) 
Seat 5: worker0k ($100 in chips) 
Seat 6: p@p@stroumf ($99.50 in chips) 
santosEST: posts small blind $0.50
paramourx: posts big blind $1
*** HOLE CARDS ***
Nicedaymybro: folds 
worker0k: folds 
p@p@stroumf: calls $1
Nazareno1999: raises $4 to $5
santosEST: calls $4.50
paramourx: folds 
p@p@stroumf: calls $4
*** FLOP *** [Tc 4h 4s]
santosEST: bets $2
p@p@stroumf: raises $4 to $6
Nazareno1999: folds 
santosEST: calls $4
*** TURN *** [Tc 4h 4s] [2d]
santosEST: checks 
p@p@stroumf: bets $8
santosEST: calls $8
*** RIVER *** [Tc 4h 4s 2d] [As]
santosEST: checks 
p@p@stroumf: bets $16
santosEST: calls $16
*** SHOW DOWN ***
p@p@stroumf: shows [5c Qc] (a pair of Fours)
santosEST: shows [8h 8d] (two pair, Eights and Fours)
santosEST collected $73.50 from pot
*** SUMMARY ***
Total pot $76 | Rake $2.50 
Board [Tc 4h 4s 2d As]
Seat 1: Nazareno1999 (button) folded on the Flop
Seat 2: santosEST (small blind) showed [8h 8d] and won ($73.50) with two pair, Eights and Fours
Seat 3: paramourx (big blind) folded before Flop
Seat 4: Nicedaymybro folded before Flop (didn't bet)
Seat 5: worker0k folded before Flop (didn't bet)
Seat 6: p@p@stroumf showed [5c Qc] and lost with a pair of Fours



PokerStars Hand #254642181119:  Hold'em No Limit ($0.50/$1.00 USD) - 2025/01/31 20:47:01 WET [2025/01/31 15:47:01 ET]
Table 'Stromgrenia' 6-max Seat #2 is the button
Seat 1: Nazareno1999 ($166.32 in chips) 
Seat 2: santosEST ($208.56 in chips) 
Seat 4: Nicedaymybro ($135.37 in chips) 
Seat 6: henri789 ($105.99 in chips) 
Nicedaymybro: posts small blind $0.50
henri789: posts big blind $1
*** HOLE CARDS ***
Nazareno1999: folds 
santosEST: raises $1 to $2
Nicedaymybro: folds 
henri789: calls $1
*** FLOP *** [2d 8d 7d]
henri789: checks 
santosEST: bets $4.28
henri789: raises $8.60 to $12.88
santosEST: calls $8.60
*** TURN *** [2d 8d 7d] [Ah]
henri789: bets $24.70
santosEST: folds 
Uncalled bet ($24.70) returned to henri789
henri789 collected $29.26 from pot
henri789: doesn't show hand 
*** SUMMARY ***
Total pot $30.26 | Rake $1 
Board [2d 8d 7d Ah]
Seat 1: Nazareno1999 folded before Flop (didn't bet)
Seat 2: santosEST (button) folded on the Turn
Seat 4: Nicedaymybro (small blind) folded before Flop
Seat 6: henri789 (big blind) collected ($29.26)



PokerStars Hand #254642199254:  Hold'em No Limit ($0.50/$1.00 USD) - 2025/01/31 20:48:02 WET [2025/01/31 15:48:02 ET]
Table 'Stromgrenia' 6-max Seat #4 is the button
Seat 1: Nazareno1999 ($166.32 in chips) 
Seat 2: santosEST ($193.68 in chips) 
Seat 4: Nicedaymybro ($134.87 in chips) 
Seat 6: henri789 ($120.37 in chips) 
henri789: posts small blind $0.50
Nazareno1999: posts big blind $1
*** HOLE CARDS ***
santosEST: folds 
Nicedaymybro: raises $1.50 to $2.50
henri789: folds 
Nazareno1999: raises $9 to $11.50
Nicedaymybro: folds 
Uncalled bet ($9) returned to Nazareno1999
EasyGamerrr joins the table at seat #5 
Nazareno1999 collected $5.50 from pot
Nazareno1999: doesn't show hand 
*** SUMMARY ***
Total pot $5.50 | Rake $0 
Seat 1: Nazareno1999 (big blind) collected ($5.50)
Seat 2: santosEST folded before Flop (didn't bet)
Seat 4: Nicedaymybro (button) folded before Flop
Seat 6: henri789 (small blind) folded before Flop



PokerStars Hand #254642203458:  Hold'em No Limit ($0.50/$1.00 USD) - 2025/01/31 20:48:16 WET [2025/01/31 15:48:16 ET]
Table 'Stromgrenia' 6-max Seat #6 is the button
Seat 5: EasyGamerrr ($100 in chips) is sitting out
Seat 1: Nazareno1999 ($169.32 in chips) 
Seat 2: santosEST ($193.68 in chips) 
Seat 4: Nicedaymybro ($132.37 in chips) 
Seat 6: henri789 ($119.87 in chips) 
Nazareno1999: posts small blind $0.50
santosEST: posts big blind $1
EasyGamerrr: sits out 
*** HOLE CARDS ***
Nicedaymybro: folds 
henri789: raises $1.20 to $2.20
Nazareno1999: folds 
santosEST: folds 
Uncalled bet ($1.20) returned to henri789
henri789 collected $2.50 from pot
henri789: doesn't show hand 
*** SUMMARY ***
Total pot $2.50 | Rake $0 
Seat 5: EasyGamerrr
Seat 1: Nazareno1999 (small blind) folded before Flop
Seat 2: santosEST (big blind) folded before Flop
Seat 4: Nicedaymybro folded before Flop (didn't bet)
Seat 6: henri789 (button) collected ($2.50)



PokerStars Hand #254642208045:  Hold'em No Limit ($0.50/$1.00 USD) - 2025/01/31 20:48:31 WET [2025/01/31 15:48:31 ET]
Table 'Stromgrenia' 6-max Seat #1 is the button
Seat 5: EasyGamerrr ($100 in chips) is sitting out
Seat 1: Nazareno1999 ($168.82 in chips) 
Seat 2: santosEST ($192.68 in chips) 
Seat 4: Nicedaymybro ($132.37 in chips) 
Seat 6: henri789 ($121.37 in chips) 
santosEST: posts small blind $0.50
Nicedaymybro: posts big blind $1
EasyGamerrr: sits out 
*** HOLE CARDS ***
henri789: folds 
Nazareno1999: raises $1.20 to $2.20
santosEST: calls $1.70
Nicedaymybro: folds 
*** FLOP *** [Js 2d Qd]
santosEST: checks 
Nazareno1999: bets $1.69
santosEST: calls $1.69
*** TURN *** [Js 2d Qd] [Qs]
santosEST: checks 
Nazareno1999: bets $6.76
santosEST: calls $6.76
*** RIVER *** [Js 2d Qd Qs] [Qc]
santosEST: checks 
Nazareno1999: checks 
*** SHOW DOWN ***
santosEST: shows [7d 9d] (three of a kind, Queens)
Nazareno1999: shows [Ks 9s] (three of a kind, Queens - King kicker)
zhino joins the table at seat #3 
Nazareno1999 collected $21.30 from pot
*** SUMMARY ***
Total pot $22.30 | Rake $1 
Board [Js 2d Qd Qs Qc]
Seat 5: EasyGamerrr
Seat 1: Nazareno1999 (button) showed [Ks 9s] and won ($21.30) with three of a kind, Queens
Seat 2: santosEST (small blind) showed [7d 9d] and lost with three of a kind, Queens
Seat 4: Nicedaymybro (big blind) folded before Flop
Seat 6: henri789 folded before Flop (didn't bet)



PokerStars Hand #254642220627:  Hold'em No Limit ($0.50/$1.00 USD) - 2025/01/31 20:49:13 WET [2025/01/31 15:49:13 ET]
Table 'Stromgrenia' 6-max Seat #2 is the button
Seat 3: zhino ($100 in chips) is sitting out
Seat 1: Nazareno1999 ($179.47 in chips) 
Seat 2: santosEST ($182.03 in chips) 
Seat 4: Nicedaymybro ($131.37 in chips) 
Seat 5: EasyGamerrr ($100 in chips) 
Seat 6: henri789 ($121.37 in chips) 
Nicedaymybro: posts small blind $0.50
EasyGamerrr: posts big blind $1
*** HOLE CARDS ***
henri789: raises $1.20 to $2.20
Nazareno1999: folds 
santosEST: raises $5.90 to $8.10
Nicedaymybro: folds 
EasyGamerrr: folds 
henri789: folds 
Uncalled bet ($5.90) returned to santosEST
santosEST collected $5.90 from pot
santosEST: doesn't show hand 
*** SUMMARY ***
Total pot $5.90 | Rake $0 
Seat 3: zhino
Seat 1: Nazareno1999 folded before Flop (didn't bet)
Seat 2: santosEST (button) collected ($5.90)
Seat 4: Nicedaymybro (small blind) folded before Flop
Seat 5: EasyGamerrr (big blind) folded before Flop
Seat 6: henri789 folded before Flop



PokerStars Hand #254642228341:  Hold'em No Limit ($0.50/$1.00 USD) - 2025/01/31 20:49:39 WET [2025/01/31 15:49:39 ET]
Table 'Stromgrenia' 6-max Seat #4 is the button
Seat 3: zhino ($100 in chips) is sitting out
Seat 1: Nazareno1999 ($179.47 in chips) 
Seat 2: santosEST ($185.73 in chips) 
Seat 4: Nicedaymybro ($130.87 in chips) 
Seat 5: EasyGamerrr ($100 in chips) 
Seat 6: henri789 ($119.17 in chips) 
EasyGamerrr: posts small blind $0.50
henri789: posts big blind $1
zhino: sits out 
*** HOLE CARDS ***
Nazareno1999: raises $1.20 to $2.20
santosEST: folds 
Nicedaymybro: folds 
EasyGamerrr: folds 
henri789: raises $9.80 to $12
Nazareno1999: folds 
Uncalled bet ($9.80) returned to henri789
henri789 collected $4.90 from pot
henri789: doesn't show hand 
*** SUMMARY ***
Total pot $4.90 | Rake $0 
Seat 3: zhino
Seat 1: Nazareno1999 folded before Flop
Seat 2: santosEST folded before Flop (didn't bet)
Seat 4: Nicedaymybro (button) folded before Flop (didn't bet)
Seat 5: EasyGamerrr (small blind) folded before Flop
Seat 6: henri789 (big blind) collected ($4.90)



PokerStars Hand #254642234756:  Hold'em No Limit ($0.50/$1.00 USD) - 2025/01/31 20:50:00 WET [2025/01/31 15:50:00 ET]
Table 'Stromgrenia' 6-max Seat #5 is the button
Seat 3: zhino ($100 in chips) is sitting out
Seat 1: Nazareno1999 ($177.27 in chips) 
Seat 2: santosEST ($185.73 in chips) 
Seat 4: Nicedaymybro ($130.87 in chips) 
Seat 5: EasyGamerrr ($100 in chips) 
Seat 6: henri789 ($121.87 in chips) 
henri789: posts small blind $0.50
Nazareno1999: posts big blind $1
zhino: sits out 
*** HOLE CARDS ***
santosEST: folds 
Nicedaymybro: folds 
EasyGamerrr: raises $1.50 to $2.50
henri789: folds 
Nazareno1999: calls $1.50
*** FLOP *** [8s 6d Ks]
Nazareno1999: checks 
EasyGamerrr: checks 
*** TURN *** [8s 6d Ks] [8c]
Nazareno1999: bets $1.72
EasyGamerrr: calls $1.72
*** RIVER *** [8s 6d Ks 8c] [8d]
Nazareno1999: bets $7.37
EasyGamerrr: calls $7.37
*** SHOW DOWN ***
Nazareno1999: shows [7h Kh] (a full house, Eights full of Kings)
EasyGamerrr: shows [Jc Kd] (a full house, Eights full of Kings)
Nazareno1999 collected $11.25 from pot
EasyGamerrr collected $11.25 from pot
*** SUMMARY ***
Total pot $23.68 | Rake $1.18 
Board [8s 6d Ks 8c 8d]
Seat 3: zhino
Seat 1: Nazareno1999 (big blind) showed [7h Kh] and won ($11.25) with a full house, Eights full of Kings
Seat 2: santosEST folded before Flop (didn't bet)
Seat 4: Nicedaymybro folded before Flop (didn't bet)
Seat 5: EasyGamerrr (button) showed [Jc Kd] and won ($11.25) with a full house, Eights full of Kings
Seat 6: henri789 (small blind) folded before Flop



PokerStars Hand #254642245779:  Hold'em No Limit ($0.50/$1.00 USD) - 2025/01/31 20:50:38 WET [2025/01/31 15:50:38 ET]
Table 'Stromgrenia' 6-max Seat #6 is the button
Seat 3: zhino ($100 in chips) is sitting out
Seat 1: Nazareno1999 ($176.93 in chips) 
Seat 2: santosEST ($185.73 in chips) 
Seat 4: Nicedaymybro ($130.87 in chips) 
Seat 5: EasyGamerrr ($100 in chips) 
Seat 6: henri789 ($121.37 in chips) 
Nazareno1999: posts small blind $0.50
santosEST: posts big blind $1
zhino: sits out 
*** HOLE CARDS ***
Nicedaymybro: folds 
EasyGamerrr: raises $1.50 to $2.50
henri789: folds 
Nazareno1999: calls $2
santosEST: calls $1.50
*** FLOP *** [Jd 7c 6d]
Nazareno1999: checks 
santosEST: bets $3
EasyGamerrr: folds 
Nazareno1999: calls $3
*** TURN *** [Jd 7c 6d] [9s]
Nazareno1999: checks 
santosEST: checks 
*** RIVER *** [Jd 7c 6d 9s] [Th]
Nazareno1999: bets $19.23
santosEST: calls $19.23
*** SHOW DOWN ***
Nazareno1999: shows [Ac 8c] (a straight, Seven to Jack)
santosEST: shows [9h 8d] (a straight, Seven to Jack)
Nazareno1999 collected $24.73 from pot
santosEST collected $24.73 from pot
*** SUMMARY ***
Total pot $51.96 | Rake $2.50 
Board [Jd 7c 6d 9s Th]
Seat 3: zhino
Seat 1: Nazareno1999 (small blind) showed [Ac 8c] and won ($24.73) with a straight, Seven to Jack
Seat 2: santosEST (big blind) showed [9h 8d] and won ($24.73) with a straight, Seven to Jack
Seat 4: Nicedaymybro folded before Flop (didn't bet)
Seat 5: EasyGamerrr folded on the Flop
Seat 6: henri789 (button) folded before Flop (didn't bet)



PokerStars Hand #254642256740:  Hold'em No Limit ($0.50/$1.00 USD) - 2025/01/31 20:51:14 WET [2025/01/31 15:51:14 ET]
Table 'Stromgrenia' 6-max Seat #1 is the button
Seat 1: Nazareno1999 ($176.93 in chips) 
Seat 2: santosEST ($185.73 in chips) 
Seat 3: zhino ($100 in chips) 
Seat 4: Nicedaymybro ($130.87 in chips) 
Seat 5: EasyGamerrr ($100 in chips) 
Seat 6: henri789 ($121.37 in chips) 
santosEST: posts small blind $0.50
zhino: posts big blind $1
*** HOLE CARDS ***
Nicedaymybro: folds 
EasyGamerrr: folds 
henri789: folds 
Nazareno1999: raises $1.20 to $2.20
santosEST: folds 
zhino: folds 
Uncalled bet ($1.20) returned to Nazareno1999
Nazareno1999 collected $2.50 from pot
Nazareno1999: doesn't show hand 
*** SUMMARY ***
Total pot $2.50 | Rake $0 
Seat 1: Nazareno1999 (button) collected ($2.50)
Seat 2: santosEST (small blind) folded before Flop
Seat 3: zhino (big blind) folded before Flop
Seat 4: Nicedaymybro folded before Flop (didn't bet)
Seat 5: EasyGamerrr folded before Flop (didn't bet)
Seat 6: henri789 folded before Flop (didn't bet)



PokerStars Hand #254642260925:  Hold'em No Limit ($0.50/$1.00 USD) - 2025/01/31 20:51:29 WET [2025/01/31 15:51:29 ET]
Table 'Stromgrenia' 6-max Seat #2 is the button
Seat 1: Nazareno1999 ($178.43 in chips) 
Seat 2: santosEST ($185.23 in chips) 
Seat 3: zhino ($100 in chips) 
Seat 4: Nicedaymybro ($130.87 in chips) 
Seat 5: EasyGamerrr ($100 in chips) 
Seat 6: henri789 ($121.37 in chips) 
zhino: posts small blind $0.50
Nicedaymybro: posts big blind $1
*** HOLE CARDS ***
EasyGamerrr: folds 
henri789: folds 
Nazareno1999: folds 
santosEST: folds 
zhino: folds 
Uncalled bet ($0.50) returned to Nicedaymybro
Nicedaymybro collected $1 from pot
Nicedaymybro: doesn't show hand 
*** SUMMARY ***
Total pot $1 | Rake $0 
Seat 1: Nazareno1999 folded before Flop (didn't bet)
Seat 2: santosEST (button) folded before Flop (didn't bet)
Seat 3: zhino (small blind) folded before Flop
Seat 4: Nicedaymybro (big blind) collected ($1)
Seat 5: EasyGamerrr folded before Flop (didn't bet)
Seat 6: henri789 folded before Flop (didn't bet)



PokerStars Hand #254642263908:  Hold'em No Limit ($0.50/$1.00 USD) - 2025/01/31 20:51:39 WET [2025/01/31 15:51:39 ET]
Table 'Stromgrenia' 6-max Seat #3 is the button
Seat 5: EasyGamerrr ($100 in chips) is sitting out
Seat 1: Nazareno1999 ($178.43 in chips) 
Seat 2: santosEST ($185.23 in chips) 
Seat 3: zhino ($100 in chips) 
Seat 4: Nicedaymybro ($131.37 in chips) 
Seat 6: henri789 ($121.37 in chips) 
Nicedaymybro: posts small blind $0.50
EasyGamerrr: is sitting out 
henri789: posts big blind $1
*** HOLE CARDS ***
EasyGamerrr leaves the table
Nazareno1999: folds 
santosEST: folds 
zhino: folds 
Nicedaymybro: folds 
Uncalled bet ($0.50) returned to henri789
henri789 collected $1 from pot
henri789: doesn't show hand 
*** SUMMARY ***
Total pot $1 | Rake $0 
Seat 5: EasyGamerrr
Seat 1: Nazareno1999 folded before Flop (didn't bet)
Seat 2: santosEST folded before Flop (didn't bet)
Seat 3: zhino (button) folded before Flop (didn't bet)
Seat 4: Nicedaymybro (small blind) folded before Flop
Seat 6: henri789 (big blind) collected ($1)



PokerStars Hand #254642267135:  Hold'em No Limit ($0.50/$1.00 USD) - 2025/01/31 20:51:50 WET [2025/01/31 15:51:50 ET]
Table 'Stromgrenia' 6-max Seat #4 is the button
Seat 1: Nazareno1999 ($178.43 in chips) 
Seat 2: santosEST ($185.23 in chips) 
Seat 3: zhino ($100 in chips) 
Seat 4: Nicedaymybro ($130.87 in chips) 
Seat 6: henri789 ($121.87 in chips) 
henri789: posts small blind $0.50
Nazareno1999: posts big blind $1
*** HOLE CARDS ***
ghc_2 joins the table at seat #5 
santosEST: folds 
zhino: raises $1.79 to $2.79
Nicedaymybro: folds 
henri789: folds 
Nazareno1999: raises $8.71 to $11.50
zhino: calls $8.71
*** FLOP *** [6s 8h Td]
Nazareno1999: checks 
zhino: checks 
*** TURN *** [6s 8h Td] [4d]
Nazareno1999: bets $5.58
zhino: calls $5.58
*** RIVER *** [6s 8h Td 4d] [5c]
Nazareno1999: checks 
zhino: checks 
*** SHOW DOWN ***
Nazareno1999: shows [Ad Ks] (high card Ace)
zhino: mucks hand 
Nazareno1999 collected $32.93 from pot
*** SUMMARY ***
Total pot $34.66 | Rake $1.73 
Board [6s 8h Td 4d 5c]
Seat 1: Nazareno1999 (big blind) showed [Ad Ks] and won ($32.93) with high card Ace
Seat 2: santosEST folded before Flop (didn't bet)
Seat 3: zhino mucked
Seat 4: Nicedaymybro (button) folded before Flop (didn't bet)
Seat 6: henri789 (small blind) folded before Flop



PokerStars Hand #254642282104:  Hold'em No Limit ($0.50/$1.00 USD) - 2025/01/31 20:52:40 WET [2025/01/31 15:52:40 ET]
Table 'Stromgrenia' 6-max Seat #6 is the button
Seat 5: ghc_2 ($100 in chips) is sitting out
Seat 1: Nazareno1999 ($194.28 in chips) 
Seat 2: santosEST ($185.23 in chips) 
Seat 3: zhino ($100 in chips) 
Seat 4: Nicedaymybro ($130.87 in chips) 
Seat 6: henri789 ($121.37 in chips) 
Nazareno1999: posts small blind $0.50
santosEST: posts big blind $1
ghc_2: sits out 
*** HOLE CARDS ***
zhino: folds 
Nicedaymybro: folds 
henri789: folds 
Nazareno1999: folds 
Uncalled bet ($0.50) returned to santosEST
santosEST collected $1 from pot
santosEST: doesn't show hand 
*** SUMMARY ***
Total pot $1 | Rake $0 
Seat 5: ghc_2
Seat 1: Nazareno1999 (small blind) folded before Flop
Seat 2: santosEST (big blind) collected ($1)
Seat 3: zhino folded before Flop (didn't bet)
Seat 4: Nicedaymybro folded before Flop (didn't bet)
Seat 6: henri789 (button) folded before Flop (didn't bet)



PokerStars Hand #254642285073:  Hold'em No Limit ($0.50/$1.00 USD) - 2025/01/31 20:52:50 WET [2025/01/31 15:52:50 ET]
Table 'Stromgrenia' 6-max Seat #1 is the button
Seat 5: ghc_2 ($100 in chips) is sitting out
Seat 1: Nazareno1999 ($193.78 in chips) 
Seat 2: santosEST ($185.73 in chips) 
Seat 3: zhino ($100 in chips) 
Seat 4: Nicedaymybro ($130.87 in chips) 
Seat 6: henri789 ($121.37 in chips) 
santosEST: posts small blind $0.50
zhino: posts big blind $1
ghc_2: sits out 
*** HOLE CARDS ***
Nicedaymybro: raises $1.50 to $2.50
henri789: folds 
Nazareno1999: folds 
santosEST: folds 
zhino: folds 
Uncalled bet ($1.50) returned to Nicedaymybro
Nicedaymybro collected $2.50 from pot
Nicedaymybro: doesn't show hand 
*** SUMMARY ***
Total pot $2.50 | Rake $0 
Seat 5: ghc_2
Seat 1: Nazareno1999 (button) folded before Flop (didn't bet)
Seat 2: santosEST (small blind) folded before Flop
Seat 3: zhino (big blind) folded before Flop
Seat 4: Nicedaymybro collected ($2.50)
Seat 6: henri789 folded before Flop (didn't bet)



PokerStars Hand #254642289152:  Hold'em No Limit ($0.50/$1.00 USD) - 2025/01/31 20:53:03 WET [2025/01/31 15:53:03 ET]
Table 'Stromgrenia' 6-max Seat #2 is the button
Seat 5: ghc_2 ($100 in chips) is sitting out
Seat 1: Nazareno1999 ($193.78 in chips) 
Seat 2: santosEST ($185.23 in chips) 
Seat 3: zhino ($100 in chips) 
Seat 4: Nicedaymybro ($132.37 in chips) 
Seat 6: henri789 ($121.37 in chips) 
zhino: posts small blind $0.50
Nicedaymybro: posts big blind $1
ghc_2: sits out 
*** HOLE CARDS ***
henri789: folds 
Nazareno1999: folds 
santosEST: folds 
zhino: raises $2.49 to $3.49
Nicedaymybro: folds 
Uncalled bet ($2.49) returned to zhino
zhino collected $2 from pot
zhino: doesn't show hand 
*** SUMMARY ***
Total pot $2 | Rake $0 
Seat 5: ghc_2
Seat 1: Nazareno1999 folded before Flop (didn't bet)
Seat 2: santosEST (button) folded before Flop (didn't bet)
Seat 3: zhino (small blind) collected ($2)
Seat 4: Nicedaymybro (big blind) folded before Flop
Seat 6: henri789 folded before Flop (didn't bet)



PokerStars Hand #254642293081:  Hold'em No Limit ($0.50/$1.00 USD) - 2025/01/31 20:53:16 WET [2025/01/31 15:53:16 ET]
Table 'Stromgrenia' 6-max Seat #3 is the button
Seat 1: Nazareno1999 ($193.78 in chips) 
Seat 2: santosEST ($185.23 in chips) 
Seat 3: zhino ($101 in chips) 
Seat 4: Nicedaymybro ($131.37 in chips) 
Seat 5: ghc_2 ($100 in chips) 
Seat 6: henri789 ($121.37 in chips) 
Nicedaymybro: posts small blind $0.50
ghc_2: posts big blind $1
*** HOLE CARDS ***
henri789: folds 
Nazareno1999: raises $1.20 to $2.20
santosEST: folds 
zhino: folds 
Nicedaymybro: folds 
ghc_2: folds 
Uncalled bet ($1.20) returned to Nazareno1999
Nazareno1999 collected $2.50 from pot
Nazareno1999: doesn't show hand 
*** SUMMARY ***
Total pot $2.50 | Rake $0 
Seat 1: Nazareno1999 collected ($2.50)
Seat 2: santosEST folded before Flop (didn't bet)
Seat 3: zhino (button) folded before Flop (didn't bet)
Seat 4: Nicedaymybro (small blind) folded before Flop
Seat 5: ghc_2 (big blind) folded before Flop
Seat 6: henri789 folded before Flop (didn't bet)



PokerStars Hand #254642297615:  Hold'em No Limit ($0.50/$1.00 USD) - 2025/01/31 20:53:32 WET [2025/01/31 15:53:32 ET]
Table 'Stromgrenia' 6-max Seat #4 is the button
Seat 1: Nazareno1999 ($195.28 in chips) 
Seat 2: santosEST ($185.23 in chips) 
Seat 3: zhino ($101 in chips) 
Seat 4: Nicedaymybro ($130.87 in chips) 
Seat 5: ghc_2 ($100 in chips) 
Seat 6: henri789 ($121.37 in chips) 
ghc_2: posts small blind $0.50
henri789: posts big blind $1
*** HOLE CARDS ***
Nazareno1999: folds 
santosEST: raises $1 to $2
zhino: folds 
Nicedaymybro: folds 
ghc_2: folds 
henri789: calls $1
*** FLOP *** [Qh 3d Ah]
henri789: checks 
santosEST: checks 
*** TURN *** [Qh 3d Ah] [Td]
henri789: checks 
santosEST: bets $3
Nazareno1999 leaves the table
henri789: folds 
Uncalled bet ($3) returned to santosEST
santosEST collected $4.28 from pot
santosEST: doesn't show hand 
*** SUMMARY ***
Total pot $4.50 | Rake $0.22 
Board [Qh 3d Ah Td]
Seat 1: Nazareno1999 folded before Flop (didn't bet)
Seat 2: santosEST collected ($4.28)
Seat 3: zhino folded before Flop (didn't bet)
Seat 4: Nicedaymybro (button) folded before Flop (didn't bet)
Seat 5: ghc_2 (small blind) folded before Flop
Seat 6: henri789 (big blind) folded on the Turn



PokerStars Hand #254642310992:  Hold'em No Limit ($0.50/$1.00 USD) - 2025/01/31 20:54:17 WET [2025/01/31 15:54:17 ET]
Table 'Stromgrenia' 6-max Seat #5 is the button
Seat 2: santosEST ($187.51 in chips) 
Seat 3: zhino ($101 in chips) 
Seat 4: Nicedaymybro ($130.87 in chips) 
Seat 5: ghc_2 ($100 in chips) 
Seat 6: henri789 ($119.37 in chips) 
henri789: posts small blind $0.50
santosEST: posts big blind $1
*** HOLE CARDS ***
zhino: raises $1.59 to $2.59
Nicedaymybro: folds 
ghc_2: folds 
henri789: folds 
santosEST: calls $1.59
*** FLOP *** [Qs 4d 6s]
santosEST: checks 
zhino: bets $1.46
santosEST: folds 
Uncalled bet ($1.46) returned to zhino
zhino collected $5.40 from pot
zhino: doesn't show hand 
*** SUMMARY ***
Total pot $5.68 | Rake $0.28 
Board [Qs 4d 6s]
Seat 2: santosEST (big blind) folded on the Flop
Seat 3: zhino collected ($5.40)
Seat 4: Nicedaymybro folded before Flop (didn't bet)
Seat 5: ghc_2 (button) folded before Flop (didn't bet)
Seat 6: henri789 (small blind) folded before Flop



PokerStars Hand #254642317214:  Hold'em No Limit ($0.50/$1.00 USD) - 2025/01/31 20:54:38 WET [2025/01/31 15:54:38 ET]
Table 'Stromgrenia' 6-max Seat #6 is the button
Seat 2: santosEST ($184.92 in chips) 
Seat 3: zhino ($103.81 in chips) 
Seat 4: Nicedaymybro ($130.87 in chips) 
Seat 5: ghc_2 ($100 in chips) 
Seat 6: henri789 ($118.87 in chips) 
santosEST: posts small blind $0.50
zhino: posts big blind $1
*** HOLE CARDS ***
Nicedaymybro: folds 
ghc_2: folds 
henri789: raises $1.20 to $2.20
santosEST: folds 
zhino: folds 
Uncalled bet ($1.20) returned to henri789
henri789 collected $2.50 from pot
henri789: doesn't show hand 
*** SUMMARY ***
Total pot $2.50 | Rake $0 
Seat 2: santosEST (small blind) folded before Flop
Seat 3: zhino (big blind) folded before Flop
Seat 4: Nicedaymybro folded before Flop (didn't bet)
Seat 5: ghc_2 folded before Flop (didn't bet)
Seat 6: henri789 (button) collected ($2.50)



PokerStars Hand #254642321779:  Hold'em No Limit ($0.50/$1.00 USD) - 2025/01/31 20:54:53 WET [2025/01/31 15:54:53 ET]
Table 'Stromgrenia' 6-max Seat #2 is the button
Seat 4: Nicedaymybro ($130.87 in chips) is sitting out
Seat 2: santosEST ($184.42 in chips) 
Seat 3: zhino ($102.81 in chips) 
Seat 5: ghc_2 ($100 in chips) 
Seat 6: henri789 ($120.37 in chips) 
zhino: posts small blind $0.50
Nicedaymybro: is sitting out 
ghc_2: posts big blind $1
*** HOLE CARDS ***
Nicedaymybro leaves the table
henri789: folds 
santosEST: raises $1 to $2
zhino: folds 
ghc_2: folds 
Uncalled bet ($1) returned to santosEST
santosEST collected $2.50 from pot
santosEST: doesn't show hand 
*** SUMMARY ***
Total pot $2.50 | Rake $0 
Seat 4: Nicedaymybro
Seat 2: santosEST (button) collected ($2.50)
Seat 3: zhino (small blind) folded before Flop
Seat 5: ghc_2 (big blind) folded before Flop
Seat 6: henri789 folded before Flop (didn't bet)



PokerStars Hand #254642327955:  Hold'em No Limit ($0.50/$1.00 USD) - 2025/01/31 20:55:14 WET [2025/01/31 15:55:14 ET]
Table 'Stromgrenia' 6-max Seat #3 is the button
Seat 2: santosEST ($185.92 in chips) 
Seat 3: zhino ($102.31 in chips) 
Seat 5: ghc_2 ($100 in chips) 
Seat 6: henri789 ($120.37 in chips) 
ghc_2: posts small blind $0.50
henri789: posts big blind $1
*** HOLE CARDS ***
santosEST: folds 
zhino: folds 
ghc_2: folds 
Uncalled bet ($0.50) returned to henri789
henri789 collected $1 from pot
henri789: doesn't show hand 
*** SUMMARY ***
Total pot $1 | Rake $0 
Seat 2: santosEST folded before Flop (didn't bet)
Seat 3: zhino (button) folded before Flop (didn't bet)
Seat 5: ghc_2 (small blind) folded before Flop
Seat 6: henri789 (big blind) collected ($1)



PokerStars Hand #254642330479:  Hold'em No Limit ($0.50/$1.00 USD) - 2025/01/31 20:55:25 WET [2025/01/31 15:55:25 ET]
Table 'Stromgrenia' 6-max Seat #5 is the button
Seat 2: santosEST ($185.92 in chips) 
Seat 3: zhino ($102.31 in chips) 
Seat 5: ghc_2 ($100 in chips) 
Seat 6: henri789 ($120.87 in chips) 
henri789: posts small blind $0.50
santosEST: posts big blind $1
*** HOLE CARDS ***
zhino: raises $1.79 to $2.79
JUANS2 joins the table at seat #4 
michasia joins the table at seat #1 
ghc_2: calls $2.79
henri789: raises $11.21 to $14
santosEST: folds 
zhino: folds 
ghc_2: folds 
Uncalled bet ($11.21) returned to henri789
henri789 collected $9.37 from pot
henri789: doesn't show hand 
*** SUMMARY ***
Total pot $9.37 | Rake $0 
Seat 2: santosEST (big blind) folded before Flop
Seat 3: zhino folded before Flop
Seat 5: ghc_2 (button) folded before Flop
Seat 6: henri789 (small blind) collected ($9.37)



PokerStars Hand #254642337641:  Hold'em No Limit ($0.50/$1.00 USD) - 2025/01/31 20:56:00 WET [2025/01/31 15:56:00 ET]
Table 'Stromgrenia' 6-max Seat #6 is the button
Seat 1: michasia ($100 in chips) is sitting out
Seat 3: zhino ($100 in chips) is sitting out
Seat 2: santosEST ($184.92 in chips) 
Seat 4: JUANS2 ($100 in chips) 
Seat 5: ghc_2 ($100 in chips) 
Seat 6: henri789 ($127.45 in chips) 
santosEST: posts small blind $0.50
zhino: is sitting out 
JUANS2: posts big blind $1
*** HOLE CARDS ***
ghc_2: folds 
henri789: raises $1.20 to $2.20
santosEST: calls $1.70
JUANS2: folds 
*** FLOP *** [8c Ah 4s]
santosEST: checks 
henri789: bets $2.05
santosEST: folds 
Uncalled bet ($2.05) returned to henri789
henri789 collected $5.13 from pot
henri789: doesn't show hand 
*** SUMMARY ***
Total pot $5.40 | Rake $0.27 
Board [8c Ah 4s]
Seat 1: michasia
Seat 3: zhino
Seat 2: santosEST (small blind) folded on the Flop
Seat 4: JUANS2 (big blind) folded before Flop
Seat 5: ghc_2 folded before Flop (didn't bet)
Seat 6: henri789 (button) collected ($5.13)



PokerStars Hand #254642345590:  Hold'em No Limit ($0.50/$1.00 USD) - 2025/01/31 20:56:39 WET [2025/01/31 15:56:39 ET]
Table 'Stromgrenia' 6-max Seat #2 is the button
Seat 1: michasia ($100 in chips) is sitting out
Seat 3: zhino ($100 in chips) is sitting out
Seat 2: santosEST ($182.72 in chips) 
Seat 4: JUANS2 ($100 in chips) 
Seat 5: ghc_2 ($100 in chips) 
Seat 6: henri789 ($130.38 in chips) 
JUANS2: posts small blind $0.50
ghc_2: posts big blind $1
michasia: sits out 
*** HOLE CARDS ***
henri789: folds 
santosEST: folds 
JUANS2: raises $2 to $3
ghc_2: raises $6 to $9
JUANS2: folds 
Uncalled bet ($6) returned to ghc_2
ghc_2 collected $6 from pot
ghc_2: doesn't show hand 
*** SUMMARY ***
Total pot $6 | Rake $0 
Seat 1: michasia
Seat 3: zhino
Seat 2: santosEST (button) folded before Flop (didn't bet)
Seat 4: JUANS2 (small blind) folded before Flop
Seat 5: ghc_2 (big blind) collected ($6)
Seat 6: henri789 folded before Flop (didn't bet)



PokerStars Hand #254642353162:  Hold'em No Limit ($0.50/$1.00 USD) - 2025/01/31 20:57:15 WET [2025/01/31 15:57:15 ET]
Table 'Stromgrenia' 6-max Seat #4 is the button
Seat 1: michasia ($100 in chips) is sitting out
Seat 3: zhino ($100 in chips) is sitting out
Seat 2: santosEST ($182.72 in chips) 
Seat 4: JUANS2 ($100 in chips) 
Seat 5: ghc_2 ($103 in chips) 
Seat 6: henri789 ($130.38 in chips) 
ghc_2: posts small blind $0.50
henri789: posts big blind $1
michasia: sits out 
*** HOLE CARDS ***
santosEST: raises $1 to $2
JUANS2: folds 
ghc_2: folds 
henri789: folds 
Uncalled bet ($1) returned to santosEST
santosEST collected $2.50 from pot
santosEST: doesn't show hand 
*** SUMMARY ***
Total pot $2.50 | Rake $0 
Seat 1: michasia
Seat 3: zhino
Seat 2: santosEST collected ($2.50)
Seat 4: JUANS2 (button) folded before Flop (didn't bet)
Seat 5: ghc_2 (small blind) folded before Flop
Seat 6: henri789 (big blind) folded before Flop



PokerStars Hand #254642356880:  Hold'em No Limit ($0.50/$1.00 USD) - 2025/01/31 20:57:33 WET [2025/01/31 15:57:33 ET]
Table 'Stromgrenia' 6-max Seat #5 is the button
Seat 3: zhino ($100 in chips) is sitting out
Seat 1: michasia ($100 in chips) 
Seat 2: santosEST ($184.22 in chips) 
Seat 4: JUANS2 ($100 in chips) 
Seat 5: ghc_2 ($102.50 in chips) 
Seat 6: henri789 ($129.38 in chips) 
henri789: posts small blind $0.50
michasia: posts big blind $1
*** HOLE CARDS ***
santosEST: raises $1 to $2
JUANS2: folds 
ghc_2: folds 
henri789: folds 
michasia: folds 
Uncalled bet ($1) returned to santosEST
michasia leaves the table
santosEST collected $2.50 from pot
santosEST: doesn't show hand 
*** SUMMARY ***
Total pot $2.50 | Rake $0 
Seat 3: zhino
Seat 1: michasia (big blind) folded before Flop
Seat 2: santosEST collected ($2.50)
Seat 4: JUANS2 folded before Flop (didn't bet)
Seat 5: ghc_2 (button) folded before Flop (didn't bet)
Seat 6: henri789 (small blind) folded before Flop



PokerStars Hand #254642360362:  Hold'em No Limit ($0.50/$1.00 USD) - 2025/01/31 20:57:50 WET [2025/01/31 15:57:50 ET]
Table 'Stromgrenia' 6-max Seat #6 is the button
Seat 3: zhino ($100 in chips) is sitting out
Seat 2: santosEST ($185.72 in chips) 
Seat 4: JUANS2 ($100 in chips) 
Seat 5: ghc_2 ($102.50 in chips) 
Seat 6: henri789 ($128.88 in chips) 
santosEST: posts small blind $0.50
JUANS2: posts big blind $1
*** HOLE CARDS ***
ghc_2: folds 
henri789: folds 
santosEST: raises $1 to $2
JUANS2: raises $6 to $8
santosEST: folds 
Uncalled bet ($6) returned to JUANS2
JUANS2 collected $4 from pot
JUANS2: doesn't show hand 
*** SUMMARY ***
Total pot $4 | Rake $0 
Seat 3: zhino
Seat 2: santosEST (small blind) folded before Flop
Seat 4: JUANS2 (big blind) collected ($4)
Seat 5: ghc_2 folded before Flop (didn't bet)
Seat 6: henri789 (button) folded before Flop (didn't bet)



PokerStars Hand #254642366383:  Hold'em No Limit ($0.50/$1.00 USD) - 2025/01/31 20:58:19 WET [2025/01/31 15:58:19 ET]
Table 'Stromgrenia' 6-max Seat #2 is the button
Seat 3: zhino ($100 in chips) is sitting out
Seat 2: santosEST ($183.72 in chips) 
Seat 4: JUANS2 ($102 in chips) 
Seat 5: ghc_2 ($102.50 in chips) 
Seat 6: henri789 ($128.88 in chips) 
JUANS2: posts small blind $0.50
ghc_2: posts big blind $1
*** HOLE CARDS ***
henri789: folds 
santosEST: folds 
JUANS2: folds 
Uncalled bet ($0.50) returned to ghc_2
ghc_2 collected $1 from pot
ghc_2: doesn't show hand 
*** SUMMARY ***
Total pot $1 | Rake $0 
Seat 3: zhino
Seat 2: santosEST (button) folded before Flop (didn't bet)
Seat 4: JUANS2 (small blind) folded before Flop
Seat 5: ghc_2 (big blind) collected ($1)
Seat 6: henri789 folded before Flop (didn't bet)



PokerStars Hand #254642368370:  Hold'em No Limit ($0.50/$1.00 USD) - 2025/01/31 20:58:29 WET [2025/01/31 15:58:29 ET]
Table 'Stromgrenia' 6-max Seat #4 is the button
Seat 3: zhino ($100 in chips) is sitting out
Seat 2: santosEST ($183.72 in chips) 
Seat 4: JUANS2 ($101.50 in chips) 
Seat 5: ghc_2 ($103 in chips) 
Seat 6: henri789 ($128.88 in chips) 
ghc_2: posts small blind $0.50
henri789: posts big blind $1
*** HOLE CARDS ***
santosEST: folds 
JUANS2: raises $1.50 to $2.50
ghc_2: raises $9 to $11.50
henri789: folds 
zhino leaves the table
michasia joins the table at seat #3 
JUANS2: raises $13 to $24.50
ghc_2: folds 
Uncalled bet ($13) returned to JUANS2
JUANS2 collected $24 from pot
JUANS2: doesn't show hand 
*** SUMMARY ***
Total pot $24 | Rake $0 
Seat 3: zhino
Seat 2: santosEST folded before Flop (didn't bet)
Seat 4: JUANS2 (button) collected ($24)
Seat 5: ghc_2 (small blind) folded before Flop
Seat 6: henri789 (big blind) folded before Flop



PokerStars Hand #254642378340:  Hold'em No Limit ($0.50/$1.00 USD) - 2025/01/31 20:59:16 WET [2025/01/31 15:59:16 ET]
Table 'Stromgrenia' 6-max Seat #5 is the button
Seat 3: michasia ($100 in chips) is sitting out
Seat 2: santosEST ($183.72 in chips) 
Seat 4: JUANS2 ($114 in chips) 
Seat 5: ghc_2 ($100 in chips) 
Seat 6: henri789 ($127.88 in chips) 
henri789: posts small blind $0.50
santosEST: posts big blind $1
michasia: sits out 
*** HOLE CARDS ***
JUANS2: folds 
ghc_2: folds 
henri789: raises $2 to $3
santosEST: folds 
Uncalled bet ($2) returned to henri789
henri789 collected $2 from pot
henri789: doesn't show hand 
*** SUMMARY ***
Total pot $2 | Rake $0 
Seat 3: michasia
Seat 2: santosEST (big blind) folded before Flop
Seat 4: JUANS2 folded before Flop (didn't bet)
Seat 5: ghc_2 (button) folded before Flop (didn't bet)
Seat 6: henri789 (small blind) collected ($2)



PokerStars Hand #254642381788:  Hold'em No Limit ($0.50/$1.00 USD) - 2025/01/31 20:59:33 WET [2025/01/31 15:59:33 ET]
Table 'Stromgrenia' 6-max Seat #6 is the button
Seat 2: santosEST ($182.72 in chips) 
Seat 3: michasia ($100 in chips) 
Seat 4: JUANS2 ($114 in chips) 
Seat 5: ghc_2 ($100 in chips) 
Seat 6: henri789 ($128.88 in chips) 
santosEST: posts small blind $0.50
michasia: posts big blind $1
*** HOLE CARDS ***
JUANS2: raises $1.20 to $2.20
ghc_2: folds 
henri789: folds 
santosEST: folds 
michasia: calls $1.20
*** FLOP *** [5h 3d 9d]
michasia: checks 
JUANS2: bets $3.50
michasia: folds 
Uncalled bet ($3.50) returned to JUANS2
JUANS2 collected $4.66 from pot
JUANS2: doesn't show hand 
*** SUMMARY ***
Total pot $4.90 | Rake $0.24 
Board [5h 3d 9d]
Seat 2: santosEST (small blind) folded before Flop
Seat 3: michasia (big blind) folded on the Flop
Seat 4: JUANS2 collected ($4.66)
Seat 5: ghc_2 folded before Flop (didn't bet)
Seat 6: henri789 (button) folded before Flop (didn't bet)



PokerStars Hand #254642387861:  Hold'em No Limit ($0.50/$1.00 USD) - 2025/01/31 21:00:02 WET [2025/01/31 16:00:02 ET]
Table 'Stromgrenia' 6-max Seat #2 is the button
Seat 2: santosEST ($182.22 in chips) 
Seat 3: michasia ($100 in chips) 
Seat 4: JUANS2 ($116.46 in chips) 
Seat 5: ghc_2 ($100 in chips) 
Seat 6: henri789 ($128.88 in chips) 
michasia: posts small blind $0.50
JUANS2: posts big blind $1
*** HOLE CARDS ***
ghc_2: raises $1 to $2
henri789: raises $5 to $7
santosEST: folds 
michasia: folds 
JUANS2: folds 
ghc_2: folds 
Uncalled bet ($5) returned to henri789
michasia leaves the table
henri789 collected $5.50 from pot
henri789: doesn't show hand 
*** SUMMARY ***
Total pot $5.50 | Rake $0 
Seat 2: santosEST (button) folded before Flop (didn't bet)
Seat 3: michasia (small blind) folded before Flop
Seat 4: JUANS2 (big blind) folded before Flop
Seat 5: ghc_2 folded before Flop
Seat 6: henri789 collected ($5.50)



PokerStars Hand #254642394956:  Hold'em No Limit ($0.50/$1.00 USD) - 2025/01/31 21:00:34 WET [2025/01/31 16:00:34 ET]
Table 'Stromgrenia' 6-max Seat #4 is the button
Seat 2: santosEST ($182.22 in chips) 
Seat 4: JUANS2 ($115.46 in chips) 
Seat 5: ghc_2 ($100 in chips) 
Seat 6: henri789 ($132.38 in chips) 
ghc_2: posts small blind $0.50
henri789: posts big blind $1
*** HOLE CARDS ***
santosEST: folds 
JUANS2: folds 
ghc_2: folds 
Uncalled bet ($0.50) returned to henri789
henri789 collected $1 from pot
henri789: doesn't show hand 
*** SUMMARY ***
Total pot $1 | Rake $0 
Seat 2: santosEST folded before Flop (didn't bet)
Seat 4: JUANS2 (button) folded before Flop (didn't bet)
Seat 5: ghc_2 (small blind) folded before Flop
Seat 6: henri789 (big blind) collected ($1)



PokerStars Hand #254642398207:  Hold'em No Limit ($0.50/$1.00 USD) - 2025/01/31 21:00:49 WET [2025/01/31 16:00:49 ET]
Table 'Stromgrenia' 6-max Seat #5 is the button
Seat 2: santosEST ($182.22 in chips) 
Seat 4: JUANS2 ($115.46 in chips) 
Seat 5: ghc_2 ($100 in chips) 
Seat 6: henri789 ($132.88 in chips) 
henri789: posts small blind $0.50
santosEST: posts big blind $1
*** HOLE CARDS ***
JUANS2: folds 
ghc_2: folds 
henri789: folds 
Uncalled bet ($0.50) returned to santosEST
santosEST collected $1 from pot
santosEST: doesn't show hand 
*** SUMMARY ***
Total pot $1 | Rake $0 
Seat 2: santosEST (big blind) collected ($1)
Seat 4: JUANS2 folded before Flop (didn't bet)
Seat 5: ghc_2 (button) folded before Flop (didn't bet)
Seat 6: henri789 (small blind) folded before Flop



PokerStars Hand #254642400828:  Hold'em No Limit ($0.50/$1.00 USD) - 2025/01/31 21:00:59 WET [2025/01/31 16:00:59 ET]
Table 'Stromgrenia' 6-max Seat #6 is the button
Seat 2: santosEST ($182.72 in chips) 
Seat 4: JUANS2 ($115.46 in chips) 
Seat 5: ghc_2 ($100 in chips) 
Seat 6: henri789 ($132.38 in chips) 
santosEST: posts small blind $0.50
JUANS2: posts big blind $1
*** HOLE CARDS ***
ghc_2: raises $1.30 to $2.30
henri789: folds 
santosEST: folds 
JUANS2: calls $1.30
*** FLOP *** [9d 4s Jd]
JUANS2: checks 
ghc_2: bets $3.63
JUANS2: raises $6.05 to $9.68
ghc_2: folds 
Uncalled bet ($6.05) returned to JUANS2
JUANS2 collected $11.74 from pot
JUANS2: doesn't show hand 
*** SUMMARY ***
Total pot $12.36 | Rake $0.62 
Board [9d 4s Jd]
Seat 2: santosEST (small blind) folded before Flop
Seat 4: JUANS2 (big blind) collected ($11.74)
Seat 5: ghc_2 folded on the Flop
Seat 6: henri789 (button) folded before Flop (didn't bet)



PokerStars Hand #254642417634:  Hold'em No Limit ($0.50/$1.00 USD) - 2025/01/31 21:02:02 WET [2025/01/31 16:02:02 ET]
Table 'Stromgrenia' 6-max Seat #2 is the button
Seat 2: santosEST ($182.22 in chips) 
Seat 4: JUANS2 ($121.27 in chips) 
Seat 5: ghc_2 ($100 in chips) 
Seat 6: henri789 ($132.38 in chips) 
JUANS2: posts small blind $0.50
ghc_2: posts big blind $1
*** HOLE CARDS ***
henri789: raises $1.20 to $2.20
santosEST: folds 
JUANS2: folds 
ghc_2: folds 
Uncalled bet ($1.20) returned to henri789
henri789 collected $2.50 from pot
henri789: doesn't show hand 
*** SUMMARY ***
Total pot $2.50 | Rake $0 
Seat 2: santosEST (button) folded before Flop (didn't bet)
Seat 4: JUANS2 (small blind) folded before Flop
Seat 5: ghc_2 (big blind) folded before Flop
Seat 6: henri789 collected ($2.50)



PokerStars Hand #254642421725:  Hold'em No Limit ($0.50/$1.00 USD) - 2025/01/31 21:02:17 WET [2025/01/31 16:02:17 ET]
Table 'Stromgrenia' 6-max Seat #4 is the button
Seat 2: santosEST ($182.22 in chips) 
Seat 4: JUANS2 ($120.77 in chips) 
Seat 5: ghc_2 ($100 in chips) 
Seat 6: henri789 ($133.88 in chips) 
ghc_2: posts small blind $0.50
henri789: posts big blind $1
*** HOLE CARDS ***
santosEST: raises $1 to $2
JUANS2: raises $6 to $8
ghc_2: folds 
henri789: folds 
santosEST: calls $6
*** FLOP *** [Ah 6h 2c]
santosEST: checks 
JUANS2: bets $5.48
santosEST: calls $5.48
*** TURN *** [Ah 6h 2c] [4d]
santosEST: checks 
JUANS2: checks 
*** RIVER *** [Ah 6h 2c 4d] [3d]
santosEST: checks 
JUANS2: checks 
*** SHOW DOWN ***
santosEST: shows [9h Kh] (high card Ace)
JUANS2: shows [Jh Js] (a pair of Jacks)
JUANS2 collected $27.46 from pot
*** SUMMARY ***
Total pot $28.46 | Rake $1 
Board [Ah 6h 2c 4d 3d]
Seat 2: santosEST showed [9h Kh] and lost with high card Ace
Seat 4: JUANS2 (button) showed [Jh Js] and won ($27.46) with a pair of Jacks
Seat 5: ghc_2 (small blind) folded before Flop
Seat 6: henri789 (big blind) folded before Flop



PokerStars Hand #254642437749:  Hold'em No Limit ($0.50/$1.00 USD) - 2025/01/31 21:03:11 WET [2025/01/31 16:03:11 ET]
Table 'Stromgrenia' 6-max Seat #5 is the button
Seat 2: santosEST ($168.74 in chips) 
Seat 4: JUANS2 ($134.75 in chips) 
Seat 5: ghc_2 ($100 in chips) 
Seat 6: henri789 ($132.88 in chips) 
henri789: posts small blind $0.50
santosEST: posts big blind $1
*** HOLE CARDS ***
JUANS2: folds 
ghc_2: raises $1.40 to $2.40
henri789: folds 
santosEST: calls $1.40
*** FLOP *** [7s Js 3d]
santosEST: checks 
ghc_2: checks 
*** TURN *** [7s Js 3d] [Tc]
santosEST: checks 
ghc_2: bets $3.33
santosEST: folds 
Uncalled bet ($3.33) returned to ghc_2
ghc_2 collected $5.04 from pot
ghc_2: doesn't show hand 
*** SUMMARY ***
Total pot $5.30 | Rake $0.26 
Board [7s Js 3d Tc]
Seat 2: santosEST (big blind) folded on the Turn
Seat 4: JUANS2 folded before Flop (didn't bet)
Seat 5: ghc_2 (button) collected ($5.04)
Seat 6: henri789 (small blind) folded before Flop



PokerStars Hand #254642448998:  Hold'em No Limit ($0.50/$1.00 USD) - 2025/01/31 21:03:49 WET [2025/01/31 16:03:49 ET]
Table 'Stromgrenia' 6-max Seat #6 is the button
Seat 2: santosEST ($166.34 in chips) 
Seat 4: JUANS2 ($134.75 in chips) 
Seat 5: ghc_2 ($102.64 in chips) 
Seat 6: henri789 ($132.38 in chips) 
santosEST: posts small blind $0.50
JUANS2: posts big blind $1
*** HOLE CARDS ***
ghc_2: folds 
henri789: raises $1.20 to $2.20
santosEST: calls $1.70
JUANS2: folds 
*** FLOP *** [2h 3d 6d]
santosEST: checks 
henri789: checks 
*** TURN *** [2h 3d 6d] [Ks]
santosEST: bets $3
henri789: calls $3
*** RIVER *** [2h 3d 6d Ks] [Qc]
santosEST: bets $12
henri789: calls $12
*** SHOW DOWN ***
santosEST: shows [8c Jc] (high card King)
henri789: shows [Ac Kd] (a pair of Kings)
henri789 collected $34.40 from pot
*** SUMMARY ***
Total pot $35.40 | Rake $1 
Board [2h 3d 6d Ks Qc]
Seat 2: santosEST (small blind) showed [8c Jc] and lost with high card King
Seat 4: JUANS2 (big blind) folded before Flop
Seat 5: ghc_2 folded before Flop (didn't bet)
Seat 6: henri789 (button) showed [Ac Kd] and won ($34.40) with a pair of Kings



PokerStars Hand #254642463874:  Hold'em No Limit ($0.50/$1.00 USD) - 2025/01/31 21:04:38 WET [2025/01/31 16:04:38 ET]
Table 'Stromgrenia' 6-max Seat #2 is the button
Seat 2: santosEST ($149.14 in chips) 
Seat 4: JUANS2 ($133.75 in chips) 
Seat 5: ghc_2 ($102.64 in chips) 
Seat 6: henri789 ($149.58 in chips) 
JUANS2: posts small blind $0.50
ghc_2: posts big blind $1
*** HOLE CARDS ***
henri789: raises $1.20 to $2.20
santosEST: folds 
JUANS2: folds 
ghc_2: folds 
Uncalled bet ($1.20) returned to henri789
henri789 collected $2.50 from pot
henri789: doesn't show hand 
*** SUMMARY ***
Total pot $2.50 | Rake $0 
Seat 2: santosEST (button) folded before Flop (didn't bet)
Seat 4: JUANS2 (small blind) folded before Flop
Seat 5: ghc_2 (big blind) folded before Flop
Seat 6: henri789 collected ($2.50)



PokerStars Hand #254642467451:  Hold'em No Limit ($0.50/$1.00 USD) - 2025/01/31 21:04:50 WET [2025/01/31 16:04:50 ET]
Table 'Stromgrenia' 6-max Seat #4 is the button
Seat 2: santosEST ($149.14 in chips) 
Seat 4: JUANS2 ($133.25 in chips) 
Seat 5: ghc_2 ($101.64 in chips) 
Seat 6: henri789 ($151.08 in chips) 
ghc_2: posts small blind $0.50
henri789: posts big blind $1
*** HOLE CARDS ***
santosEST: folds 
JUANS2: folds 
ghc_2: folds 
Uncalled bet ($0.50) returned to henri789
henri789 collected $1 from pot
henri789: doesn't show hand 
*** SUMMARY ***
Total pot $1 | Rake $0 
Seat 2: santosEST folded before Flop (didn't bet)
Seat 4: JUANS2 (button) folded before Flop (didn't bet)
Seat 5: ghc_2 (small blind) folded before Flop
Seat 6: henri789 (big blind) collected ($1)



PokerStars Hand #254642472295:  Hold'em No Limit ($0.50/$1.00 USD) - 2025/01/31 21:05:05 WET [2025/01/31 16:05:05 ET]
Table 'Stromgrenia' 6-max Seat #5 is the button
Seat 2: santosEST ($149.14 in chips) 
Seat 4: JUANS2 ($133.25 in chips) 
Seat 5: ghc_2 ($101.14 in chips) 
Seat 6: henri789 ($151.58 in chips) 
henri789: posts small blind $0.50
santosEST: posts big blind $1
*** HOLE CARDS ***
JUANS2: folds 
ghc_2: folds 
henri789: raises $2 to $3
santosEST: folds 
Uncalled bet ($2) returned to henri789
henri789 collected $2 from pot
henri789: doesn't show hand 
MaikonAll joins the table at seat #3 
*** SUMMARY ***
Total pot $2 | Rake $0 
Seat 2: santosEST (big blind) folded before Flop
Seat 4: JUANS2 folded before Flop (didn't bet)
Seat 5: ghc_2 (button) folded before Flop (didn't bet)
Seat 6: henri789 (small blind) collected ($2)



PokerStars Hand #254642476929:  Hold'em No Limit ($0.50/$1.00 USD) - 2025/01/31 21:05:20 WET [2025/01/31 16:05:20 ET]
Table 'Stromgrenia' 6-max Seat #6 is the button
Seat 2: santosEST ($148.14 in chips) 
Seat 3: MaikonAll ($100 in chips) 
Seat 4: JUANS2 ($133.25 in chips) 
Seat 5: ghc_2 ($101.14 in chips) 
Seat 6: henri789 ($152.58 in chips) 
santosEST: posts small blind $0.50
MaikonAll: posts big blind $1
*** HOLE CARDS ***
JUANS2: folds 
ghc_2: raises $1.30 to $2.30
henri789: folds 
santosEST: folds 
MaikonAll: folds 
Uncalled bet ($1.30) returned to ghc_2
ghc_2 collected $2.50 from pot
ghc_2: doesn't show hand 
*** SUMMARY ***
Total pot $2.50 | Rake $0 
Seat 2: santosEST (small blind) folded before Flop
Seat 3: MaikonAll (big blind) folded before Flop
Seat 4: JUANS2 folded before Flop (didn't bet)
Seat 5: ghc_2 collected ($2.50)
Seat 6: henri789 (button) folded before Flop (didn't bet)



PokerStars Hand #254642485190:  Hold'em No Limit ($0.50/$1.00 USD) - 2025/01/31 21:05:48 WET [2025/01/31 16:05:48 ET]
Table 'Stromgrenia' 6-max Seat #2 is the button
Seat 2: santosEST ($147.64 in chips) 
Seat 3: MaikonAll ($100 in chips) 
Seat 4: JUANS2 ($133.25 in chips) 
Seat 5: ghc_2 ($102.64 in chips) 
Seat 6: henri789 ($152.58 in chips) 
MaikonAll: posts small blind $0.50
JUANS2: posts big blind $1
*** HOLE CARDS ***
RothRothRoth joins the table at seat #1 
RothRothRoth is disconnected 
ghc_2: folds 
henri789: raises $1.20 to $2.20
santosEST: folds 
MaikonAll: folds 
JUANS2: folds 
Uncalled bet ($1.20) returned to henri789
henri789 collected $2.50 from pot
henri789: doesn't show hand 
*** SUMMARY ***
Total pot $2.50 | Rake $0 
Seat 2: santosEST (button) folded before Flop (didn't bet)
Seat 3: MaikonAll (small blind) folded before Flop
Seat 4: JUANS2 (big blind) folded before Flop
Seat 5: ghc_2 folded before Flop (didn't bet)
Seat 6: henri789 collected ($2.50)



PokerStars Hand #254642489716:  Hold'em No Limit ($0.50/$1.00 USD) - 2025/01/31 21:06:03 WET [2025/01/31 16:06:03 ET]
Table 'Stromgrenia' 6-max Seat #3 is the button
Seat 1: RothRothRoth ($80 in chips) is sitting out
Seat 2: santosEST ($147.64 in chips) 
Seat 3: MaikonAll ($100 in chips) 
Seat 4: JUANS2 ($132.25 in chips) 
Seat 5: ghc_2 ($102.64 in chips) 
Seat 6: henri789 ($154.08 in chips) 
JUANS2: posts small blind $0.50
ghc_2: posts big blind $1
RothRothRoth: sits out 
*** HOLE CARDS ***
henri789: folds 
santosEST: folds 
MaikonAll: raises $1.50 to $2.50
JUANS2: folds 
ghc_2: folds 
Uncalled bet ($1.50) returned to MaikonAll
MaikonAll collected $2.50 from pot
MaikonAll: doesn't show hand 
*** SUMMARY ***
Total pot $2.50 | Rake $0 
Seat 1: RothRothRoth
Seat 2: santosEST folded before Flop (didn't bet)
Seat 3: MaikonAll (button) collected ($2.50)
Seat 4: JUANS2 (small blind) folded before Flop
Seat 5: ghc_2 (big blind) folded before Flop
Seat 6: henri789 folded before Flop (didn't bet)



PokerStars Hand #254642496464:  Hold'em No Limit ($0.50/$1.00 USD) - 2025/01/31 21:06:25 WET [2025/01/31 16:06:25 ET]
Table 'Stromgrenia' 6-max Seat #4 is the button
Seat 1: RothRothRoth ($80 in chips) is sitting out
Seat 2: santosEST ($147.64 in chips) 
Seat 3: MaikonAll ($101.50 in chips) 
Seat 4: JUANS2 ($131.75 in chips) 
Seat 5: ghc_2 ($101.64 in chips) 
Seat 6: henri789 ($154.08 in chips) 
ghc_2: posts small blind $0.50
henri789: posts big blind $1
RothRothRoth: sits out 
*** HOLE CARDS ***
santosEST: folds 
MaikonAll: folds 
JUANS2: folds 
ghc_2: raises $2 to $3
henri789: folds 
Uncalled bet ($2) returned to ghc_2
ghc_2 collected $2 from pot
ghc_2: doesn't show hand 
*** SUMMARY ***
Total pot $2 | Rake $0 
Seat 1: RothRothRoth
Seat 2: santosEST folded before Flop (didn't bet)
Seat 3: MaikonAll folded before Flop (didn't bet)
Seat 4: JUANS2 (button) folded before Flop (didn't bet)
Seat 5: ghc_2 (small blind) collected ($2)
Seat 6: henri789 (big blind) folded before Flop



PokerStars Hand #254642502199:  Hold'em No Limit ($0.50/$1.00 USD) - 2025/01/31 21:06:44 WET [2025/01/31 16:06:44 ET]
Table 'Stromgrenia' 6-max Seat #5 is the button
Seat 1: RothRothRoth ($80 in chips) 
Seat 2: santosEST ($147.64 in chips) 
Seat 3: MaikonAll ($101.50 in chips) 
Seat 4: JUANS2 ($131.75 in chips) 
Seat 5: ghc_2 ($102.64 in chips) 
Seat 6: henri789 ($153.08 in chips) 
henri789: posts small blind $0.50
RothRothRoth: posts big blind $1
*** HOLE CARDS ***
santosEST: folds 
MaikonAll: raises $1.30 to $2.30
JUANS2: folds 
ghc_2: folds 
henri789: folds 
RothRothRoth: folds 
Uncalled bet ($1.30) returned to MaikonAll
MaikonAll collected $2.50 from pot
MaikonAll: doesn't show hand 
*** SUMMARY ***
Total pot $2.50 | Rake $0 
Seat 1: RothRothRoth (big blind) folded before Flop
Seat 2: santosEST folded before Flop (didn't bet)
Seat 3: MaikonAll collected ($2.50)
Seat 4: JUANS2 folded before Flop (didn't bet)
Seat 5: ghc_2 (button) folded before Flop (didn't bet)
Seat 6: henri789 (small blind) folded before Flop



PokerStars Hand #254642513340:  Hold'em No Limit ($0.50/$1.00 USD) - 2025/01/31 21:07:21 WET [2025/01/31 16:07:21 ET]
Table 'Stromgrenia' 6-max Seat #6 is the button
Seat 1: RothRothRoth ($79 in chips) 
Seat 2: santosEST ($147.64 in chips) 
Seat 3: MaikonAll ($103 in chips) 
Seat 4: JUANS2 ($131.75 in chips) 
Seat 5: ghc_2 ($102.64 in chips) 
Seat 6: henri789 ($152.58 in chips) 
RothRothRoth: posts small blind $0.50
santosEST: posts big blind $1
*** HOLE CARDS ***
MaikonAll: folds 
JUANS2: folds 
ghc_2: folds 
henri789: folds 
RothRothRoth: folds 
Uncalled bet ($0.50) returned to santosEST
santosEST collected $1 from pot
santosEST: doesn't show hand 
*** SUMMARY ***
Total pot $1 | Rake $0 
Seat 1: RothRothRoth (small blind) folded before Flop
Seat 2: santosEST (big blind) collected ($1)
Seat 3: MaikonAll folded before Flop (didn't bet)
Seat 4: JUANS2 folded before Flop (didn't bet)
Seat 5: ghc_2 folded before Flop (didn't bet)
Seat 6: henri789 (button) folded before Flop (didn't bet)



PokerStars Hand #254642517908:  Hold'em No Limit ($0.50/$1.00 USD) - 2025/01/31 21:07:36 WET [2025/01/31 16:07:36 ET]
Table 'Stromgrenia' 6-max Seat #1 is the button
Seat 1: RothRothRoth ($78.50 in chips) 
Seat 2: santosEST ($148.14 in chips) 
Seat 3: MaikonAll ($103 in chips) 
Seat 4: JUANS2 ($131.75 in chips) 
Seat 5: ghc_2 ($102.64 in chips) 
Seat 6: henri789 ($152.58 in chips) 
santosEST: posts small blind $0.50
MaikonAll: posts big blind $1
*** HOLE CARDS ***
JUANS2: raises $1.50 to $2.50
ghc_2: folds 
henri789: folds 
RothRothRoth: folds 
santosEST: folds 
MaikonAll: folds 
Uncalled bet ($1.50) returned to JUANS2
JUANS2 collected $2.50 from pot
JUANS2: doesn't show hand 
*** SUMMARY ***
Total pot $2.50 | Rake $0 
Seat 1: RothRothRoth (button) folded before Flop (didn't bet)
Seat 2: santosEST (small blind) folded before Flop
Seat 3: MaikonAll (big blind) folded before Flop
Seat 4: JUANS2 collected ($2.50)
Seat 5: ghc_2 folded before Flop (didn't bet)
Seat 6: henri789 folded before Flop (didn't bet)



PokerStars Hand #254642523517:  Hold'em No Limit ($0.50/$1.00 USD) - 2025/01/31 21:07:54 WET [2025/01/31 16:07:54 ET]
Table 'Stromgrenia' 6-max Seat #2 is the button
Seat 1: RothRothRoth ($78.50 in chips) 
Seat 2: santosEST ($147.64 in chips) 
Seat 3: MaikonAll ($102 in chips) 
Seat 4: JUANS2 ($133.25 in chips) 
Seat 5: ghc_2 ($102.64 in chips) 
Seat 6: henri789 ($152.58 in chips) 
MaikonAll: posts small blind $0.50
JUANS2: posts big blind $1
*** HOLE CARDS ***
ghc_2: folds 
henri789: folds 
RothRothRoth: raises $1.50 to $2.50
santosEST: folds 
MaikonAll: folds 
JUANS2: raises $9 to $11.50
RothRothRoth: folds 
Uncalled bet ($9) returned to JUANS2
JUANS2 collected $5.50 from pot
JUANS2: doesn't show hand 
*** SUMMARY ***
Total pot $5.50 | Rake $0 
Seat 1: RothRothRoth folded before Flop
Seat 2: santosEST (button) folded before Flop (didn't bet)
Seat 3: MaikonAll (small blind) folded before Flop
Seat 4: JUANS2 (big blind) collected ($5.50)
Seat 5: ghc_2 folded before Flop (didn't bet)
Seat 6: henri789 folded before Flop (didn't bet)



PokerStars Hand #254642537153:  Hold'em No Limit ($0.50/$1.00 USD) - 2025/01/31 21:08:39 WET [2025/01/31 16:08:39 ET]
Table 'Stromgrenia' 6-max Seat #3 is the button
Seat 1: RothRothRoth ($76 in chips) 
Seat 2: santosEST ($147.64 in chips) 
Seat 3: MaikonAll ($101.50 in chips) 
Seat 4: JUANS2 ($136.25 in chips) 
Seat 5: ghc_2 ($102.64 in chips) 
Seat 6: henri789 ($152.58 in chips) 
JUANS2: posts small blind $0.50
ghc_2: posts big blind $1
*** HOLE CARDS ***
henri789: folds 
RothRothRoth: folds 
santosEST: folds 
MaikonAll: folds 
JUANS2: raises $2 to $3
ghc_2: folds 
Uncalled bet ($2) returned to JUANS2
JUANS2 collected $2 from pot
JUANS2: doesn't show hand 
*** SUMMARY ***
Total pot $2 | Rake $0 
Seat 1: RothRothRoth folded before Flop (didn't bet)
Seat 2: santosEST folded before Flop (didn't bet)
Seat 3: MaikonAll (button) folded before Flop (didn't bet)
Seat 4: JUANS2 (small blind) collected ($2)
Seat 5: ghc_2 (big blind) folded before Flop
Seat 6: henri789 folded before Flop (didn't bet)



PokerStars Hand #254642543703:  Hold'em No Limit ($0.50/$1.00 USD) - 2025/01/31 21:09:01 WET [2025/01/31 16:09:01 ET]
Table 'Stromgrenia' 6-max Seat #4 is the button
Seat 1: RothRothRoth ($76 in chips) 
Seat 2: santosEST ($147.64 in chips) 
Seat 3: MaikonAll ($101.50 in chips) 
Seat 4: JUANS2 ($137.25 in chips) 
Seat 5: ghc_2 ($101.64 in chips) 
Seat 6: henri789 ($152.58 in chips) 
ghc_2: posts small blind $0.50
henri789: posts big blind $1
*** HOLE CARDS ***
RothRothRoth: folds 
santosEST: folds 
MaikonAll: folds 
JUANS2: folds 
ghc_2: folds 
Uncalled bet ($0.50) returned to henri789
henri789 collected $1 from pot
henri789: doesn't show hand 
*** SUMMARY ***
Total pot $1 | Rake $0 
Seat 1: RothRothRoth folded before Flop (didn't bet)
Seat 2: santosEST folded before Flop (didn't bet)
Seat 3: MaikonAll folded before Flop (didn't bet)
Seat 4: JUANS2 (button) folded before Flop (didn't bet)
Seat 5: ghc_2 (small blind) folded before Flop
Seat 6: henri789 (big blind) collected ($1)



PokerStars Hand #254642550821:  Hold'em No Limit ($0.50/$1.00 USD) - 2025/01/31 21:09:24 WET [2025/01/31 16:09:24 ET]
Table 'Stromgrenia' 6-max Seat #5 is the button
Seat 1: RothRothRoth ($76 in chips) 
Seat 2: santosEST ($147.64 in chips) 
Seat 3: MaikonAll ($101.50 in chips) 
Seat 4: JUANS2 ($137.25 in chips) 
Seat 5: ghc_2 ($101.14 in chips) 
Seat 6: henri789 ($153.08 in chips) 
henri789: posts small blind $0.50
RothRothRoth: posts big blind $1
*** HOLE CARDS ***
santosEST: folds 
MaikonAll: folds 
JUANS2: folds 
ghc_2: folds 
henri789: raises $2 to $3
RothRothRoth: folds 
Uncalled bet ($2) returned to henri789
henri789 collected $2 from pot
henri789: doesn't show hand 
*** SUMMARY ***
Total pot $2 | Rake $0 
Seat 1: RothRothRoth (big blind) folded before Flop
Seat 2: santosEST folded before Flop (didn't bet)
Seat 3: MaikonAll folded before Flop (didn't bet)
Seat 4: JUANS2 folded before Flop (didn't bet)
Seat 5: ghc_2 (button) folded before Flop (didn't bet)
Seat 6: henri789 (small blind) collected ($2)



PokerStars Hand #254642556190:  Hold'em No Limit ($0.50/$1.00 USD) - 2025/01/31 21:09:42 WET [2025/01/31 16:09:42 ET]
Table 'Stromgrenia' 6-max Seat #6 is the button
Seat 1: RothRothRoth ($75 in chips) 
Seat 2: santosEST ($147.64 in chips) 
Seat 3: MaikonAll ($101.50 in chips) 
Seat 4: JUANS2 ($137.25 in chips) 
Seat 5: ghc_2 ($101.14 in chips) 
Seat 6: henri789 ($154.08 in chips) 
RothRothRoth: posts small blind $0.50
santosEST: posts big blind $1
*** HOLE CARDS ***
MaikonAll: folds 
JUANS2: folds 
ghc_2: folds 
henri789: folds 
RothRothRoth: raises $1 to $2
santosEST: calls $1
*** FLOP *** [Jd Ad Qh]
RothRothRoth: bets $3
santosEST: calls $3
*** TURN *** [Jd Ad Qh] [5s]
RothRothRoth: checks 
santosEST: checks 
*** RIVER *** [Jd Ad Qh 5s] [9d]
RothRothRoth: bets $3
santosEST: calls $3
*** SHOW DOWN ***
RothRothRoth: shows [Ah 6d] (a pair of Aces)
santosEST: mucks hand 
RothRothRoth collected $15.20 from pot
*** SUMMARY ***
Total pot $16 | Rake $0.80 
Board [Jd Ad Qh 5s 9d]
Seat 1: RothRothRoth (small blind) showed [Ah 6d] and won ($15.20) with a pair of Aces
Seat 2: santosEST (big blind) mucked
Seat 3: MaikonAll folded before Flop (didn't bet)
Seat 4: JUANS2 folded before Flop (didn't bet)
Seat 5: ghc_2 folded before Flop (didn't bet)
Seat 6: henri789 (button) folded before Flop (didn't bet)



PokerStars Hand #254642569191:  Hold'em No Limit ($0.50/$1.00 USD) - 2025/01/31 21:10:25 WET [2025/01/31 16:10:25 ET]
Table 'Stromgrenia' 6-max Seat #1 is the button
Seat 1: RothRothRoth ($82.20 in chips) 
Seat 2: santosEST ($139.64 in chips) 
Seat 3: MaikonAll ($101.50 in chips) 
Seat 4: JUANS2 ($137.25 in chips) 
Seat 5: ghc_2 ($101.14 in chips) 
Seat 6: henri789 ($154.08 in chips) 
santosEST: posts small blind $0.50
MaikonAll: posts big blind $1
*** HOLE CARDS ***
JUANS2: folds 
ghc_2: folds 
henri789: raises $1.20 to $2.20
RothRothRoth: folds 
santosEST: folds 
MaikonAll: calls $1.20
*** FLOP *** [Td Kd 2h]
MaikonAll: checks 
henri789: bets $1.86
MaikonAll: calls $1.86
*** TURN *** [Td Kd 2h] [3h]
MaikonAll: checks 
henri789: bets $8.19
MaikonAll: calls $8.19
*** RIVER *** [Td Kd 2h 3h] [6c]
MaikonAll: checks 
henri789: checks 
*** SHOW DOWN ***
MaikonAll: shows [Ks 8s] (a pair of Kings)
henri789: mucks hand 
MaikonAll collected $23.75 from pot
*** SUMMARY ***
Total pot $25 | Rake $1.25 
Board [Td Kd 2h 3h 6c]
Seat 1: RothRothRoth (button) folded before Flop (didn't bet)
Seat 2: santosEST (small blind) folded before Flop
Seat 3: MaikonAll (big blind) showed [Ks 8s] and won ($23.75) with a pair of Kings
Seat 4: JUANS2 folded before Flop (didn't bet)
Seat 5: ghc_2 folded before Flop (didn't bet)
Seat 6: henri789 mucked



PokerStars Hand #254642597944:  Hold'em No Limit ($0.50/$1.00 USD) - 2025/01/31 21:11:57 WET [2025/01/31 16:11:57 ET]
Table 'Stromgrenia' 6-max Seat #2 is the button
Seat 1: RothRothRoth ($82.20 in chips) 
Seat 2: santosEST ($139.14 in chips) 
Seat 3: MaikonAll ($113 in chips) 
Seat 4: JUANS2 ($137.25 in chips) 
Seat 5: ghc_2 ($101.14 in chips) 
Seat 6: henri789 ($141.83 in chips) 
MaikonAll: posts small blind $0.50
JUANS2: posts big blind $1
*** HOLE CARDS ***
ghc_2: folds 
henri789: folds 
RothRothRoth: raises $1 to $2
santosEST: calls $2
MaikonAll: folds 
JUANS2: calls $1
*** FLOP *** [Jh 2h 2c]
JUANS2: checks 
RothRothRoth: checks 
santosEST: bets $2
JUANS2: calls $2
RothRothRoth: folds 
*** TURN *** [Jh 2h 2c] [Th]
JUANS2: checks 
santosEST: bets $8
JUANS2: calls $8
*** RIVER *** [Jh 2h 2c Th] [Qs]
JUANS2: checks 
santosEST: checks 
*** SHOW DOWN ***
JUANS2: shows [Jd Tc] (two pair, Jacks and Tens)
santosEST: mucks hand 
JUANS2 collected $25.18 from pot
*** SUMMARY ***
Total pot $26.50 | Rake $1.32 
Board [Jh 2h 2c Th Qs]
Seat 1: RothRothRoth folded on the Flop
Seat 2: santosEST (button) mucked
Seat 3: MaikonAll (small blind) folded before Flop
Seat 4: JUANS2 (big blind) showed [Jd Tc] and won ($25.18) with two pair, Jacks and Tens
Seat 5: ghc_2 folded before Flop (didn't bet)
Seat 6: henri789 folded before Flop (didn't bet)



PokerStars Hand #254642623811:  Hold'em No Limit ($0.50/$1.00 USD) - 2025/01/31 21:13:20 WET [2025/01/31 16:13:20 ET]
Table 'Stromgrenia' 6-max Seat #3 is the button
Seat 1: RothRothRoth ($80.20 in chips) 
Seat 2: santosEST ($127.14 in chips) 
Seat 3: MaikonAll ($112.50 in chips) 
Seat 4: JUANS2 ($150.43 in chips) 
Seat 5: ghc_2 ($101.14 in chips) 
Seat 6: henri789 ($141.83 in chips) 
JUANS2: posts small blind $0.50
ghc_2: posts big blind $1
*** HOLE CARDS ***
henri789: raises $1.20 to $2.20
RothRothRoth: folds 
santosEST: calls $2.20
MaikonAll: folds 
JUANS2: folds 
ghc_2: folds 
*** FLOP *** [6s 6h Kd]
henri789: checks 
santosEST: checks 
*** TURN *** [6s 6h Kd] [8c]
henri789: checks 
santosEST: checks 
*** RIVER *** [6s 6h Kd 8c] [3s]
henri789: checks 
santosEST: checks 
*** SHOW DOWN ***
henri789: shows [Ad Tc] (a pair of Sixes)
santosEST: mucks hand 
henri789 collected $5.60 from pot
*** SUMMARY ***
Total pot $5.90 | Rake $0.30 
Board [6s 6h Kd 8c 3s]
Seat 1: RothRothRoth folded before Flop (didn't bet)
Seat 2: santosEST mucked
Seat 3: MaikonAll (button) folded before Flop (didn't bet)
Seat 4: JUANS2 (small blind) folded before Flop
Seat 5: ghc_2 (big blind) folded before Flop
Seat 6: henri789 showed [Ad Tc] and won ($5.60) with a pair of Sixes



PokerStars Hand #254642638139:  Hold'em No Limit ($0.50/$1.00 USD) - 2025/01/31 21:14:05 WET [2025/01/31 16:14:05 ET]
Table 'Stromgrenia' 6-max Seat #4 is the button
Seat 1: RothRothRoth ($80.20 in chips) 
Seat 2: santosEST ($124.94 in chips) 
Seat 3: MaikonAll ($112.50 in chips) 
Seat 4: JUANS2 ($149.93 in chips) 
Seat 5: ghc_2 ($100.14 in chips) 
Seat 6: henri789 ($145.23 in chips) 
ghc_2: posts small blind $0.50
henri789: posts big blind $1
*** HOLE CARDS ***
RothRothRoth: folds 
santosEST: folds 
MaikonAll: folds 
JUANS2: folds 
ghc_2: raises $2 to $3
henri789: folds 
Uncalled bet ($2) returned to ghc_2
ghc_2 collected $2 from pot
ghc_2: doesn't show hand 
*** SUMMARY ***
Total pot $2 | Rake $0 
Seat 1: RothRothRoth folded before Flop (didn't bet)
Seat 2: santosEST folded before Flop (didn't bet)
Seat 3: MaikonAll folded before Flop (didn't bet)
Seat 4: JUANS2 (button) folded before Flop (didn't bet)
Seat 5: ghc_2 (small blind) collected ($2)
Seat 6: henri789 (big blind) folded before Flop



PokerStars Hand #254642651659:  Hold'em No Limit ($0.50/$1.00 USD) - 2025/01/31 21:14:49 WET [2025/01/31 16:14:49 ET]
Table 'Stromgrenia' 6-max Seat #5 is the button
Seat 1: RothRothRoth ($80.20 in chips) 
Seat 2: santosEST ($124.94 in chips) 
Seat 3: MaikonAll ($112.50 in chips) 
Seat 4: JUANS2 ($149.93 in chips) 
Seat 5: ghc_2 ($101.14 in chips) 
Seat 6: henri789 ($144.23 in chips) 
henri789: posts small blind $0.50
RothRothRoth: posts big blind $1
*** HOLE CARDS ***
santosEST: folds 
MaikonAll: folds 
JUANS2: folds 
ghc_2: folds 
henri789: raises $2 to $3
RothRothRoth: folds 
Uncalled bet ($2) returned to henri789
henri789 collected $2 from pot
henri789: doesn't show hand 
*** SUMMARY ***
Total pot $2 | Rake $0 
Seat 1: RothRothRoth (big blind) folded before Flop
Seat 2: santosEST folded before Flop (didn't bet)
Seat 3: MaikonAll folded before Flop (didn't bet)
Seat 4: JUANS2 folded before Flop (didn't bet)
Seat 5: ghc_2 (button) folded before Flop (didn't bet)
Seat 6: henri789 (small blind) collected ($2)



PokerStars Hand #254642657254:  Hold'em No Limit ($0.50/$1.00 USD) - 2025/01/31 21:15:06 WET [2025/01/31 16:15:06 ET]
Table 'Stromgrenia' 6-max Seat #6 is the button
Seat 1: RothRothRoth ($79.20 in chips) 
Seat 2: santosEST ($124.94 in chips) 
Seat 3: MaikonAll ($112.50 in chips) 
Seat 4: JUANS2 ($149.93 in chips) 
Seat 5: ghc_2 ($101.14 in chips) 
Seat 6: henri789 ($145.23 in chips) 
RothRothRoth: posts small blind $0.50
santosEST: posts big blind $1
*** HOLE CARDS ***
MaikonAll: folds 
JUANS2: folds 
ghc_2: raises $1.30 to $2.30
henri789: folds 
RothRothRoth: folds 
santosEST: calls $1.30
*** FLOP *** [Ah Kc 8s]
santosEST: bets $2
ghc_2: calls $2
*** TURN *** [Ah Kc 8s] [5h]
santosEST: bets $2
ghc_2: calls $2
*** RIVER *** [Ah Kc 8s 5h] [Kd]
santosEST: checks 
ghc_2: checks 
*** SHOW DOWN ***
santosEST: shows [3h Jh] (a pair of Kings)
ghc_2: shows [Ac 4c] (two pair, Aces and Kings)
ghc_2 collected $12.44 from pot
*** SUMMARY ***
Total pot $13.10 | Rake $0.66 
Board [Ah Kc 8s 5h Kd]
Seat 1: RothRothRoth (small blind) folded before Flop
Seat 2: santosEST (big blind) showed [3h Jh] and lost with a pair of Kings
Seat 3: MaikonAll folded before Flop (didn't bet)
Seat 4: JUANS2 folded before Flop (didn't bet)
Seat 5: ghc_2 showed [Ac 4c] and won ($12.44) with two pair, Aces and Kings
Seat 6: henri789 (button) folded before Flop (didn't bet)



PokerStars Hand #254642675704:  Hold'em No Limit ($0.50/$1.00 USD) - 2025/01/31 21:16:04 WET [2025/01/31 16:16:04 ET]
Table 'Stromgrenia' 6-max Seat #1 is the button
Seat 1: RothRothRoth ($78.70 in chips) 
Seat 2: santosEST ($118.64 in chips) 
Seat 3: MaikonAll ($112.50 in chips) 
Seat 4: JUANS2 ($149.93 in chips) 
Seat 5: ghc_2 ($107.28 in chips) 
Seat 6: henri789 ($145.23 in chips) 
santosEST: posts small blind $0.50
MaikonAll: posts big blind $1
*** HOLE CARDS ***
JUANS2: raises $1.20 to $2.20
ghc_2: folds 
henri789: folds 
RothRothRoth: folds 
santosEST: calls $1.70
MaikonAll: folds 
*** FLOP *** [2h 2s 6s]
santosEST: checks 
JUANS2: bets $1.69
santosEST: calls $1.69
*** TURN *** [2h 2s 6s] [2c]
santosEST: checks 
JUANS2: checks 
*** RIVER *** [2h 2s 6s 2c] [Jc]
santosEST: checks 
JUANS2: checks 
*** SHOW DOWN ***
santosEST: shows [4d 4c] (a full house, Deuces full of Fours)
JUANS2: mucks hand 
santosEST collected $8.34 from pot
*** SUMMARY ***
Total pot $8.78 | Rake $0.44 
Board [2h 2s 6s 2c Jc]
Seat 1: RothRothRoth (button) folded before Flop (didn't bet)
Seat 2: santosEST (small blind) showed [4d 4c] and won ($8.34) with a full house, Deuces full of Fours
Seat 3: MaikonAll (big blind) folded before Flop
Seat 4: JUANS2 mucked
Seat 5: ghc_2 folded before Flop (didn't bet)
Seat 6: henri789 folded before Flop (didn't bet)



PokerStars Hand #254642693222:  Hold'em No Limit ($0.50/$1.00 USD) - 2025/01/31 21:16:59 WET [2025/01/31 16:16:59 ET]
Table 'Stromgrenia' 6-max Seat #2 is the button
Seat 1: RothRothRoth ($78.70 in chips) 
Seat 2: santosEST ($123.09 in chips) 
Seat 3: MaikonAll ($111.50 in chips) 
Seat 4: JUANS2 ($146.04 in chips) 
Seat 5: ghc_2 ($107.28 in chips) 
Seat 6: henri789 ($145.23 in chips) 
MaikonAll: posts small blind $0.50
JUANS2: posts big blind $1
*** HOLE CARDS ***
ghc_2: folds 
henri789: raises $1.20 to $2.20
RothRothRoth: folds 
santosEST: folds 
MaikonAll: folds 
JUANS2: folds 
Uncalled bet ($1.20) returned to henri789
henri789 collected $2.50 from pot
henri789: doesn't show hand 
*** SUMMARY ***
Total pot $2.50 | Rake $0 
Seat 1: RothRothRoth folded before Flop (didn't bet)
Seat 2: santosEST (button) folded before Flop (didn't bet)
Seat 3: MaikonAll (small blind) folded before Flop
Seat 4: JUANS2 (big blind) folded before Flop
Seat 5: ghc_2 folded before Flop (didn't bet)
Seat 6: henri789 collected ($2.50)



PokerStars Hand #254642698316:  Hold'em No Limit ($0.50/$1.00 USD) - 2025/01/31 21:17:15 WET [2025/01/31 16:17:15 ET]
Table 'Stromgrenia' 6-max Seat #3 is the button
Seat 1: RothRothRoth ($78.70 in chips) 
Seat 2: santosEST ($123.09 in chips) 
Seat 3: MaikonAll ($111 in chips) 
Seat 4: JUANS2 ($145.04 in chips) 
Seat 5: ghc_2 ($107.28 in chips) 
Seat 6: henri789 ($146.73 in chips) 
JUANS2: posts small blind $0.50
ghc_2: posts big blind $1
*** HOLE CARDS ***
henri789: folds 
RothRothRoth: folds 
santosEST: raises $2.50 to $3.50
MaikonAll: folds 
JUANS2: folds 
ghc_2: folds 
Uncalled bet ($2.50) returned to santosEST
santosEST collected $2.50 from pot
santosEST: doesn't show hand 
*** SUMMARY ***
Total pot $2.50 | Rake $0 
Seat 1: RothRothRoth folded before Flop (didn't bet)
Seat 2: santosEST collected ($2.50)
Seat 3: MaikonAll (button) folded before Flop (didn't bet)
Seat 4: JUANS2 (small blind) folded before Flop
Seat 5: ghc_2 (big blind) folded before Flop
Seat 6: henri789 folded before Flop (didn't bet)



PokerStars Hand #254642707488:  Hold'em No Limit ($0.50/$1.00 USD) - 2025/01/31 21:17:43 WET [2025/01/31 16:17:43 ET]
Table 'Stromgrenia' 6-max Seat #4 is the button
Seat 1: RothRothRoth ($78.70 in chips) 
Seat 2: santosEST ($124.59 in chips) 
Seat 3: MaikonAll ($111 in chips) 
Seat 4: JUANS2 ($144.54 in chips) 
Seat 5: ghc_2 ($106.28 in chips) 
Seat 6: henri789 ($146.73 in chips) 
ghc_2: posts small blind $0.50
henri789: posts big blind $1
*** HOLE CARDS ***
RothRothRoth: folds 
santosEST: folds 
MaikonAll: folds 
JUANS2: folds 
ghc_2: raises $2 to $3
henri789: folds 
Uncalled bet ($2) returned to ghc_2
ghc_2 collected $2 from pot
ghc_2: doesn't show hand 
*** SUMMARY ***
Total pot $2 | Rake $0 
Seat 1: RothRothRoth folded before Flop (didn't bet)
Seat 2: santosEST folded before Flop (didn't bet)
Seat 3: MaikonAll folded before Flop (didn't bet)
Seat 4: JUANS2 (button) folded before Flop (didn't bet)
Seat 5: ghc_2 (small blind) collected ($2)
Seat 6: henri789 (big blind) folded before Flop



PokerStars Hand #254642716755:  Hold'em No Limit ($0.50/$1.00 USD) - 2025/01/31 21:18:13 WET [2025/01/31 16:18:13 ET]
Table 'Stromgrenia' 6-max Seat #5 is the button
Seat 1: RothRothRoth ($78.70 in chips) is sitting out
Seat 2: santosEST ($124.59 in chips) 
Seat 3: MaikonAll ($111 in chips) 
Seat 4: JUANS2 ($144.54 in chips) 
Seat 5: ghc_2 ($107.28 in chips) 
Seat 6: henri789 ($145.73 in chips) 
henri789: posts small blind $0.50
santosEST: posts big blind $1
*** HOLE CARDS ***
RothRothRoth leaves the table
MaikonAll: folds 
JUANS2: folds 
ghc_2: folds 
henri789: raises $2 to $3
santosEST: folds 
Uncalled bet ($2) returned to henri789
henri789 collected $2 from pot
henri789: doesn't show hand 
*** SUMMARY ***
Total pot $2 | Rake $0 
Seat 1: RothRothRoth
Seat 2: santosEST (big blind) folded before Flop
Seat 3: MaikonAll folded before Flop (didn't bet)
Seat 4: JUANS2 folded before Flop (didn't bet)
Seat 5: ghc_2 (button) folded before Flop (didn't bet)
Seat 6: henri789 (small blind) collected ($2)



PokerStars Hand #254642721994:  Hold'em No Limit ($0.50/$1.00 USD) - 2025/01/31 21:18:29 WET [2025/01/31 16:18:29 ET]
Table 'Stromgrenia' 6-max Seat #6 is the button
Seat 2: santosEST ($123.59 in chips) 
Seat 3: MaikonAll ($111 in chips) 
Seat 4: JUANS2 ($144.54 in chips) 
Seat 5: ghc_2 ($107.28 in chips) 
Seat 6: henri789 ($146.73 in chips) 
santosEST: posts small blind $0.50
MaikonAll: posts big blind $1
*** HOLE CARDS ***
JUANS2: folds 
ghc_2: folds 
henri789: folds 
santosEST: calls $0.50
MaikonAll: raises $3 to $4
santosEST: calls $3
*** FLOP *** [3c 2d 5h]
santosEST: checks 
MaikonAll: checks 
*** TURN *** [3c 2d 5h] [5c]
santosEST: checks 
MaikonAll: bets $3.80
santosEST: folds 
Uncalled bet ($3.80) returned to MaikonAll
MaikonAll collected $7.60 from pot
MaikonAll: doesn't show hand 
*** SUMMARY ***
Total pot $8 | Rake $0.40 
Board [3c 2d 5h 5c]
Seat 2: santosEST (small blind) folded on the Turn
Seat 3: MaikonAll (big blind) collected ($7.60)
Seat 4: JUANS2 folded before Flop (didn't bet)
Seat 5: ghc_2 folded before Flop (didn't bet)
Seat 6: henri789 (button) folded before Flop (didn't bet)



PokerStars Hand #254642733799:  Hold'em No Limit ($0.50/$1.00 USD) - 2025/01/31 21:19:07 WET [2025/01/31 16:19:07 ET]
Table 'Stromgrenia' 6-max Seat #2 is the button
Seat 2: santosEST ($119.59 in chips) 
Seat 3: MaikonAll ($114.60 in chips) 
Seat 4: JUANS2 ($144.54 in chips) 
Seat 5: ghc_2 ($107.28 in chips) 
Seat 6: henri789 ($146.73 in chips) 
MaikonAll: posts small blind $0.50
JUANS2: posts big blind $1
*** HOLE CARDS ***
ghc_2: raises $1 to $2
henri789: folds 
santosEST: raises $5.50 to $7.50
MaikonAll: folds 
JUANS2: folds 
ghc_2: folds 
Uncalled bet ($5.50) returned to santosEST
santosEST collected $5.50 from pot
santosEST: doesn't show hand 
*** SUMMARY ***
Total pot $5.50 | Rake $0 
Seat 2: santosEST (button) collected ($5.50)
Seat 3: MaikonAll (small blind) folded before Flop
Seat 4: JUANS2 (big blind) folded before Flop
Seat 5: ghc_2 folded before Flop
Seat 6: henri789 folded before Flop (didn't bet)



PokerStars Hand #254642737685:  Hold'em No Limit ($0.50/$1.00 USD) - 2025/01/31 21:19:19 WET [2025/01/31 16:19:19 ET]
Table 'Stromgrenia' 6-max Seat #3 is the button
Seat 2: santosEST ($123.09 in chips) 
Seat 3: MaikonAll ($114.10 in chips) 
Seat 4: JUANS2 ($143.54 in chips) 
Seat 5: ghc_2 ($105.28 in chips) 
Seat 6: henri789 ($146.73 in chips) 
JUANS2: posts small blind $0.50
ghc_2: posts big blind $1
*** HOLE CARDS ***
henri789: folds 
santosEST: folds 
MaikonAll: raises $1.50 to $2.50
JUANS2: folds 
ghc_2: folds 
Uncalled bet ($1.50) returned to MaikonAll
MaikonAll collected $2.50 from pot
MaikonAll: doesn't show hand 
*** SUMMARY ***
Total pot $2.50 | Rake $0 
Seat 2: santosEST folded before Flop (didn't bet)
Seat 3: MaikonAll (button) collected ($2.50)
Seat 4: JUANS2 (small blind) folded before Flop
Seat 5: ghc_2 (big blind) folded before Flop
Seat 6: henri789 folded before Flop (didn't bet)



PokerStars Hand #254642742116:  Hold'em No Limit ($0.50/$1.00 USD) - 2025/01/31 21:19:33 WET [2025/01/31 16:19:33 ET]
Table 'Stromgrenia' 6-max Seat #4 is the button
Seat 2: santosEST ($123.09 in chips) 
Seat 3: MaikonAll ($115.60 in chips) 
Seat 4: JUANS2 ($143.04 in chips) 
Seat 5: ghc_2 ($104.28 in chips) 
Seat 6: henri789 ($146.73 in chips) 
ghc_2: posts small blind $0.50
henri789: posts big blind $1
*** HOLE CARDS ***
santosEST: folds 
MaikonAll: folds 
JUANS2: folds 
ghc_2: folds 
Uncalled bet ($0.50) returned to henri789
henri789 collected $1 from pot
henri789: doesn't show hand 
*** SUMMARY ***
Total pot $1 | Rake $0 
Seat 2: santosEST folded before Flop (didn't bet)
Seat 3: MaikonAll folded before Flop (didn't bet)
Seat 4: JUANS2 (button) folded before Flop (didn't bet)
Seat 5: ghc_2 (small blind) folded before Flop
Seat 6: henri789 (big blind) collected ($1)



PokerStars Hand #254642744891:  Hold'em No Limit ($0.50/$1.00 USD) - 2025/01/31 21:19:42 WET [2025/01/31 16:19:42 ET]
Table 'Stromgrenia' 6-max Seat #5 is the button
Seat 2: santosEST ($123.09 in chips) 
Seat 3: MaikonAll ($115.60 in chips) 
Seat 4: JUANS2 ($143.04 in chips) 
Seat 5: ghc_2 ($103.78 in chips) 
Seat 6: henri789 ($147.23 in chips) 
henri789: posts small blind $0.50
santosEST: posts big blind $1
*** HOLE CARDS ***
MaikonAll: folds 
JUANS2: folds 
ghc_2: raises $1.40 to $2.40
henri789: raises $8.60 to $11
santosEST: folds 
Cythian182 joins the table at seat #1 
ghc_2: calls $8.60
*** FLOP *** [5s 6s 5c]
Cythian182 is disconnected 
henri789: checks 
ghc_2: checks 
*** TURN *** [5s 6s 5c] [Ac]
henri789: checks 
ghc_2: checks 
*** RIVER *** [5s 6s 5c Ac] [7s]
henri789: checks 
ghc_2: bets $27.31
henri789: calls $27.31
*** SHOW DOWN ***
ghc_2: shows [9c Tc] (a pair of Fives)
henri789: shows [9h Ah] (two pair, Aces and Fives)
henri789 collected $75.12 from pot
*** SUMMARY ***
Total pot $77.62 | Rake $2.50 
Board [5s 6s 5c Ac 7s]
Seat 2: santosEST (big blind) folded before Flop
Seat 3: MaikonAll folded before Flop (didn't bet)
Seat 4: JUANS2 folded before Flop (didn't bet)
Seat 5: ghc_2 (button) showed [9c Tc] and lost with a pair of Fives
Seat 6: henri789 (small blind) showed [9h Ah] and won ($75.12) with two pair, Aces and Fives



PokerStars Hand #254642791360:  Hold'em No Limit ($0.50/$1.00 USD) - 2025/01/31 21:22:08 WET [2025/01/31 16:22:08 ET]
Table 'Stromgrenia' 6-max Seat #6 is the button
Seat 1: Cythian182 ($100 in chips) is sitting out
Seat 2: santosEST ($122.09 in chips) is sitting out
Seat 3: MaikonAll ($115.60 in chips) 
Seat 4: JUANS2 ($143.04 in chips) 
Seat 5: ghc_2 ($100 in chips) 
Seat 6: henri789 ($184.04 in chips) 
santosEST has timed out
santosEST: is sitting out 
MaikonAll: posts small blind $0.50
JUANS2: posts big blind $1
*** HOLE CARDS ***
ghc_2: folds 
henri789: raises $1.20 to $2.20
MaikonAll: folds 
JUANS2: calls $1.20
*** FLOP *** [7h 4h 8s]
JUANS2: checks 
henri789: checks 
*** TURN *** [7h 4h 8s] [7d]
JUANS2: checks 
santosEST is disconnected 
henri789: bets $1.86
JUANS2: folds 
Uncalled bet ($1.86) returned to henri789
henri789 collected $4.66 from pot
henri789: doesn't show hand 
*** SUMMARY ***
Total pot $4.90 | Rake $0.24 
Board [7h 4h 8s 7d]
Seat 1: Cythian182
Seat 2: santosEST
Seat 3: MaikonAll (small blind) folded before Flop
Seat 4: JUANS2 (big blind) folded on the Turn
Seat 5: ghc_2 folded before Flop (didn't bet)
Seat 6: henri789 (button) collected ($4.66)



PokerStars Hand #254642814835:  Hold'em No Limit ($0.50/$1.00 USD) - 2025/01/31 21:23:23 WET [2025/01/31 16:23:23 ET]
Table 'Stromgrenia' 6-max Seat #3 is the button
Seat 1: Cythian182 ($100 in chips) 
Seat 2: santosEST ($122.09 in chips) 
Seat 3: MaikonAll ($115.10 in chips) 
Seat 4: JUANS2 ($140.84 in chips) 
Seat 5: ghc_2 ($100 in chips) 
Seat 6: henri789 ($186.50 in chips) 
JUANS2: posts small blind $0.50
ghc_2: posts big blind $1
Cythian182: posts big blind $1
santosEST: posts small blind $0.50
*** HOLE CARDS ***
henri789: folds 
Cythian182: raises $3 to $4
santosEST: folds 
MaikonAll: folds 
JUANS2: raises $8 to $12
ghc_2: folds 
Cythian182: folds 
Uncalled bet ($8) returned to JUANS2
JUANS2 collected $9.50 from pot
JUANS2: doesn't show hand 
*** SUMMARY ***
Total pot $9.50 | Rake $0 
Seat 1: Cythian182 folded before Flop
Seat 2: santosEST folded before Flop (didn't bet)
Seat 3: MaikonAll (button) folded before Flop (didn't bet)
Seat 4: JUANS2 (small blind) collected ($9.50)
Seat 5: ghc_2 (big blind) folded before Flop
Seat 6: henri789 folded before Flop (didn't bet)



PokerStars Hand #254642823188:  Hold'em No Limit ($0.50/$1.00 USD) - 2025/01/31 21:23:50 WET [2025/01/31 16:23:50 ET]
Table 'Stromgrenia' 6-max Seat #4 is the button
Seat 1: Cythian182 ($96 in chips) 
Seat 2: santosEST ($121.59 in chips) 
Seat 3: MaikonAll ($115.10 in chips) 
Seat 4: JUANS2 ($146.34 in chips) 
Seat 5: ghc_2 ($100 in chips) 
Seat 6: henri789 ($186.50 in chips) 
ghc_2: posts small blind $0.50
henri789: posts big blind $1
*** HOLE CARDS ***
Cythian182: folds 
santosEST: folds 
MaikonAll: folds 
JUANS2: folds 
ghc_2: raises $2 to $3
henri789: calls $2
*** FLOP *** [Jh 4h Qd]
ghc_2: bets $1.43
henri789: calls $1.43
*** TURN *** [Jh 4h Qd] [4c]
ghc_2: bets $5.56
henri789: calls $5.56
*** RIVER *** [Jh 4h Qd 4c] [4s]
ghc_2: checks 
henri789: checks 
*** SHOW DOWN ***
ghc_2: shows [8h 9d] (three of a kind, Fours)
henri789: shows [Ah Jd] (a full house, Fours full of Jacks)
henri789 collected $18.98 from pot
*** SUMMARY ***
Total pot $19.98 | Rake $1 
Board [Jh 4h Qd 4c 4s]
Seat 1: Cythian182 folded before Flop (didn't bet)
Seat 2: santosEST folded before Flop (didn't bet)
Seat 3: MaikonAll folded before Flop (didn't bet)
Seat 4: JUANS2 (button) folded before Flop (didn't bet)
Seat 5: ghc_2 (small blind) showed [8h 9d] and lost with three of a kind, Fours
Seat 6: henri789 (big blind) showed [Ah Jd] and won ($18.98) with a full house, Fours full of Jacks



PokerStars Hand #254642853036:  Hold'em No Limit ($0.50/$1.00 USD) - 2025/01/31 21:25:25 WET [2025/01/31 16:25:25 ET]
Table 'Stromgrenia' 6-max Seat #5 is the button
Seat 1: Cythian182 ($96 in chips) 
Seat 2: santosEST ($121.59 in chips) 
Seat 3: MaikonAll ($115.10 in chips) 
Seat 4: JUANS2 ($146.34 in chips) 
Seat 5: ghc_2 ($100 in chips) 
Seat 6: henri789 ($195.49 in chips) 
henri789: posts small blind $0.50
Cythian182: posts big blind $1
*** HOLE CARDS ***
santosEST is connected 
santosEST: folds 
MaikonAll: folds 
JUANS2: raises $1.50 to $2.50
ghc_2: folds 
henri789: raises $8.50 to $11
Cythian182: folds 
JUANS2: folds 
Uncalled bet ($8.50) returned to henri789
henri789 collected $6 from pot
henri789: doesn't show hand 
*** SUMMARY ***
Total pot $6 | Rake $0 
Seat 1: Cythian182 (big blind) folded before Flop
Seat 2: santosEST folded before Flop (didn't bet)
Seat 3: MaikonAll folded before Flop (didn't bet)
Seat 4: JUANS2 folded before Flop
Seat 5: ghc_2 (button) folded before Flop (didn't bet)
Seat 6: henri789 (small blind) collected ($6)



PokerStars Hand #254642875305:  Hold'em No Limit ($0.50/$1.00 USD) - 2025/01/31 21:26:36 WET [2025/01/31 16:26:36 ET]
Table 'Stromgrenia' 6-max Seat #6 is the button
Seat 1: Cythian182 ($95 in chips) 
Seat 2: santosEST ($121.59 in chips) 
Seat 3: MaikonAll ($115.10 in chips) 
Seat 4: JUANS2 ($143.84 in chips) 
Seat 5: ghc_2 ($100 in chips) 
Seat 6: henri789 ($198.99 in chips) 
Cythian182: posts small blind $0.50
santosEST: posts big blind $1
*** HOLE CARDS ***
MaikonAll: folds 
JUANS2: raises $1.20 to $2.20
ghc_2: folds 
henri789: folds 
Cythian182: folds 
santosEST: raises $2.80 to $5
JUANS2: calls $2.80
*** FLOP *** [2h Jh 2d]
santosEST: bets $5
JUANS2: folds 
Uncalled bet ($5) returned to santosEST
santosEST collected $9.98 from pot
santosEST: doesn't show hand 
*** SUMMARY ***
Total pot $10.50 | Rake $0.52 
Board [2h Jh 2d]
Seat 1: Cythian182 (small blind) folded before Flop
Seat 2: santosEST (big blind) collected ($9.98)
Seat 3: MaikonAll folded before Flop (didn't bet)
Seat 4: JUANS2 folded on the Flop
Seat 5: ghc_2 folded before Flop (didn't bet)
Seat 6: henri789 (button) folded before Flop (didn't bet)



PokerStars Hand #254642889244:  Hold'em No Limit ($0.50/$1.00 USD) - 2025/01/31 21:27:21 WET [2025/01/31 16:27:21 ET]
Table 'Stromgrenia' 6-max Seat #1 is the button
Seat 1: Cythian182 ($94.50 in chips) 
Seat 2: santosEST ($126.57 in chips) 
Seat 3: MaikonAll ($115.10 in chips) 
Seat 4: JUANS2 ($138.84 in chips) 
Seat 5: ghc_2 ($100 in chips) 
Seat 6: henri789 ($198.99 in chips) 
santosEST: posts small blind $0.50
MaikonAll: posts big blind $1
*** HOLE CARDS ***
JUANS2: folds 
ghc_2: raises $1 to $2
henri789: raises $5 to $7
Cythian182: folds 
santosEST: calls $6.50
MaikonAll: folds 
ghc_2: calls $5
*** FLOP *** [Qh Tc Ks]
santosEST: checks 
ghc_2: checks 
henri789: checks 
*** TURN *** [Qh Tc Ks] [9d]
santosEST: checks 
ghc_2: checks 
henri789: bets $8.36
santosEST: calls $8.36
ghc_2: folds 
*** RIVER *** [Qh Tc Ks 9d] [Kc]
santosEST: bets $25
henri789: calls $25
*** SHOW DOWN ***
santosEST: shows [Th Ts] (a full house, Tens full of Kings)
henri789: mucks hand 
santosEST collected $86.22 from pot
*** SUMMARY ***
Total pot $88.72 | Rake $2.50 
Board [Qh Tc Ks 9d Kc]
Seat 1: Cythian182 (button) folded before Flop (didn't bet)
Seat 2: santosEST (small blind) showed [Th Ts] and won ($86.22) with a full house, Tens full of Kings
Seat 3: MaikonAll (big blind) folded before Flop
Seat 4: JUANS2 folded before Flop (didn't bet)
Seat 5: ghc_2 folded on the Turn
Seat 6: henri789 mucked



PokerStars Hand #254642917280:  Hold'em No Limit ($0.50/$1.00 USD) - 2025/01/31 21:28:51 WET [2025/01/31 16:28:51 ET]
Table 'Stromgrenia' 6-max Seat #2 is the button
Seat 1: Cythian182 ($94.50 in chips) 
Seat 2: santosEST ($172.43 in chips) 
Seat 3: MaikonAll ($114.10 in chips) 
Seat 4: JUANS2 ($138.84 in chips) 
Seat 5: ghc_2 ($100 in chips) 
Seat 6: henri789 ($158.63 in chips) 
MaikonAll: posts small blind $0.50
JUANS2: posts big blind $1
*** HOLE CARDS ***
ghc_2: raises $1 to $2
henri789: folds 
Cythian182: folds 
santosEST: calls $2
MaikonAll: folds 
JUANS2: calls $1
*** FLOP *** [Ah 7d 2d]
JUANS2: checks 
ghc_2: bets $2.04
santosEST: folds 
JUANS2: folds 
Uncalled bet ($2.04) returned to ghc_2
ghc_2 collected $6.18 from pot
ghc_2: doesn't show hand 
*** SUMMARY ***
Total pot $6.50 | Rake $0.32 
Board [Ah 7d 2d]
Seat 1: Cythian182 folded before Flop (didn't bet)
Seat 2: santosEST (button) folded on the Flop
Seat 3: MaikonAll (small blind) folded before Flop
Seat 4: JUANS2 (big blind) folded on the Flop
Seat 5: ghc_2 collected ($6.18)
Seat 6: henri789 folded before Flop (didn't bet)



PokerStars Hand #254642933277:  Hold'em No Limit ($0.50/$1.00 USD) - 2025/01/31 21:29:42 WET [2025/01/31 16:29:42 ET]
Table 'Stromgrenia' 6-max Seat #3 is the button
Seat 1: Cythian182 ($94.50 in chips) 
Seat 2: santosEST ($170.43 in chips) 
Seat 3: MaikonAll ($113.60 in chips) 
Seat 4: JUANS2 ($136.84 in chips) 
Seat 5: ghc_2 ($104.18 in chips) 
Seat 6: henri789 ($158.63 in chips) 
JUANS2: posts small blind $0.50
ghc_2: posts big blind $1
*** HOLE CARDS ***
henri789: folds 
Cythian182: raises $2 to $3
santosEST: folds 
MaikonAll: folds 
JUANS2: folds 
ghc_2: folds 
Uncalled bet ($2) returned to Cythian182
Cythian182 collected $2.50 from pot
*** SUMMARY ***
Total pot $2.50 | Rake $0 
Seat 1: Cythian182 collected ($2.50)
Seat 2: santosEST folded before Flop (didn't bet)
Seat 3: MaikonAll (button) folded before Flop (didn't bet)
Seat 4: JUANS2 (small blind) folded before Flop
Seat 5: ghc_2 (big blind) folded before Flop
Seat 6: henri789 folded before Flop (didn't bet)



PokerStars Hand #254642940664:  Hold'em No Limit ($0.50/$1.00 USD) - 2025/01/31 21:30:06 WET [2025/01/31 16:30:06 ET]
Table 'Stromgrenia' 6-max Seat #4 is the button
Seat 1: Cythian182 ($96 in chips) 
Seat 2: santosEST ($170.43 in chips) 
Seat 3: MaikonAll ($113.60 in chips) 
Seat 4: JUANS2 ($136.34 in chips) 
Seat 5: ghc_2 ($103.18 in chips) 
Seat 6: henri789 ($158.63 in chips) 
ghc_2: posts small blind $0.50
henri789: posts big blind $1
*** HOLE CARDS ***
Cythian182: raises $1.80 to $2.80
santosEST: calls $2.80
MaikonAll: folds 
JUANS2: raises $10.20 to $13
ghc_2: folds 
henri789: folds 
Cythian182: calls $10.20
santosEST: calls $10.20
*** FLOP *** [Kh Qc Ks]
Cythian182: checks 
santosEST: bets $7
JUANS2: calls $7
Cythian182: calls $7
*** TURN *** [Kh Qc Ks] [Ah]
Cythian182: checks 
santosEST: bets $35
JUANS2: folds 
Cythian182: raises $41 to $76 and is all-in
santosEST: folds 
Uncalled bet ($41) returned to Cythian182
Cythian182 collected $129 from pot
*** SUMMARY ***
Total pot $131.50 | Rake $2.50 
Board [Kh Qc Ks Ah]
Seat 1: Cythian182 collected ($129)
Seat 2: santosEST folded on the Turn
Seat 3: MaikonAll folded before Flop (didn't bet)
Seat 4: JUANS2 (button) folded on the Turn
Seat 5: ghc_2 (small blind) folded before Flop
Seat 6: henri789 (big blind) folded before Flop



PokerStars Hand #254642971006:  Hold'em No Limit ($0.50/$1.00 USD) - 2025/01/31 21:31:43 WET [2025/01/31 16:31:43 ET]
Table 'Stromgrenia' 6-max Seat #5 is the button
Seat 1: Cythian182 ($170 in chips) 
Seat 2: santosEST ($115.43 in chips) 
Seat 3: MaikonAll ($113.60 in chips) 
Seat 4: JUANS2 ($116.34 in chips) 
Seat 5: ghc_2 ($102.68 in chips) 
Seat 6: henri789 ($157.63 in chips) 
henri789: posts small blind $0.50
Cythian182: posts big blind $1
*** HOLE CARDS ***
santosEST: folds 
MaikonAll: folds 
JUANS2: folds 
ghc_2: folds 
henri789: raises $2 to $3
Cythian182: raises $9 to $12
henri789: calls $9
*** FLOP *** [6s 9s 2c]
henri789: checks 
Cythian182: bets $13
henri789: calls $13
*** TURN *** [6s 9s 2c] [4s]
henri789: checks 
Cythian182: checks 
*** RIVER *** [6s 9s 2c 4s] [8s]
henri789: checks 
Cythian182: checks 
*** SHOW DOWN ***
henri789: shows [Ac Kc] (high card Ace)
Cythian182: shows [Js Kh] (a flush, Jack high)
Cythian182 collected $47.50 from pot
*** SUMMARY ***
Total pot $50 | Rake $2.50 
Board [6s 9s 2c 4s 8s]
Seat 1: Cythian182 (big blind) showed [Js Kh] and won ($47.50) with a flush, Jack high
Seat 2: santosEST folded before Flop (didn't bet)
Seat 3: MaikonAll folded before Flop (didn't bet)
Seat 4: JUANS2 folded before Flop (didn't bet)
Seat 5: ghc_2 (button) folded before Flop (didn't bet)
Seat 6: henri789 (small blind) showed [Ac Kc] and lost with high card Ace



PokerStars Hand #254643011373:  Hold'em No Limit ($0.50/$1.00 USD) - 2025/01/31 21:33:54 WET [2025/01/31 16:33:54 ET]
Table 'Stromgrenia' 6-max Seat #6 is the button
Seat 1: Cythian182 ($192.50 in chips) 
Seat 2: santosEST ($115.43 in chips) 
Seat 3: MaikonAll ($113.60 in chips) 
Seat 4: JUANS2 ($116.34 in chips) 
Seat 5: ghc_2 ($102.68 in chips) 
Seat 6: henri789 ($132.63 in chips) 
Cythian182: posts small blind $0.50
santosEST: posts big blind $1
*** HOLE CARDS ***
MaikonAll: folds 
JUANS2: folds 
ghc_2: raises $1.30 to $2.30
henri789: folds 
Cythian182: folds 
santosEST: calls $1.30
*** FLOP *** [5s 4s 3h]
santosEST: checks 
ghc_2: checks 
*** TURN *** [5s 4s 3h] [4c]
santosEST: checks 
ghc_2: bets $2.42
santosEST: folds 
Uncalled bet ($2.42) returned to ghc_2
ghc_2 collected $4.84 from pot
ghc_2: doesn't show hand 
*** SUMMARY ***
Total pot $5.10 | Rake $0.26 
Board [5s 4s 3h 4c]
Seat 1: Cythian182 (small blind) folded before Flop
Seat 2: santosEST (big blind) folded on the Turn
Seat 3: MaikonAll folded before Flop (didn't bet)
Seat 4: JUANS2 folded before Flop (didn't bet)
Seat 5: ghc_2 collected ($4.84)
Seat 6: henri789 (button) folded before Flop (didn't bet)



PokerStars Hand #254643020805:  Hold'em No Limit ($0.50/$1.00 USD) - 2025/01/31 21:34:24 WET [2025/01/31 16:34:24 ET]
Table 'Stromgrenia' 6-max Seat #1 is the button
Seat 1: Cythian182 ($192 in chips) 
Seat 2: santosEST ($113.13 in chips) 
Seat 3: MaikonAll ($113.60 in chips) 
Seat 4: JUANS2 ($116.34 in chips) 
Seat 5: ghc_2 ($105.22 in chips) 
Seat 6: henri789 ($132.63 in chips) 
santosEST: posts small blind $0.50
MaikonAll: posts big blind $1
*** HOLE CARDS ***
JUANS2: folds 
ghc_2: folds 
henri789: folds 
Cythian182: folds 
santosEST: folds 
Uncalled bet ($0.50) returned to MaikonAll
MaikonAll collected $1 from pot
MaikonAll: doesn't show hand 
*** SUMMARY ***
Total pot $1 | Rake $0 
Seat 1: Cythian182 (button) folded before Flop (didn't bet)
Seat 2: santosEST (small blind) folded before Flop
Seat 3: MaikonAll (big blind) collected ($1)
Seat 4: JUANS2 folded before Flop (didn't bet)
Seat 5: ghc_2 folded before Flop (didn't bet)
Seat 6: henri789 folded before Flop (didn't bet)



PokerStars Hand #254643025114:  Hold'em No Limit ($0.50/$1.00 USD) - 2025/01/31 21:34:38 WET [2025/01/31 16:34:38 ET]
Table 'Stromgrenia' 6-max Seat #2 is the button
Seat 1: Cythian182 ($192 in chips) 
Seat 2: santosEST ($112.63 in chips) 
Seat 3: MaikonAll ($114.10 in chips) 
Seat 4: JUANS2 ($116.34 in chips) 
Seat 5: ghc_2 ($105.22 in chips) 
Seat 6: henri789 ($132.63 in chips) 
MaikonAll: posts small blind $0.50
JUANS2: posts big blind $1
*** HOLE CARDS ***
ghc_2: raises $1 to $2
henri789: raises $5 to $7
Cythian182: folds 
santosEST: folds 
MaikonAll: folds 
JUANS2: folds 
ghc_2: folds 
Uncalled bet ($5) returned to henri789
henri789 collected $5.50 from pot
henri789: doesn't show hand 
*** SUMMARY ***
Total pot $5.50 | Rake $0 
Seat 1: Cythian182 folded before Flop (didn't bet)
Seat 2: santosEST (button) folded before Flop (didn't bet)
Seat 3: MaikonAll (small blind) folded before Flop
Seat 4: JUANS2 (big blind) folded before Flop
Seat 5: ghc_2 folded before Flop
Seat 6: henri789 collected ($5.50)



PokerStars Hand #254643033995:  Hold'em No Limit ($0.50/$1.00 USD) - 2025/01/31 21:35:07 WET [2025/01/31 16:35:07 ET]
Table 'Stromgrenia' 6-max Seat #3 is the button
Seat 1: Cythian182 ($192 in chips) 
Seat 2: santosEST ($112.63 in chips) 
Seat 3: MaikonAll ($113.60 in chips) 
Seat 4: JUANS2 ($115.34 in chips) 
Seat 5: ghc_2 ($103.22 in chips) 
Seat 6: henri789 ($136.13 in chips) 
JUANS2: posts small blind $0.50
ghc_2: posts big blind $1
*** HOLE CARDS ***
henri789: folds 
Cythian182: folds 
santosEST: folds 
MaikonAll: folds 
JUANS2: raises $2 to $3
ghc_2: folds 
Uncalled bet ($2) returned to JUANS2
JUANS2 collected $2 from pot
JUANS2: doesn't show hand 
*** SUMMARY ***
Total pot $2 | Rake $0 
Seat 1: Cythian182 folded before Flop (didn't bet)
Seat 2: santosEST folded before Flop (didn't bet)
Seat 3: MaikonAll (button) folded before Flop (didn't bet)
Seat 4: JUANS2 (small blind) collected ($2)
Seat 5: ghc_2 (big blind) folded before Flop
Seat 6: henri789 folded before Flop (didn't bet)



PokerStars Hand #254643041374:  Hold'em No Limit ($0.50/$1.00 USD) - 2025/01/31 21:35:31 WET [2025/01/31 16:35:31 ET]
Table 'Stromgrenia' 6-max Seat #4 is the button
Seat 1: Cythian182 ($192 in chips) 
Seat 2: santosEST ($112.63 in chips) 
Seat 3: MaikonAll ($113.60 in chips) 
Seat 4: JUANS2 ($116.34 in chips) 
Seat 5: ghc_2 ($102.22 in chips) 
Seat 6: henri789 ($136.13 in chips) 
ghc_2: posts small blind $0.50
henri789: posts big blind $1
*** HOLE CARDS ***
Cythian182: raises $2 to $3
santosEST: folds 
MaikonAll: folds 
JUANS2: folds 
ghc_2: folds 
henri789: folds 
Uncalled bet ($2) returned to Cythian182
Cythian182 collected $2.50 from pot
*** SUMMARY ***
Total pot $2.50 | Rake $0 
Seat 1: Cythian182 collected ($2.50)
Seat 2: santosEST folded before Flop (didn't bet)
Seat 3: MaikonAll folded before Flop (didn't bet)
Seat 4: JUANS2 (button) folded before Flop (didn't bet)
Seat 5: ghc_2 (small blind) folded before Flop
Seat 6: henri789 (big blind) folded before Flop



PokerStars Hand #254643046462:  Hold'em No Limit ($0.50/$1.00 USD) - 2025/01/31 21:35:47 WET [2025/01/31 16:35:47 ET]
Table 'Stromgrenia' 6-max Seat #5 is the button
Seat 1: Cythian182 ($193.50 in chips) 
Seat 2: santosEST ($112.63 in chips) 
Seat 3: MaikonAll ($113.60 in chips) 
Seat 4: JUANS2 ($116.34 in chips) 
Seat 5: ghc_2 ($101.72 in chips) 
Seat 6: henri789 ($135.13 in chips) 
henri789: posts small blind $0.50
Cythian182: posts big blind $1
*** HOLE CARDS ***
santosEST: folds 
MaikonAll: folds 
JUANS2: folds 
ghc_2: raises $1.40 to $2.40
henri789: folds 
Cythian182: folds 
Uncalled bet ($1.40) returned to ghc_2
ghc_2 collected $2.50 from pot
ghc_2: doesn't show hand 
*** SUMMARY ***
Total pot $2.50 | Rake $0 
Seat 1: Cythian182 (big blind) folded before Flop
Seat 2: santosEST folded before Flop (didn't bet)
Seat 3: MaikonAll folded before Flop (didn't bet)
Seat 4: JUANS2 folded before Flop (didn't bet)
Seat 5: ghc_2 (button) collected ($2.50)
Seat 6: henri789 (small blind) folded before Flop



PokerStars Hand #254643053483:  Hold'em No Limit ($0.50/$1.00 USD) - 2025/01/31 21:36:10 WET [2025/01/31 16:36:10 ET]
Table 'Stromgrenia' 6-max Seat #6 is the button
Seat 2: santosEST ($112.63 in chips) is sitting out
Seat 1: Cythian182 ($192.50 in chips) 
Seat 3: MaikonAll ($113.60 in chips) 
Seat 4: JUANS2 ($116.34 in chips) 
Seat 5: ghc_2 ($103.22 in chips) 
Seat 6: henri789 ($134.63 in chips) 
Cythian182: posts small blind $0.50
santosEST has timed out
santosEST: is sitting out 
MaikonAll: posts big blind $1
*** HOLE CARDS ***
JUANS2: folds 
ghc_2: raises $1.30 to $2.30
henri789: folds 
Cythian182: folds 
MaikonAll: raises $9.70 to $12
ghc_2: folds 
Uncalled bet ($9.70) returned to MaikonAll
MaikonAll collected $5.10 from pot
MaikonAll: doesn't show hand 
*** SUMMARY ***
Total pot $5.10 | Rake $0 
Seat 2: santosEST
Seat 1: Cythian182 (small blind) folded before Flop
Seat 3: MaikonAll (big blind) collected ($5.10)
Seat 4: JUANS2 folded before Flop (didn't bet)
Seat 5: ghc_2 folded before Flop
Seat 6: henri789 (button) folded before Flop (didn't bet)



PokerStars Hand #254643067595:  Hold'em No Limit ($0.50/$1.00 USD) - 2025/01/31 21:36:56 WET [2025/01/31 16:36:56 ET]
Table 'Stromgrenia' 6-max Seat #1 is the button
Seat 2: santosEST ($112.63 in chips) is sitting out
Seat 1: Cythian182 ($192 in chips) 
Seat 3: MaikonAll ($116.40 in chips) 
Seat 4: JUANS2 ($116.34 in chips) 
Seat 5: ghc_2 ($100.92 in chips) 
Seat 6: henri789 ($134.63 in chips) 
MaikonAll: posts small blind $0.50
JUANS2: posts big blind $1
*** HOLE CARDS ***
ghc_2: folds 
henri789: raises $1.20 to $2.20
Cythian182: folds 
MaikonAll: raises $8.80 to $11
JUANS2: folds 
henri789: folds 
Uncalled bet ($8.80) returned to MaikonAll
MaikonAll collected $5.40 from pot
MaikonAll: doesn't show hand 
*** SUMMARY ***
Total pot $5.40 | Rake $0 
Seat 2: santosEST
Seat 1: Cythian182 (button) folded before Flop (didn't bet)
Seat 3: MaikonAll (small blind) collected ($5.40)
Seat 4: JUANS2 (big blind) folded before Flop
Seat 5: ghc_2 folded before Flop (didn't bet)
Seat 6: henri789 folded before Flop



PokerStars Hand #254643076716:  Hold'em No Limit ($0.50/$1.00 USD) - 2025/01/31 21:37:26 WET [2025/01/31 16:37:26 ET]
Table 'Stromgrenia' 6-max Seat #3 is the button
Seat 2: santosEST ($112.63 in chips) is sitting out
Seat 1: Cythian182 ($192 in chips) 
Seat 3: MaikonAll ($119.60 in chips) 
Seat 4: JUANS2 ($115.34 in chips) 
Seat 5: ghc_2 ($100.92 in chips) 
Seat 6: henri789 ($132.43 in chips) 
JUANS2: posts small blind $0.50
ghc_2: posts big blind $1
santosEST has timed out
santosEST: is sitting out 
*** HOLE CARDS ***
henri789: folds 
Cythian182: folds 
MaikonAll: folds 
JUANS2: folds 
Uncalled bet ($0.50) returned to ghc_2
ghc_2 collected $1 from pot
ghc_2: doesn't show hand 
*** SUMMARY ***
Total pot $1 | Rake $0 
Seat 2: santosEST
Seat 1: Cythian182 folded before Flop (didn't bet)
Seat 3: MaikonAll (button) folded before Flop (didn't bet)
Seat 4: JUANS2 (small blind) folded before Flop
Seat 5: ghc_2 (big blind) collected ($1)
Seat 6: henri789 folded before Flop (didn't bet)



PokerStars Hand #254643083755:  Hold'em No Limit ($0.50/$1.00 USD) - 2025/01/31 21:37:48 WET [2025/01/31 16:37:48 ET]
Table 'Stromgrenia' 6-max Seat #4 is the button
Seat 2: santosEST ($112.63 in chips) is sitting out
Seat 1: Cythian182 ($192 in chips) 
Seat 3: MaikonAll ($119.60 in chips) 
Seat 4: JUANS2 ($114.84 in chips) 
Seat 5: ghc_2 ($101.42 in chips) 
Seat 6: henri789 ($132.43 in chips) 
ghc_2: posts small blind $0.50
henri789: posts big blind $1
santosEST: sits out 
*** HOLE CARDS ***
Cythian182: folds 
MaikonAll: folds 
JUANS2: raises $1.50 to $2.50
ghc_2: folds 
henri789: folds 
Uncalled bet ($1.50) returned to JUANS2
JUANS2 collected $2.50 from pot
JUANS2: doesn't show hand 
*** SUMMARY ***
Total pot $2.50 | Rake $0 
Seat 2: santosEST
Seat 1: Cythian182 folded before Flop (didn't bet)
Seat 3: MaikonAll folded before Flop (didn't bet)
Seat 4: JUANS2 (button) collected ($2.50)
Seat 5: ghc_2 (small blind) folded before Flop
Seat 6: henri789 (big blind) folded before Flop



PokerStars Hand #254643089719:  Hold'em No Limit ($0.50/$1.00 USD) - 2025/01/31 21:38:08 WET [2025/01/31 16:38:08 ET]
Table 'Stromgrenia' 6-max Seat #5 is the button
Seat 1: Cythian182 ($192 in chips) 
Seat 2: santosEST ($112.63 in chips) 
Seat 3: MaikonAll ($119.60 in chips) 
Seat 4: JUANS2 ($116.34 in chips) 
Seat 5: ghc_2 ($100.92 in chips) 
Seat 6: henri789 ($131.43 in chips) 
henri789: posts small blind $0.50
Cythian182: posts big blind $1
santosEST is disconnected 
santosEST is connected 
santosEST: posts small & big blinds $1.50
*** HOLE CARDS ***
santosEST: checks 
MaikonAll: folds 
JUANS2: folds 
ghc_2: folds 
henri789: folds 
Cythian182: raises $3 to $4
santosEST: folds 
Uncalled bet ($3) returned to Cythian182
Cythian182 collected $3 from pot
*** SUMMARY ***
Total pot $3 | Rake $0 
Seat 1: Cythian182 (big blind) collected ($3)
Seat 2: santosEST folded before Flop (didn't bet)
Seat 3: MaikonAll folded before Flop (didn't bet)
Seat 4: JUANS2 folded before Flop (didn't bet)
Seat 5: ghc_2 (button) folded before Flop (didn't bet)
Seat 6: henri789 (small blind) folded before Flop



PokerStars Hand #254643238573:  Hold'em No Limit ($0.50/$1.00 USD) - 2025/01/31 21:46:08 WET [2025/01/31 16:46:08 ET]
Table 'Stromgrenia' 6-max Seat #4 is the button
Seat 1: Cythian182 ($195.18 in chips) 
Seat 2: santosEST ($97.05 in chips) 
Seat 3: MaikonAll ($133.17 in chips) 
Seat 4: JUANS2 ($118.38 in chips) 
Seat 5: ghc_2 ($102.42 in chips) 
Seat 6: henri789 ($124.77 in chips) 
ghc_2: posts small blind $0.50
henri789: posts big blind $1
*** HOLE CARDS ***
Cythian182: folds 
santosEST: folds 
MaikonAll: folds 
JUANS2: folds 
ghc_2: folds 
Uncalled bet ($0.50) returned to henri789
henri789 collected $1 from pot
henri789: doesn't show hand 
*** SUMMARY ***
Total pot $1 | Rake $0 
Seat 1: Cythian182 folded before Flop (didn't bet)
Seat 2: santosEST folded before Flop (didn't bet)
Seat 3: MaikonAll folded before Flop (didn't bet)
Seat 4: JUANS2 (button) folded before Flop (didn't bet)
Seat 5: ghc_2 (small blind) folded before Flop
Seat 6: henri789 (big blind) collected ($1)



PokerStars Hand #254643243297:  Hold'em No Limit ($0.50/$1.00 USD) - 2025/01/31 21:46:23 WET [2025/01/31 16:46:23 ET]
Table 'Stromgrenia' 6-max Seat #5 is the button
Seat 1: Cythian182 ($195.18 in chips) 
Seat 2: santosEST ($97.05 in chips) 
Seat 3: MaikonAll ($133.17 in chips) 
Seat 4: JUANS2 ($118.38 in chips) 
Seat 5: ghc_2 ($101.92 in chips) 
Seat 6: henri789 ($125.27 in chips) 
henri789: posts small blind $0.50
Cythian182: posts big blind $1
*** HOLE CARDS ***
santosEST: folds 
MaikonAll: folds 
JUANS2: raises $1.50 to $2.50
ghc_2: folds 
henri789: folds 
Cythian182: calls $1.50
*** FLOP *** [Td As 5c]
Cythian182: checks 
JUANS2: checks 
*** TURN *** [Td As 5c] [7s]
Cythian182: checks 
JUANS2: bets $3.92
Cythian182: folds 
Uncalled bet ($3.92) returned to JUANS2
JUANS2 collected $5.22 from pot
JUANS2: doesn't show hand 
*** SUMMARY ***
Total pot $5.50 | Rake $0.28 
Board [Td As 5c 7s]
Seat 1: Cythian182 (big blind) folded on the Turn
Seat 2: santosEST folded before Flop (didn't bet)
Seat 3: MaikonAll folded before Flop (didn't bet)
Seat 4: JUANS2 collected ($5.22)
Seat 5: ghc_2 (button) folded before Flop (didn't bet)
Seat 6: henri789 (small blind) folded before Flop



PokerStars Hand #254643264246:  Hold'em No Limit ($0.50/$1.00 USD) - 2025/01/31 21:47:31 WET [2025/01/31 16:47:31 ET]
Table 'Stromgrenia' 6-max Seat #6 is the button
Seat 1: Cythian182 ($192.68 in chips) 
Seat 2: santosEST ($97.05 in chips) 
Seat 3: MaikonAll ($133.17 in chips) 
Seat 4: JUANS2 ($121.10 in chips) 
Seat 5: ghc_2 ($101.92 in chips) 
Seat 6: henri789 ($124.77 in chips) 
Cythian182: posts small blind $0.50
santosEST: posts big blind $1
*** HOLE CARDS ***
MaikonAll: raises $1.30 to $2.30
JUANS2: folds 
ghc_2: folds 
henri789: raises $5.20 to $7.50
Cythian182: folds 
santosEST: folds 
MaikonAll: folds 
Uncalled bet ($5.20) returned to henri789
Cythian182 leaves the table
henri789 collected $6.10 from pot
henri789: doesn't show hand 
*** SUMMARY ***
Total pot $6.10 | Rake $0 
Seat 1: Cythian182 (small blind) folded before Flop
Seat 2: santosEST (big blind) folded before Flop
Seat 3: MaikonAll folded before Flop
Seat 4: JUANS2 folded before Flop (didn't bet)
Seat 5: ghc_2 folded before Flop (didn't bet)
Seat 6: henri789 (button) collected ($6.10)



PokerStars Hand #254643273377:  Hold'em No Limit ($0.50/$1.00 USD) - 2025/01/31 21:48:01 WET [2025/01/31 16:48:01 ET]
Table 'Stromgrenia' 6-max Seat #2 is the button
Seat 2: santosEST ($96.05 in chips) 
Seat 3: MaikonAll ($130.87 in chips) 
Seat 4: JUANS2 ($121.10 in chips) 
Seat 5: ghc_2 ($101.92 in chips) 
Seat 6: henri789 ($128.57 in chips) 
MaikonAll: posts small blind $0.50
JUANS2: posts big blind $1
*** HOLE CARDS ***
Gaita_toien joins the table at seat #1 
ghc_2: folds 
henri789: folds 
santosEST: folds 
MaikonAll: raises $2 to $3
JUANS2: calls $2
*** FLOP *** [3c 7h Qh]
MaikonAll: bets $1.43
JUANS2: calls $1.43
*** TURN *** [3c 7h Qh] [Ad]
MaikonAll: bets $12.63
JUANS2: folds 
Uncalled bet ($12.63) returned to MaikonAll
MaikonAll collected $8.42 from pot
MaikonAll: doesn't show hand 
*** SUMMARY ***
Total pot $8.86 | Rake $0.44 
Board [3c 7h Qh Ad]
Seat 2: santosEST (button) folded before Flop (didn't bet)
Seat 3: MaikonAll (small blind) collected ($8.42)
Seat 4: JUANS2 (big blind) folded on the Turn
Seat 5: ghc_2 folded before Flop (didn't bet)
Seat 6: henri789 folded before Flop (didn't bet)



PokerStars Hand #254643292012:  Hold'em No Limit ($0.50/$1.00 USD) - 2025/01/31 21:49:01 WET [2025/01/31 16:49:01 ET]
Table 'Stromgrenia' 6-max Seat #3 is the button
Seat 1: Gaita_toien ($100 in chips) is sitting out
Seat 2: santosEST ($96.05 in chips) 
Seat 3: MaikonAll ($134.86 in chips) 
Seat 4: JUANS2 ($116.67 in chips) 
Seat 5: ghc_2 ($101.92 in chips) 
Seat 6: henri789 ($128.57 in chips) 
JUANS2: posts small blind $0.50
ghc_2: posts big blind $1
Gaita_toien: sits out 
*** HOLE CARDS ***
henri789: raises $1.20 to $2.20
santosEST: calls $2.20
MaikonAll: folds 
JUANS2: folds 
ghc_2: folds 
*** FLOP *** [5s 7d 3h]
henri789: checks 
santosEST: bets $2
henri789: folds 
Uncalled bet ($2) returned to santosEST
santosEST collected $5.60 from pot
santosEST: doesn't show hand 
*** SUMMARY ***
Total pot $5.90 | Rake $0.30 
Board [5s 7d 3h]
Seat 1: Gaita_toien
Seat 2: santosEST collected ($5.60)
Seat 3: MaikonAll (button) folded before Flop (didn't bet)
Seat 4: JUANS2 (small blind) folded before Flop
Seat 5: ghc_2 (big blind) folded before Flop
Seat 6: henri789 folded on the Flop



PokerStars Hand #254643307519:  Hold'em No Limit ($0.50/$1.00 USD) - 2025/01/31 21:49:52 WET [2025/01/31 16:49:52 ET]
Table 'Stromgrenia' 6-max Seat #4 is the button
Seat 1: Gaita_toien ($100 in chips) is sitting out
Seat 2: santosEST ($99.45 in chips) 
Seat 3: MaikonAll ($134.86 in chips) 
Seat 4: JUANS2 ($116.17 in chips) 
Seat 5: ghc_2 ($100.92 in chips) 
Seat 6: henri789 ($126.37 in chips) 
ghc_2: posts small blind $0.50
henri789: posts big blind $1
Gaita_toien: sits out 
*** HOLE CARDS ***
santosEST has timed out
santosEST: folds 
MaikonAll: raises $1.30 to $2.30
JUANS2: raises $5.20 to $7.50
ghc_2: folds 
henri789: folds 
MaikonAll: folds 
Uncalled bet ($5.20) returned to JUANS2
JUANS2 collected $6.10 from pot
JUANS2: doesn't show hand 
*** SUMMARY ***
Total pot $6.10 | Rake $0 
Seat 1: Gaita_toien
Seat 2: santosEST folded before Flop (didn't bet)
Seat 3: MaikonAll folded before Flop
Seat 4: JUANS2 (button) collected ($6.10)
Seat 5: ghc_2 (small blind) folded before Flop
Seat 6: henri789 (big blind) folded before Flop



PokerStars Hand #254643315573:  Hold'em No Limit ($0.50/$1.00 USD) - 2025/01/31 21:50:19 WET [2025/01/31 16:50:19 ET]
Table 'Stromgrenia' 6-max Seat #5 is the button
Seat 1: Gaita_toien ($100 in chips) 
Seat 2: santosEST ($99.45 in chips) 
Seat 3: MaikonAll ($132.56 in chips) 
Seat 4: JUANS2 ($119.97 in chips) 
Seat 5: ghc_2 ($100.42 in chips) 
Seat 6: henri789 ($125.37 in chips) 
henri789: posts small blind $0.50
Gaita_toien: posts big blind $1
*** HOLE CARDS ***
santosEST: raises $2 to $3
MaikonAll: folds 
JUANS2: folds 
ghc_2: raises $8 to $11
henri789: folds 
Gaita_toien: folds 
santosEST: raises $88.45 to $99.45 and is all-in
ghc_2: folds 
Uncalled bet ($88.45) returned to santosEST
santosEST collected $23.50 from pot
santosEST: doesn't show hand 
*** SUMMARY ***
Total pot $23.50 | Rake $0 
Seat 1: Gaita_toien (big blind) folded before Flop
Seat 2: santosEST collected ($23.50)
Seat 3: MaikonAll folded before Flop (didn't bet)
Seat 4: JUANS2 folded before Flop (didn't bet)
Seat 5: ghc_2 (button) folded before Flop
Seat 6: henri789 (small blind) folded before Flop



PokerStars Hand #254643322568:  Hold'em No Limit ($0.50/$1.00 USD) - 2025/01/31 21:50:41 WET [2025/01/31 16:50:41 ET]
Table 'Stromgrenia' 6-max Seat #6 is the button
Seat 1: Gaita_toien ($100 in chips) 
Seat 2: santosEST ($111.95 in chips) 
Seat 3: MaikonAll ($132.56 in chips) 
Seat 4: JUANS2 ($119.97 in chips) 
Seat 5: ghc_2 ($100 in chips) 
Seat 6: henri789 ($124.87 in chips) 
Gaita_toien: posts small blind $0.50
santosEST: posts big blind $1
*** HOLE CARDS ***
MaikonAll: folds 
JUANS2: folds 
ghc_2: folds 
henri789: folds 
Gaita_toien: raises $2 to $3
santosEST: calls $2
*** FLOP *** [9c As 4c]
Gaita_toien: bets $1.65
santosEST: raises $2.35 to $4
Gaita_toien: calls $2.35
*** TURN *** [9c As 4c] [3d]
Gaita_toien: checks 
santosEST: bets $4
Gaita_toien: folds 
Uncalled bet ($4) returned to santosEST
santosEST collected $13.30 from pot
santosEST: doesn't show hand 
*** SUMMARY ***
Total pot $14 | Rake $0.70 
Board [9c As 4c 3d]
Seat 1: Gaita_toien (small blind) folded on the Turn
Seat 2: santosEST (big blind) collected ($13.30)
Seat 3: MaikonAll folded before Flop (didn't bet)
Seat 4: JUANS2 folded before Flop (didn't bet)
Seat 5: ghc_2 folded before Flop (didn't bet)
Seat 6: henri789 (button) folded before Flop (didn't bet)



PokerStars Hand #254643335455:  Hold'em No Limit ($0.50/$1.00 USD) - 2025/01/31 21:51:23 WET [2025/01/31 16:51:23 ET]
Table 'Stromgrenia' 6-max Seat #1 is the button
Seat 3: MaikonAll ($132.56 in chips) is sitting out
Seat 4: JUANS2 ($119.97 in chips) is sitting out
Seat 1: Gaita_toien ($100 in chips) 
Seat 2: santosEST ($118.25 in chips) 
Seat 5: ghc_2 ($100 in chips) 
Seat 6: henri789 ($124.87 in chips) 
santosEST: posts small blind $0.50
MaikonAll: is sitting out 
JUANS2: is sitting out 
ghc_2: posts big blind $1
*** HOLE CARDS ***
MaikonAll leaves the table
henri789: folds 
Gaita_toien: folds 
santosEST: folds 
Uncalled bet ($0.50) returned to ghc_2
JUANS2 leaves the table
ghc_2 collected $1 from pot
ghc_2: doesn't show hand 
santosEST leaves the table
*** SUMMARY ***
Total pot $1 | Rake $0 
Seat 3: MaikonAll
Seat 4: JUANS2
Seat 1: Gaita_toien (button) folded before Flop (didn't bet)
Seat 2: santosEST (small blind) folded before Flop
Seat 5: ghc_2 (big blind) collected ($1)
Seat 6: henri789 folded before Flop (didn't bet)



PokerStars Hand #254643338988:  Hold'em No Limit ($0.50/$1.00 USD) - 2025/01/31 21:51:34 WET [2025/01/31 16:51:34 ET]
Table 'Stromgrenia' 6-max Seat #6 is the button
Seat 1: Gaita_toien ($100 in chips) is sitting out
Seat 5: ghc_2 ($100.50 in chips) 
Seat 6: henri789 ($124.87 in chips) 
henri789: posts small blind $0.50
Gaita_toien: is sitting out 
ghc_2: posts big blind $1
*** HOLE CARDS ***
Gaita_toien leaves the table
henri789: raises $1.50 to $2.50
ghc_2: calls $1.50
*** FLOP *** [4d 8h 5c]
ghc_2: checks 
henri789: bets $1.90
ghc_2: calls $1.90
*** TURN *** [4d 8h 5c] [7h]
ghc_2: checks 
henri789: checks 
*** RIVER *** [4d 8h 5c 7h] [Td]
ghc_2: bets $5.52
delroyp1710 joins the table at seat #4 
delroyp1710 is disconnected 
henri789: calls $5.52
*** SHOW DOWN ***
ghc_2: shows [6c 3c] (a straight, Four to Eight)
henri789: mucks hand 
ghc_2 collected $18.85 from pot
imhungarian8 joins the table at seat #1 
*** SUMMARY ***
Total pot $19.84 | Rake $0.99 
Board [4d 8h 5c 7h Td]
Seat 1: Gaita_toien
Seat 5: ghc_2 (big blind) showed [6c 3c] and won ($18.85) with a straight, Four to Eight
Seat 6: henri789 (button) (small blind) mucked



PokerStars Hand #254643367310:  Hold'em No Limit ($0.50/$1.00 USD) - 2025/01/31 21:53:06 WET [2025/01/31 16:53:06 ET]
Table 'Stromgrenia' 6-max Seat #5 is the button
Seat 4: delroyp1710 ($64.38 in chips) is sitting out
Seat 1: imhungarian8 ($100 in chips) 
Seat 5: ghc_2 ($109.43 in chips) 
Seat 6: henri789 ($114.95 in chips) 
henri789: posts small blind $0.50
imhungarian8: posts big blind $1
delroyp1710: sits out 
*** HOLE CARDS ***
ghc_2: folds 
JUANS2 joins the table at seat #3 
henri789: folds 
Uncalled bet ($0.50) returned to imhungarian8
imhungarian8 collected $1 from pot
imhungarian8: doesn't show hand 
*** SUMMARY ***
Total pot $1 | Rake $0 
Seat 4: delroyp1710
Seat 1: imhungarian8 (big blind) collected ($1)
Seat 5: ghc_2 (button) folded before Flop (didn't bet)
Seat 6: henri789 (small blind) folded before Flop



PokerStars Hand #254643370977:  Hold'em No Limit ($0.50/$1.00 USD) - 2025/01/31 21:53:18 WET [2025/01/31 16:53:18 ET]
Table 'Stromgrenia' 6-max Seat #6 is the button
Seat 4: delroyp1710 ($64.38 in chips) is sitting out
Seat 1: imhungarian8 ($100.50 in chips) 
Seat 3: JUANS2 ($119.97 in chips) 
Seat 5: ghc_2 ($109.43 in chips) 
Seat 6: henri789 ($114.45 in chips) 
imhungarian8: posts small blind $0.50
JUANS2: posts big blind $1
delroyp1710: sits out 
*** HOLE CARDS ***
ghc_2: folds 
henri789: raises $1.20 to $2.20
kvcsszblcs joins the table at seat #2 
imhungarian8: folds 
JUANS2: calls $1.20
*** FLOP *** [Tc 3d Qh]
JUANS2: checks 
henri789: bets $1.86
JUANS2: calls $1.86
*** TURN *** [Tc 3d Qh] [Jc]
JUANS2: checks 
henri789: bets $10.89
JUANS2: folds 
Uncalled bet ($10.89) returned to henri789
henri789 collected $8.19 from pot
henri789: doesn't show hand 
*** SUMMARY ***
Total pot $8.62 | Rake $0.43 
Board [Tc 3d Qh Jc]
Seat 4: delroyp1710
Seat 1: imhungarian8 (small blind) folded before Flop
Seat 3: JUANS2 (big blind) folded on the Turn
Seat 5: ghc_2 folded before Flop (didn't bet)
Seat 6: henri789 (button) collected ($8.19)



PokerStars Hand #254643392752:  Hold'em No Limit ($0.50/$1.00 USD) - 2025/01/31 21:54:30 WET [2025/01/31 16:54:30 ET]
Table 'Stromgrenia' 6-max Seat #1 is the button
Seat 2: kvcsszblcs ($100 in chips) is sitting out
Seat 1: imhungarian8 ($100 in chips) 
Seat 3: JUANS2 ($115.91 in chips) 
Seat 4: delroyp1710 ($64.38 in chips) 
Seat 5: ghc_2 ($109.43 in chips) 
Seat 6: henri789 ($118.58 in chips) 
JUANS2: posts small blind $0.50
delroyp1710: posts big blind $1
*** HOLE CARDS ***
ghc_2: folds 
henri789: folds 
imhungarian8: folds 
JUANS2: raises $2 to $3
delroyp1710: raises $5 to $8
JUANS2: calls $5
*** FLOP *** [Jh 4h 9d]
JUANS2: checks 
delroyp1710: bets $4
JUANS2: calls $4
*** TURN *** [Jh 4h 9d] [6s]
JUANS2: checks 
delroyp1710: checks 
*** RIVER *** [Jh 4h 9d 6s] [Tc]
JUANS2: bets $16.60
delroyp1710: folds 
Uncalled bet ($16.60) returned to JUANS2
JUANS2 collected $22.80 from pot
JUANS2: doesn't show hand 
*** SUMMARY ***
Total pot $24 | Rake $1.20 
Board [Jh 4h 9d 6s Tc]
Seat 2: kvcsszblcs
Seat 1: imhungarian8 (button) folded before Flop (didn't bet)
Seat 3: JUANS2 (small blind) collected ($22.80)
Seat 4: delroyp1710 (big blind) folded on the River
Seat 5: ghc_2 folded before Flop (didn't bet)
Seat 6: henri789 folded before Flop (didn't bet)



PokerStars Hand #254643410629:  Hold'em No Limit ($0.50/$1.00 USD) - 2025/01/31 21:55:34 WET [2025/01/31 16:55:34 ET]
Table 'Stromgrenia' 6-max Seat #3 is the button
Seat 2: kvcsszblcs ($100 in chips) is sitting out
Seat 1: imhungarian8 ($100 in chips) 
Seat 3: JUANS2 ($126.71 in chips) 
Seat 4: delroyp1710 ($52.38 in chips) 
Seat 5: ghc_2 ($109.43 in chips) 
Seat 6: henri789 ($118.58 in chips) 
delroyp1710: posts small blind $0.50
ghc_2: posts big blind $1
kvcsszblcs: sits out 
*** HOLE CARDS ***
henri789: folds 
imhungarian8: folds 
JUANS2: raises $1.50 to $2.50
delroyp1710: folds 
ghc_2: folds 
Uncalled bet ($1.50) returned to JUANS2
JUANS2 collected $2.50 from pot
JUANS2: doesn't show hand 
*** SUMMARY ***
Total pot $2.50 | Rake $0 
Seat 2: kvcsszblcs
Seat 1: imhungarian8 folded before Flop (didn't bet)
Seat 3: JUANS2 (button) collected ($2.50)
Seat 4: delroyp1710 (small blind) folded before Flop
Seat 5: ghc_2 (big blind) folded before Flop
Seat 6: henri789 folded before Flop (didn't bet)



PokerStars Hand #254643416444:  Hold'em No Limit ($0.50/$1.00 USD) - 2025/01/31 21:56:01 WET [2025/01/31 16:56:01 ET]
Table 'Stromgrenia' 6-max Seat #4 is the button
Seat 2: kvcsszblcs ($100 in chips) is sitting out
Seat 1: imhungarian8 ($100 in chips) 
Seat 3: JUANS2 ($128.21 in chips) 
Seat 4: delroyp1710 ($51.88 in chips) 
Seat 5: ghc_2 ($108.43 in chips) 
Seat 6: henri789 ($118.58 in chips) 
ghc_2: posts small blind $0.50
henri789: posts big blind $1
kvcsszblcs: sits out 
*** HOLE CARDS ***
imhungarian8: folds 
JUANS2: folds 
delroyp1710: raises $1 to $2
ghc_2: folds 
henri789: folds 
Uncalled bet ($1) returned to delroyp1710
delroyp1710 collected $2.50 from pot
*** SUMMARY ***
Total pot $2.50 | Rake $0 
Seat 2: kvcsszblcs
Seat 1: imhungarian8 folded before Flop (didn't bet)
Seat 3: JUANS2 folded before Flop (didn't bet)
Seat 4: delroyp1710 (button) collected ($2.50)
Seat 5: ghc_2 (small blind) folded before Flop
Seat 6: henri789 (big blind) folded before Flop



PokerStars Hand #254643420453:  Hold'em No Limit ($0.50/$1.00 USD) - 2025/01/31 21:56:19 WET [2025/01/31 16:56:19 ET]
Table 'Stromgrenia' 6-max Seat #5 is the button
Seat 2: kvcsszblcs ($100 in chips) is sitting out
Seat 1: imhungarian8 ($100 in chips) 
Seat 3: JUANS2 ($128.21 in chips) 
Seat 4: delroyp1710 ($53.38 in chips) 
Seat 5: ghc_2 ($107.93 in chips) 
Seat 6: henri789 ($117.58 in chips) 
henri789: posts small blind $0.50
imhungarian8: posts big blind $1
kvcsszblcs: sits out 
*** HOLE CARDS ***
JUANS2: folds 
delroyp1710: folds 
ghc_2: folds 
henri789: raises $2 to $3
imhungarian8: folds 
Uncalled bet ($2) returned to henri789
henri789 collected $2 from pot
henri789: doesn't show hand 
*** SUMMARY ***
Total pot $2 | Rake $0 
Seat 2: kvcsszblcs
Seat 1: imhungarian8 (big blind) folded before Flop
Seat 3: JUANS2 folded before Flop (didn't bet)
Seat 4: delroyp1710 folded before Flop (didn't bet)
Seat 5: ghc_2 (button) folded before Flop (didn't bet)
Seat 6: henri789 (small blind) collected ($2)



PokerStars Hand #254643425954:  Hold'em No Limit ($0.50/$1.00 USD) - 2025/01/31 21:56:44 WET [2025/01/31 16:56:44 ET]
Table 'Stromgrenia' 6-max Seat #6 is the button
Seat 1: imhungarian8 ($100 in chips) 
Seat 2: kvcsszblcs ($100 in chips) 
Seat 3: JUANS2 ($128.21 in chips) 
Seat 4: delroyp1710 ($53.38 in chips) 
Seat 5: ghc_2 ($107.93 in chips) 
Seat 6: henri789 ($118.58 in chips) 
imhungarian8: posts small blind $0.50
kvcsszblcs: posts big blind $1
*** HOLE CARDS ***
JUANS2: folds 
delroyp1710: raises $1 to $2
ghc_2: raises $4.50 to $6.50
henri789: folds 
imhungarian8: folds 
kvcsszblcs: folds 
delroyp1710: calls $4.50
*** FLOP *** [Ad 4d Qh]
delroyp1710: checks 
ghc_2: checks 
*** TURN *** [Ad 4d Qh] [7s]
delroyp1710: checks 
ghc_2: bets $6.89
delroyp1710: folds 
Uncalled bet ($6.89) returned to ghc_2
ghc_2 collected $13.78 from pot
ghc_2: doesn't show hand 
*** SUMMARY ***
Total pot $14.50 | Rake $0.72 
Board [Ad 4d Qh 7s]
Seat 1: imhungarian8 (small blind) folded before Flop
Seat 2: kvcsszblcs (big blind) folded before Flop
Seat 3: JUANS2 folded before Flop (didn't bet)
Seat 4: delroyp1710 folded on the Turn
Seat 5: ghc_2 collected ($13.78)
Seat 6: henri789 (button) folded before Flop (didn't bet)



PokerStars Hand #254643436953:  Hold'em No Limit ($0.50/$1.00 USD) - 2025/01/31 21:57:35 WET [2025/01/31 16:57:35 ET]
Table 'Stromgrenia' 6-max Seat #1 is the button
Seat 1: imhungarian8 ($100 in chips) 
Seat 2: kvcsszblcs ($100 in chips) 
Seat 3: JUANS2 ($128.21 in chips) 
Seat 4: delroyp1710 ($46.88 in chips) 
Seat 5: ghc_2 ($115.21 in chips) 
Seat 6: henri789 ($118.58 in chips) 
kvcsszblcs: posts small blind $0.50
JUANS2: posts big blind $1
*** HOLE CARDS ***
delroyp1710: raises $1 to $2
ghc_2: folds 
henri789: raises $4 to $6
imhungarian8: folds 
kvcsszblcs: folds 
JUANS2: raises $11.50 to $17.50
delroyp1710: folds 
henri789: folds 
Uncalled bet ($11.50) returned to JUANS2
JUANS2 collected $14.50 from pot
JUANS2: doesn't show hand 
*** SUMMARY ***
Total pot $14.50 | Rake $0 
Seat 1: imhungarian8 (button) folded before Flop (didn't bet)
Seat 2: kvcsszblcs (small blind) folded before Flop
Seat 3: JUANS2 (big blind) collected ($14.50)
Seat 4: delroyp1710 folded before Flop
Seat 5: ghc_2 folded before Flop (didn't bet)
Seat 6: henri789 folded before Flop



PokerStars Hand #254643446842:  Hold'em No Limit ($0.50/$1.00 USD) - 2025/01/31 21:58:20 WET [2025/01/31 16:58:20 ET]
Table 'Stromgrenia' 6-max Seat #2 is the button
Seat 4: delroyp1710 ($44.88 in chips) is sitting out
Seat 1: imhungarian8 ($100 in chips) 
Seat 2: kvcsszblcs ($100 in chips) 
Seat 3: JUANS2 ($136.71 in chips) 
Seat 5: ghc_2 ($115.21 in chips) 
Seat 6: henri789 ($112.58 in chips) 
JUANS2: posts small blind $0.50
delroyp1710: is sitting out 
ghc_2: posts big blind $1
*** HOLE CARDS ***
henri789: folds 
delroyp1710 leaves the table
imhungarian8: raises $1.30 to $2.30
kvcsszblcs: folds 
JUANS2: folds 
ghc_2: raises $10.20 to $12.50
imhungarian8: folds 
Uncalled bet ($10.20) returned to ghc_2
ghc_2 collected $5.10 from pot
ghc_2: doesn't show hand 
*** SUMMARY ***
Total pot $5.10 | Rake $0 
Seat 4: delroyp1710
Seat 1: imhungarian8 folded before Flop
Seat 2: kvcsszblcs (button) folded before Flop (didn't bet)
Seat 3: JUANS2 (small blind) folded before Flop
Seat 5: ghc_2 (big blind) collected ($5.10)
Seat 6: henri789 folded before Flop (didn't bet)



PokerStars Hand #254643454137:  Hold'em No Limit ($0.50/$1.00 USD) - 2025/01/31 21:58:53 WET [2025/01/31 16:58:53 ET]
Table 'Stromgrenia' 6-max Seat #5 is the button
Seat 1: imhungarian8 ($100 in chips) is sitting out
Seat 2: kvcsszblcs ($100 in chips) is sitting out
Seat 6: henri789 ($112.58 in chips) is sitting out
Seat 3: JUANS2 ($136.21 in chips) 
Seat 5: ghc_2 ($118.01 in chips) 
ghc_2: posts small blind $0.50
henri789: is sitting out 
imhungarian8: is sitting out 
kvcsszblcs: is sitting out 
JUANS2: posts big blind $1
*** HOLE CARDS ***
ghc_2: raises $1.40 to $2.40
imhungarian8 leaves the table
JUANS2: calls $1.40
*** FLOP *** [Th 3d 8c]
kvcsszblcs leaves the table
JUANS2: checks 
ghc_2: bets $1.82
JUANS2: folds 
Uncalled bet ($1.82) returned to ghc_2
ghc_2 collected $4.56 from pot
ghc_2: doesn't show hand 
*** SUMMARY ***
Total pot $4.80 | Rake $0.24 
Board [Th 3d 8c]
Seat 1: imhungarian8
Seat 2: kvcsszblcs
Seat 6: henri789
Seat 3: JUANS2 (big blind) folded on the Flop
Seat 5: ghc_2 (button) (small blind) collected ($4.56)



