PokerStars Hand #254643932865:  Hold'em No Limit ($0.50/$1.00 USD) - 2025/01/31 22:26:11 WET [2025/01/31 17:26:11 ET]
Table 'Seginus II' 6-max Seat #4 is the button
Seat 1: z00mba ($100 in chips) 
Seat 2: XneferX ($101 in chips) 
Seat 3: IREQO ($100 in chips) 
Seat 4: redalakhani1985 ($55.11 in chips) 
Seat 5: alexandr699 ($100 in chips) 
Seat 6: AlexPinsk1 ($101.50 in chips) 
alexandr699: posts small blind $0.50
AlexPinsk1: posts big blind $1
*** HOLE CARDS ***
z00mba: folds 
XneferX: folds 
IREQO: raises $1.50 to $2.50
redalakhani1985: folds 
alexandr699: folds 
AlexPinsk1: folds 
Uncalled bet ($1.50) returned to IREQO
IREQO collected $2.50 from pot
IREQO: doesn't show hand 
*** SUMMARY ***
Total pot $2.50 | Rake $0 
Seat 1: z00mba folded before Flop (didn't bet)
Seat 2: XneferX folded before Flop (didn't bet)
Seat 3: IREQO collected ($2.50)
Seat 4: redalakhani1985 (button) folded before Flop (didn't bet)
Seat 5: alexandr699 (small blind) folded before Flop
Seat 6: AlexPinsk1 (big blind) folded before Flop



PokerStars Hand #254643940632:  Hold'em No Limit ($0.50/$1.00 USD) - 2025/01/31 22:26:38 WET [2025/01/31 17:26:38 ET]
Table 'Seginus II' 6-max Seat #5 is the button
Seat 1: z00mba ($100 in chips) 
Seat 2: XneferX ($101 in chips) 
Seat 3: IREQO ($101.50 in chips) 
Seat 4: redalakhani1985 ($55.11 in chips) 
Seat 5: alexandr699 ($100 in chips) 
Seat 6: AlexPinsk1 ($100.50 in chips) 
AlexPinsk1: posts small blind $0.50
z00mba: posts big blind $1
*** HOLE CARDS ***
XneferX: folds 
IREQO: folds 
redalakhani1985: raises $2.50 to $3.50
alexandr699: folds 
AlexPinsk1: folds 
z00mba: raises $8 to $11.50
redalakhani1985: raises $43.61 to $55.11 and is all-in
z00mba: calls $43.61
*** FLOP *** [9s 7d Qs]
*** TURN *** [9s 7d Qs] [5d]
*** RIVER *** [9s 7d Qs 5d] [Ac]
*** SHOW DOWN ***
z00mba: shows [Jc Js] (a pair of Jacks)
redalakhani1985: shows [Ah Ks] (a pair of Aces)
redalakhani1985 collected $108.22 from pot
z00mba cashed out the hand for $60.30 | Cash Out Fee $1.23
*** SUMMARY ***
Total pot $110.72 | Rake $2.50 
Board [9s 7d Qs 5d Ac]
Seat 1: z00mba (big blind) showed [Jc Js] and lost with a pair of Jacks (cashed out).
Seat 2: XneferX folded before Flop (didn't bet)
Seat 3: IREQO folded before Flop (didn't bet)
Seat 4: redalakhani1985 showed [Ah Ks] and won ($108.22) with a pair of Aces
Seat 5: alexandr699 (button) folded before Flop (didn't bet)
Seat 6: AlexPinsk1 (small blind) folded before Flop



PokerStars Hand #254643951264:  Hold'em No Limit ($0.50/$1.00 USD) - 2025/01/31 22:27:14 WET [2025/01/31 17:27:14 ET]
Table 'Seginus II' 6-max Seat #6 is the button
Seat 1: z00mba ($105.19 in chips) 
Seat 2: XneferX ($101 in chips) 
Seat 3: IREQO ($101.50 in chips) 
Seat 4: redalakhani1985 ($108.22 in chips) 
Seat 5: alexandr699 ($100 in chips) 
Seat 6: AlexPinsk1 ($100 in chips) 
z00mba: posts small blind $0.50
XneferX: posts big blind $1
*** HOLE CARDS ***
IREQO: folds 
redalakhani1985: folds 
alexandr699: folds 
AlexPinsk1: folds 
z00mba: folds 
Uncalled bet ($0.50) returned to XneferX
XneferX collected $1 from pot
XneferX: doesn't show hand 
*** SUMMARY ***
Total pot $1 | Rake $0 
Seat 1: z00mba (small blind) folded before Flop
Seat 2: XneferX (big blind) collected ($1)
Seat 3: IREQO folded before Flop (didn't bet)
Seat 4: redalakhani1985 folded before Flop (didn't bet)
Seat 5: alexandr699 folded before Flop (didn't bet)
Seat 6: AlexPinsk1 (button) folded before Flop (didn't bet)



PokerStars Hand #254643954832:  Hold'em No Limit ($0.50/$1.00 USD) - 2025/01/31 22:27:27 WET [2025/01/31 17:27:27 ET]
Table 'Seginus II' 6-max Seat #1 is the button
Seat 1: z00mba ($104.69 in chips) 
Seat 2: XneferX ($101.50 in chips) 
Seat 3: IREQO ($101.50 in chips) 
Seat 4: redalakhani1985 ($108.22 in chips) 
Seat 5: alexandr699 ($100 in chips) 
Seat 6: AlexPinsk1 ($100 in chips) 
XneferX: posts small blind $0.50
IREQO: posts big blind $1
*** HOLE CARDS ***
redalakhani1985: folds 
alexandr699: folds 
AlexPinsk1: folds 
z00mba: folds 
XneferX: raises $2 to $3
IREQO: raises $7 to $10
XneferX: calls $7
*** FLOP *** [Qc Kc 4s]
XneferX: checks 
IREQO: checks 
*** TURN *** [Qc Kc 4s] [8s]
XneferX: checks 
IREQO: bets $6.27
XneferX: calls $6.27
*** RIVER *** [Qc Kc 4s 8s] [Kd]
AlexPinsk1 leaves the table
BGS013 joins the table at seat #6 
XneferX: bets $30.60
IREQO: folds 
Uncalled bet ($30.60) returned to XneferX
XneferX collected $30.91 from pot
XneferX: doesn't show hand 
*** SUMMARY ***
Total pot $32.54 | Rake $1.63 
Board [Qc Kc 4s 8s Kd]
Seat 1: z00mba (button) folded before Flop (didn't bet)
Seat 2: XneferX (small blind) collected ($30.91)
Seat 3: IREQO (big blind) folded on the River
Seat 4: redalakhani1985 folded before Flop (didn't bet)
Seat 5: alexandr699 folded before Flop (didn't bet)
Seat 6: AlexPinsk1 folded before Flop (didn't bet)



PokerStars Hand #254643991263:  Hold'em No Limit ($0.50/$1.00 USD) - 2025/01/31 22:29:32 WET [2025/01/31 17:29:32 ET]
Table 'Seginus II' 6-max Seat #2 is the button
Seat 6: BGS013 ($100 in chips) is sitting out
Seat 1: z00mba ($104.69 in chips) 
Seat 2: XneferX ($116.14 in chips) 
Seat 3: IREQO ($100 in chips) 
Seat 4: redalakhani1985 ($108.22 in chips) 
Seat 5: alexandr699 ($100 in chips) 
IREQO: posts small blind $0.50
redalakhani1985: posts big blind $1
BGS013: sits out 
*** HOLE CARDS ***
alexandr699: folds 
z00mba: folds 
XneferX: folds 
IREQO: raises $1.50 to $2.50
redalakhani1985: calls $1.50
*** FLOP *** [2d Ad 9d]
IREQO: bets $1.57
redalakhani1985: raises $1.57 to $3.14
IREQO: calls $1.57
*** TURN *** [2d Ad 9d] [Jh]
IREQO: checks 
redalakhani1985: bets $5.36
IREQO: calls $5.36
*** RIVER *** [2d Ad 9d Jh] [Td]
IREQO: checks 
redalakhani1985: bets $97.22 and is all-in
IREQO: folds 
Uncalled bet ($97.22) returned to redalakhani1985
redalakhani1985 collected $20.90 from pot
*** SUMMARY ***
Total pot $22 | Rake $1.10 
Board [2d Ad 9d Jh Td]
Seat 6: BGS013
Seat 1: z00mba folded before Flop (didn't bet)
Seat 2: XneferX (button) folded before Flop (didn't bet)
Seat 3: IREQO (small blind) folded on the River
Seat 4: redalakhani1985 (big blind) collected ($20.90)
Seat 5: alexandr699 folded before Flop (didn't bet)



PokerStars Hand #254644028461:  Hold'em No Limit ($0.50/$1.00 USD) - 2025/01/31 22:31:40 WET [2025/01/31 17:31:40 ET]
Table 'Seginus II' 6-max Seat #3 is the button
Seat 6: BGS013 ($100 in chips) is sitting out
Seat 1: z00mba ($104.69 in chips) 
Seat 2: XneferX ($116.14 in chips) 
Seat 3: IREQO ($100 in chips) 
Seat 4: redalakhani1985 ($118.12 in chips) 
Seat 5: alexandr699 ($100 in chips) 
redalakhani1985: posts small blind $0.50
alexandr699: posts big blind $1
BGS013: sits out 
*** HOLE CARDS ***
z00mba: folds 
XneferX: raises $1.30 to $2.30
IREQO: folds 
redalakhani1985: folds 
alexandr699: folds 
Uncalled bet ($1.30) returned to XneferX
XneferX collected $2.50 from pot
XneferX: doesn't show hand 
*** SUMMARY ***
Total pot $2.50 | Rake $0 
Seat 6: BGS013
Seat 1: z00mba folded before Flop (didn't bet)
Seat 2: XneferX collected ($2.50)
Seat 3: IREQO (button) folded before Flop (didn't bet)
Seat 4: redalakhani1985 (small blind) folded before Flop
Seat 5: alexandr699 (big blind) folded before Flop



PokerStars Hand #254644035530:  Hold'em No Limit ($0.50/$1.00 USD) - 2025/01/31 22:32:04 WET [2025/01/31 17:32:04 ET]
Table 'Seginus II' 6-max Seat #4 is the button
Seat 1: z00mba ($104.69 in chips) 
Seat 2: XneferX ($117.64 in chips) 
Seat 3: IREQO ($100 in chips) 
Seat 4: redalakhani1985 ($117.62 in chips) 
Seat 5: alexandr699 ($100 in chips) 
Seat 6: BGS013 ($100 in chips) 
alexandr699: posts small blind $0.50
BGS013: posts big blind $1
*** HOLE CARDS ***
z00mba: folds 
XneferX: folds 
IREQO: folds 
redalakhani1985: calls $1
alexandr699: folds 
BGS013: raises $3.50 to $4.50
redalakhani1985: calls $3.50
*** FLOP *** [Qh 7d Tc]
BGS013: bets $2.35
redalakhani1985: calls $2.35
*** TURN *** [Qh 7d Tc] [6d]
BGS013: checks 
redalakhani1985: bets $6.75
BGS013: calls $6.75
*** RIVER *** [Qh 7d Tc 6d] [Jc]
BGS013: checks 
redalakhani1985: bets $104.02 and is all-in
BGS013: calls $86.40 and is all-in
Uncalled bet ($17.62) returned to redalakhani1985
*** SHOW DOWN ***
redalakhani1985: shows [Kd 9c] (a straight, Nine to King)
BGS013: shows [Qc Js] (two pair, Queens and Jacks)
redalakhani1985 collected $198 from pot
*** SUMMARY ***
Total pot $200.50 | Rake $2.50 
Board [Qh 7d Tc 6d Jc]
Seat 1: z00mba folded before Flop (didn't bet)
Seat 2: XneferX folded before Flop (didn't bet)
Seat 3: IREQO folded before Flop (didn't bet)
Seat 4: redalakhani1985 (button) showed [Kd 9c] and won ($198) with a straight, Nine to King
Seat 5: alexandr699 (small blind) folded before Flop
Seat 6: BGS013 (big blind) showed [Qc Js] and lost with two pair, Queens and Jacks



PokerStars Hand #254644057655:  Hold'em No Limit ($0.50/$1.00 USD) - 2025/01/31 22:33:20 WET [2025/01/31 17:33:20 ET]
Table 'Seginus II' 6-max Seat #5 is the button
Seat 1: z00mba ($104.69 in chips) 
Seat 2: XneferX ($117.64 in chips) 
Seat 3: IREQO ($100 in chips) 
Seat 4: redalakhani1985 ($215.62 in chips) 
Seat 5: alexandr699 ($100 in chips) 
Seat 6: BGS013 ($100 in chips) 
BGS013: posts small blind $0.50
z00mba: posts big blind $1
*** HOLE CARDS ***
XneferX: folds 
IREQO: raises $1.50 to $2.50
redalakhani1985: folds 
alexandr699: folds 
BGS013: folds 
z00mba: folds 
Uncalled bet ($1.50) returned to IREQO
IREQO collected $2.50 from pot
IREQO: doesn't show hand 
*** SUMMARY ***
Total pot $2.50 | Rake $0 
Seat 1: z00mba (big blind) folded before Flop
Seat 2: XneferX folded before Flop (didn't bet)
Seat 3: IREQO collected ($2.50)
Seat 4: redalakhani1985 folded before Flop (didn't bet)
Seat 5: alexandr699 (button) folded before Flop (didn't bet)
Seat 6: BGS013 (small blind) folded before Flop



PokerStars Hand #254644063620:  Hold'em No Limit ($0.50/$1.00 USD) - 2025/01/31 22:33:40 WET [2025/01/31 17:33:40 ET]
Table 'Seginus II' 6-max Seat #6 is the button
Seat 1: z00mba ($103.69 in chips) 
Seat 2: XneferX ($117.64 in chips) 
Seat 3: IREQO ($101.50 in chips) 
Seat 4: redalakhani1985 ($215.62 in chips) 
Seat 5: alexandr699 ($100 in chips) 
Seat 6: BGS013 ($100 in chips) 
z00mba: posts small blind $0.50
XneferX: posts big blind $1
*** HOLE CARDS ***
IREQO: raises $1.50 to $2.50
redalakhani1985: folds 
alexandr699: folds 
BGS013: folds 
z00mba: folds 
XneferX: folds 
Uncalled bet ($1.50) returned to IREQO
IREQO collected $2.50 from pot
IREQO: doesn't show hand 
*** SUMMARY ***
Total pot $2.50 | Rake $0 
Seat 1: z00mba (small blind) folded before Flop
Seat 2: XneferX (big blind) folded before Flop
Seat 3: IREQO collected ($2.50)
Seat 4: redalakhani1985 folded before Flop (didn't bet)
Seat 5: alexandr699 folded before Flop (didn't bet)
Seat 6: BGS013 (button) folded before Flop (didn't bet)



PokerStars Hand #254644072263:  Hold'em No Limit ($0.50/$1.00 USD) - 2025/01/31 22:34:10 WET [2025/01/31 17:34:10 ET]
Table 'Seginus II' 6-max Seat #1 is the button
Seat 1: z00mba ($103.19 in chips) 
Seat 2: XneferX ($116.64 in chips) 
Seat 3: IREQO ($103 in chips) 
Seat 4: redalakhani1985 ($215.62 in chips) 
Seat 5: alexandr699 ($100 in chips) 
Seat 6: BGS013 ($100 in chips) 
XneferX: posts small blind $0.50
IREQO: posts big blind $1
*** HOLE CARDS ***
redalakhani1985: folds 
alexandr699: folds 
BGS013: folds 
z00mba: folds 
XneferX: raises $2 to $3
IREQO: folds 
Uncalled bet ($2) returned to XneferX
XneferX collected $2 from pot
XneferX: doesn't show hand 
*** SUMMARY ***
Total pot $2 | Rake $0 
Seat 1: z00mba (button) folded before Flop (didn't bet)
Seat 2: XneferX (small blind) collected ($2)
Seat 3: IREQO (big blind) folded before Flop
Seat 4: redalakhani1985 folded before Flop (didn't bet)
Seat 5: alexandr699 folded before Flop (didn't bet)
Seat 6: BGS013 folded before Flop (didn't bet)



PokerStars Hand #254644078711:  Hold'em No Limit ($0.50/$1.00 USD) - 2025/01/31 22:34:33 WET [2025/01/31 17:34:33 ET]
Table 'Seginus II' 6-max Seat #2 is the button
Seat 1: z00mba ($103.19 in chips) 
Seat 2: XneferX ($117.64 in chips) 
Seat 3: IREQO ($102 in chips) 
Seat 4: redalakhani1985 ($215.62 in chips) 
Seat 5: alexandr699 ($100 in chips) 
Seat 6: BGS013 ($100 in chips) 
IREQO: posts small blind $0.50
redalakhani1985: posts big blind $1
*** HOLE CARDS ***
alexandr699: folds 
BGS013: folds 
z00mba: folds 
XneferX: raises $1.77 to $2.77
IREQO: folds 
redalakhani1985: folds 
Uncalled bet ($1.77) returned to XneferX
XneferX collected $2.50 from pot
XneferX: doesn't show hand 
*** SUMMARY ***
Total pot $2.50 | Rake $0 
Seat 1: z00mba folded before Flop (didn't bet)
Seat 2: XneferX (button) collected ($2.50)
Seat 3: IREQO (small blind) folded before Flop
Seat 4: redalakhani1985 (big blind) folded before Flop
Seat 5: alexandr699 folded before Flop (didn't bet)
Seat 6: BGS013 folded before Flop (didn't bet)



PokerStars Hand #254644083611:  Hold'em No Limit ($0.50/$1.00 USD) - 2025/01/31 22:34:49 WET [2025/01/31 17:34:49 ET]
Table 'Seginus II' 6-max Seat #3 is the button
Seat 1: z00mba ($103.19 in chips) 
Seat 2: XneferX ($119.14 in chips) 
Seat 3: IREQO ($101.50 in chips) 
Seat 4: redalakhani1985 ($214.62 in chips) 
Seat 5: alexandr699 ($100 in chips) 
Seat 6: BGS013 ($100 in chips) 
redalakhani1985: posts small blind $0.50
alexandr699: posts big blind $1
*** HOLE CARDS ***
BGS013: folds 
z00mba: folds 
XneferX: folds 
IREQO: folds 
redalakhani1985: folds 
Uncalled bet ($0.50) returned to alexandr699
alexandr699 collected $1 from pot
alexandr699: doesn't show hand 
*** SUMMARY ***
Total pot $1 | Rake $0 
Seat 1: z00mba folded before Flop (didn't bet)
Seat 2: XneferX folded before Flop (didn't bet)
Seat 3: IREQO (button) folded before Flop (didn't bet)
Seat 4: redalakhani1985 (small blind) folded before Flop
Seat 5: alexandr699 (big blind) collected ($1)
Seat 6: BGS013 folded before Flop (didn't bet)



PokerStars Hand #254644090548:  Hold'em No Limit ($0.50/$1.00 USD) - 2025/01/31 22:35:13 WET [2025/01/31 17:35:13 ET]
Table 'Seginus II' 6-max Seat #4 is the button
Seat 1: z00mba ($103.19 in chips) 
Seat 2: XneferX ($119.14 in chips) 
Seat 3: IREQO ($101.50 in chips) 
Seat 4: redalakhani1985 ($214.12 in chips) 
Seat 5: alexandr699 ($100.50 in chips) 
Seat 6: BGS013 ($100 in chips) 
alexandr699: posts small blind $0.50
BGS013: posts big blind $1
*** HOLE CARDS ***
z00mba: folds 
XneferX: folds 
IREQO: raises $1.50 to $2.50
redalakhani1985: folds 
alexandr699: folds 
BGS013: folds 
Uncalled bet ($1.50) returned to IREQO
IREQO collected $2.50 from pot
IREQO: doesn't show hand 
*** SUMMARY ***
Total pot $2.50 | Rake $0 
Seat 1: z00mba folded before Flop (didn't bet)
Seat 2: XneferX folded before Flop (didn't bet)
Seat 3: IREQO collected ($2.50)
Seat 4: redalakhani1985 (button) folded before Flop (didn't bet)
Seat 5: alexandr699 (small blind) folded before Flop
Seat 6: BGS013 (big blind) folded before Flop



PokerStars Hand #254644098237:  Hold'em No Limit ($0.50/$1.00 USD) - 2025/01/31 22:35:39 WET [2025/01/31 17:35:39 ET]
Table 'Seginus II' 6-max Seat #5 is the button
Seat 1: z00mba ($103.19 in chips) 
Seat 2: XneferX ($119.14 in chips) 
Seat 3: IREQO ($103 in chips) 
Seat 4: redalakhani1985 ($214.12 in chips) 
Seat 5: alexandr699 ($100 in chips) 
Seat 6: BGS013 ($100 in chips) 
BGS013: posts small blind $0.50
z00mba: posts big blind $1
*** HOLE CARDS ***
XneferX: folds 
IREQO: folds 
redalakhani1985: folds 
alexandr699: folds 
BGS013: raises $2 to $3
z00mba: calls $2
*** FLOP *** [Kh 8c Jc]
BGS013: bets $1.48
z00mba: folds 
Uncalled bet ($1.48) returned to BGS013
BGS013 collected $5.70 from pot
BGS013: doesn't show hand 
*** SUMMARY ***
Total pot $6 | Rake $0.30 
Board [Kh 8c Jc]
Seat 1: z00mba (big blind) folded on the Flop
Seat 2: XneferX folded before Flop (didn't bet)
Seat 3: IREQO folded before Flop (didn't bet)
Seat 4: redalakhani1985 folded before Flop (didn't bet)
Seat 5: alexandr699 (button) folded before Flop (didn't bet)
Seat 6: BGS013 (small blind) collected ($5.70)



PokerStars Hand #254644107804:  Hold'em No Limit ($0.50/$1.00 USD) - 2025/01/31 22:36:13 WET [2025/01/31 17:36:13 ET]
Table 'Seginus II' 6-max Seat #6 is the button
Seat 1: z00mba ($100.19 in chips) 
Seat 2: XneferX ($119.14 in chips) 
Seat 3: IREQO ($103 in chips) 
Seat 4: redalakhani1985 ($214.12 in chips) 
Seat 5: alexandr699 ($100 in chips) 
Seat 6: BGS013 ($102.70 in chips) 
z00mba: posts small blind $0.50
XneferX: posts big blind $1
*** HOLE CARDS ***
IREQO: folds 
redalakhani1985: folds 
alexandr699: folds 
BGS013: raises $1.50 to $2.50
z00mba: folds 
XneferX: calls $1.50
*** FLOP *** [7h 3s Kh]
XneferX: checks 
BGS013: bets $1.36
XneferX: folds 
Uncalled bet ($1.36) returned to BGS013
BGS013 collected $5.22 from pot
BGS013: doesn't show hand 
*** SUMMARY ***
Total pot $5.50 | Rake $0.28 
Board [7h 3s Kh]
Seat 1: z00mba (small blind) folded before Flop
Seat 2: XneferX (big blind) folded on the Flop
Seat 3: IREQO folded before Flop (didn't bet)
Seat 4: redalakhani1985 folded before Flop (didn't bet)
Seat 5: alexandr699 folded before Flop (didn't bet)
Seat 6: BGS013 (button) collected ($5.22)



PokerStars Hand #254644116589:  Hold'em No Limit ($0.50/$1.00 USD) - 2025/01/31 22:36:43 WET [2025/01/31 17:36:43 ET]
Table 'Seginus II' 6-max Seat #1 is the button
Seat 1: z00mba ($100 in chips) 
Seat 2: XneferX ($116.64 in chips) 
Seat 3: IREQO ($103 in chips) 
Seat 4: redalakhani1985 ($214.12 in chips) 
Seat 5: alexandr699 ($100 in chips) 
Seat 6: BGS013 ($105.42 in chips) 
XneferX: posts small blind $0.50
IREQO: posts big blind $1
*** HOLE CARDS ***
redalakhani1985: raises $1 to $2
alexandr699: folds 
BGS013: raises $4.50 to $6.50
z00mba: folds 
XneferX: folds 
IREQO: folds 
redalakhani1985: calls $4.50
*** FLOP *** [As 9d Qh]
redalakhani1985: checks 
BGS013: bets $3.58
redalakhani1985: raises $204.04 to $207.62 and is all-in
BGS013: folds 
Uncalled bet ($204.04) returned to redalakhani1985
redalakhani1985 collected $20.58 from pot
*** SUMMARY ***
Total pot $21.66 | Rake $1.08 
Board [As 9d Qh]
Seat 1: z00mba (button) folded before Flop (didn't bet)
Seat 2: XneferX (small blind) folded before Flop
Seat 3: IREQO (big blind) folded before Flop
Seat 4: redalakhani1985 collected ($20.58)
Seat 5: alexandr699 folded before Flop (didn't bet)
Seat 6: BGS013 folded on the Flop



PokerStars Hand #254644129011:  Hold'em No Limit ($0.50/$1.00 USD) - 2025/01/31 22:37:26 WET [2025/01/31 17:37:26 ET]
Table 'Seginus II' 6-max Seat #2 is the button
Seat 1: z00mba ($100 in chips) 
Seat 2: XneferX ($116.14 in chips) 
Seat 3: IREQO ($102 in chips) 
Seat 4: redalakhani1985 ($224.62 in chips) 
Seat 5: alexandr699 ($100 in chips) 
Seat 6: BGS013 ($100 in chips) 
IREQO: posts small blind $0.50
redalakhani1985: posts big blind $1
*** HOLE CARDS ***
alexandr699: raises $1.98 to $2.98
BGS013: folds 
z00mba: folds 
XneferX: folds 
IREQO: folds 
redalakhani1985: folds 
Uncalled bet ($1.98) returned to alexandr699
alexandr699 collected $2.50 from pot
alexandr699: doesn't show hand 
*** SUMMARY ***
Total pot $2.50 | Rake $0 
Seat 1: z00mba folded before Flop (didn't bet)
Seat 2: XneferX (button) folded before Flop (didn't bet)
Seat 3: IREQO (small blind) folded before Flop
Seat 4: redalakhani1985 (big blind) folded before Flop
Seat 5: alexandr699 collected ($2.50)
Seat 6: BGS013 folded before Flop (didn't bet)



PokerStars Hand #254644138613:  Hold'em No Limit ($0.50/$1.00 USD) - 2025/01/31 22:37:59 WET [2025/01/31 17:37:59 ET]
Table 'Seginus II' 6-max Seat #3 is the button
Seat 5: alexandr699 ($101.50 in chips) is sitting out
Seat 1: z00mba ($100 in chips) 
Seat 2: XneferX ($116.14 in chips) 
Seat 3: IREQO ($101.50 in chips) 
Seat 4: redalakhani1985 ($223.62 in chips) 
Seat 6: BGS013 ($100 in chips) 
redalakhani1985: posts small blind $0.50
alexandr699: is sitting out 
BGS013: posts big blind $1
*** HOLE CARDS ***
alexandr699 leaves the table
z00mba: folds 
m0nTTu joins the table at seat #5 
XneferX: folds 
IREQO has timed out
IREQO: folds 
redalakhani1985: calls $0.50
BGS013: raises $3.50 to $4.50
redalakhani1985: calls $3.50
*** FLOP *** [6d 6s 3c]
redalakhani1985: checks 
BGS013: checks 
*** TURN *** [6d 6s 3c] [Kc]
redalakhani1985: checks 
BGS013: checks 
*** RIVER *** [6d 6s 3c Kc] [Jc]
redalakhani1985: checks 
BGS013: bets $6.67
redalakhani1985: calls $6.67
*** SHOW DOWN ***
BGS013: shows [5d Kd] (two pair, Kings and Sixes)
redalakhani1985: shows [Jd Kh] (two pair, Kings and Jacks)
redalakhani1985 collected $21.22 from pot
*** SUMMARY ***
Total pot $22.34 | Rake $1.12 
Board [6d 6s 3c Kc Jc]
Seat 5: alexandr699
Seat 1: z00mba folded before Flop (didn't bet)
Seat 2: XneferX folded before Flop (didn't bet)
Seat 3: IREQO (button) folded before Flop (didn't bet)
Seat 4: redalakhani1985 (small blind) showed [Jd Kh] and won ($21.22) with two pair, Kings and Jacks
Seat 6: BGS013 (big blind) showed [5d Kd] and lost with two pair, Kings and Sixes



PokerStars Hand #254644153941:  Hold'em No Limit ($0.50/$1.00 USD) - 2025/01/31 22:38:53 WET [2025/01/31 17:38:53 ET]
Table 'Seginus II' 6-max Seat #4 is the button
Seat 1: z00mba ($100 in chips) is sitting out
Seat 5: m0nTTu ($10 in chips) is sitting out
Seat 2: XneferX ($116.14 in chips) 
Seat 3: IREQO ($101.50 in chips) 
Seat 4: redalakhani1985 ($233.67 in chips) 
Seat 6: BGS013 ($100 in chips) 
BGS013: posts small blind $0.50
z00mba: is sitting out 
XneferX: posts big blind $1
*** HOLE CARDS ***
IREQO: raises $1.50 to $2.50
redalakhani1985: folds 
BGS013: folds 
z00mba leaves the table
XneferX: folds 
Uncalled bet ($1.50) returned to IREQO
IREQO collected $2.50 from pot
IREQO: doesn't show hand 
*** SUMMARY ***
Total pot $2.50 | Rake $0 
Seat 1: z00mba
Seat 5: m0nTTu
Seat 2: XneferX (big blind) folded before Flop
Seat 3: IREQO collected ($2.50)
Seat 4: redalakhani1985 (button) folded before Flop (didn't bet)
Seat 6: BGS013 (small blind) folded before Flop



PokerStars Hand #254644159609:  Hold'em No Limit ($0.50/$1.00 USD) - 2025/01/31 22:39:13 WET [2025/01/31 17:39:13 ET]
Table 'Seginus II' 6-max Seat #6 is the button
Seat 5: m0nTTu ($10 in chips) is sitting out
Seat 2: XneferX ($115.14 in chips) 
Seat 3: IREQO ($103 in chips) 
Seat 4: redalakhani1985 ($233.67 in chips) 
Seat 6: BGS013 ($100 in chips) 
XneferX: posts small blind $0.50
IREQO: posts big blind $1
m0nTTu: sits out 
*** HOLE CARDS ***
Pippa83 joins the table at seat #1 
redalakhani1985: folds 
BGS013: folds 
redalakhani1985 leaves the table
XneferX: folds 
Uncalled bet ($0.50) returned to IREQO
IREQO collected $1 from pot
IREQO: doesn't show hand 
*** SUMMARY ***
Total pot $1 | Rake $0 
Seat 5: m0nTTu
Seat 2: XneferX (small blind) folded before Flop
Seat 3: IREQO (big blind) collected ($1)
Seat 4: redalakhani1985 folded before Flop (didn't bet)
Seat 6: BGS013 (button) folded before Flop (didn't bet)



PokerStars Hand #254644164181:  Hold'em No Limit ($0.50/$1.00 USD) - 2025/01/31 22:39:28 WET [2025/01/31 17:39:28 ET]
Table 'Seginus II' 6-max Seat #2 is the button
Seat 1: Pippa83 ($100 in chips) is sitting out
Seat 2: XneferX ($114.64 in chips) 
Seat 3: IREQO ($103.50 in chips) 
Seat 5: m0nTTu ($10 in chips) 
Seat 6: BGS013 ($100 in chips) 
IREQO: posts small blind $0.50
m0nTTu: posts big blind $1
Pippa83: sits out 
*** HOLE CARDS ***
BGS013: folds 
XneferX: folds 
IREQO: folds 
Uncalled bet ($0.50) returned to m0nTTu
m0nTTu collected $1 from pot
m0nTTu: doesn't show hand 
BGS013 leaves the table
*** SUMMARY ***
Total pot $1 | Rake $0 
Seat 1: Pippa83
Seat 2: XneferX (button) folded before Flop (didn't bet)
Seat 3: IREQO (small blind) folded before Flop
Seat 5: m0nTTu (big blind) collected ($1)
Seat 6: BGS013 folded before Flop (didn't bet)



PokerStars Hand #254644167109:  Hold'em No Limit ($0.50/$1.00 USD) - 2025/01/31 22:39:39 WET [2025/01/31 17:39:39 ET]
Table 'Seginus II' 6-max Seat #3 is the button
Seat 1: Pippa83 ($100 in chips) 
Seat 2: XneferX ($114.64 in chips) 
Seat 3: IREQO ($103 in chips) 
Seat 5: m0nTTu ($10.50 in chips) 
m0nTTu: posts small blind $0.50
Pippa83: posts big blind $1
*** HOLE CARDS ***
XneferX: raises $1.30 to $2.30
IREQO: folds 
m0nTTu: folds 
Pippa83: calls $1.30
*** FLOP *** [Jh 2d 7c]
Pippa83: checks 
XneferX: bets $1.65
Pippa83: folds 
Uncalled bet ($1.65) returned to XneferX
XneferX collected $4.84 from pot
XneferX: doesn't show hand 
*** SUMMARY ***
Total pot $5.10 | Rake $0.26 
Board [Jh 2d 7c]
Seat 1: Pippa83 (big blind) folded on the Flop
Seat 2: XneferX collected ($4.84)
Seat 3: IREQO (button) folded before Flop (didn't bet)
Seat 5: m0nTTu (small blind) folded before Flop



PokerStars Hand #254644306949:  Hold'em No Limit ($0.50/$1.00 USD) - 2025/01/31 22:47:54 WET [2025/01/31 17:47:54 ET]
Table 'Seginus II' 6-max Seat #4 is the button
Seat 6: YeeesMan ($100 in chips) is sitting out
Seat 1: camilinho UC ($16 in chips) 
Seat 4: Manifestorr ($100 in chips) 
Manifestorr: posts small blind $0.50
camilinho UC: posts big blind $1
*** HOLE CARDS ***
z00mba joins the table at seat #2 
Manifestorr: raises $1 to $2
panamared88 joins the table at seat #5 
panamared88 is disconnected 
m0nTTu joins the table at seat #3 
camilinho UC: raises $14 to $16 and is all-in
Manifestorr: folds 
Uncalled bet ($14) returned to camilinho UC
camilinho UC collected $4 from pot
camilinho UC: doesn't show hand 
*** SUMMARY ***
Total pot $4 | Rake $0 
Seat 6: YeeesMan
Seat 1: camilinho UC (big blind) collected ($4)
Seat 4: Manifestorr (button) (small blind) folded before Flop



PokerStars Hand #254644314386:  Hold'em No Limit ($0.50/$1.00 USD) - 2025/01/31 22:48:20 WET [2025/01/31 17:48:20 ET]
Table 'Seginus II' 6-max Seat #1 is the button
Seat 2: z00mba ($100 in chips) is sitting out
Seat 3: m0nTTu ($10 in chips) is sitting out
Seat 6: YeeesMan ($100 in chips) is sitting out
Seat 1: camilinho UC ($18 in chips) 
Seat 4: Manifestorr ($100 in chips) 
Seat 5: panamared88 ($10 in chips) 
Manifestorr: posts small blind $0.50
panamared88: posts big blind $1
YeeesMan: sits out 
*** HOLE CARDS ***
camilinho UC: folds 
Manifestorr: folds 
Uncalled bet ($0.50) returned to panamared88
panamared88 collected $1 from pot
*** SUMMARY ***
Total pot $1 | Rake $0 
Seat 2: z00mba
Seat 3: m0nTTu
Seat 6: YeeesMan
Seat 1: camilinho UC (button) folded before Flop (didn't bet)
Seat 4: Manifestorr (small blind) folded before Flop
Seat 5: panamared88 (big blind) collected ($1)



PokerStars Hand #254644317110:  Hold'em No Limit ($0.50/$1.00 USD) - 2025/01/31 22:48:30 WET [2025/01/31 17:48:30 ET]
Table 'Seginus II' 6-max Seat #4 is the button
Seat 2: z00mba ($100 in chips) is sitting out
Seat 3: m0nTTu ($10 in chips) is sitting out
Seat 1: camilinho UC ($18 in chips) 
Seat 4: Manifestorr ($100 in chips) 
Seat 5: panamared88 ($10.50 in chips) 
Seat 6: YeeesMan ($100 in chips) 
panamared88: posts small blind $0.50
YeeesMan: posts big blind $1
z00mba: sits out 
m0nTTu: sits out 
*** HOLE CARDS ***
camilinho UC: folds 
Manifestorr: raises $1.20 to $2.20
panamared88: calls $1.70
YeeesMan: folds 
*** FLOP *** [6s Js Qd]
panamared88: checks 
Manifestorr: checks 
*** TURN *** [6s Js Qd] [8d]
panamared88: checks 
Manifestorr: checks 
*** RIVER *** [6s Js Qd 8d] [7s]
panamared88: bets $3
Manifestorr: calls $3
*** SHOW DOWN ***
panamared88: shows [2s 3s] (a flush, Jack high)
Manifestorr: mucks hand 
panamared88 collected $10.83 from pot
*** SUMMARY ***
Total pot $11.40 | Rake $0.57 
Board [6s Js Qd 8d 7s]
Seat 2: z00mba
Seat 3: m0nTTu
Seat 1: camilinho UC folded before Flop (didn't bet)
Seat 4: Manifestorr (button) mucked
Seat 5: panamared88 (small blind) showed [2s 3s] and won ($10.83) with a flush, Jack high
Seat 6: YeeesMan (big blind) folded before Flop



PokerStars Hand #254644329805:  Hold'em No Limit ($0.50/$1.00 USD) - 2025/01/31 22:49:14 WET [2025/01/31 17:49:14 ET]
Table 'Seginus II' 6-max Seat #5 is the button
Seat 2: z00mba ($100 in chips) is sitting out
Seat 3: m0nTTu ($10 in chips) is sitting out
Seat 1: camilinho UC ($18 in chips) 
Seat 4: Manifestorr ($100 in chips) 
Seat 5: panamared88 ($16.13 in chips) 
Seat 6: YeeesMan ($100 in chips) 
YeeesMan: posts small blind $0.50
camilinho UC: posts big blind $1
z00mba: sits out 
m0nTTu: sits out 
*** HOLE CARDS ***
Manifestorr: folds 
panamared88: folds 
panamared88 leaves the table
YeeesMan: raises $1 to $2
camilinho UC: calls $1
*** FLOP *** [6d 3h 8d]
YeeesMan: checks 
camilinho UC: bets $3.12
YeeesMan: raises $16.24 to $19.36
camilinho UC: calls $12.88 and is all-in
Uncalled bet ($3.36) returned to YeeesMan
*** TURN *** [6d 3h 8d] [2d]
*** RIVER *** [6d 3h 8d 2d] [7h]
*** SHOW DOWN ***
YeeesMan: shows [Ac 6s] (a pair of Sixes)
camilinho UC: shows [2s 8s] (two pair, Eights and Deuces)
camilinho UC collected $35 from pot
*** SUMMARY ***
Total pot $36 | Rake $1 
Board [6d 3h 8d 2d 7h]
Seat 2: z00mba
Seat 3: m0nTTu
Seat 1: camilinho UC (big blind) showed [2s 8s] and won ($35) with two pair, Eights and Deuces
Seat 4: Manifestorr folded before Flop (didn't bet)
Seat 5: panamared88 (button) folded before Flop (didn't bet)
Seat 6: YeeesMan (small blind) showed [Ac 6s] and lost with a pair of Sixes



PokerStars Hand #254644341638:  Hold'em No Limit ($0.50/$1.00 USD) - 2025/01/31 22:49:56 WET [2025/01/31 17:49:56 ET]
Table 'Seginus II' 6-max Seat #6 is the button
Seat 3: m0nTTu ($10 in chips) is sitting out
Seat 1: camilinho UC ($35 in chips) 
Seat 2: z00mba ($100 in chips) 
Seat 4: Manifestorr ($100 in chips) 
Seat 6: YeeesMan ($100 in chips) 
camilinho UC: posts small blind $0.50
z00mba: posts big blind $1
m0nTTu: sits out 
*** HOLE CARDS ***
Manifestorr: folds 
YeeesMan: folds 
camilinho UC: folds 
Uncalled bet ($0.50) returned to z00mba
z00mba collected $1 from pot
z00mba: doesn't show hand 
*** SUMMARY ***
Total pot $1 | Rake $0 
Seat 3: m0nTTu
Seat 1: camilinho UC (small blind) folded before Flop
Seat 2: z00mba (big blind) collected ($1)
Seat 4: Manifestorr folded before Flop (didn't bet)
Seat 6: YeeesMan (button) folded before Flop (didn't bet)



PokerStars Hand #254644345353:  Hold'em No Limit ($0.50/$1.00 USD) - 2025/01/31 22:50:09 WET [2025/01/31 17:50:09 ET]
Table 'Seginus II' 6-max Seat #1 is the button
Seat 1: camilinho UC ($34.50 in chips) 
Seat 2: z00mba ($100.50 in chips) 
Seat 3: m0nTTu ($10 in chips) 
Seat 4: Manifestorr ($100 in chips) 
Seat 6: YeeesMan ($100 in chips) 
z00mba: posts small blind $0.50
m0nTTu: posts big blind $1
*** HOLE CARDS ***
Manifestorr: folds 
YeeesMan: folds 
camilinho UC: raises $1.50 to $2.50
z00mba: folds 
m0nTTu: folds 
Uncalled bet ($1.50) returned to camilinho UC
camilinho UC collected $2.50 from pot
camilinho UC: doesn't show hand 
*** SUMMARY ***
Total pot $2.50 | Rake $0 
Seat 1: camilinho UC (button) collected ($2.50)
Seat 2: z00mba (small blind) folded before Flop
Seat 3: m0nTTu (big blind) folded before Flop
Seat 4: Manifestorr folded before Flop (didn't bet)
Seat 6: YeeesMan folded before Flop (didn't bet)



PokerStars Hand #254644351067:  Hold'em No Limit ($0.50/$1.00 USD) - 2025/01/31 22:50:29 WET [2025/01/31 17:50:29 ET]
Table 'Seginus II' 6-max Seat #2 is the button
Seat 4: Manifestorr ($100 in chips) is sitting out
Seat 6: YeeesMan ($100 in chips) is sitting out
Seat 1: camilinho UC ($36 in chips) 
Seat 2: z00mba ($100 in chips) 
Seat 3: m0nTTu ($10 in chips) 
m0nTTu: posts small blind $0.50
Manifestorr: is sitting out 
YeeesMan: is sitting out 
camilinho UC: posts big blind $1
*** HOLE CARDS ***
z00mba: folds 
sanzigdid joins the table at seat #5 
sanzigdid is disconnected 
m0nTTu: folds 
Uncalled bet ($0.50) returned to camilinho UC
YeeesMan leaves the table
Manifestorr leaves the table
camilinho UC collected $1 from pot
camilinho UC: doesn't show hand 
*** SUMMARY ***
Total pot $1 | Rake $0 
Seat 4: Manifestorr
Seat 6: YeeesMan
Seat 1: camilinho UC (big blind) collected ($1)
Seat 2: z00mba (button) folded before Flop (didn't bet)
Seat 3: m0nTTu (small blind) folded before Flop



PokerStars Hand #254644358271:  Hold'em No Limit ($0.50/$1.00 USD) - 2025/01/31 22:50:55 WET [2025/01/31 17:50:55 ET]
Table 'Seginus II' 6-max Seat #5 is the button
Seat 3: m0nTTu ($10 in chips) is sitting out
Seat 1: camilinho UC ($36.50 in chips) 
Seat 2: z00mba ($100 in chips) 
Seat 5: sanzigdid ($100 in chips) 
camilinho UC: posts small blind $0.50
z00mba: posts big blind $1
*** HOLE CARDS ***
sanzigdid: calls $1
m0nTTu leaves the table
camilinho UC: folds 
z00mba: checks 
*** FLOP *** [Qh 5s Qd]
avstero joins the table at seat #3 
z00mba: checks 
sanzigdid: checks 
*** TURN *** [Qh 5s Qd] [9h]
BGS013 joins the table at seat #6 
z00mba: checks 
sanzigdid: bets $2
z00mba: folds 
Uncalled bet ($2) returned to sanzigdid
sanzigdid collected $2.38 from pot
sanzigdid: doesn't show hand 
*** SUMMARY ***
Total pot $2.50 | Rake $0.12 
Board [Qh 5s Qd 9h]
Seat 3: m0nTTu
Seat 1: camilinho UC (small blind) folded before Flop
Seat 2: z00mba (big blind) folded on the Turn
Seat 5: sanzigdid (button) collected ($2.38)



PokerStars Hand #254644371323:  Hold'em No Limit ($0.50/$1.00 USD) - 2025/01/31 22:51:41 WET [2025/01/31 17:51:41 ET]
Table 'Seginus II' 6-max Seat #1 is the button
Seat 6: BGS013 ($100 in chips) is sitting out
Seat 1: camilinho UC ($36 in chips) 
Seat 2: z00mba ($100 in chips) 
Seat 3: avstero ($100 in chips) 
Seat 5: sanzigdid ($101.38 in chips) 
z00mba: posts small blind $0.50
avstero: posts big blind $1
BGS013: sits out 
*** HOLE CARDS ***
sanzigdid: calls $1
camilinho UC: folds 
z00mba: calls $0.50
avstero: checks 
*** FLOP *** [Jh 2h Qc]
z00mba: checks 
avstero: checks 
sanzigdid: checks 
*** TURN *** [Jh 2h Qc] [3d]
z00mba: checks 
yassine2525 joins the table at seat #4 
yassine2525 is disconnected 
avstero: checks 
sanzigdid: checks 
*** RIVER *** [Jh 2h Qc 3d] [8d]
z00mba: checks 
avstero: checks 
sanzigdid: checks 
*** SHOW DOWN ***
z00mba: shows [5s 7s] (high card Queen)
avstero: shows [3s Ac] (a pair of Threes)
sanzigdid: mucks hand 
avstero collected $2.85 from pot
*** SUMMARY ***
Total pot $3 | Rake $0.15 
Board [Jh 2h Qc 3d 8d]
Seat 6: BGS013
Seat 1: camilinho UC (button) folded before Flop (didn't bet)
Seat 2: z00mba (small blind) showed [5s 7s] and lost with high card Queen
Seat 3: avstero (big blind) showed [3s Ac] and won ($2.85) with a pair of Threes
Seat 5: sanzigdid mucked



PokerStars Hand #254644390169:  Hold'em No Limit ($0.50/$1.00 USD) - 2025/01/31 22:52:48 WET [2025/01/31 17:52:48 ET]
Table 'Seginus II' 6-max Seat #2 is the button
Seat 6: BGS013 ($100 in chips) is sitting out
Seat 1: camilinho UC ($36 in chips) 
Seat 2: z00mba ($100 in chips) 
Seat 3: avstero ($101.85 in chips) 
Seat 4: yassine2525 ($10 in chips) 
Seat 5: sanzigdid ($100.38 in chips) 
avstero: posts small blind $0.50
yassine2525: posts big blind $1
BGS013: sits out 
*** HOLE CARDS ***
sanzigdid: folds 
camilinho UC: folds 
z00mba: raises $1.50 to $2.50
avstero: folds 
yassine2525: calls $1.50
*** FLOP *** [Ad 5h 7h]
yassine2525: checks 
z00mba: bets $1.50
yassine2525: raises $6 to $7.50 and is all-in
z00mba: folds 
Uncalled bet ($6) returned to yassine2525
yassine2525 collected $8.08 from pot
*** SUMMARY ***
Total pot $8.50 | Rake $0.42 
Board [Ad 5h 7h]
Seat 6: BGS013
Seat 1: camilinho UC folded before Flop (didn't bet)
Seat 2: z00mba (button) folded on the Flop
Seat 3: avstero (small blind) folded before Flop
Seat 4: yassine2525 (big blind) collected ($8.08)
Seat 5: sanzigdid folded before Flop (didn't bet)



PokerStars Hand #254644398975:  Hold'em No Limit ($0.50/$1.00 USD) - 2025/01/31 22:53:19 WET [2025/01/31 17:53:19 ET]
Table 'Seginus II' 6-max Seat #3 is the button
Seat 6: BGS013 ($100 in chips) is sitting out
Seat 1: camilinho UC ($36 in chips) 
Seat 2: z00mba ($100 in chips) 
Seat 3: avstero ($101.35 in chips) 
Seat 4: yassine2525 ($14.08 in chips) 
Seat 5: sanzigdid ($100.38 in chips) 
yassine2525: posts small blind $0.50
sanzigdid: posts big blind $1
BGS013: sits out 
*** HOLE CARDS ***
camilinho UC: folds 
z00mba: folds 
avstero: raises $1.20 to $2.20
yassine2525: calls $1.70
sanzigdid: folds 
*** FLOP *** [Js Kd 6h]
yassine2525: checks 
avstero: bets $1.54
yassine2525: raises $2.54 to $4.08
avstero: calls $2.54
*** TURN *** [Js Kd 6h] [7c]
yassine2525: bets $7.80 and is all-in
avstero: calls $7.80
*** RIVER *** [Js Kd 6h 7c] [Ac]
*** SHOW DOWN ***
yassine2525: shows [5s 6d] (a pair of Sixes)
avstero: shows [7s Ks] (two pair, Kings and Sevens)
avstero collected $27.70 from pot
*** SUMMARY ***
Total pot $29.16 | Rake $1.46 
Board [Js Kd 6h 7c Ac]
Seat 6: BGS013
Seat 1: camilinho UC folded before Flop (didn't bet)
Seat 2: z00mba folded before Flop (didn't bet)
Seat 3: avstero (button) showed [7s Ks] and won ($27.70) with two pair, Kings and Sevens
Seat 4: yassine2525 (small blind) showed [5s 6d] and lost with a pair of Sixes
Seat 5: sanzigdid (big blind) folded before Flop



PokerStars Hand #254644417696:  Hold'em No Limit ($0.50/$1.00 USD) - 2025/01/31 22:54:26 WET [2025/01/31 17:54:26 ET]
Table 'Seginus II' 6-max Seat #5 is the button
Seat 4: yassine2525 ($0 in chips) is sitting out
Seat 6: BGS013 ($100 in chips) is sitting out
Seat 1: camilinho UC ($36 in chips) 
Seat 2: z00mba ($100 in chips) 
Seat 3: avstero ($114.97 in chips) 
Seat 5: sanzigdid ($99.38 in chips) 
camilinho UC: posts small blind $0.50
z00mba: posts big blind $1
*** HOLE CARDS ***
avstero: folds 
sanzigdid: calls $1
camilinho UC: folds 
z00mba: checks 
*** FLOP *** [6c 8d 3d]
z00mba: checks 
sanzigdid: checks 
*** TURN *** [6c 8d 3d] [9h]
z00mba: checks 
sanzigdid: bets $1
z00mba: folds 
Uncalled bet ($1) returned to sanzigdid
sanzigdid collected $2.38 from pot
*** SUMMARY ***
Total pot $2.50 | Rake $0.12 
Board [6c 8d 3d 9h]
Seat 4: yassine2525
Seat 6: BGS013
Seat 1: camilinho UC (small blind) folded before Flop
Seat 2: z00mba (big blind) folded on the Turn
Seat 3: avstero folded before Flop (didn't bet)
Seat 5: sanzigdid (button) collected ($2.38)



PokerStars Hand #254644423639:  Hold'em No Limit ($0.50/$1.00 USD) - 2025/01/31 22:54:47 WET [2025/01/31 17:54:47 ET]
Table 'Seginus II' 6-max Seat #1 is the button
Seat 6: BGS013 ($100 in chips) is sitting out
Seat 1: camilinho UC ($35.50 in chips) 
Seat 2: z00mba ($100 in chips) 
Seat 3: avstero ($114.97 in chips) 
Seat 4: yassine2525 ($28.05 in chips) 
Seat 5: sanzigdid ($100.76 in chips) 
z00mba: posts small blind $0.50
avstero: posts big blind $1
BGS013: sits out 
*** HOLE CARDS ***
yassine2525: folds 
sanzigdid: calls $1
camilinho UC: calls $1
z00mba: calls $0.50
avstero: raises $5 to $6
sanzigdid: folds 
camilinho UC: calls $5
z00mba: folds 
*** FLOP *** [6c Qd 3c]
avstero: bets $7.20
camilinho UC: calls $7.20
*** TURN *** [6c Qd 3c] [Qc]
avstero: bets $25.08
camilinho UC: calls $22.30 and is all-in
Uncalled bet ($2.78) returned to avstero
*** RIVER *** [6c Qd 3c Qc] [Kc]
*** SHOW DOWN ***
avstero: shows [Qs Kd] (a full house, Queens full of Kings)
camilinho UC: shows [4c 9c] (a flush, King high)
avstero collected $70.50 from pot
*** SUMMARY ***
Total pot $73 | Rake $2.50 
Board [6c Qd 3c Qc Kc]
Seat 6: BGS013
Seat 1: camilinho UC (button) showed [4c 9c] and lost with a flush, King high
Seat 2: z00mba (small blind) folded before Flop
Seat 3: avstero (big blind) showed [Qs Kd] and won ($70.50) with a full house, Queens full of Kings
Seat 4: yassine2525 folded before Flop (didn't bet)
Seat 5: sanzigdid folded before Flop



PokerStars Hand #254644440538:  Hold'em No Limit ($0.50/$1.00 USD) - 2025/01/31 22:56:00 WET [2025/01/31 17:56:00 ET]
Table 'Seginus II' 6-max Seat #2 is the button
Seat 1: camilinho UC ($0 in chips) is sitting out
Seat 6: BGS013 ($100 in chips) is sitting out
Seat 2: z00mba ($100 in chips) 
Seat 3: avstero ($149.97 in chips) 
Seat 4: yassine2525 ($28.05 in chips) 
Seat 5: sanzigdid ($99.76 in chips) 
avstero: posts small blind $0.50
yassine2525: posts big blind $1
BGS013: sits out 
*** HOLE CARDS ***
sanzigdid: folds 
z00mba: folds 
avstero: folds 
Uncalled bet ($0.50) returned to yassine2525
yassine2525 collected $1 from pot
*** SUMMARY ***
Total pot $1 | Rake $0 
Seat 1: camilinho UC
Seat 6: BGS013
Seat 2: z00mba (button) folded before Flop (didn't bet)
Seat 3: avstero (small blind) folded before Flop
Seat 4: yassine2525 (big blind) collected ($1)
Seat 5: sanzigdid folded before Flop (didn't bet)



PokerStars Hand #254644443658:  Hold'em No Limit ($0.50/$1.00 USD) - 2025/01/31 22:56:16 WET [2025/01/31 17:56:16 ET]
Table 'Seginus II' 6-max Seat #3 is the button
Seat 1: camilinho UC ($0 in chips) is sitting out
Seat 6: BGS013 ($100 in chips) is sitting out
Seat 2: z00mba ($100 in chips) 
Seat 3: avstero ($149.47 in chips) 
Seat 4: yassine2525 ($28.55 in chips) 
Seat 5: sanzigdid ($99.76 in chips) 
yassine2525: posts small blind $0.50
sanzigdid: posts big blind $1
BGS013: sits out 
*** HOLE CARDS ***
z00mba: folds 
avstero: raises $1.20 to $2.20
yassine2525: folds 
sanzigdid: folds 
Uncalled bet ($1.20) returned to avstero
avstero collected $2.50 from pot
avstero: doesn't show hand 
*** SUMMARY ***
Total pot $2.50 | Rake $0 
Seat 1: camilinho UC
Seat 6: BGS013
Seat 2: z00mba folded before Flop (didn't bet)
Seat 3: avstero (button) collected ($2.50)
Seat 4: yassine2525 (small blind) folded before Flop
Seat 5: sanzigdid (big blind) folded before Flop



PokerStars Hand #254644446748:  Hold'em No Limit ($0.50/$1.00 USD) - 2025/01/31 22:56:31 WET [2025/01/31 17:56:31 ET]
Table 'Seginus II' 6-max Seat #4 is the button
Seat 1: camilinho UC ($0 in chips) is sitting out
Seat 2: z00mba ($100 in chips) 
Seat 3: avstero ($150.97 in chips) 
Seat 4: yassine2525 ($28.05 in chips) 
Seat 5: sanzigdid ($98.76 in chips) 
Seat 6: BGS013 ($100 in chips) 
sanzigdid: posts small blind $0.50
BGS013: posts big blind $1
*** HOLE CARDS ***
z00mba: folds 
avstero: raises $1.20 to $2.20
yassine2525: calls $2.20
sanzigdid: folds 
BGS013: folds 
*** FLOP *** [6c 7c 3d]
camilinho UC leaves the table
avstero: checks 
yassine2525: bets $3.80
XneferX joins the table at seat #1 
avstero: calls $3.80
*** TURN *** [6c 7c 3d] [Tc]
avstero: checks 
yassine2525: checks 
*** RIVER *** [6c 7c 3d Tc] [8s]
avstero: bets $3.89
yassine2525: calls $3.89
*** SHOW DOWN ***
avstero: shows [Td 8d] (two pair, Tens and Eights)
yassine2525: mucks hand 
avstero collected $20.22 from pot
*** SUMMARY ***
Total pot $21.28 | Rake $1.06 
Board [6c 7c 3d Tc 8s]
Seat 1: camilinho UC
Seat 2: z00mba folded before Flop (didn't bet)
Seat 3: avstero showed [Td 8d] and won ($20.22) with two pair, Tens and Eights
Seat 4: yassine2525 (button) mucked
Seat 5: sanzigdid (small blind) folded before Flop
Seat 6: BGS013 (big blind) folded before Flop



PokerStars Hand #254644464763:  Hold'em No Limit ($0.50/$1.00 USD) - 2025/01/31 22:57:59 WET [2025/01/31 17:57:59 ET]
Table 'Seginus II' 6-max Seat #5 is the button
Seat 1: XneferX ($117.18 in chips) 
Seat 2: z00mba ($100 in chips) 
Seat 3: avstero ($161.30 in chips) 
Seat 4: yassine2525 ($18.16 in chips) 
Seat 5: sanzigdid ($98.26 in chips) 
Seat 6: BGS013 ($100 in chips) 
BGS013: posts small blind $0.50
XneferX: posts big blind $1
*** HOLE CARDS ***
z00mba: folds 
avstero: folds 
yassine2525: raises $2 to $3
sanzigdid: folds 
BGS013: raises $9 to $12
XneferX: folds 
yassine2525: calls $9
*** FLOP *** [3d 8s Ah]
BGS013: bets $18.53
yassine2525: calls $6.16 and is all-in
Uncalled bet ($12.37) returned to BGS013
*** TURN *** [3d 8s Ah] [8c]
*** RIVER *** [3d 8s Ah 8c] [Qc]
*** SHOW DOWN ***
BGS013: shows [Kh Jh] (a pair of Eights)
yassine2525: shows [8h 2h] (three of a kind, Eights)
yassine2525 cashed out the hand for $25.54 | Cash Out Fee $0.52
*** SUMMARY ***
Total pot $37.32 | Rake $1.87 
Board [3d 8s Ah 8c Qc]
Seat 1: XneferX (big blind) folded before Flop
Seat 2: z00mba folded before Flop (didn't bet)
Seat 3: avstero folded before Flop (didn't bet)
Seat 4: yassine2525 showed [8h 2h] and won ($35.45) with three of a kind, Eights (pot not awarded as player cashed out)
Seat 5: sanzigdid (button) folded before Flop (didn't bet)
Seat 6: BGS013 (small blind) showed [Kh Jh] and lost with a pair of Eights



PokerStars Hand #254644475133:  Hold'em No Limit ($0.50/$1.00 USD) - 2025/01/31 22:58:50 WET [2025/01/31 17:58:50 ET]
Table 'Seginus II' 6-max Seat #6 is the button
Seat 1: XneferX ($116.18 in chips) 
Seat 2: z00mba ($100 in chips) 
Seat 3: avstero ($161.30 in chips) 
Seat 4: yassine2525 ($25.54 in chips) 
Seat 5: sanzigdid ($98.26 in chips) 
Seat 6: BGS013 ($100 in chips) 
XneferX: posts small blind $0.50
z00mba: posts big blind $1
*** HOLE CARDS ***
avstero: folds 
yassine2525: folds 
yassine2525 leaves the table
sanzigdid: calls $1
BGS013: folds 
XneferX: folds 
z00mba: checks 
*** FLOP *** [Td 8d Ad]
z00mba: checks 
sanzigdid: bets $1
z00mba: folds 
Uncalled bet ($1) returned to sanzigdid
sanzigdid collected $2.38 from pot
*** SUMMARY ***
Total pot $2.50 | Rake $0.12 
Board [Td 8d Ad]
Seat 1: XneferX (small blind) folded before Flop
Seat 2: z00mba (big blind) folded on the Flop
Seat 3: avstero folded before Flop (didn't bet)
Seat 4: yassine2525 folded before Flop (didn't bet)
Seat 5: sanzigdid collected ($2.38)
Seat 6: BGS013 (button) folded before Flop (didn't bet)



PokerStars Hand #254644484379:  Hold'em No Limit ($0.50/$1.00 USD) - 2025/01/31 22:59:35 WET [2025/01/31 17:59:35 ET]
Table 'Seginus II' 6-max Seat #1 is the button
Seat 3: avstero ($161.30 in chips) is sitting out
Seat 1: XneferX ($115.68 in chips) 
Seat 2: z00mba ($100 in chips) 
Seat 5: sanzigdid ($99.64 in chips) 
Seat 6: BGS013 ($100 in chips) 
z00mba: posts small blind $0.50
avstero: is sitting out 
sanzigdid: posts big blind $1
*** HOLE CARDS ***
BGS013: folds 
avstero leaves the table
XneferX: raises $1.77 to $2.77
z00mba: folds 
sanzigdid: folds 
Uncalled bet ($1.77) returned to XneferX
XneferX collected $2.50 from pot
XneferX: doesn't show hand 
*** SUMMARY ***
Total pot $2.50 | Rake $0 
Seat 3: avstero
Seat 1: XneferX (button) collected ($2.50)
Seat 2: z00mba (small blind) folded before Flop
Seat 5: sanzigdid (big blind) folded before Flop
Seat 6: BGS013 folded before Flop (didn't bet)



PokerStars Hand #254644487995:  Hold'em No Limit ($0.50/$1.00 USD) - 2025/01/31 22:59:52 WET [2025/01/31 17:59:52 ET]
Table 'Seginus II' 6-max Seat #2 is the button
Seat 1: XneferX ($117.18 in chips) 
Seat 2: z00mba ($100 in chips) 
Seat 5: sanzigdid ($98.64 in chips) 
Seat 6: BGS013 ($100 in chips) 
sanzigdid: posts small blind $0.50
BGS013: posts big blind $1
*** HOLE CARDS ***
XneferX: folds 
z00mba: raises $1.50 to $2.50
sanzigdid: folds 
BGS013: folds 
Uncalled bet ($1.50) returned to z00mba
z00mba collected $2.50 from pot
z00mba: doesn't show hand 
*** SUMMARY ***
Total pot $2.50 | Rake $0 
Seat 1: XneferX folded before Flop (didn't bet)
Seat 2: z00mba (button) collected ($2.50)
Seat 5: sanzigdid (small blind) folded before Flop
Seat 6: BGS013 (big blind) folded before Flop



PokerStars Hand #254644490799:  Hold'em No Limit ($0.50/$1.00 USD) - 2025/01/31 23:00:06 WET [2025/01/31 18:00:06 ET]
Table 'Seginus II' 6-max Seat #5 is the button
Seat 1: XneferX ($117.18 in chips) is sitting out
Seat 2: z00mba ($101.50 in chips) 
Seat 5: sanzigdid ($98.14 in chips) 
Seat 6: BGS013 ($100 in chips) 
BGS013: posts small blind $0.50
z00mba: posts big blind $1
*** HOLE CARDS ***
XneferX leaves the table
sanzigdid: calls $1
BGS013: folds 
z00mba: checks 
*** FLOP *** [Ad Qs 6c]
z00mba: checks 
sanzigdid: checks 
*** TURN *** [Ad Qs 6c] [Td]
z00mba: checks 
sanzigdid: bets $1
z00mba: folds 
Uncalled bet ($1) returned to sanzigdid
sanzigdid collected $2.38 from pot
*** SUMMARY ***
Total pot $2.50 | Rake $0.12 
Board [Ad Qs 6c Td]
Seat 1: XneferX
Seat 2: z00mba (big blind) folded on the Turn
Seat 5: sanzigdid (button) collected ($2.38)
Seat 6: BGS013 (small blind) folded before Flop



PokerStars Hand #254644498529:  Hold'em No Limit ($0.50/$1.00 USD) - 2025/01/31 23:00:42 WET [2025/01/31 18:00:42 ET]
Table 'Seginus II' 6-max Seat #6 is the button
Seat 2: z00mba ($100.50 in chips) 
Seat 5: sanzigdid ($99.52 in chips) 
Seat 6: BGS013 ($100 in chips) 
z00mba: posts small blind $0.50
sanzigdid: posts big blind $1
*** HOLE CARDS ***
BGS013: raises $1.50 to $2.50
z00mba: folds 
sanzigdid: calls $1.50
*** FLOP *** [Qc Ks 8d]
sanzigdid: checks 
BGS013: bets $1.36
sanzigdid: raises $3.36 to $4.72
BGS013: calls $3.36
*** TURN *** [Qc Ks 8d] [Th]
sanzigdid: bets $6
BGS013: folds 
Uncalled bet ($6) returned to sanzigdid
sanzigdid collected $14.19 from pot
sanzigdid: doesn't show hand 
*** SUMMARY ***
Total pot $14.94 | Rake $0.75 
Board [Qc Ks 8d Th]
Seat 2: z00mba (small blind) folded before Flop
Seat 5: sanzigdid (big blind) collected ($14.19)
Seat 6: BGS013 (button) folded on the Turn



PokerStars Hand #254644509534:  Hold'em No Limit ($0.50/$1.00 USD) - 2025/01/31 23:01:28 WET [2025/01/31 18:01:28 ET]
Table 'Seginus II' 6-max Seat #2 is the button
Seat 2: z00mba ($100 in chips) 
Seat 5: sanzigdid ($106.49 in chips) 
Seat 6: BGS013 ($100 in chips) 
sanzigdid: posts small blind $0.50
BGS013: posts big blind $1
*** HOLE CARDS ***
z00mba: folds 
sanzigdid: calls $0.50
BGS013: checks 
*** FLOP *** [7d Tc Jd]
sanzigdid: checks 
henri789 joins the table at seat #1 
BGS013: bets $1.05
sanzigdid: calls $1.05
*** TURN *** [7d Tc Jd] [6h]
sanzigdid: checks 
BGS013: bets $3.04
sanzigdid: calls $3.04
*** RIVER *** [7d Tc Jd 6h] [As]
sanzigdid: bets $5
BGS013: folds 
Uncalled bet ($5) returned to sanzigdid
sanzigdid collected $9.67 from pot
sanzigdid: doesn't show hand 
*** SUMMARY ***
Total pot $10.18 | Rake $0.51 
Board [7d Tc Jd 6h As]
Seat 2: z00mba (button) folded before Flop (didn't bet)
Seat 5: sanzigdid (small blind) collected ($9.67)
Seat 6: BGS013 (big blind) folded on the River



PokerStars Hand #254644518353:  Hold'em No Limit ($0.50/$1.00 USD) - 2025/01/31 23:02:01 WET [2025/01/31 18:02:01 ET]
Table 'Seginus II' 6-max Seat #5 is the button
Seat 1: henri789 ($100 in chips) 
Seat 2: z00mba ($100 in chips) 
Seat 5: sanzigdid ($111.07 in chips) 
Seat 6: BGS013 ($100 in chips) 
BGS013: posts small blind $0.50
henri789: posts big blind $1
*** HOLE CARDS ***
z00mba: folds 
sanzigdid: folds 
BGS013: raises $2 to $3
henri789: raises $6 to $9
BGS013: folds 
Uncalled bet ($6) returned to henri789
henri789 collected $6 from pot
henri789: doesn't show hand 
*** SUMMARY ***
Total pot $6 | Rake $0 
Seat 1: henri789 (big blind) collected ($6)
Seat 2: z00mba folded before Flop (didn't bet)
Seat 5: sanzigdid (button) folded before Flop (didn't bet)
Seat 6: BGS013 (small blind) folded before Flop



PokerStars Hand #254644523963:  Hold'em No Limit ($0.50/$1.00 USD) - 2025/01/31 23:02:22 WET [2025/01/31 18:02:22 ET]
Table 'Seginus II' 6-max Seat #6 is the button
Seat 1: henri789 ($103 in chips) 
Seat 2: z00mba ($100 in chips) 
Seat 5: sanzigdid ($111.07 in chips) 
Seat 6: BGS013 ($100 in chips) 
henri789: posts small blind $0.50
z00mba: posts big blind $1
*** HOLE CARDS ***
sanzigdid: folds 
BGS013: folds 
henri789: folds 
Uncalled bet ($0.50) returned to z00mba
z00mba collected $1 from pot
z00mba: doesn't show hand 
*** SUMMARY ***
Total pot $1 | Rake $0 
Seat 1: henri789 (small blind) folded before Flop
Seat 2: z00mba (big blind) collected ($1)
Seat 5: sanzigdid folded before Flop (didn't bet)
Seat 6: BGS013 (button) folded before Flop (didn't bet)



PokerStars Hand #254644528992:  Hold'em No Limit ($0.50/$1.00 USD) - 2025/01/31 23:02:41 WET [2025/01/31 18:02:41 ET]
Table 'Seginus II' 6-max Seat #1 is the button
Seat 1: henri789 ($102.50 in chips) 
Seat 2: z00mba ($100.50 in chips) 
Seat 5: sanzigdid ($111.07 in chips) 
Seat 6: BGS013 ($100 in chips) 
z00mba: posts small blind $0.50
sanzigdid: posts big blind $1
*** HOLE CARDS ***
BGS013: raises $1.50 to $2.50
henri789: folds 
z00mba: folds 
sanzigdid: folds 
Uncalled bet ($1.50) returned to BGS013
BGS013 collected $2.50 from pot
BGS013: doesn't show hand 
*** SUMMARY ***
Total pot $2.50 | Rake $0 
Seat 1: henri789 (button) folded before Flop (didn't bet)
Seat 2: z00mba (small blind) folded before Flop
Seat 5: sanzigdid (big blind) folded before Flop
Seat 6: BGS013 collected ($2.50)



PokerStars Hand #254644532434:  Hold'em No Limit ($0.50/$1.00 USD) - 2025/01/31 23:02:54 WET [2025/01/31 18:02:54 ET]
Table 'Seginus II' 6-max Seat #2 is the button
Seat 1: henri789 ($102.50 in chips) 
Seat 2: z00mba ($100 in chips) 
Seat 5: sanzigdid ($110.07 in chips) 
Seat 6: BGS013 ($101.50 in chips) 
sanzigdid: posts small blind $0.50
BGS013: posts big blind $1
*** HOLE CARDS ***
henri789: folds 
z00mba: folds 
sanzigdid: folds 
Uncalled bet ($0.50) returned to BGS013
BGS013 collected $1 from pot
BGS013: doesn't show hand 
*** SUMMARY ***
Total pot $1 | Rake $0 
Seat 1: henri789 folded before Flop (didn't bet)
Seat 2: z00mba (button) folded before Flop (didn't bet)
Seat 5: sanzigdid (small blind) folded before Flop
Seat 6: BGS013 (big blind) collected ($1)



PokerStars Hand #254644535272:  Hold'em No Limit ($0.50/$1.00 USD) - 2025/01/31 23:03:04 WET [2025/01/31 18:03:04 ET]
Table 'Seginus II' 6-max Seat #5 is the button
Seat 1: henri789 ($102.50 in chips) 
Seat 2: z00mba ($100 in chips) 
Seat 5: sanzigdid ($109.57 in chips) 
Seat 6: BGS013 ($102 in chips) 
BGS013: posts small blind $0.50
henri789: posts big blind $1
*** HOLE CARDS ***
z00mba: folds 
sanzigdid: folds 
BGS013: folds 
Uncalled bet ($0.50) returned to henri789
henri789 collected $1 from pot
henri789: doesn't show hand 
*** SUMMARY ***
Total pot $1 | Rake $0 
Seat 1: henri789 (big blind) collected ($1)
Seat 2: z00mba folded before Flop (didn't bet)
Seat 5: sanzigdid (button) folded before Flop (didn't bet)
Seat 6: BGS013 (small blind) folded before Flop



PokerStars Hand #254644538666:  Hold'em No Limit ($0.50/$1.00 USD) - 2025/01/31 23:03:17 WET [2025/01/31 18:03:17 ET]
Table 'Seginus II' 6-max Seat #6 is the button
Seat 1: henri789 ($103 in chips) 
Seat 2: z00mba ($100 in chips) 
Seat 5: sanzigdid ($109.57 in chips) 
Seat 6: BGS013 ($101.50 in chips) 
henri789: posts small blind $0.50
z00mba: posts big blind $1
*** HOLE CARDS ***
sanzigdid: folds 
BGS013: folds 
henri789: raises $2 to $3
z00mba: folds 
Uncalled bet ($2) returned to henri789
henri789 collected $2 from pot
henri789: doesn't show hand 
*** SUMMARY ***
Total pot $2 | Rake $0 
Seat 1: henri789 (small blind) collected ($2)
Seat 2: z00mba (big blind) folded before Flop
Seat 5: sanzigdid folded before Flop (didn't bet)
Seat 6: BGS013 (button) folded before Flop (didn't bet)



PokerStars Hand #254644544193:  Hold'em No Limit ($0.50/$1.00 USD) - 2025/01/31 23:03:37 WET [2025/01/31 18:03:37 ET]
Table 'Seginus II' 6-max Seat #1 is the button
Seat 1: henri789 ($104 in chips) 
Seat 2: z00mba ($100 in chips) 
Seat 5: sanzigdid ($109.57 in chips) 
Seat 6: BGS013 ($101.50 in chips) 
z00mba: posts small blind $0.50
sanzigdid: posts big blind $1
*** HOLE CARDS ***
BGS013: folds 
henri789: folds 
Rikardas777 joins the table at seat #3 
Rikardas777 is disconnected 
z00mba: raises $2 to $3
andutu34 joins the table at seat #4 
sanzigdid: calls $2
*** FLOP *** [Js 9s 9d]
z00mba: checks 
sanzigdid: checks 
*** TURN *** [Js 9s 9d] [8c]
z00mba: checks 
sanzigdid: bets $2
z00mba: folds 
Uncalled bet ($2) returned to sanzigdid
sanzigdid collected $5.70 from pot
sanzigdid: doesn't show hand 
*** SUMMARY ***
Total pot $6 | Rake $0.30 
Board [Js 9s 9d 8c]
Seat 1: henri789 (button) folded before Flop (didn't bet)
Seat 2: z00mba (small blind) folded on the Turn
Seat 5: sanzigdid (big blind) collected ($5.70)
Seat 6: BGS013 folded before Flop (didn't bet)



PokerStars Hand #254644553085:  Hold'em No Limit ($0.50/$1.00 USD) - 2025/01/31 23:04:10 WET [2025/01/31 18:04:10 ET]
Table 'Seginus II' 6-max Seat #2 is the button
Seat 3: Rikardas777 ($63.13 in chips) is sitting out
Seat 4: andutu34 ($100 in chips) is sitting out
Seat 1: henri789 ($104 in chips) 
Seat 2: z00mba ($100 in chips) 
Seat 5: sanzigdid ($112.27 in chips) 
Seat 6: BGS013 ($101.50 in chips) 
sanzigdid: posts small blind $0.50
BGS013: posts big blind $1
*** HOLE CARDS ***
henri789: folds 
z00mba: raises $1.50 to $2.50
sanzigdid: folds 
BGS013: folds 
Uncalled bet ($1.50) returned to z00mba
z00mba collected $2.50 from pot
z00mba: doesn't show hand 
*** SUMMARY ***
Total pot $2.50 | Rake $0 
Seat 3: Rikardas777
Seat 4: andutu34
Seat 1: henri789 folded before Flop (didn't bet)
Seat 2: z00mba (button) collected ($2.50)
Seat 5: sanzigdid (small blind) folded before Flop
Seat 6: BGS013 (big blind) folded before Flop



PokerStars Hand #254644556150:  Hold'em No Limit ($0.50/$1.00 USD) - 2025/01/31 23:04:21 WET [2025/01/31 18:04:21 ET]
Table 'Seginus II' 6-max Seat #5 is the button
Seat 4: andutu34 ($100 in chips) is sitting out
Seat 1: henri789 ($104 in chips) 
Seat 2: z00mba ($101.50 in chips) 
Seat 3: Rikardas777 ($63.13 in chips) 
Seat 5: sanzigdid ($111.77 in chips) 
Seat 6: BGS013 ($100.50 in chips) 
BGS013: posts small blind $0.50
henri789: posts big blind $1
Rikardas777: posts big blind $1
andutu34: sits out 
*** HOLE CARDS ***
z00mba: raises $3 to $4
Rikardas777: folds 
sanzigdid: folds 
BGS013: folds 
henri789: folds 
Uncalled bet ($3) returned to z00mba
z00mba collected $3.50 from pot
z00mba: doesn't show hand 
*** SUMMARY ***
Total pot $3.50 | Rake $0 
Seat 4: andutu34
Seat 1: henri789 (big blind) folded before Flop
Seat 2: z00mba collected ($3.50)
Seat 3: Rikardas777 folded before Flop (didn't bet)
Seat 5: sanzigdid (button) folded before Flop (didn't bet)
Seat 6: BGS013 (small blind) folded before Flop



PokerStars Hand #254644561876:  Hold'em No Limit ($0.50/$1.00 USD) - 2025/01/31 23:04:43 WET [2025/01/31 18:04:43 ET]
Table 'Seginus II' 6-max Seat #6 is the button
Seat 4: andutu34 ($100 in chips) is sitting out
Seat 1: henri789 ($103 in chips) 
Seat 2: z00mba ($104 in chips) 
Seat 3: Rikardas777 ($62.13 in chips) 
Seat 5: sanzigdid ($111.77 in chips) 
Seat 6: BGS013 ($100 in chips) 
henri789: posts small blind $0.50
z00mba: posts big blind $1
andutu34: sits out 
*** HOLE CARDS ***
Rikardas777: calls $1
sanzigdid: folds 
BGS013: folds 
henri789: raises $4 to $5
z00mba: folds 
Rikardas777: folds 
Uncalled bet ($4) returned to henri789
henri789 collected $3 from pot
henri789: doesn't show hand 
*** SUMMARY ***
Total pot $3 | Rake $0 
Seat 4: andutu34
Seat 1: henri789 (small blind) collected ($3)
Seat 2: z00mba (big blind) folded before Flop
Seat 3: Rikardas777 folded before Flop
Seat 5: sanzigdid folded before Flop (didn't bet)
Seat 6: BGS013 (button) folded before Flop (didn't bet)



PokerStars Hand #254644570182:  Hold'em No Limit ($0.50/$1.00 USD) - 2025/01/31 23:05:13 WET [2025/01/31 18:05:13 ET]
Table 'Seginus II' 6-max Seat #1 is the button
Seat 4: andutu34 ($100 in chips) is sitting out
Seat 1: henri789 ($105 in chips) 
Seat 2: z00mba ($103 in chips) 
Seat 3: Rikardas777 ($61.13 in chips) 
Seat 5: sanzigdid ($111.77 in chips) 
Seat 6: BGS013 ($100 in chips) 
z00mba: posts small blind $0.50
Rikardas777: posts big blind $1
andutu34: sits out 
*** HOLE CARDS ***
sanzigdid: calls $1
BGS013: folds 
henri789: folds 
z00mba: folds 
Rikardas777: checks 
*** FLOP *** [Kh Qd Jc]
Rikardas777: checks 
sanzigdid: bets $1
Rikardas777: calls $1
*** TURN *** [Kh Qd Jc] [6s]
Rikardas777: checks 
sanzigdid: bets $2
Rikardas777: calls $2
*** RIVER *** [Kh Qd Jc 6s] [Jh]
Rikardas777: checks 
sanzigdid: checks 
*** SHOW DOWN ***
Rikardas777: shows [Qc Kd] (two pair, Kings and Queens)
sanzigdid: shows [As Ac] (two pair, Aces and Jacks)
sanzigdid collected $8.08 from pot
*** SUMMARY ***
Total pot $8.50 | Rake $0.42 
Board [Kh Qd Jc 6s Jh]
Seat 4: andutu34
Seat 1: henri789 (button) folded before Flop (didn't bet)
Seat 2: z00mba (small blind) folded before Flop
Seat 3: Rikardas777 (big blind) showed [Qc Kd] and lost with two pair, Kings and Queens
Seat 5: sanzigdid showed [As Ac] and won ($8.08) with two pair, Aces and Jacks
Seat 6: BGS013 folded before Flop (didn't bet)



PokerStars Hand #254644578732:  Hold'em No Limit ($0.50/$1.00 USD) - 2025/01/31 23:05:44 WET [2025/01/31 18:05:44 ET]
Table 'Seginus II' 6-max Seat #2 is the button
Seat 1: henri789 ($105 in chips) 
Seat 2: z00mba ($102.50 in chips) 
Seat 3: Rikardas777 ($57.13 in chips) 
Seat 4: andutu34 ($100 in chips) 
Seat 5: sanzigdid ($115.85 in chips) 
Seat 6: BGS013 ($100 in chips) 
Rikardas777: posts small blind $0.50
andutu34: posts big blind $1
*** HOLE CARDS ***
sanzigdid: folds 
BGS013: folds 
henri789: folds 
z00mba: raises $1.50 to $2.50
Rikardas777: calls $2
andutu34: raises $11.63 to $14.13
z00mba: folds 
Rikardas777: folds 
Uncalled bet ($11.63) returned to andutu34
andutu34 collected $7.50 from pot
andutu34: doesn't show hand 
*** SUMMARY ***
Total pot $7.50 | Rake $0 
Seat 1: henri789 folded before Flop (didn't bet)
Seat 2: z00mba (button) folded before Flop
Seat 3: Rikardas777 (small blind) folded before Flop
Seat 4: andutu34 (big blind) collected ($7.50)
Seat 5: sanzigdid folded before Flop (didn't bet)
Seat 6: BGS013 folded before Flop (didn't bet)



PokerStars Hand #254644586618:  Hold'em No Limit ($0.50/$1.00 USD) - 2025/01/31 23:06:14 WET [2025/01/31 18:06:14 ET]
Table 'Seginus II' 6-max Seat #3 is the button
Seat 1: henri789 ($105 in chips) 
Seat 2: z00mba ($100 in chips) 
Seat 3: Rikardas777 ($54.63 in chips) 
Seat 4: andutu34 ($105 in chips) 
Seat 5: sanzigdid ($115.85 in chips) 
Seat 6: BGS013 ($100 in chips) 
andutu34: posts small blind $0.50
sanzigdid: posts big blind $1
*** HOLE CARDS ***
BGS013: folds 
henri789: folds 
z00mba: folds 
Rikardas777: folds 
andutu34: folds 
Uncalled bet ($0.50) returned to sanzigdid
sanzigdid collected $1 from pot
*** SUMMARY ***
Total pot $1 | Rake $0 
Seat 1: henri789 folded before Flop (didn't bet)
Seat 2: z00mba folded before Flop (didn't bet)
Seat 3: Rikardas777 (button) folded before Flop (didn't bet)
Seat 4: andutu34 (small blind) folded before Flop
Seat 5: sanzigdid (big blind) collected ($1)
Seat 6: BGS013 folded before Flop (didn't bet)



PokerStars Hand #254644589841:  Hold'em No Limit ($0.50/$1.00 USD) - 2025/01/31 23:06:26 WET [2025/01/31 18:06:26 ET]
Table 'Seginus II' 6-max Seat #4 is the button
Seat 1: henri789 ($105 in chips) 
Seat 2: z00mba ($100 in chips) 
Seat 3: Rikardas777 ($54.63 in chips) 
Seat 4: andutu34 ($104.50 in chips) 
Seat 5: sanzigdid ($116.35 in chips) 
Seat 6: BGS013 ($100 in chips) 
sanzigdid: posts small blind $0.50
BGS013: posts big blind $1
*** HOLE CARDS ***
henri789: raises $1.20 to $2.20
z00mba: folds 
Rikardas777: folds 
andutu34: folds 
sanzigdid: folds 
BGS013: folds 
Uncalled bet ($1.20) returned to henri789
henri789 collected $2.50 from pot
henri789: doesn't show hand 
*** SUMMARY ***
Total pot $2.50 | Rake $0 
Seat 1: henri789 collected ($2.50)
Seat 2: z00mba folded before Flop (didn't bet)
Seat 3: Rikardas777 folded before Flop (didn't bet)
Seat 4: andutu34 (button) folded before Flop (didn't bet)
Seat 5: sanzigdid (small blind) folded before Flop
Seat 6: BGS013 (big blind) folded before Flop



PokerStars Hand #254644599881:  Hold'em No Limit ($0.50/$1.00 USD) - 2025/01/31 23:07:03 WET [2025/01/31 18:07:03 ET]
Table 'Seginus II' 6-max Seat #5 is the button
Seat 1: henri789 ($106.50 in chips) 
Seat 2: z00mba ($100 in chips) 
Seat 3: Rikardas777 ($54.63 in chips) 
Seat 4: andutu34 ($104.50 in chips) 
Seat 5: sanzigdid ($115.85 in chips) 
Seat 6: BGS013 ($100 in chips) 
BGS013: posts small blind $0.50
henri789: posts big blind $1
*** HOLE CARDS ***
z00mba: folds 
Rikardas777: calls $1
andutu34: raises $3 to $4
sanzigdid: folds 
BGS013: folds 
henri789: folds 
Rikardas777: calls $3
*** FLOP *** [8c 5d 7c]
Rikardas777: checks 
andutu34: bets $4.51
Rikardas777: calls $4.51
*** TURN *** [8c 5d 7c] [7s]
Rikardas777: checks 
andutu34: checks 
*** RIVER *** [8c 5d 7c 7s] [Jh]
Rikardas777: checks 
andutu34: checks 
*** SHOW DOWN ***
Rikardas777: shows [8d 9d] (two pair, Eights and Sevens)
andutu34: mucks hand 
Rikardas777 collected $17.59 from pot
*** SUMMARY ***
Total pot $18.52 | Rake $0.93 
Board [8c 5d 7c 7s Jh]
Seat 1: henri789 (big blind) folded before Flop
Seat 2: z00mba folded before Flop (didn't bet)
Seat 3: Rikardas777 showed [8d 9d] and won ($17.59) with two pair, Eights and Sevens
Seat 4: andutu34 mucked
Seat 5: sanzigdid (button) folded before Flop (didn't bet)
Seat 6: BGS013 (small blind) folded before Flop



PokerStars Hand #254644612785:  Hold'em No Limit ($0.50/$1.00 USD) - 2025/01/31 23:07:51 WET [2025/01/31 18:07:51 ET]
Table 'Seginus II' 6-max Seat #6 is the button
Seat 1: henri789 ($105.50 in chips) 
Seat 2: z00mba ($100 in chips) 
Seat 3: Rikardas777 ($63.71 in chips) 
Seat 4: andutu34 ($100 in chips) 
Seat 5: sanzigdid ($115.85 in chips) 
Seat 6: BGS013 ($100 in chips) 
henri789: posts small blind $0.50
z00mba: posts big blind $1
*** HOLE CARDS ***
Rikardas777: folds 
andutu34: folds 
sanzigdid: folds 
BGS013: raises $1.50 to $2.50
henri789: folds 
z00mba: folds 
Uncalled bet ($1.50) returned to BGS013
BGS013 collected $2.50 from pot
BGS013: doesn't show hand 
*** SUMMARY ***
Total pot $2.50 | Rake $0 
Seat 1: henri789 (small blind) folded before Flop
Seat 2: z00mba (big blind) folded before Flop
Seat 3: Rikardas777 folded before Flop (didn't bet)
Seat 4: andutu34 folded before Flop (didn't bet)
Seat 5: sanzigdid folded before Flop (didn't bet)
Seat 6: BGS013 (button) collected ($2.50)



PokerStars Hand #254644619768:  Hold'em No Limit ($0.50/$1.00 USD) - 2025/01/31 23:08:16 WET [2025/01/31 18:08:16 ET]
Table 'Seginus II' 6-max Seat #1 is the button
Seat 1: henri789 ($105 in chips) 
Seat 2: z00mba ($100 in chips) 
Seat 3: Rikardas777 ($63.71 in chips) 
Seat 4: andutu34 ($100 in chips) 
Seat 5: sanzigdid ($115.85 in chips) 
Seat 6: BGS013 ($101.50 in chips) 
z00mba: posts small blind $0.50
Rikardas777: posts big blind $1
*** HOLE CARDS ***
andutu34: folds 
sanzigdid: calls $1
BGS013: raises $3.50 to $4.50
henri789: folds 
z00mba: folds 
Rikardas777: folds 
sanzigdid: calls $3.50
*** FLOP *** [5s 7d 2d]
sanzigdid: checks 
BGS013: bets $2.59
sanzigdid: calls $2.59
*** TURN *** [5s 7d 2d] [Ks]
sanzigdid: bets $5
BGS013: folds 
Uncalled bet ($5) returned to sanzigdid
sanzigdid collected $14.90 from pot
sanzigdid: doesn't show hand 
*** SUMMARY ***
Total pot $15.68 | Rake $0.78 
Board [5s 7d 2d Ks]
Seat 1: henri789 (button) folded before Flop (didn't bet)
Seat 2: z00mba (small blind) folded before Flop
Seat 3: Rikardas777 (big blind) folded before Flop
Seat 4: andutu34 folded before Flop (didn't bet)
Seat 5: sanzigdid collected ($14.90)
Seat 6: BGS013 folded on the Turn



PokerStars Hand #254644634672:  Hold'em No Limit ($0.50/$1.00 USD) - 2025/01/31 23:09:10 WET [2025/01/31 18:09:10 ET]
Table 'Seginus II' 6-max Seat #2 is the button
Seat 1: henri789 ($105 in chips) 
Seat 2: z00mba ($100 in chips) 
Seat 3: Rikardas777 ($62.71 in chips) 
Seat 4: andutu34 ($100 in chips) 
Seat 5: sanzigdid ($123.66 in chips) 
Seat 6: BGS013 ($100 in chips) 
Rikardas777: posts small blind $0.50
andutu34: posts big blind $1
*** HOLE CARDS ***
sanzigdid: folds 
BGS013: folds 
henri789: raises $1.20 to $2.20
z00mba: folds 
Rikardas777: folds 
andutu34: folds 
Uncalled bet ($1.20) returned to henri789
henri789 collected $2.50 from pot
henri789: doesn't show hand 
*** SUMMARY ***
Total pot $2.50 | Rake $0 
Seat 1: henri789 collected ($2.50)
Seat 2: z00mba (button) folded before Flop (didn't bet)
Seat 3: Rikardas777 (small blind) folded before Flop
Seat 4: andutu34 (big blind) folded before Flop
Seat 5: sanzigdid folded before Flop (didn't bet)
Seat 6: BGS013 folded before Flop (didn't bet)



PokerStars Hand #254644638670:  Hold'em No Limit ($0.50/$1.00 USD) - 2025/01/31 23:09:25 WET [2025/01/31 18:09:25 ET]
Table 'Seginus II' 6-max Seat #3 is the button
Seat 1: henri789 ($106.50 in chips) 
Seat 2: z00mba ($100 in chips) 
Seat 3: Rikardas777 ($62.21 in chips) 
Seat 4: andutu34 ($100 in chips) 
Seat 5: sanzigdid ($123.66 in chips) 
Seat 6: BGS013 ($100 in chips) 
andutu34: posts small blind $0.50
sanzigdid: posts big blind $1
*** HOLE CARDS ***
BGS013: folds 
henri789: folds 
z00mba: raises $1.50 to $2.50
Rikardas777: folds 
andutu34: folds 
sanzigdid: folds 
Uncalled bet ($1.50) returned to z00mba
z00mba collected $2.50 from pot
z00mba: doesn't show hand 
*** SUMMARY ***
Total pot $2.50 | Rake $0 
Seat 1: henri789 folded before Flop (didn't bet)
Seat 2: z00mba collected ($2.50)
Seat 3: Rikardas777 (button) folded before Flop (didn't bet)
Seat 4: andutu34 (small blind) folded before Flop
Seat 5: sanzigdid (big blind) folded before Flop
Seat 6: BGS013 folded before Flop (didn't bet)



PokerStars Hand #254644644951:  Hold'em No Limit ($0.50/$1.00 USD) - 2025/01/31 23:09:48 WET [2025/01/31 18:09:48 ET]
Table 'Seginus II' 6-max Seat #4 is the button
Seat 1: henri789 ($106.50 in chips) 
Seat 2: z00mba ($101.50 in chips) 
Seat 3: Rikardas777 ($62.21 in chips) 
Seat 4: andutu34 ($100 in chips) 
Seat 5: sanzigdid ($122.66 in chips) 
Seat 6: BGS013 ($100 in chips) 
sanzigdid: posts small blind $0.50
BGS013: posts big blind $1
*** HOLE CARDS ***
henri789: folds 
z00mba: folds 
Rikardas777: calls $1
andutu34: folds 
sanzigdid: folds 
BGS013: checks 
*** FLOP *** [6s 8s 2h]
BGS013: checks 
Rikardas777: checks 
*** TURN *** [6s 8s 2h] [Qs]
BGS013: checks 
Rikardas777: checks 
*** RIVER *** [6s 8s 2h Qs] [Ts]
BGS013: checks 
Rikardas777: checks 
*** SHOW DOWN ***
BGS013: shows [6d 4d] (a pair of Sixes)
Rikardas777: mucks hand 
BGS013 collected $2.38 from pot
*** SUMMARY ***
Total pot $2.50 | Rake $0.12 
Board [6s 8s 2h Qs Ts]
Seat 1: henri789 folded before Flop (didn't bet)
Seat 2: z00mba folded before Flop (didn't bet)
Seat 3: Rikardas777 mucked
Seat 4: andutu34 (button) folded before Flop (didn't bet)
Seat 5: sanzigdid (small blind) folded before Flop
Seat 6: BGS013 (big blind) showed [6d 4d] and won ($2.38) with a pair of Sixes



PokerStars Hand #254644657132:  Hold'em No Limit ($0.50/$1.00 USD) - 2025/01/31 23:10:33 WET [2025/01/31 18:10:33 ET]
Table 'Seginus II' 6-max Seat #5 is the button
Seat 1: henri789 ($106.50 in chips) 
Seat 2: z00mba ($101.50 in chips) 
Seat 3: Rikardas777 ($61.21 in chips) 
Seat 4: andutu34 ($100 in chips) 
Seat 5: sanzigdid ($122.16 in chips) 
Seat 6: BGS013 ($101.38 in chips) 
BGS013: posts small blind $0.50
henri789: posts big blind $1
*** HOLE CARDS ***
z00mba: folds 
Rikardas777: folds 
andutu34: folds 
sanzigdid: folds 
BGS013: folds 
Uncalled bet ($0.50) returned to henri789
henri789 collected $1 from pot
henri789: doesn't show hand 
*** SUMMARY ***
Total pot $1 | Rake $0 
Seat 1: henri789 (big blind) collected ($1)
Seat 2: z00mba folded before Flop (didn't bet)
Seat 3: Rikardas777 folded before Flop (didn't bet)
Seat 4: andutu34 folded before Flop (didn't bet)
Seat 5: sanzigdid (button) folded before Flop (didn't bet)
Seat 6: BGS013 (small blind) folded before Flop



PokerStars Hand #254644662659:  Hold'em No Limit ($0.50/$1.00 USD) - 2025/01/31 23:10:53 WET [2025/01/31 18:10:53 ET]
Table 'Seginus II' 6-max Seat #6 is the button
Seat 1: henri789 ($107 in chips) 
Seat 2: z00mba ($101.50 in chips) 
Seat 3: Rikardas777 ($61.21 in chips) 
Seat 4: andutu34 ($100 in chips) 
Seat 5: sanzigdid ($122.16 in chips) 
Seat 6: BGS013 ($100.88 in chips) 
henri789: posts small blind $0.50
z00mba: posts big blind $1
*** HOLE CARDS ***
Rikardas777: folds 
andutu34: folds 
sanzigdid: folds 
BGS013: raises $1.50 to $2.50
henri789: folds 
z00mba: folds 
Uncalled bet ($1.50) returned to BGS013
BGS013 collected $2.50 from pot
BGS013: doesn't show hand 
*** SUMMARY ***
Total pot $2.50 | Rake $0 
Seat 1: henri789 (small blind) folded before Flop
Seat 2: z00mba (big blind) folded before Flop
Seat 3: Rikardas777 folded before Flop (didn't bet)
Seat 4: andutu34 folded before Flop (didn't bet)
Seat 5: sanzigdid folded before Flop (didn't bet)
Seat 6: BGS013 (button) collected ($2.50)



PokerStars Hand #254644669016:  Hold'em No Limit ($0.50/$1.00 USD) - 2025/01/31 23:11:16 WET [2025/01/31 18:11:16 ET]
Table 'Seginus II' 6-max Seat #1 is the button
Seat 1: henri789 ($106.50 in chips) 
Seat 2: z00mba ($100.50 in chips) 
Seat 3: Rikardas777 ($61.21 in chips) 
Seat 4: andutu34 ($100 in chips) 
Seat 5: sanzigdid ($122.16 in chips) 
Seat 6: BGS013 ($102.38 in chips) 
z00mba: posts small blind $0.50
Rikardas777: posts big blind $1
*** HOLE CARDS ***
andutu34: folds 
sanzigdid: folds 
BGS013: raises $1.50 to $2.50
henri789: raises $5 to $7.50
z00mba: folds 
Rikardas777: folds 
BGS013: calls $5
*** FLOP *** [5d 3c 2h]
BGS013: checks 
henri789: bets $6.27
BGS013: folds 
Uncalled bet ($6.27) returned to henri789
henri789 collected $15.68 from pot
henri789: doesn't show hand 
*** SUMMARY ***
Total pot $16.50 | Rake $0.82 
Board [5d 3c 2h]
Seat 1: henri789 (button) collected ($15.68)
Seat 2: z00mba (small blind) folded before Flop
Seat 3: Rikardas777 (big blind) folded before Flop
Seat 4: andutu34 folded before Flop (didn't bet)
Seat 5: sanzigdid folded before Flop (didn't bet)
Seat 6: BGS013 folded on the Flop



PokerStars Hand #254644684985:  Hold'em No Limit ($0.50/$1.00 USD) - 2025/01/31 23:12:14 WET [2025/01/31 18:12:14 ET]
Table 'Seginus II' 6-max Seat #2 is the button
Seat 1: henri789 ($114.68 in chips) 
Seat 2: z00mba ($100 in chips) 
Seat 3: Rikardas777 ($60.21 in chips) 
Seat 4: andutu34 ($100 in chips) 
Seat 5: sanzigdid ($122.16 in chips) 
Seat 6: BGS013 ($100 in chips) 
Rikardas777: posts small blind $0.50
andutu34: posts big blind $1
*** HOLE CARDS ***
sanzigdid: folds 
BGS013: raises $1 to $2
henri789: folds 
z00mba: folds 
Rikardas777: calls $1.50
andutu34: calls $1
*** FLOP *** [4c Jd Js]
Rikardas777: checks 
andutu34: checks 
BGS013: bets $1.48
Rikardas777: folds 
andutu34: raises $2.86 to $4.34
BGS013: calls $2.86
*** TURN *** [4c Jd Js] [Ks]
andutu34: checks 
BGS013: bets $6
andutu34: folds 
Uncalled bet ($6) returned to BGS013
BGS013 collected $13.95 from pot
BGS013: doesn't show hand 
*** SUMMARY ***
Total pot $14.68 | Rake $0.73 
Board [4c Jd Js Ks]
Seat 1: henri789 folded before Flop (didn't bet)
Seat 2: z00mba (button) folded before Flop (didn't bet)
Seat 3: Rikardas777 (small blind) folded on the Flop
Seat 4: andutu34 (big blind) folded on the Turn
Seat 5: sanzigdid folded before Flop (didn't bet)
Seat 6: BGS013 collected ($13.95)



PokerStars Hand #254644707656:  Hold'em No Limit ($0.50/$1.00 USD) - 2025/01/31 23:13:37 WET [2025/01/31 18:13:37 ET]
Table 'Seginus II' 6-max Seat #3 is the button
Seat 1: henri789 ($114.68 in chips) 
Seat 2: z00mba ($100 in chips) 
Seat 3: Rikardas777 ($58.21 in chips) 
Seat 4: andutu34 ($100 in chips) 
Seat 5: sanzigdid ($122.16 in chips) 
Seat 6: BGS013 ($107.61 in chips) 
andutu34: posts small blind $0.50
sanzigdid: posts big blind $1
*** HOLE CARDS ***
BGS013: folds 
henri789: raises $1.20 to $2.20
z00mba: folds 
Rikardas777: folds 
andutu34: folds 
sanzigdid: folds 
Uncalled bet ($1.20) returned to henri789
henri789 collected $2.50 from pot
henri789: doesn't show hand 
*** SUMMARY ***
Total pot $2.50 | Rake $0 
Seat 1: henri789 collected ($2.50)
Seat 2: z00mba folded before Flop (didn't bet)
Seat 3: Rikardas777 (button) folded before Flop (didn't bet)
Seat 4: andutu34 (small blind) folded before Flop
Seat 5: sanzigdid (big blind) folded before Flop
Seat 6: BGS013 folded before Flop (didn't bet)



PokerStars Hand #254644713766:  Hold'em No Limit ($0.50/$1.00 USD) - 2025/01/31 23:14:00 WET [2025/01/31 18:14:00 ET]
Table 'Seginus II' 6-max Seat #4 is the button
Seat 1: henri789 ($116.18 in chips) 
Seat 2: z00mba ($100 in chips) 
Seat 3: Rikardas777 ($58.21 in chips) 
Seat 4: andutu34 ($100 in chips) 
Seat 5: sanzigdid ($121.16 in chips) 
Seat 6: BGS013 ($107.61 in chips) 
sanzigdid: posts small blind $0.50
BGS013: posts big blind $1
*** HOLE CARDS ***
henri789: folds 
z00mba: folds 
Rikardas777: calls $1
andutu34: folds 
sanzigdid: calls $0.50
BGS013: checks 
*** FLOP *** [6s 6h 5d]
sanzigdid: checks 
BGS013: checks 
Rikardas777: checks 
*** TURN *** [6s 6h 5d] [Ac]
sanzigdid: checks 
BGS013: checks 
Rikardas777: bets $1.43
sanzigdid: raises $1.43 to $2.86
BGS013: folds 
Rikardas777: calls $1.43
*** RIVER *** [6s 6h 5d Ac] [Jc]
sanzigdid: bets $5
Rikardas777: calls $5
*** SHOW DOWN ***
sanzigdid: shows [Ah Jd] (two pair, Aces and Jacks)
Rikardas777: mucks hand 
sanzigdid collected $17.78 from pot
*** SUMMARY ***
Total pot $18.72 | Rake $0.94 
Board [6s 6h 5d Ac Jc]
Seat 1: henri789 folded before Flop (didn't bet)
Seat 2: z00mba folded before Flop (didn't bet)
Seat 3: Rikardas777 mucked
Seat 4: andutu34 (button) folded before Flop (didn't bet)
Seat 5: sanzigdid (small blind) showed [Ah Jd] and won ($17.78) with two pair, Aces and Jacks
Seat 6: BGS013 (big blind) folded on the Turn



PokerStars Hand #254644730771:  Hold'em No Limit ($0.50/$1.00 USD) - 2025/01/31 23:15:02 WET [2025/01/31 18:15:02 ET]
Table 'Seginus II' 6-max Seat #5 is the button
Seat 1: henri789 ($116.18 in chips) 
Seat 2: z00mba ($100 in chips) 
Seat 3: Rikardas777 ($49.35 in chips) 
Seat 4: andutu34 ($100 in chips) 
Seat 5: sanzigdid ($130.08 in chips) 
Seat 6: BGS013 ($106.61 in chips) 
BGS013: posts small blind $0.50
henri789: posts big blind $1
*** HOLE CARDS ***
z00mba: folds 
Rikardas777: calls $1
andutu34: folds 
sanzigdid: calls $1
BGS013: raises $7.50 to $8.50
henri789: folds 
Rikardas777: folds 
sanzigdid: folds 
Uncalled bet ($7.50) returned to BGS013
BGS013 collected $4 from pot
BGS013: doesn't show hand 
*** SUMMARY ***
Total pot $4 | Rake $0 
Seat 1: henri789 (big blind) folded before Flop
Seat 2: z00mba folded before Flop (didn't bet)
Seat 3: Rikardas777 folded before Flop
Seat 4: andutu34 folded before Flop (didn't bet)
Seat 5: sanzigdid (button) folded before Flop
Seat 6: BGS013 (small blind) collected ($4)



PokerStars Hand #254644736007:  Hold'em No Limit ($0.50/$1.00 USD) - 2025/01/31 23:15:22 WET [2025/01/31 18:15:22 ET]
Table 'Seginus II' 6-max Seat #6 is the button
Seat 2: z00mba ($100 in chips) is sitting out
Seat 1: henri789 ($115.18 in chips) 
Seat 3: Rikardas777 ($48.35 in chips) 
Seat 4: andutu34 ($100 in chips) 
Seat 5: sanzigdid ($129.08 in chips) 
Seat 6: BGS013 ($109.61 in chips) 
henri789: posts small blind $0.50
z00mba: is sitting out 
Rikardas777: posts big blind $1
*** HOLE CARDS ***
z00mba leaves the table
andutu34: raises $1 to $2
sanzigdid: folds 
BGS013: folds 
henri789: folds 
Rikardas777: folds 
Uncalled bet ($1) returned to andutu34
andutu34 collected $2.50 from pot
andutu34: doesn't show hand 
*** SUMMARY ***
Total pot $2.50 | Rake $0 
Seat 2: z00mba
Seat 1: henri789 (small blind) folded before Flop
Seat 3: Rikardas777 (big blind) folded before Flop
Seat 4: andutu34 collected ($2.50)
Seat 5: sanzigdid folded before Flop (didn't bet)
Seat 6: BGS013 (button) folded before Flop (didn't bet)



PokerStars Hand #254644742595:  Hold'em No Limit ($0.50/$1.00 USD) - 2025/01/31 23:15:46 WET [2025/01/31 18:15:46 ET]
Table 'Seginus II' 6-max Seat #1 is the button
Seat 1: henri789 ($114.68 in chips) 
Seat 3: Rikardas777 ($47.35 in chips) 
Seat 4: andutu34 ($101.50 in chips) 
Seat 5: sanzigdid ($129.08 in chips) 
Seat 6: BGS013 ($109.61 in chips) 
Rikardas777: posts small blind $0.50
andutu34: posts big blind $1
*** HOLE CARDS ***
sanzigdid: folds 
BGS013: folds 
henri789: folds 
Rikardas777: calls $0.50
andutu34: checks 
*** FLOP *** [6s 2h 2c]
Rikardas777: checks 
andutu34: bets $1.50
Rikardas777: calls $1.50
*** TURN *** [6s 2h 2c] [3c]
CichiChanMarian joins the table at seat #2 
Rikardas777: checks 
andutu34: bets $3.56
Rikardas777: folds 
Uncalled bet ($3.56) returned to andutu34
andutu34 collected $4.75 from pot
andutu34: doesn't show hand 
*** SUMMARY ***
Total pot $5 | Rake $0.25 
Board [6s 2h 2c 3c]
Seat 1: henri789 (button) folded before Flop (didn't bet)
Seat 3: Rikardas777 (small blind) folded on the Turn
Seat 4: andutu34 (big blind) collected ($4.75)
Seat 5: sanzigdid folded before Flop (didn't bet)
Seat 6: BGS013 folded before Flop (didn't bet)



PokerStars Hand #254644758238:  Hold'em No Limit ($0.50/$1.00 USD) - 2025/01/31 23:16:45 WET [2025/01/31 18:16:45 ET]
Table 'Seginus II' 6-max Seat #3 is the button
Seat 2: CichiChanMarian ($100 in chips) is sitting out
Seat 1: henri789 ($114.68 in chips) 
Seat 3: Rikardas777 ($44.85 in chips) 
Seat 4: andutu34 ($103.75 in chips) 
Seat 5: sanzigdid ($129.08 in chips) 
Seat 6: BGS013 ($109.61 in chips) 
andutu34: posts small blind $0.50
sanzigdid: posts big blind $1
CichiChanMarian: sits out 
*** HOLE CARDS ***
BGS013: raises $1 to $2
henri789: raises $5 to $7
Rikardas777: folds 
andutu34: folds 
sanzigdid: folds 
BGS013: folds 
Uncalled bet ($5) returned to henri789
henri789 collected $5.50 from pot
henri789: doesn't show hand 
*** SUMMARY ***
Total pot $5.50 | Rake $0 
Seat 2: CichiChanMarian
Seat 1: henri789 collected ($5.50)
Seat 3: Rikardas777 (button) folded before Flop (didn't bet)
Seat 4: andutu34 (small blind) folded before Flop
Seat 5: sanzigdid (big blind) folded before Flop
Seat 6: BGS013 folded before Flop



PokerStars Hand #254644766158:  Hold'em No Limit ($0.50/$1.00 USD) - 2025/01/31 23:17:14 WET [2025/01/31 18:17:14 ET]
Table 'Seginus II' 6-max Seat #4 is the button
Seat 2: CichiChanMarian ($100 in chips) is sitting out
Seat 1: henri789 ($118.18 in chips) 
Seat 3: Rikardas777 ($44.85 in chips) 
Seat 4: andutu34 ($103.25 in chips) 
Seat 5: sanzigdid ($128.08 in chips) 
Seat 6: BGS013 ($107.61 in chips) 
sanzigdid: posts small blind $0.50
BGS013: posts big blind $1
CichiChanMarian: sits out 
*** HOLE CARDS ***
henri789: folds 
Rikardas777: calls $1
andutu34: raises $3 to $4
sanzigdid: folds 
BGS013: folds 
Rikardas777: calls $3
*** FLOP *** [3c 6c Qd]
Rikardas777: checks 
andutu34: bets $4.51
Rikardas777: folds 
Uncalled bet ($4.51) returned to andutu34
andutu34 collected $9.02 from pot
andutu34: doesn't show hand 
*** SUMMARY ***
Total pot $9.50 | Rake $0.48 
Board [3c 6c Qd]
Seat 2: CichiChanMarian
Seat 1: henri789 folded before Flop (didn't bet)
Seat 3: Rikardas777 folded on the Flop
Seat 4: andutu34 (button) collected ($9.02)
Seat 5: sanzigdid (small blind) folded before Flop
Seat 6: BGS013 (big blind) folded before Flop



PokerStars Hand #254644777301:  Hold'em No Limit ($0.50/$1.00 USD) - 2025/01/31 23:17:56 WET [2025/01/31 18:17:56 ET]
Table 'Seginus II' 6-max Seat #5 is the button
Seat 2: CichiChanMarian ($100 in chips) is sitting out
Seat 1: henri789 ($118.18 in chips) 
Seat 3: Rikardas777 ($40.85 in chips) 
Seat 4: andutu34 ($108.27 in chips) 
Seat 5: sanzigdid ($127.58 in chips) 
Seat 6: BGS013 ($106.61 in chips) 
BGS013: posts small blind $0.50
henri789: posts big blind $1
CichiChanMarian: sits out 
*** HOLE CARDS ***
Rikardas777: folds 
andutu34: raises $1.30 to $2.30
sanzigdid: folds 
BGS013: folds 
henri789: folds 
Uncalled bet ($1.30) returned to andutu34
andutu34 collected $2.50 from pot
andutu34: doesn't show hand 
*** SUMMARY ***
Total pot $2.50 | Rake $0 
Seat 2: CichiChanMarian
Seat 1: henri789 (big blind) folded before Flop
Seat 3: Rikardas777 folded before Flop (didn't bet)
Seat 4: andutu34 collected ($2.50)
Seat 5: sanzigdid (button) folded before Flop (didn't bet)
Seat 6: BGS013 (small blind) folded before Flop



PokerStars Hand #254644783055:  Hold'em No Limit ($0.50/$1.00 USD) - 2025/01/31 23:18:17 WET [2025/01/31 18:18:17 ET]
Table 'Seginus II' 6-max Seat #6 is the button
Seat 1: henri789 ($117.18 in chips) 
Seat 2: CichiChanMarian ($100 in chips) 
Seat 3: Rikardas777 ($40.85 in chips) 
Seat 4: andutu34 ($109.77 in chips) 
Seat 5: sanzigdid ($127.58 in chips) 
Seat 6: BGS013 ($106.11 in chips) 
henri789: posts small blind $0.50
CichiChanMarian: posts big blind $1
*** HOLE CARDS ***
Rikardas777: calls $1
andutu34: folds 
sanzigdid: folds 
BGS013: folds 
henri789: folds 
CichiChanMarian: raises $3 to $4
Rikardas777: calls $3
*** FLOP *** [5h 2s 8c]
CichiChanMarian: bets $4.04
Rikardas777: folds 
Uncalled bet ($4.04) returned to CichiChanMarian
CichiChanMarian collected $8.08 from pot
CichiChanMarian: doesn't show hand 
*** SUMMARY ***
Total pot $8.50 | Rake $0.42 
Board [5h 2s 8c]
Seat 1: henri789 (small blind) folded before Flop
Seat 2: CichiChanMarian (big blind) collected ($8.08)
Seat 3: Rikardas777 folded on the Flop
Seat 4: andutu34 folded before Flop (didn't bet)
Seat 5: sanzigdid folded before Flop (didn't bet)
Seat 6: BGS013 (button) folded before Flop (didn't bet)



PokerStars Hand #254644791544:  Hold'em No Limit ($0.50/$1.00 USD) - 2025/01/31 23:18:49 WET [2025/01/31 18:18:49 ET]
Table 'Seginus II' 6-max Seat #1 is the button
Seat 1: henri789 ($116.68 in chips) 
Seat 2: CichiChanMarian ($104.08 in chips) 
Seat 3: Rikardas777 ($36.85 in chips) 
Seat 4: andutu34 ($109.77 in chips) 
Seat 5: sanzigdid ($127.58 in chips) 
Seat 6: BGS013 ($106.11 in chips) 
CichiChanMarian: posts small blind $0.50
Rikardas777: posts big blind $1
*** HOLE CARDS ***
andutu34: folds 
sanzigdid: folds 
BGS013: folds 
henri789: raises $1.20 to $2.20
CichiChanMarian: raises $8.80 to $11
Rikardas777: calls $10
henri789: folds 
*** FLOP *** [Ah 8c 3c]
CichiChanMarian: checks 
Rikardas777: checks 
*** TURN *** [Ah 8c 3c] [2c]
CichiChanMarian: bets $2.53
Rikardas777: raises $2.53 to $5.06
CichiChanMarian: raises $88.02 to $93.08 and is all-in
Rikardas777: calls $20.79 and is all-in
Uncalled bet ($67.23) returned to CichiChanMarian
*** RIVER *** [Ah 8c 3c 2c] [7d]
*** SHOW DOWN ***
CichiChanMarian: shows [Ks Ad] (a pair of Aces)
Rikardas777: shows [Kc Ac] (a flush, Ace high)
Rikardas777 collected $73.40 from pot
*** SUMMARY ***
Total pot $75.90 | Rake $2.50 
Board [Ah 8c 3c 2c 7d]
Seat 1: henri789 (button) folded before Flop
Seat 2: CichiChanMarian (small blind) showed [Ks Ad] and lost with a pair of Aces
Seat 3: Rikardas777 (big blind) showed [Kc Ac] and won ($73.40) with a flush, Ace high
Seat 4: andutu34 folded before Flop (didn't bet)
Seat 5: sanzigdid folded before Flop (didn't bet)
Seat 6: BGS013 folded before Flop (didn't bet)



PokerStars Hand #254644805322:  Hold'em No Limit ($0.50/$1.00 USD) - 2025/01/31 23:19:40 WET [2025/01/31 18:19:40 ET]
Table 'Seginus II' 6-max Seat #2 is the button
Seat 1: henri789 ($114.48 in chips) 
Seat 2: CichiChanMarian ($100 in chips) 
Seat 3: Rikardas777 ($73.40 in chips) 
Seat 4: andutu34 ($109.77 in chips) 
Seat 5: sanzigdid ($127.58 in chips) 
Seat 6: BGS013 ($106.11 in chips) 
Rikardas777: posts small blind $0.50
andutu34: posts big blind $1
*** HOLE CARDS ***
sanzigdid: folds 
BGS013: folds 
henri789: folds 
CichiChanMarian: folds 
Rikardas777: calls $0.50
andutu34: checks 
*** FLOP *** [Kh 4d 4c]
Rikardas777: checks 
andutu34: checks 
*** TURN *** [Kh 4d 4c] [Kd]
Rikardas777: bets $3
andutu34: folds 
Uncalled bet ($3) returned to Rikardas777
Rikardas777 collected $1.90 from pot
*** SUMMARY ***
Total pot $2 | Rake $0.10 
Board [Kh 4d 4c Kd]
Seat 1: henri789 folded before Flop (didn't bet)
Seat 2: CichiChanMarian (button) folded before Flop (didn't bet)
Seat 3: Rikardas777 (small blind) collected ($1.90)
Seat 4: andutu34 (big blind) folded on the Turn
Seat 5: sanzigdid folded before Flop (didn't bet)
Seat 6: BGS013 folded before Flop (didn't bet)



PokerStars Hand #254644814952:  Hold'em No Limit ($0.50/$1.00 USD) - 2025/01/31 23:20:15 WET [2025/01/31 18:20:15 ET]
Table 'Seginus II' 6-max Seat #3 is the button
Seat 1: henri789 ($114.48 in chips) 
Seat 2: CichiChanMarian ($100 in chips) 
Seat 3: Rikardas777 ($74.30 in chips) 
Seat 4: andutu34 ($108.77 in chips) 
Seat 5: sanzigdid ($127.58 in chips) 
Seat 6: BGS013 ($106.11 in chips) 
andutu34: posts small blind $0.50
sanzigdid: posts big blind $1
*** HOLE CARDS ***
BGS013: folds 
henri789: raises $1.20 to $2.20
CichiChanMarian: raises $4.84 to $7.04
Rikardas777: folds 
andutu34: folds 
sanzigdid: folds 
henri789: folds 
Uncalled bet ($4.84) returned to CichiChanMarian
CichiChanMarian collected $5.90 from pot
CichiChanMarian: doesn't show hand 
*** SUMMARY ***
Total pot $5.90 | Rake $0 
Seat 1: henri789 folded before Flop
Seat 2: CichiChanMarian collected ($5.90)
Seat 3: Rikardas777 (button) folded before Flop (didn't bet)
Seat 4: andutu34 (small blind) folded before Flop
Seat 5: sanzigdid (big blind) folded before Flop
Seat 6: BGS013 folded before Flop (didn't bet)



PokerStars Hand #254644822578:  Hold'em No Limit ($0.50/$1.00 USD) - 2025/01/31 23:20:43 WET [2025/01/31 18:20:43 ET]
Table 'Seginus II' 6-max Seat #4 is the button
Seat 1: henri789 ($112.28 in chips) 
Seat 2: CichiChanMarian ($103.70 in chips) 
Seat 3: Rikardas777 ($74.30 in chips) 
Seat 4: andutu34 ($108.27 in chips) 
Seat 5: sanzigdid ($126.58 in chips) 
Seat 6: BGS013 ($106.11 in chips) 
sanzigdid: posts small blind $0.50
BGS013: posts big blind $1
*** HOLE CARDS ***
henri789: folds 
CichiChanMarian: folds 
Rikardas777: folds 
andutu34: raises $1.49 to $2.49
sanzigdid: calls $1.99
BGS013: folds 
*** FLOP *** [5h 8c Jd]
sanzigdid: checks 
andutu34: bets $1.87
sanzigdid: calls $1.87
*** TURN *** [5h 8c Jd] [6c]
sanzigdid: checks 
andutu34: bets $6.09
sanzigdid: folds 
Uncalled bet ($6.09) returned to andutu34
andutu34 collected $9.23 from pot
andutu34: doesn't show hand 
*** SUMMARY ***
Total pot $9.72 | Rake $0.49 
Board [5h 8c Jd 6c]
Seat 1: henri789 folded before Flop (didn't bet)
Seat 2: CichiChanMarian folded before Flop (didn't bet)
Seat 3: Rikardas777 folded before Flop (didn't bet)
Seat 4: andutu34 (button) collected ($9.23)
Seat 5: sanzigdid (small blind) folded on the Turn
Seat 6: BGS013 (big blind) folded before Flop



PokerStars Hand #254644836522:  Hold'em No Limit ($0.50/$1.00 USD) - 2025/01/31 23:21:35 WET [2025/01/31 18:21:35 ET]
Table 'Seginus II' 6-max Seat #5 is the button
Seat 1: henri789 ($112.28 in chips) 
Seat 2: CichiChanMarian ($103.70 in chips) 
Seat 3: Rikardas777 ($74.30 in chips) 
Seat 4: andutu34 ($113.14 in chips) 
Seat 5: sanzigdid ($122.22 in chips) 
Seat 6: BGS013 ($105.11 in chips) 
BGS013: posts small blind $0.50
henri789: posts big blind $1
*** HOLE CARDS ***
CichiChanMarian: raises $1.50 to $2.50
Rikardas777: folds 
andutu34: folds 
sanzigdid: calls $2.50
BGS013: calls $2
henri789: folds 
*** FLOP *** [Qh 9h 6s]
BGS013: checks 
CichiChanMarian: checks 
sanzigdid: bets $3
BGS013: folds 
CichiChanMarian: folds 
Uncalled bet ($3) returned to sanzigdid
sanzigdid collected $8.08 from pot
sanzigdid: doesn't show hand 
*** SUMMARY ***
Total pot $8.50 | Rake $0.42 
Board [Qh 9h 6s]
Seat 1: henri789 (big blind) folded before Flop
Seat 2: CichiChanMarian folded on the Flop
Seat 3: Rikardas777 folded before Flop (didn't bet)
Seat 4: andutu34 folded before Flop (didn't bet)
Seat 5: sanzigdid (button) collected ($8.08)
Seat 6: BGS013 (small blind) folded on the Flop



PokerStars Hand #254644852183:  Hold'em No Limit ($0.50/$1.00 USD) - 2025/01/31 23:22:32 WET [2025/01/31 18:22:32 ET]
Table 'Seginus II' 6-max Seat #6 is the button
Seat 1: henri789 ($111.28 in chips) 
Seat 2: CichiChanMarian ($101.20 in chips) 
Seat 3: Rikardas777 ($74.30 in chips) 
Seat 4: andutu34 ($113.14 in chips) 
Seat 5: sanzigdid ($127.80 in chips) 
Seat 6: BGS013 ($102.61 in chips) 
henri789: posts small blind $0.50
CichiChanMarian: posts big blind $1
*** HOLE CARDS ***
Rikardas777: folds 
andutu34: folds 
sanzigdid: folds 
BGS013: raises $1.50 to $2.50
henri789: folds 
CichiChanMarian: calls $1.50
*** FLOP *** [Ks Tc 8h]
CichiChanMarian: checks 
BGS013: checks 
*** TURN *** [Ks Tc 8h] [As]
CichiChanMarian: checks 
BGS013: checks 
*** RIVER *** [Ks Tc 8h As] [3d]
CichiChanMarian: checks 
BGS013: checks 
*** SHOW DOWN ***
CichiChanMarian: shows [2c 3c] (a pair of Threes)
BGS013: shows [Qh Td] (a pair of Tens)
BGS013 collected $5.22 from pot
*** SUMMARY ***
Total pot $5.50 | Rake $0.28 
Board [Ks Tc 8h As 3d]
Seat 1: henri789 (small blind) folded before Flop
Seat 2: CichiChanMarian (big blind) showed [2c 3c] and lost with a pair of Threes
Seat 3: Rikardas777 folded before Flop (didn't bet)
Seat 4: andutu34 folded before Flop (didn't bet)
Seat 5: sanzigdid folded before Flop (didn't bet)
Seat 6: BGS013 (button) showed [Qh Td] and won ($5.22) with a pair of Tens



PokerStars Hand #254645247135:  Hold'em No Limit ($0.50/$1.00 USD) - 2025/01/31 23:47:23 WET [2025/01/31 18:47:23 ET]
Table 'Seginus II' 6-max Seat #6 is the button
Seat 1: CEPTT ($194.96 in chips) 
Seat 2: CichiChanMarian ($101.50 in chips) 
Seat 3: Rikardas777 ($137.19 in chips) 
Seat 4: andutu34 ($212.53 in chips) 
Seat 5: XneferX ($121.90 in chips) 
Seat 6: Nazareno1999 ($106.28 in chips) 
CEPTT: posts small blind $0.50
CichiChanMarian: posts big blind $1
*** HOLE CARDS ***
Rikardas777: calls $1
andutu34: folds 
XneferX: raises $3 to $4
Nazareno1999: calls $4
CEPTT: folds 
CichiChanMarian: folds 
Rikardas777: calls $3
*** FLOP *** [5s 6s 3s]
Rikardas777: checks 
XneferX: checks 
Nazareno1999: bets $4.23
Rikardas777: folds 
XneferX: calls $4.23
*** TURN *** [5s 6s 3s] [8d]
XneferX: checks 
Nazareno1999: bets $19.50
XneferX: folds 
Uncalled bet ($19.50) returned to Nazareno1999
Nazareno1999 collected $20.86 from pot
Nazareno1999: doesn't show hand 
*** SUMMARY ***
Total pot $21.96 | Rake $1.10 
Board [5s 6s 3s 8d]
Seat 1: CEPTT (small blind) folded before Flop
Seat 2: CichiChanMarian (big blind) folded before Flop
Seat 3: Rikardas777 folded on the Flop
Seat 4: andutu34 folded before Flop (didn't bet)
Seat 5: XneferX folded on the Turn
Seat 6: Nazareno1999 (button) collected ($20.86)



PokerStars Hand #254645277242:  Hold'em No Limit ($0.50/$1.00 USD) - 2025/01/31 23:49:25 WET [2025/01/31 18:49:25 ET]
Table 'Seginus II' 6-max Seat #1 is the button
Seat 1: CEPTT ($194.46 in chips) 
Seat 2: CichiChanMarian ($100.50 in chips) 
Seat 3: Rikardas777 ($133.19 in chips) 
Seat 4: andutu34 ($212.53 in chips) 
Seat 5: XneferX ($113.67 in chips) 
Seat 6: Nazareno1999 ($118.91 in chips) 
CichiChanMarian: posts small blind $0.50
Rikardas777: posts big blind $1
*** HOLE CARDS ***
andutu34: raises $1 to $2
XneferX: folds 
Nazareno1999: folds 
CEPTT: folds 
CichiChanMarian: calls $1.50
Rikardas777: folds 
*** FLOP *** [5c Qh 6c]
CichiChanMarian: checks 
andutu34: bets $1.57
CichiChanMarian: folds 
Uncalled bet ($1.57) returned to andutu34
andutu34 collected $4.75 from pot
andutu34: doesn't show hand 
*** SUMMARY ***
Total pot $5 | Rake $0.25 
Board [5c Qh 6c]
Seat 1: CEPTT (button) folded before Flop (didn't bet)
Seat 2: CichiChanMarian (small blind) folded on the Flop
Seat 3: Rikardas777 (big blind) folded before Flop
Seat 4: andutu34 collected ($4.75)
Seat 5: XneferX folded before Flop (didn't bet)
Seat 6: Nazareno1999 folded before Flop (didn't bet)



PokerStars Hand #254645287096:  Hold'em No Limit ($0.50/$1.00 USD) - 2025/01/31 23:50:04 WET [2025/01/31 18:50:04 ET]
Table 'Seginus II' 6-max Seat #2 is the button
Seat 4: andutu34 ($215.28 in chips) is sitting out
Seat 1: CEPTT ($194.46 in chips) 
Seat 2: CichiChanMarian ($100 in chips) 
Seat 3: Rikardas777 ($132.19 in chips) 
Seat 5: XneferX ($113.67 in chips) 
Seat 6: Nazareno1999 ($118.91 in chips) 
Rikardas777: posts small blind $0.50
andutu34: is sitting out 
XneferX: posts big blind $1
*** HOLE CARDS ***
andutu34 leaves the table
Nazareno1999: folds 
CEPTT: folds 
CichiChanMarian: folds 
Rikardas777: calls $0.50
XneferX: checks 
*** FLOP *** [3s 3d 7h]
Rikardas777: checks 
XneferX: checks 
*** TURN *** [3s 3d 7h] [Ad]
Rikardas777: checks 
XneferX: bets $1.20
m0nTTu joins the table at seat #4 
Rikardas777: calls $1.20
*** RIVER *** [3s 3d 7h Ad] [4h]
Rikardas777: checks 
XneferX: bets $4.14
Rikardas777: calls $4.14
*** SHOW DOWN ***
XneferX: shows [5c 2d] (a straight, Ace to Five)
Rikardas777: mucks hand 
XneferX collected $12.05 from pot
*** SUMMARY ***
Total pot $12.68 | Rake $0.63 
Board [3s 3d 7h Ad 4h]
Seat 4: andutu34
Seat 1: CEPTT folded before Flop (didn't bet)
Seat 2: CichiChanMarian (button) folded before Flop (didn't bet)
Seat 3: Rikardas777 (small blind) mucked
Seat 5: XneferX (big blind) showed [5c 2d] and won ($12.05) with a straight, Ace to Five
Seat 6: Nazareno1999 folded before Flop (didn't bet)



PokerStars Hand #254645302225:  Hold'em No Limit ($0.50/$1.00 USD) - 2025/01/31 23:51:06 WET [2025/01/31 18:51:06 ET]
Table 'Seginus II' 6-max Seat #3 is the button
Seat 4: m0nTTu ($10 in chips) is sitting out
Seat 1: CEPTT ($194.46 in chips) 
Seat 2: CichiChanMarian ($100 in chips) 
Seat 3: Rikardas777 ($125.85 in chips) 
Seat 5: XneferX ($119.38 in chips) 
Seat 6: Nazareno1999 ($118.91 in chips) 
XneferX: posts small blind $0.50
Nazareno1999: posts big blind $1
*** HOLE CARDS ***
CEPTT: folds 
CichiChanMarian: folds 
Rikardas777: calls $1
XneferX: folds 
Nazareno1999: checks 
*** FLOP *** [9c 4h 4s]
Nazareno1999: bets $1.19
Rikardas777: calls $1.19
*** TURN *** [9c 4h 4s] [6h]
Nazareno1999: bets $3.06
Rikardas777: calls $3.06
*** RIVER *** [9c 4h 4s 6h] [As]
Nazareno1999: checks 
Rikardas777: checks 
*** SHOW DOWN ***
Nazareno1999: shows [9s 7h] (two pair, Nines and Fours)
Rikardas777: shows [Qd Qs] (two pair, Queens and Fours)
Rikardas777 collected $10.45 from pot
*** SUMMARY ***
Total pot $11 | Rake $0.55 
Board [9c 4h 4s 6h As]
Seat 4: m0nTTu
Seat 1: CEPTT folded before Flop (didn't bet)
Seat 2: CichiChanMarian folded before Flop (didn't bet)
Seat 3: Rikardas777 (button) showed [Qd Qs] and won ($10.45) with two pair, Queens and Fours
Seat 5: XneferX (small blind) folded before Flop
Seat 6: Nazareno1999 (big blind) showed [9s 7h] and lost with two pair, Nines and Fours



PokerStars Hand #254645309620:  Hold'em No Limit ($0.50/$1.00 USD) - 2025/01/31 23:51:36 WET [2025/01/31 18:51:36 ET]
Table 'Seginus II' 6-max Seat #5 is the button
Seat 4: m0nTTu ($10 in chips) is sitting out
Seat 1: CEPTT ($194.46 in chips) 
Seat 2: CichiChanMarian ($100 in chips) 
Seat 3: Rikardas777 ($131.05 in chips) 
Seat 5: XneferX ($118.88 in chips) 
Seat 6: Nazareno1999 ($113.66 in chips) 
Nazareno1999: posts small blind $0.50
CEPTT: posts big blind $1
m0nTTu: sits out 
*** HOLE CARDS ***
CichiChanMarian: folds 
Rikardas777: folds 
XneferX: folds 
Nazareno1999: folds 
Uncalled bet ($0.50) returned to CEPTT
CEPTT collected $1 from pot
CEPTT: doesn't show hand 
*** SUMMARY ***
Total pot $1 | Rake $0 
Seat 4: m0nTTu
Seat 1: CEPTT (big blind) collected ($1)
Seat 2: CichiChanMarian folded before Flop (didn't bet)
Seat 3: Rikardas777 folded before Flop (didn't bet)
Seat 5: XneferX (button) folded before Flop (didn't bet)
Seat 6: Nazareno1999 (small blind) folded before Flop



PokerStars Hand #254645314448:  Hold'em No Limit ($0.50/$1.00 USD) - 2025/01/31 23:51:55 WET [2025/01/31 18:51:55 ET]
Table 'Seginus II' 6-max Seat #6 is the button
Seat 4: m0nTTu ($10 in chips) is sitting out
Seat 1: CEPTT ($194.96 in chips) 
Seat 2: CichiChanMarian ($100 in chips) 
Seat 3: Rikardas777 ($131.05 in chips) 
Seat 5: XneferX ($118.88 in chips) 
Seat 6: Nazareno1999 ($113.16 in chips) 
CEPTT: posts small blind $0.50
CichiChanMarian: posts big blind $1
m0nTTu: sits out 
*** HOLE CARDS ***
Rikardas777: folds 
XneferX: folds 
Nazareno1999: folds 
CEPTT: folds 
Uncalled bet ($0.50) returned to CichiChanMarian
CichiChanMarian collected $1 from pot
CichiChanMarian: doesn't show hand 
*** SUMMARY ***
Total pot $1 | Rake $0 
Seat 4: m0nTTu
Seat 1: CEPTT (small blind) folded before Flop
Seat 2: CichiChanMarian (big blind) collected ($1)
Seat 3: Rikardas777 folded before Flop (didn't bet)
Seat 5: XneferX folded before Flop (didn't bet)
Seat 6: Nazareno1999 (button) folded before Flop (didn't bet)



PokerStars Hand #254645318927:  Hold'em No Limit ($0.50/$1.00 USD) - 2025/01/31 23:52:14 WET [2025/01/31 18:52:14 ET]
Table 'Seginus II' 6-max Seat #1 is the button
Seat 4: m0nTTu ($10 in chips) is sitting out
Seat 1: CEPTT ($194.46 in chips) 
Seat 2: CichiChanMarian ($100.50 in chips) 
Seat 3: Rikardas777 ($131.05 in chips) 
Seat 5: XneferX ($118.88 in chips) 
Seat 6: Nazareno1999 ($113.16 in chips) 
CichiChanMarian: posts small blind $0.50
Rikardas777: posts big blind $1
m0nTTu: sits out 
*** HOLE CARDS ***
XneferX: raises $1.10 to $2.10
Nazareno1999: folds 
CEPTT: folds 
CichiChanMarian: folds 
Rikardas777: folds 
Uncalled bet ($1.10) returned to XneferX
XneferX collected $2.50 from pot
XneferX: doesn't show hand 
*** SUMMARY ***
Total pot $2.50 | Rake $0 
Seat 4: m0nTTu
Seat 1: CEPTT (button) folded before Flop (didn't bet)
Seat 2: CichiChanMarian (small blind) folded before Flop
Seat 3: Rikardas777 (big blind) folded before Flop
Seat 5: XneferX collected ($2.50)
Seat 6: Nazareno1999 folded before Flop (didn't bet)



PokerStars Hand #254645324283:  Hold'em No Limit ($0.50/$1.00 USD) - 2025/01/31 23:52:36 WET [2025/01/31 18:52:36 ET]
Table 'Seginus II' 6-max Seat #2 is the button
Seat 1: CEPTT ($194.46 in chips) 
Seat 2: CichiChanMarian ($100 in chips) 
Seat 3: Rikardas777 ($130.05 in chips) 
Seat 4: m0nTTu ($10 in chips) 
Seat 5: XneferX ($120.38 in chips) 
Seat 6: Nazareno1999 ($113.16 in chips) 
Rikardas777: posts small blind $0.50
m0nTTu: posts big blind $1
*** HOLE CARDS ***
XneferX: raises $1.10 to $2.10
Nazareno1999: folds 
CEPTT: calls $2.10
CichiChanMarian: folds 
Rikardas777: folds 
m0nTTu: folds 
*** FLOP *** [5d Jh Kd]
XneferX: bets $1.84
CEPTT: folds 
Uncalled bet ($1.84) returned to XneferX
XneferX collected $5.42 from pot
XneferX: doesn't show hand 
*** SUMMARY ***
Total pot $5.70 | Rake $0.28 
Board [5d Jh Kd]
Seat 1: CEPTT folded on the Flop
Seat 2: CichiChanMarian (button) folded before Flop (didn't bet)
Seat 3: Rikardas777 (small blind) folded before Flop
Seat 4: m0nTTu (big blind) folded before Flop
Seat 5: XneferX collected ($5.42)
Seat 6: Nazareno1999 folded before Flop (didn't bet)



PokerStars Hand #254645334257:  Hold'em No Limit ($0.50/$1.00 USD) - 2025/01/31 23:53:18 WET [2025/01/31 18:53:18 ET]
Table 'Seginus II' 6-max Seat #3 is the button
Seat 1: CEPTT ($192.36 in chips) 
Seat 2: CichiChanMarian ($100 in chips) 
Seat 3: Rikardas777 ($129.55 in chips) 
Seat 4: m0nTTu ($10 in chips) 
Seat 5: XneferX ($123.70 in chips) 
Seat 6: Nazareno1999 ($113.16 in chips) 
m0nTTu: posts small blind $0.50
XneferX: posts big blind $1
*** HOLE CARDS ***
Nazareno1999: folds 
CEPTT: folds 
CichiChanMarian: folds 
Rikardas777: calls $1
m0nTTu: folds 
XneferX: checks 
*** FLOP *** [9h 4s Jd]
XneferX: checks 
Rikardas777: checks 
*** TURN *** [9h 4s Jd] [Qh]
XneferX: checks 
Rikardas777: bets $2.38
XneferX: folds 
Uncalled bet ($2.38) returned to Rikardas777
Rikardas777 collected $2.38 from pot
*** SUMMARY ***
Total pot $2.50 | Rake $0.12 
Board [9h 4s Jd Qh]
Seat 1: CEPTT folded before Flop (didn't bet)
Seat 2: CichiChanMarian folded before Flop (didn't bet)
Seat 3: Rikardas777 (button) collected ($2.38)
Seat 4: m0nTTu (small blind) folded before Flop
Seat 5: XneferX (big blind) folded on the Turn
Seat 6: Nazareno1999 folded before Flop (didn't bet)



PokerStars Hand #254645347356:  Hold'em No Limit ($0.50/$1.00 USD) - 2025/01/31 23:54:12 WET [2025/01/31 18:54:12 ET]
Table 'Seginus II' 6-max Seat #4 is the button
Seat 1: CEPTT ($192.36 in chips) 
Seat 2: CichiChanMarian ($100 in chips) 
Seat 3: Rikardas777 ($130.93 in chips) 
Seat 4: m0nTTu ($100 in chips) 
Seat 5: XneferX ($122.70 in chips) 
Seat 6: Nazareno1999 ($113.16 in chips) 
XneferX: posts small blind $0.50
Nazareno1999: posts big blind $1
*** HOLE CARDS ***
CEPTT: folds 
CichiChanMarian: folds 
Rikardas777: calls $1
m0nTTu: folds 
XneferX: folds 
Nazareno1999: raises $4.50 to $5.50
Rikardas777: folds 
Uncalled bet ($4.50) returned to Nazareno1999
Nazareno1999 collected $2.50 from pot
Nazareno1999: doesn't show hand 
*** SUMMARY ***
Total pot $2.50 | Rake $0 
Seat 1: CEPTT folded before Flop (didn't bet)
Seat 2: CichiChanMarian folded before Flop (didn't bet)
Seat 3: Rikardas777 folded before Flop
Seat 4: m0nTTu (button) folded before Flop (didn't bet)
Seat 5: XneferX (small blind) folded before Flop
Seat 6: Nazareno1999 (big blind) collected ($2.50)



PokerStars Hand #254645352827:  Hold'em No Limit ($0.50/$1.00 USD) - 2025/01/31 23:54:34 WET [2025/01/31 18:54:34 ET]
Table 'Seginus II' 6-max Seat #5 is the button
Seat 1: CEPTT ($192.36 in chips) is sitting out
Seat 2: CichiChanMarian ($100 in chips) 
Seat 3: Rikardas777 ($129.93 in chips) 
Seat 4: m0nTTu ($100 in chips) 
Seat 5: XneferX ($122.20 in chips) 
Seat 6: Nazareno1999 ($114.66 in chips) 
Nazareno1999: posts small blind $0.50
CEPTT: is sitting out 
CichiChanMarian: posts big blind $1
*** HOLE CARDS ***
Rikardas777: folds 
m0nTTu: folds 
XneferX: raises $1.77 to $2.77
Nazareno1999: raises $8.23 to $11
CichiChanMarian: folds 
XneferX: folds 
Uncalled bet ($8.23) returned to Nazareno1999
Nazareno1999 collected $6.54 from pot
Nazareno1999: doesn't show hand 
*** SUMMARY ***
Total pot $6.54 | Rake $0 
Seat 1: CEPTT
Seat 2: CichiChanMarian (big blind) folded before Flop
Seat 3: Rikardas777 folded before Flop (didn't bet)
Seat 4: m0nTTu folded before Flop (didn't bet)
Seat 5: XneferX (button) folded before Flop
Seat 6: Nazareno1999 (small blind) collected ($6.54)



PokerStars Hand #254645363056:  Hold'em No Limit ($0.50/$1.00 USD) - 2025/01/31 23:55:17 WET [2025/01/31 18:55:17 ET]
Table 'Seginus II' 6-max Seat #6 is the button
Seat 1: CEPTT ($192.36 in chips) is sitting out
Seat 2: CichiChanMarian ($100 in chips) 
Seat 3: Rikardas777 ($129.93 in chips) 
Seat 4: m0nTTu ($100 in chips) 
Seat 5: XneferX ($119.43 in chips) 
Seat 6: Nazareno1999 ($118.43 in chips) 
CichiChanMarian: posts small blind $0.50
Rikardas777: posts big blind $1
*** HOLE CARDS ***
m0nTTu: folds 
XneferX: folds 
Nazareno1999: raises $1.20 to $2.20
CichiChanMarian: folds 
Rikardas777: calls $1.20
*** FLOP *** [Qc 2s 2h]
Rikardas777: checks 
Nazareno1999: bets $1.54
Rikardas777: calls $1.54
*** TURN *** [Qc 2s 2h] [9c]
Rikardas777: checks 
Nazareno1999: bets $10.50
Rikardas777: calls $10.50
*** RIVER *** [Qc 2s 2h 9c] [5s]
Rikardas777: checks 
Nazareno1999: checks 
*** SHOW DOWN ***
Rikardas777: shows [2d Ah] (three of a kind, Deuces)
Nazareno1999: mucks hand 
Rikardas777 collected $27.53 from pot
*** SUMMARY ***
Total pot $28.98 | Rake $1.45 
Board [Qc 2s 2h 9c 5s]
Seat 1: CEPTT
Seat 2: CichiChanMarian (small blind) folded before Flop
Seat 3: Rikardas777 (big blind) showed [2d Ah] and won ($27.53) with three of a kind, Deuces
Seat 4: m0nTTu folded before Flop (didn't bet)
Seat 5: XneferX folded before Flop (didn't bet)
Seat 6: Nazareno1999 (button) mucked



PokerStars Hand #254645371079:  Hold'em No Limit ($0.50/$1.00 USD) - 2025/01/31 23:55:59 WET [2025/01/31 18:55:59 ET]
Table 'Seginus II' 6-max Seat #2 is the button
Seat 1: CEPTT ($192.36 in chips) is sitting out
Seat 2: CichiChanMarian ($100 in chips) 
Seat 3: Rikardas777 ($143.22 in chips) 
Seat 4: m0nTTu ($100 in chips) 
Seat 5: XneferX ($119.43 in chips) 
Seat 6: Nazareno1999 ($104.19 in chips) 
Rikardas777: posts small blind $0.50
m0nTTu: posts big blind $1
*** HOLE CARDS ***
XneferX: raises $1.10 to $2.10
Nazareno1999: folds 
CichiChanMarian: folds 
Rikardas777: calls $1.60
m0nTTu: calls $1.10
*** FLOP *** [3h Jh 8h]
Rikardas777: checks 
m0nTTu: checks 
XneferX: bets $3.05
Rikardas777: calls $3.05
m0nTTu: folds 
*** TURN *** [3h Jh 8h] [Ad]
Rikardas777: checks 
XneferX: checks 
*** RIVER *** [3h Jh 8h Ad] [Js]
Rikardas777: bets $11.78
XneferX: calls $11.78
*** SHOW DOWN ***
Rikardas777: shows [Jc 8d] (a full house, Jacks full of Eights)
XneferX: mucks hand 
Rikardas777 collected $34.16 from pot
*** SUMMARY ***
Total pot $35.96 | Rake $1.80 
Board [3h Jh 8h Ad Js]
Seat 1: CEPTT
Seat 2: CichiChanMarian (button) folded before Flop (didn't bet)
Seat 3: Rikardas777 (small blind) showed [Jc 8d] and won ($34.16) with a full house, Jacks full of Eights
Seat 4: m0nTTu (big blind) folded on the Flop
Seat 5: XneferX mucked
Seat 6: Nazareno1999 folded before Flop (didn't bet)



PokerStars Hand #254645384292:  Hold'em No Limit ($0.50/$1.00 USD) - 2025/01/31 23:57:07 WET [2025/01/31 18:57:07 ET]
Table 'Seginus II' 6-max Seat #3 is the button
Seat 1: CEPTT ($192.36 in chips) is sitting out
Seat 2: CichiChanMarian ($100 in chips) 
Seat 3: Rikardas777 ($160.45 in chips) 
Seat 4: m0nTTu ($97.90 in chips) 
Seat 5: XneferX ($102.50 in chips) 
Seat 6: Nazareno1999 ($104.19 in chips) 
m0nTTu: posts small blind $0.50
XneferX: posts big blind $1
CEPTT: sits out 
*** HOLE CARDS ***
Nazareno1999: folds 
CichiChanMarian: folds 
Rikardas777: folds 
m0nTTu: folds 
Uncalled bet ($0.50) returned to XneferX
XneferX collected $1 from pot
XneferX: doesn't show hand 
*** SUMMARY ***
Total pot $1 | Rake $0 
Seat 1: CEPTT
Seat 2: CichiChanMarian folded before Flop (didn't bet)
Seat 3: Rikardas777 (button) folded before Flop (didn't bet)
Seat 4: m0nTTu (small blind) folded before Flop
Seat 5: XneferX (big blind) collected ($1)
Seat 6: Nazareno1999 folded before Flop (didn't bet)



PokerStars Hand #254645390106:  Hold'em No Limit ($0.50/$1.00 USD) - 2025/01/31 23:57:38 WET [2025/01/31 18:57:38 ET]
Table 'Seginus II' 6-max Seat #4 is the button
Seat 1: CEPTT ($192.36 in chips) is sitting out
Seat 2: CichiChanMarian ($100 in chips) 
Seat 3: Rikardas777 ($160.45 in chips) 
Seat 4: m0nTTu ($100 in chips) 
Seat 5: XneferX ($103 in chips) 
Seat 6: Nazareno1999 ($104.19 in chips) 
XneferX: posts small blind $0.50
Nazareno1999: posts big blind $1
CEPTT: sits out 
*** HOLE CARDS ***
CichiChanMarian: folds 
Rikardas777: folds 
m0nTTu: folds 
XneferX: folds 
Uncalled bet ($0.50) returned to Nazareno1999
Nazareno1999 collected $1 from pot
Nazareno1999: doesn't show hand 
*** SUMMARY ***
Total pot $1 | Rake $0 
Seat 1: CEPTT
Seat 2: CichiChanMarian folded before Flop (didn't bet)
Seat 3: Rikardas777 folded before Flop (didn't bet)
Seat 4: m0nTTu (button) folded before Flop (didn't bet)
Seat 5: XneferX (small blind) folded before Flop
Seat 6: Nazareno1999 (big blind) collected ($1)



PokerStars Hand #254645392628:  Hold'em No Limit ($0.50/$1.00 USD) - 2025/01/31 23:57:50 WET [2025/01/31 18:57:50 ET]
Table 'Seginus II' 6-max Seat #5 is the button
Seat 1: CEPTT ($192.36 in chips) 
Seat 2: CichiChanMarian ($100 in chips) 
Seat 3: Rikardas777 ($160.45 in chips) 
Seat 4: m0nTTu ($100 in chips) 
Seat 5: XneferX ($102.50 in chips) 
Seat 6: Nazareno1999 ($104.69 in chips) 
Nazareno1999: posts small blind $0.50
CEPTT: posts big blind $1
*** HOLE CARDS ***
CichiChanMarian: raises $1.50 to $2.50
Rikardas777: folds 
m0nTTu: folds 
XneferX: folds 
Nazareno1999: folds 
CEPTT: folds 
Uncalled bet ($1.50) returned to CichiChanMarian
CichiChanMarian collected $2.50 from pot
CichiChanMarian: doesn't show hand 
*** SUMMARY ***
Total pot $2.50 | Rake $0 
Seat 1: CEPTT (big blind) folded before Flop
Seat 2: CichiChanMarian collected ($2.50)
Seat 3: Rikardas777 folded before Flop (didn't bet)
Seat 4: m0nTTu folded before Flop (didn't bet)
Seat 5: XneferX (button) folded before Flop (didn't bet)
Seat 6: Nazareno1999 (small blind) folded before Flop



PokerStars Hand #254645399705:  Hold'em No Limit ($0.50/$1.00 USD) - 2025/01/31 23:58:27 WET [2025/01/31 18:58:27 ET]
Table 'Seginus II' 6-max Seat #6 is the button
Seat 1: CEPTT ($191.36 in chips) 
Seat 2: CichiChanMarian ($101.50 in chips) 
Seat 3: Rikardas777 ($160.45 in chips) 
Seat 4: m0nTTu ($100 in chips) 
Seat 5: XneferX ($102.50 in chips) 
Seat 6: Nazareno1999 ($104.19 in chips) 
CEPTT: posts small blind $0.50
CichiChanMarian: posts big blind $1
*** HOLE CARDS ***
Rikardas777: folds 
m0nTTu: folds 
XneferX: raises $1.30 to $2.30
Nazareno1999: folds 
CEPTT: raises $9.70 to $12
CichiChanMarian: folds 
XneferX: folds 
Uncalled bet ($9.70) returned to CEPTT
CEPTT collected $5.60 from pot
CEPTT: doesn't show hand 
*** SUMMARY ***
Total pot $5.60 | Rake $0 
Seat 1: CEPTT (small blind) collected ($5.60)
Seat 2: CichiChanMarian (big blind) folded before Flop
Seat 3: Rikardas777 folded before Flop (didn't bet)
Seat 4: m0nTTu folded before Flop (didn't bet)
Seat 5: XneferX folded before Flop
Seat 6: Nazareno1999 (button) folded before Flop (didn't bet)



PokerStars Hand #254645407387:  Hold'em No Limit ($0.50/$1.00 USD) - 2025/01/31 23:59:07 WET [2025/01/31 18:59:07 ET]
Table 'Seginus II' 6-max Seat #1 is the button
Seat 1: CEPTT ($194.66 in chips) 
Seat 2: CichiChanMarian ($100.50 in chips) 
Seat 3: Rikardas777 ($160.45 in chips) 
Seat 4: m0nTTu ($100 in chips) 
Seat 5: XneferX ($100.20 in chips) 
Seat 6: Nazareno1999 ($104.19 in chips) 
CichiChanMarian: posts small blind $0.50
Rikardas777: posts big blind $1
*** HOLE CARDS ***
m0nTTu: folds 
XneferX: folds 
Nazareno1999: raises $1.20 to $2.20
CEPTT: folds 
CichiChanMarian: folds 
Rikardas777: calls $1.20
*** FLOP *** [7s Tc Ts]
Rikardas777: checks 
Nazareno1999: bets $1.54
Rikardas777: calls $1.54
*** TURN *** [7s Tc Ts] [7h]
Rikardas777: checks 
Nazareno1999: bets $2.50
Rikardas777: calls $2.50
*** RIVER *** [7s Tc Ts 7h] [Ac]
Rikardas777: checks 
Nazareno1999: bets $16.50
Rikardas777: folds 
Uncalled bet ($16.50) returned to Nazareno1999
Nazareno1999 collected $12.33 from pot
Nazareno1999: doesn't show hand 
*** SUMMARY ***
Total pot $12.98 | Rake $0.65 
Board [7s Tc Ts 7h Ac]
Seat 1: CEPTT (button) folded before Flop (didn't bet)
Seat 2: CichiChanMarian (small blind) folded before Flop
Seat 3: Rikardas777 (big blind) folded on the River
Seat 4: m0nTTu folded before Flop (didn't bet)
Seat 5: XneferX folded before Flop (didn't bet)
Seat 6: Nazareno1999 collected ($12.33)



PokerStars Hand #254645418173:  Hold'em No Limit ($0.50/$1.00 USD) - 2025/01/31 0:00:03 WET [2025/01/31 19:00:03 ET]
Table 'Seginus II' 6-max Seat #2 is the button
Seat 1: CEPTT ($194.66 in chips) 
Seat 2: CichiChanMarian ($100 in chips) 
Seat 3: Rikardas777 ($154.21 in chips) 
Seat 4: m0nTTu ($100 in chips) 
Seat 5: XneferX ($100.20 in chips) 
Seat 6: Nazareno1999 ($110.28 in chips) 
Rikardas777: posts small blind $0.50
m0nTTu: posts big blind $1
*** HOLE CARDS ***
XneferX: folds 
Nazareno1999: raises $1.20 to $2.20
CEPTT: folds 
CichiChanMarian: folds 
Rikardas777: calls $1.70
m0nTTu: raises $10.30 to $12.50
Nazareno1999: folds 
Rikardas777: folds 
Uncalled bet ($10.30) returned to m0nTTu
m0nTTu collected $6.60 from pot
m0nTTu: doesn't show hand 
*** SUMMARY ***
Total pot $6.60 | Rake $0 
Seat 1: CEPTT folded before Flop (didn't bet)
Seat 2: CichiChanMarian (button) folded before Flop (didn't bet)
Seat 3: Rikardas777 (small blind) folded before Flop
Seat 4: m0nTTu (big blind) collected ($6.60)
Seat 5: XneferX folded before Flop (didn't bet)
Seat 6: Nazareno1999 folded before Flop



PokerStars Hand #254645426258:  Hold'em No Limit ($0.50/$1.00 USD) - 2025/01/31 0:00:43 WET [2025/01/31 19:00:43 ET]
Table 'Seginus II' 6-max Seat #3 is the button
Seat 1: CEPTT ($194.66 in chips) 
Seat 2: CichiChanMarian ($100 in chips) 
Seat 3: Rikardas777 ($152.01 in chips) 
Seat 4: m0nTTu ($104.40 in chips) 
Seat 5: XneferX ($100.20 in chips) 
Seat 6: Nazareno1999 ($108.08 in chips) 
m0nTTu: posts small blind $0.50
XneferX: posts big blind $1
*** HOLE CARDS ***
Nazareno1999: folds 
CEPTT: raises $1.25 to $2.25
CichiChanMarian: folds 
Rikardas777: calls $2.25
m0nTTu: folds 
XneferX: folds 
*** FLOP *** [5h Js 4s]
CEPTT: checks 
Rikardas777: checks 
*** TURN *** [5h Js 4s] [2d]
CEPTT: checks 
Rikardas777: checks 
*** RIVER *** [5h Js 4s 2d] [Kc]
CEPTT: bets $8.55
Rikardas777: folds 
Uncalled bet ($8.55) returned to CEPTT
CEPTT collected $5.70 from pot
CEPTT: doesn't show hand 
*** SUMMARY ***
Total pot $6 | Rake $0.30 
Board [5h Js 4s 2d Kc]
Seat 1: CEPTT collected ($5.70)
Seat 2: CichiChanMarian folded before Flop (didn't bet)
Seat 3: Rikardas777 (button) folded on the River
Seat 4: m0nTTu (small blind) folded before Flop
Seat 5: XneferX (big blind) folded before Flop
Seat 6: Nazareno1999 folded before Flop (didn't bet)



PokerStars Hand #254645439948:  Hold'em No Limit ($0.50/$1.00 USD) - 2025/01/31 0:01:44 WET [2025/01/31 19:01:44 ET]
Table 'Seginus II' 6-max Seat #4 is the button
Seat 1: CEPTT ($198.11 in chips) 
Seat 2: CichiChanMarian ($100 in chips) 
Seat 3: Rikardas777 ($149.76 in chips) 
Seat 4: m0nTTu ($103.90 in chips) 
Seat 5: XneferX ($100 in chips) 
Seat 6: Nazareno1999 ($108.08 in chips) 
XneferX: posts small blind $0.50
Nazareno1999: posts big blind $1
*** HOLE CARDS ***
CEPTT: folds 
CichiChanMarian: folds 
Rikardas777: folds 
m0nTTu: folds 
XneferX: folds 
Uncalled bet ($0.50) returned to Nazareno1999
Nazareno1999 collected $1 from pot
Nazareno1999: doesn't show hand 
*** SUMMARY ***
Total pot $1 | Rake $0 
Seat 1: CEPTT folded before Flop (didn't bet)
Seat 2: CichiChanMarian folded before Flop (didn't bet)
Seat 3: Rikardas777 folded before Flop (didn't bet)
Seat 4: m0nTTu (button) folded before Flop (didn't bet)
Seat 5: XneferX (small blind) folded before Flop
Seat 6: Nazareno1999 (big blind) collected ($1)



PokerStars Hand #254645446525:  Hold'em No Limit ($0.50/$1.00 USD) - 2025/01/31 0:02:11 WET [2025/01/31 19:02:11 ET]
Table 'Seginus II' 6-max Seat #5 is the button
Seat 1: CEPTT ($198.11 in chips) 
Seat 2: CichiChanMarian ($100 in chips) 
Seat 3: Rikardas777 ($149.76 in chips) 
Seat 4: m0nTTu ($103.90 in chips) 
Seat 5: XneferX ($100 in chips) 
Seat 6: Nazareno1999 ($108.58 in chips) 
Nazareno1999: posts small blind $0.50
CEPTT: posts big blind $1
*** HOLE CARDS ***
CichiChanMarian: folds 
Rikardas777: calls $1
m0nTTu: folds 
XneferX: folds 
Nazareno1999: raises $3.50 to $4.50
CEPTT: raises $10.50 to $15
Rikardas777: folds 
Nazareno1999: folds 
Uncalled bet ($10.50) returned to CEPTT
CEPTT collected $10 from pot
CEPTT: doesn't show hand 
*** SUMMARY ***
Total pot $10 | Rake $0 
Seat 1: CEPTT (big blind) collected ($10)
Seat 2: CichiChanMarian folded before Flop (didn't bet)
Seat 3: Rikardas777 folded before Flop
Seat 4: m0nTTu folded before Flop (didn't bet)
Seat 5: XneferX (button) folded before Flop (didn't bet)
Seat 6: Nazareno1999 (small blind) folded before Flop



PokerStars Hand #254645451764:  Hold'em No Limit ($0.50/$1.00 USD) - 2025/01/31 0:02:33 WET [2025/01/31 19:02:33 ET]
Table 'Seginus II' 6-max Seat #6 is the button
Seat 1: CEPTT ($203.61 in chips) 
Seat 2: CichiChanMarian ($100 in chips) 
Seat 3: Rikardas777 ($148.76 in chips) 
Seat 4: m0nTTu ($103.90 in chips) 
Seat 5: XneferX ($100 in chips) 
Seat 6: Nazareno1999 ($104.08 in chips) 
CEPTT: posts small blind $0.50
CichiChanMarian: posts big blind $1
*** HOLE CARDS ***
Rikardas777: folds 
m0nTTu: folds 
XneferX: folds 
Nazareno1999: raises $1.20 to $2.20
CEPTT: folds 
CichiChanMarian: calls $1.20
*** FLOP *** [2d Ks 9s]
CichiChanMarian: checks 
Nazareno1999: bets $1.54
CichiChanMarian: raises $5.11 to $6.65
Nazareno1999: calls $5.11
*** TURN *** [2d Ks 9s] [7d]
CichiChanMarian: bets $23
Nazareno1999: calls $23
*** RIVER *** [2d Ks 9s 7d] [6h]
CichiChanMarian: checks 
Nazareno1999: checks 
*** SHOW DOWN ***
CichiChanMarian: shows [Jd Qs] (high card King)
Nazareno1999: shows [9c Jc] (a pair of Nines)
Nazareno1999 collected $61.70 from pot
*** SUMMARY ***
Total pot $64.20 | Rake $2.50 
Board [2d Ks 9s 7d 6h]
Seat 1: CEPTT (small blind) folded before Flop
Seat 2: CichiChanMarian (big blind) showed [Jd Qs] and lost with high card King
Seat 3: Rikardas777 folded before Flop (didn't bet)
Seat 4: m0nTTu folded before Flop (didn't bet)
Seat 5: XneferX folded before Flop (didn't bet)
Seat 6: Nazareno1999 (button) showed [9c Jc] and won ($61.70) with a pair of Nines



PokerStars Hand #254645468981:  Hold'em No Limit ($0.50/$1.00 USD) - 2025/01/31 0:03:46 WET [2025/01/31 19:03:46 ET]
Table 'Seginus II' 6-max Seat #1 is the button
Seat 1: CEPTT ($203.11 in chips) 
Seat 2: CichiChanMarian ($100 in chips) 
Seat 3: Rikardas777 ($148.76 in chips) 
Seat 4: m0nTTu ($103.90 in chips) 
Seat 5: XneferX ($100 in chips) 
Seat 6: Nazareno1999 ($133.93 in chips) 
CichiChanMarian: posts small blind $0.50
Rikardas777: posts big blind $1
*** HOLE CARDS ***
m0nTTu: raises $1.50 to $2.50
XneferX: folds 
Nazareno1999: folds 
CEPTT: folds 
CichiChanMarian: folds 
Rikardas777: folds 
Uncalled bet ($1.50) returned to m0nTTu
m0nTTu collected $2.50 from pot
m0nTTu: doesn't show hand 
*** SUMMARY ***
Total pot $2.50 | Rake $0 
Seat 1: CEPTT (button) folded before Flop (didn't bet)
Seat 2: CichiChanMarian (small blind) folded before Flop
Seat 3: Rikardas777 (big blind) folded before Flop
Seat 4: m0nTTu collected ($2.50)
Seat 5: XneferX folded before Flop (didn't bet)
Seat 6: Nazareno1999 folded before Flop (didn't bet)



PokerStars Hand #254645474347:  Hold'em No Limit ($0.50/$1.00 USD) - 2025/01/31 0:04:08 WET [2025/01/31 19:04:08 ET]
Table 'Seginus II' 6-max Seat #2 is the button
Seat 1: CEPTT ($203.11 in chips) 
Seat 2: CichiChanMarian ($100 in chips) 
Seat 3: Rikardas777 ($147.76 in chips) 
Seat 4: m0nTTu ($105.40 in chips) 
Seat 5: XneferX ($100 in chips) 
Seat 6: Nazareno1999 ($133.93 in chips) 
Rikardas777: posts small blind $0.50
m0nTTu: posts big blind $1
*** HOLE CARDS ***
XneferX: folds 
Nazareno1999: folds 
CEPTT: folds 
CichiChanMarian: raises $1.50 to $2.50
Rikardas777: folds 
m0nTTu: folds 
Uncalled bet ($1.50) returned to CichiChanMarian
CichiChanMarian collected $2.50 from pot
CichiChanMarian: doesn't show hand 
*** SUMMARY ***
Total pot $2.50 | Rake $0 
Seat 1: CEPTT folded before Flop (didn't bet)
Seat 2: CichiChanMarian (button) collected ($2.50)
Seat 3: Rikardas777 (small blind) folded before Flop
Seat 4: m0nTTu (big blind) folded before Flop
Seat 5: XneferX folded before Flop (didn't bet)
Seat 6: Nazareno1999 folded before Flop (didn't bet)



PokerStars Hand #254645478529:  Hold'em No Limit ($0.50/$1.00 USD) - 2025/01/31 0:04:26 WET [2025/01/31 19:04:26 ET]
Table 'Seginus II' 6-max Seat #3 is the button
Seat 1: CEPTT ($203.11 in chips) 
Seat 2: CichiChanMarian ($101.50 in chips) 
Seat 3: Rikardas777 ($147.26 in chips) 
Seat 4: m0nTTu ($104.40 in chips) 
Seat 5: XneferX ($100 in chips) 
Seat 6: Nazareno1999 ($133.93 in chips) 
m0nTTu: posts small blind $0.50
XneferX: posts big blind $1
*** HOLE CARDS ***
Nazareno1999: folds 
CEPTT: folds 
CichiChanMarian: raises $1.50 to $2.50
Rikardas777: calls $2.50
m0nTTu: folds 
XneferX: folds 
*** FLOP *** [6h Ks Ac]
CichiChanMarian: checks 
Rikardas777: checks 
*** TURN *** [6h Ks Ac] [8d]
CichiChanMarian: bets $4.63
Rikardas777: folds 
Uncalled bet ($4.63) returned to CichiChanMarian
CichiChanMarian collected $6.18 from pot
CichiChanMarian: doesn't show hand 
*** SUMMARY ***
Total pot $6.50 | Rake $0.32 
Board [6h Ks Ac 8d]
Seat 1: CEPTT folded before Flop (didn't bet)
Seat 2: CichiChanMarian collected ($6.18)
Seat 3: Rikardas777 (button) folded on the Turn
Seat 4: m0nTTu (small blind) folded before Flop
Seat 5: XneferX (big blind) folded before Flop
Seat 6: Nazareno1999 folded before Flop (didn't bet)



PokerStars Hand #254645485779:  Hold'em No Limit ($0.50/$1.00 USD) - 2025/01/31 0:04:55 WET [2025/01/31 19:04:55 ET]
Table 'Seginus II' 6-max Seat #4 is the button
Seat 1: CEPTT ($203.11 in chips) 
Seat 2: CichiChanMarian ($105.18 in chips) 
Seat 3: Rikardas777 ($144.76 in chips) 
Seat 4: m0nTTu ($103.90 in chips) 
Seat 5: XneferX ($100 in chips) 
Seat 6: Nazareno1999 ($133.93 in chips) 
XneferX: posts small blind $0.50
Nazareno1999: posts big blind $1
*** HOLE CARDS ***
CEPTT: folds 
CichiChanMarian: folds 
Rikardas777: calls $1
m0nTTu: raises $4 to $5
XneferX: folds 
Nazareno1999: folds 
Rikardas777: folds 
Uncalled bet ($4) returned to m0nTTu
m0nTTu collected $3.50 from pot
m0nTTu: doesn't show hand 
*** SUMMARY ***
Total pot $3.50 | Rake $0 
Seat 1: CEPTT folded before Flop (didn't bet)
Seat 2: CichiChanMarian folded before Flop (didn't bet)
Seat 3: Rikardas777 folded before Flop
Seat 4: m0nTTu (button) collected ($3.50)
Seat 5: XneferX (small blind) folded before Flop
Seat 6: Nazareno1999 (big blind) folded before Flop



PokerStars Hand #254645490528:  Hold'em No Limit ($0.50/$1.00 USD) - 2025/01/31 0:05:15 WET [2025/01/31 19:05:15 ET]
Table 'Seginus II' 6-max Seat #5 is the button
Seat 1: CEPTT ($203.11 in chips) 
Seat 2: CichiChanMarian ($105.18 in chips) 
Seat 3: Rikardas777 ($143.76 in chips) 
Seat 4: m0nTTu ($106.40 in chips) 
Seat 5: XneferX ($100 in chips) 
Seat 6: Nazareno1999 ($132.93 in chips) 
Nazareno1999: posts small blind $0.50
CEPTT: posts big blind $1
*** HOLE CARDS ***
CichiChanMarian: folds 
Rikardas777: folds 
m0nTTu: folds 
XneferX: folds 
Nazareno1999: folds 
Uncalled bet ($0.50) returned to CEPTT
CEPTT collected $1 from pot
CEPTT: doesn't show hand 
*** SUMMARY ***
Total pot $1 | Rake $0 
Seat 1: CEPTT (big blind) collected ($1)
Seat 2: CichiChanMarian folded before Flop (didn't bet)
Seat 3: Rikardas777 folded before Flop (didn't bet)
Seat 4: m0nTTu folded before Flop (didn't bet)
Seat 5: XneferX (button) folded before Flop (didn't bet)
Seat 6: Nazareno1999 (small blind) folded before Flop



PokerStars Hand #254645494077:  Hold'em No Limit ($0.50/$1.00 USD) - 2025/01/31 0:05:29 WET [2025/01/31 19:05:29 ET]
Table 'Seginus II' 6-max Seat #6 is the button
Seat 1: CEPTT ($203.61 in chips) 
Seat 2: CichiChanMarian ($105.18 in chips) 
Seat 3: Rikardas777 ($143.76 in chips) 
Seat 4: m0nTTu ($106.40 in chips) 
Seat 5: XneferX ($100 in chips) 
Seat 6: Nazareno1999 ($132.43 in chips) 
CEPTT: posts small blind $0.50
CichiChanMarian: posts big blind $1
*** HOLE CARDS ***
Rikardas777: calls $1
m0nTTu: raises $4 to $5
XneferX: folds 
Nazareno1999: folds 
CEPTT: folds 
CichiChanMarian: folds 
Rikardas777: calls $4
*** FLOP *** [3d 4h 3s]
Rikardas777: checks 
m0nTTu: bets $2.73
Rikardas777: calls $2.73
*** TURN *** [3d 4h 3s] [9s]
Rikardas777: checks 
m0nTTu: bets $2.74
Rikardas777: calls $2.74
*** RIVER *** [3d 4h 3s 9s] [2h]
Rikardas777: checks 
m0nTTu: checks 
*** SHOW DOWN ***
Rikardas777: shows [8s As] (a pair of Threes)
m0nTTu: shows [Ts Ac] (a pair of Threes - Ace+Ten kicker)
m0nTTu collected $21.32 from pot
*** SUMMARY ***
Total pot $22.44 | Rake $1.12 
Board [3d 4h 3s 9s 2h]
Seat 1: CEPTT (small blind) folded before Flop
Seat 2: CichiChanMarian (big blind) folded before Flop
Seat 3: Rikardas777 showed [8s As] and lost with a pair of Threes
Seat 4: m0nTTu showed [Ts Ac] and won ($21.32) with a pair of Threes
Seat 5: XneferX folded before Flop (didn't bet)
Seat 6: Nazareno1999 (button) folded before Flop (didn't bet)



PokerStars Hand #254645506493:  Hold'em No Limit ($0.50/$1.00 USD) - 2025/01/31 0:06:22 WET [2025/01/31 19:06:22 ET]
Table 'Seginus II' 6-max Seat #1 is the button
Seat 1: CEPTT ($203.11 in chips) 
Seat 2: CichiChanMarian ($104.18 in chips) 
Seat 3: Rikardas777 ($133.29 in chips) 
Seat 4: m0nTTu ($117.25 in chips) 
Seat 5: XneferX ($100 in chips) 
Seat 6: Nazareno1999 ($132.43 in chips) 
CichiChanMarian: posts small blind $0.50
Rikardas777: posts big blind $1
*** HOLE CARDS ***
m0nTTu: folds 
XneferX: folds 
Nazareno1999: folds 
CEPTT: raises $1.85 to $2.85
CichiChanMarian: folds 
Rikardas777: folds 
Uncalled bet ($1.85) returned to CEPTT
CEPTT collected $2.50 from pot
CEPTT: doesn't show hand 
*** SUMMARY ***
Total pot $2.50 | Rake $0 
Seat 1: CEPTT (button) collected ($2.50)
Seat 2: CichiChanMarian (small blind) folded before Flop
Seat 3: Rikardas777 (big blind) folded before Flop
Seat 4: m0nTTu folded before Flop (didn't bet)
Seat 5: XneferX folded before Flop (didn't bet)
Seat 6: Nazareno1999 folded before Flop (didn't bet)



PokerStars Hand #254645512030:  Hold'em No Limit ($0.50/$1.00 USD) - 2025/01/31 0:06:45 WET [2025/01/31 19:06:45 ET]
Table 'Seginus II' 6-max Seat #2 is the button
Seat 1: CEPTT ($204.61 in chips) 
Seat 2: CichiChanMarian ($103.68 in chips) 
Seat 3: Rikardas777 ($132.29 in chips) 
Seat 4: m0nTTu ($117.25 in chips) 
Seat 5: XneferX ($100 in chips) 
Seat 6: Nazareno1999 ($132.43 in chips) 
Rikardas777: posts small blind $0.50
m0nTTu: posts big blind $1
*** HOLE CARDS ***
XneferX: folds 
Nazareno1999: folds 
CEPTT: raises $1.25 to $2.25
CichiChanMarian: folds 
Rikardas777: calls $1.75
m0nTTu: folds 
*** FLOP *** [Kc 5c 2h]
Rikardas777: checks 
CEPTT: bets $1.57
Rikardas777: folds 
Uncalled bet ($1.57) returned to CEPTT
CEPTT collected $5.22 from pot
CEPTT: doesn't show hand 
*** SUMMARY ***
Total pot $5.50 | Rake $0.28 
Board [Kc 5c 2h]
Seat 1: CEPTT collected ($5.22)
Seat 2: CichiChanMarian (button) folded before Flop (didn't bet)
Seat 3: Rikardas777 (small blind) folded on the Flop
Seat 4: m0nTTu (big blind) folded before Flop
Seat 5: XneferX folded before Flop (didn't bet)
Seat 6: Nazareno1999 folded before Flop (didn't bet)



PokerStars Hand #254645518429:  Hold'em No Limit ($0.50/$1.00 USD) - 2025/01/31 0:07:11 WET [2025/01/31 19:07:11 ET]
Table 'Seginus II' 6-max Seat #3 is the button
Seat 1: CEPTT ($207.58 in chips) 
Seat 2: CichiChanMarian ($103.68 in chips) 
Seat 3: Rikardas777 ($130.04 in chips) 
Seat 4: m0nTTu ($116.25 in chips) 
Seat 5: XneferX ($100 in chips) 
Seat 6: Nazareno1999 ($132.43 in chips) 
m0nTTu: posts small blind $0.50
XneferX: posts big blind $1
*** HOLE CARDS ***
Nazareno1999: folds 
CEPTT: folds 
CichiChanMarian: folds 
Rikardas777: folds 
m0nTTu: raises $2 to $3
XneferX: raises $6 to $9
m0nTTu: folds 
Uncalled bet ($6) returned to XneferX
XneferX collected $6 from pot
XneferX: doesn't show hand 
*** SUMMARY ***
Total pot $6 | Rake $0 
Seat 1: CEPTT folded before Flop (didn't bet)
Seat 2: CichiChanMarian folded before Flop (didn't bet)
Seat 3: Rikardas777 (button) folded before Flop (didn't bet)
Seat 4: m0nTTu (small blind) folded before Flop
Seat 5: XneferX (big blind) collected ($6)
Seat 6: Nazareno1999 folded before Flop (didn't bet)



PokerStars Hand #254645527928:  Hold'em No Limit ($0.50/$1.00 USD) - 2025/01/31 0:07:52 WET [2025/01/31 19:07:52 ET]
Table 'Seginus II' 6-max Seat #4 is the button
Seat 6: Nazareno1999 ($132.43 in chips) is sitting out
Seat 1: CEPTT ($207.58 in chips) 
Seat 2: CichiChanMarian ($103.68 in chips) 
Seat 3: Rikardas777 ($130.04 in chips) 
Seat 4: m0nTTu ($113.25 in chips) 
Seat 5: XneferX ($103 in chips) 
XneferX: posts small blind $0.50
Nazareno1999: is sitting out 
CEPTT: posts big blind $1
*** HOLE CARDS ***
CichiChanMarian: folds 
Rikardas777: folds 
m0nTTu: folds 
XneferX: folds 
Uncalled bet ($0.50) returned to CEPTT
CEPTT collected $1 from pot
CEPTT: doesn't show hand 
*** SUMMARY ***
Total pot $1 | Rake $0 
Seat 6: Nazareno1999
Seat 1: CEPTT (big blind) collected ($1)
Seat 2: CichiChanMarian folded before Flop (didn't bet)
Seat 3: Rikardas777 folded before Flop (didn't bet)
Seat 4: m0nTTu (button) folded before Flop (didn't bet)
Seat 5: XneferX (small blind) folded before Flop



PokerStars Hand #254644893923:  Hold'em No Limit ($0.50/$1.00 USD) - 2025/01/31 23:25:06 WET [2025/01/31 18:25:06 ET]
Table 'Seginus II' 6-max Seat #3 is the button
Seat 1: henri789 ($110.78 in chips) 
Seat 2: CichiChanMarian ($100 in chips) 
Seat 3: Rikardas777 ($82.73 in chips) 
Seat 4: andutu34 ($108.73 in chips) 
Seat 5: sanzigdid ($127.80 in chips) 
Seat 6: BGS013 ($105.33 in chips) 
andutu34: posts small blind $0.50
sanzigdid: posts big blind $1
*** HOLE CARDS ***
BGS013: folds 
henri789: folds 
CichiChanMarian: raises $1.50 to $2.50
Rikardas777: calls $2.50
andutu34: folds 
sanzigdid: calls $1.50
*** FLOP *** [3h 4s 6c]
sanzigdid: checks 
CichiChanMarian: checks 
Rikardas777: checks 
*** TURN *** [3h 4s 6c] [7h]
sanzigdid: bets $3
CichiChanMarian: calls $3
Rikardas777: calls $3
*** RIVER *** [3h 4s 6c 7h] [2h]
sanzigdid: checks 
CichiChanMarian: bets $12.11
Rikardas777: folds 
Rikardas777 is disconnected 
sanzigdid: folds 
Uncalled bet ($12.11) returned to CichiChanMarian
CichiChanMarian collected $16.15 from pot
CichiChanMarian: doesn't show hand 
*** SUMMARY ***
Total pot $17 | Rake $0.85 
Board [3h 4s 6c 7h 2h]
Seat 1: henri789 folded before Flop (didn't bet)
Seat 2: CichiChanMarian collected ($16.15)
Seat 3: Rikardas777 (button) folded on the River
Seat 4: andutu34 (small blind) folded before Flop
Seat 5: sanzigdid (big blind) folded on the River
Seat 6: BGS013 folded before Flop (didn't bet)



PokerStars Hand #254644921370:  Hold'em No Limit ($0.50/$1.00 USD) - 2025/01/31 23:26:47 WET [2025/01/31 18:26:47 ET]
Table 'Seginus II' 6-max Seat #4 is the button
Seat 1: henri789 ($110.78 in chips) 
Seat 2: CichiChanMarian ($110.65 in chips) 
Seat 3: Rikardas777 ($77.23 in chips) 
Seat 4: andutu34 ($108.23 in chips) 
Seat 5: sanzigdid ($122.30 in chips) 
Seat 6: BGS013 ($105.33 in chips) 
sanzigdid: posts small blind $0.50
BGS013: posts big blind $1
*** HOLE CARDS ***
henri789: folds 
CichiChanMarian: folds 
Rikardas777 has timed out while disconnected
Rikardas777: folds 
andutu34: folds 
sanzigdid: folds 
Uncalled bet ($0.50) returned to BGS013
BGS013 collected $1 from pot
BGS013: doesn't show hand 
*** SUMMARY ***
Total pot $1 | Rake $0 
Seat 1: henri789 folded before Flop (didn't bet)
Seat 2: CichiChanMarian folded before Flop (didn't bet)
Seat 3: Rikardas777 folded before Flop (didn't bet)
Seat 4: andutu34 (button) folded before Flop (didn't bet)
Seat 5: sanzigdid (small blind) folded before Flop
Seat 6: BGS013 (big blind) collected ($1)



PokerStars Hand #254644926131:  Hold'em No Limit ($0.50/$1.00 USD) - 2025/01/31 23:27:04 WET [2025/01/31 18:27:04 ET]
Table 'Seginus II' 6-max Seat #5 is the button
Seat 3: Rikardas777 ($77.23 in chips) is sitting out
Seat 1: henri789 ($110.78 in chips) 
Seat 2: CichiChanMarian ($110.65 in chips) 
Seat 4: andutu34 ($108.23 in chips) 
Seat 5: sanzigdid ($121.80 in chips) 
Seat 6: BGS013 ($105.83 in chips) 
BGS013: posts small blind $0.50
henri789: posts big blind $1
*** HOLE CARDS ***
CichiChanMarian: folds 
andutu34: raises $1.30 to $2.30
sanzigdid: folds 
BGS013: folds 
henri789: folds 
Uncalled bet ($1.30) returned to andutu34
andutu34 collected $2.50 from pot
andutu34: doesn't show hand 
*** SUMMARY ***
Total pot $2.50 | Rake $0 
Seat 3: Rikardas777
Seat 1: henri789 (big blind) folded before Flop
Seat 2: CichiChanMarian folded before Flop (didn't bet)
Seat 4: andutu34 collected ($2.50)
Seat 5: sanzigdid (button) folded before Flop (didn't bet)
Seat 6: BGS013 (small blind) folded before Flop



PokerStars Hand #254644931077:  Hold'em No Limit ($0.50/$1.00 USD) - 2025/01/31 23:27:23 WET [2025/01/31 18:27:23 ET]
Table 'Seginus II' 6-max Seat #6 is the button
Seat 3: Rikardas777 ($77.23 in chips) is sitting out
Seat 1: henri789 ($109.78 in chips) 
Seat 2: CichiChanMarian ($110.65 in chips) 
Seat 4: andutu34 ($109.73 in chips) 
Seat 5: sanzigdid ($121.80 in chips) 
Seat 6: BGS013 ($105.33 in chips) 
henri789: posts small blind $0.50
CichiChanMarian: posts big blind $1
*** HOLE CARDS ***
andutu34: folds 
sanzigdid: folds 
BGS013: folds 
henri789: folds 
Uncalled bet ($0.50) returned to CichiChanMarian
CichiChanMarian collected $1 from pot
CichiChanMarian: doesn't show hand 
*** SUMMARY ***
Total pot $1 | Rake $0 
Seat 3: Rikardas777
Seat 1: henri789 (small blind) folded before Flop
Seat 2: CichiChanMarian (big blind) collected ($1)
Seat 4: andutu34 folded before Flop (didn't bet)
Seat 5: sanzigdid folded before Flop (didn't bet)
Seat 6: BGS013 (button) folded before Flop (didn't bet)



PokerStars Hand #254644935721:  Hold'em No Limit ($0.50/$1.00 USD) - 2025/01/31 23:27:40 WET [2025/01/31 18:27:40 ET]
Table 'Seginus II' 6-max Seat #1 is the button
Seat 1: henri789 ($109.28 in chips) 
Seat 2: CichiChanMarian ($111.15 in chips) 
Seat 3: Rikardas777 ($77.23 in chips) 
Seat 4: andutu34 ($109.73 in chips) 
Seat 5: sanzigdid ($121.80 in chips) 
Seat 6: BGS013 ($105.33 in chips) 
CichiChanMarian: posts small blind $0.50
Rikardas777: posts big blind $1
*** HOLE CARDS ***
andutu34: folds 
sanzigdid: folds 
BGS013: folds 
henri789: folds 
CichiChanMarian: folds 
Uncalled bet ($0.50) returned to Rikardas777
Rikardas777 collected $1 from pot
*** SUMMARY ***
Total pot $1 | Rake $0 
Seat 1: henri789 (button) folded before Flop (didn't bet)
Seat 2: CichiChanMarian (small blind) folded before Flop
Seat 3: Rikardas777 (big blind) collected ($1)
Seat 4: andutu34 folded before Flop (didn't bet)
Seat 5: sanzigdid folded before Flop (didn't bet)
Seat 6: BGS013 folded before Flop (didn't bet)



PokerStars Hand #254644939559:  Hold'em No Limit ($0.50/$1.00 USD) - 2025/01/31 23:27:54 WET [2025/01/31 18:27:54 ET]
Table 'Seginus II' 6-max Seat #2 is the button
Seat 1: henri789 ($109.28 in chips) 
Seat 2: CichiChanMarian ($110.65 in chips) 
Seat 3: Rikardas777 ($77.73 in chips) 
Seat 4: andutu34 ($109.73 in chips) 
Seat 5: sanzigdid ($121.80 in chips) 
Seat 6: BGS013 ($105.33 in chips) 
Rikardas777: posts small blind $0.50
andutu34: posts big blind $1
*** HOLE CARDS ***
sanzigdid: calls $1
BGS013: folds 
henri789: folds 
CichiChanMarian: folds 
Rikardas777: calls $0.50
andutu34: checks 
*** FLOP *** [8s 4h 9d]
Rikardas777: checks 
andutu34: checks 
sanzigdid: checks 
*** TURN *** [8s 4h 9d] [Ad]
Rikardas777: checks 
andutu34: checks 
sanzigdid: checks 
*** RIVER *** [8s 4h 9d Ad] [Kd]
Rikardas777: bets $2.85
andutu34: folds 
sanzigdid: calls $2.85
*** SHOW DOWN ***
Rikardas777: shows [6h Ac] (a pair of Aces)
sanzigdid: mucks hand 
Rikardas777 collected $8.26 from pot
*** SUMMARY ***
Total pot $8.70 | Rake $0.44 
Board [8s 4h 9d Ad Kd]
Seat 1: henri789 folded before Flop (didn't bet)
Seat 2: CichiChanMarian (button) folded before Flop (didn't bet)
Seat 3: Rikardas777 (small blind) showed [6h Ac] and won ($8.26) with a pair of Aces
Seat 4: andutu34 (big blind) folded on the River
Seat 5: sanzigdid mucked
Seat 6: BGS013 folded before Flop (didn't bet)



PokerStars Hand #254644951000:  Hold'em No Limit ($0.50/$1.00 USD) - 2025/01/31 23:28:36 WET [2025/01/31 18:28:36 ET]
Table 'Seginus II' 6-max Seat #3 is the button
Seat 1: henri789 ($109.28 in chips) 
Seat 2: CichiChanMarian ($110.65 in chips) 
Seat 3: Rikardas777 ($82.14 in chips) 
Seat 4: andutu34 ($108.73 in chips) 
Seat 5: sanzigdid ($117.95 in chips) 
Seat 6: BGS013 ($105.33 in chips) 
andutu34: posts small blind $0.50
sanzigdid: posts big blind $1
*** HOLE CARDS ***
BGS013: folds 
henri789: raises $1.20 to $2.20
CichiChanMarian: folds 
Rikardas777: calls $2.20
andutu34: folds 
sanzigdid: calls $1.20
*** FLOP *** [Ks 2h Qh]
sanzigdid: bets $3
henri789: calls $3
Rikardas777: folds 
*** TURN *** [Ks 2h Qh] [8h]
sanzigdid: bets $5
henri789: folds 
Uncalled bet ($5) returned to sanzigdid
sanzigdid collected $12.44 from pot
*** SUMMARY ***
Total pot $13.10 | Rake $0.66 
Board [Ks 2h Qh 8h]
Seat 1: henri789 folded on the Turn
Seat 2: CichiChanMarian folded before Flop (didn't bet)
Seat 3: Rikardas777 (button) folded on the Flop
Seat 4: andutu34 (small blind) folded before Flop
Seat 5: sanzigdid (big blind) collected ($12.44)
Seat 6: BGS013 folded before Flop (didn't bet)



PokerStars Hand #254644964067:  Hold'em No Limit ($0.50/$1.00 USD) - 2025/01/31 23:29:25 WET [2025/01/31 18:29:25 ET]
Table 'Seginus II' 6-max Seat #4 is the button
Seat 1: henri789 ($104.08 in chips) 
Seat 2: CichiChanMarian ($110.65 in chips) 
Seat 3: Rikardas777 ($79.94 in chips) 
Seat 4: andutu34 ($108.23 in chips) 
Seat 5: sanzigdid ($125.19 in chips) 
Seat 6: BGS013 ($105.33 in chips) 
sanzigdid: posts small blind $0.50
BGS013: posts big blind $1
*** HOLE CARDS ***
henri789: folds 
CichiChanMarian: folds 
Rikardas777: calls $1
andutu34: folds 
sanzigdid: folds 
BGS013: checks 
*** FLOP *** [Td Th 3s]
BGS013: checks 
Rikardas777: checks 
*** TURN *** [Td Th 3s] [9s]
BGS013: bets $1.31
Rikardas777: calls $1.31
*** RIVER *** [Td Th 3s 9s] [Kd]
BGS013: bets $6.17
Rikardas777: calls $6.17
*** SHOW DOWN ***
BGS013: shows [Qs 5d] (a pair of Tens)
Rikardas777: shows [4h Kh] (two pair, Kings and Tens)
Rikardas777 collected $16.59 from pot
*** SUMMARY ***
Total pot $17.46 | Rake $0.87 
Board [Td Th 3s 9s Kd]
Seat 1: henri789 folded before Flop (didn't bet)
Seat 2: CichiChanMarian folded before Flop (didn't bet)
Seat 3: Rikardas777 showed [4h Kh] and won ($16.59) with two pair, Kings and Tens
Seat 4: andutu34 (button) folded before Flop (didn't bet)
Seat 5: sanzigdid (small blind) folded before Flop
Seat 6: BGS013 (big blind) showed [Qs 5d] and lost with a pair of Tens



PokerStars Hand #254644975722:  Hold'em No Limit ($0.50/$1.00 USD) - 2025/01/31 23:30:09 WET [2025/01/31 18:30:09 ET]
Table 'Seginus II' 6-max Seat #5 is the button
Seat 1: henri789 ($104.08 in chips) is sitting out
Seat 2: CichiChanMarian ($110.65 in chips) 
Seat 3: Rikardas777 ($88.05 in chips) 
Seat 4: andutu34 ($108.23 in chips) 
Seat 5: sanzigdid ($124.69 in chips) 
Seat 6: BGS013 ($100 in chips) 
BGS013: posts small blind $0.50
henri789: is sitting out 
CichiChanMarian: posts big blind $1
*** HOLE CARDS ***
Rikardas777: calls $1
andutu34: folds 
henri789 leaves the table
sanzigdid: calls $1
BGS013: raises $4 to $5
CEPTT joins the table at seat #1 
CichiChanMarian: raises $10 to $15
Rikardas777: folds 
sanzigdid: raises $109.69 to $124.69 and is all-in
BGS013: folds 
CichiChanMarian: folds 
Uncalled bet ($109.69) returned to sanzigdid
sanzigdid collected $36 from pot
*** SUMMARY ***
Total pot $36 | Rake $0 
Seat 1: henri789
Seat 2: CichiChanMarian (big blind) folded before Flop
Seat 3: Rikardas777 folded before Flop
Seat 4: andutu34 folded before Flop (didn't bet)
Seat 5: sanzigdid (button) collected ($36)
Seat 6: BGS013 (small blind) folded before Flop



PokerStars Hand #254644988567:  Hold'em No Limit ($0.50/$1.00 USD) - 2025/01/31 23:30:57 WET [2025/01/31 18:30:57 ET]
Table 'Seginus II' 6-max Seat #6 is the button
Seat 1: CEPTT ($100 in chips) is sitting out
Seat 2: CichiChanMarian ($100 in chips) 
Seat 3: Rikardas777 ($87.05 in chips) 
Seat 4: andutu34 ($108.23 in chips) 
Seat 5: sanzigdid ($145.69 in chips) 
Seat 6: BGS013 ($100 in chips) 
CichiChanMarian: posts small blind $0.50
Rikardas777: posts big blind $1
*** HOLE CARDS ***
andutu34: folds 
sanzigdid: folds 
BGS013: folds 
CichiChanMarian: folds 
Uncalled bet ($0.50) returned to Rikardas777
Rikardas777 collected $1 from pot
*** SUMMARY ***
Total pot $1 | Rake $0 
Seat 1: CEPTT
Seat 2: CichiChanMarian (small blind) folded before Flop
Seat 3: Rikardas777 (big blind) collected ($1)
Seat 4: andutu34 folded before Flop (didn't bet)
Seat 5: sanzigdid folded before Flop (didn't bet)
Seat 6: BGS013 (button) folded before Flop (didn't bet)



PokerStars Hand #254644996842:  Hold'em No Limit ($0.50/$1.00 USD) - 2025/01/31 23:31:28 WET [2025/01/31 18:31:28 ET]
Table 'Seginus II' 6-max Seat #2 is the button
Seat 1: CEPTT ($100 in chips) is sitting out
Seat 2: CichiChanMarian ($100 in chips) 
Seat 3: Rikardas777 ($87.55 in chips) 
Seat 4: andutu34 ($108.23 in chips) 
Seat 5: sanzigdid ($145.69 in chips) 
Seat 6: BGS013 ($100 in chips) 
Rikardas777: posts small blind $0.50
andutu34: posts big blind $1
CEPTT: sits out 
*** HOLE CARDS ***
sanzigdid: folds 
BGS013: raises $1.50 to $2.50
CichiChanMarian: folds 
Rikardas777: calls $2
andutu34: folds 
*** FLOP *** [Qc 9d 5c]
Rikardas777: checks 
BGS013: bets $1.48
Rikardas777: calls $1.48
*** TURN *** [Qc 9d 5c] [2d]
Rikardas777: checks 
sanzigdid leaves the table
BGS013: bets $6.64
Rikardas777: folds 
Uncalled bet ($6.64) returned to BGS013
BGS013 collected $8.51 from pot
BGS013: doesn't show hand 
*** SUMMARY ***
Total pot $8.96 | Rake $0.45 
Board [Qc 9d 5c 2d]
Seat 1: CEPTT
Seat 2: CichiChanMarian (button) folded before Flop (didn't bet)
Seat 3: Rikardas777 (small blind) folded on the Turn
Seat 4: andutu34 (big blind) folded before Flop
Seat 5: sanzigdid folded before Flop (didn't bet)
Seat 6: BGS013 collected ($8.51)



PokerStars Hand #254645008501:  Hold'em No Limit ($0.50/$1.00 USD) - 2025/01/31 23:32:12 WET [2025/01/31 18:32:12 ET]
Table 'Seginus II' 6-max Seat #3 is the button
Seat 1: CEPTT ($100 in chips) is sitting out
Seat 2: CichiChanMarian ($100 in chips) 
Seat 3: Rikardas777 ($83.57 in chips) 
Seat 4: andutu34 ($107.23 in chips) 
Seat 6: BGS013 ($104.53 in chips) 
andutu34: posts small blind $0.50
BGS013: posts big blind $1
CEPTT: sits out 
*** HOLE CARDS ***
XneferX joins the table at seat #5 
CichiChanMarian: folds 
Rikardas777: folds 
andutu34: folds 
Uncalled bet ($0.50) returned to BGS013
BGS013 collected $1 from pot
BGS013: doesn't show hand 
*** SUMMARY ***
Total pot $1 | Rake $0 
Seat 1: CEPTT
Seat 2: CichiChanMarian folded before Flop (didn't bet)
Seat 3: Rikardas777 (button) folded before Flop (didn't bet)
Seat 4: andutu34 (small blind) folded before Flop
Seat 6: BGS013 (big blind) collected ($1)



PokerStars Hand #254645015239:  Hold'em No Limit ($0.50/$1.00 USD) - 2025/01/31 23:32:37 WET [2025/01/31 18:32:37 ET]
Table 'Seginus II' 6-max Seat #4 is the button
Seat 5: XneferX ($117.18 in chips) is sitting out
Seat 1: CEPTT ($100 in chips) 
Seat 2: CichiChanMarian ($100 in chips) 
Seat 3: Rikardas777 ($83.57 in chips) 
Seat 4: andutu34 ($106.73 in chips) 
Seat 6: BGS013 ($105.03 in chips) 
BGS013: posts small blind $0.50
CEPTT: posts big blind $1
*** HOLE CARDS ***
CichiChanMarian: folds 
Rikardas777: calls $1
andutu34: raises $3 to $4
BGS013: folds 
CEPTT: folds 
Rikardas777: calls $3
*** FLOP *** [7d 5c Td]
Rikardas777: checks 
andutu34: bets $4.51
Rikardas777: folds 
Uncalled bet ($4.51) returned to andutu34
andutu34 collected $9.02 from pot
andutu34: doesn't show hand 
*** SUMMARY ***
Total pot $9.50 | Rake $0.48 
Board [7d 5c Td]
Seat 5: XneferX
Seat 1: CEPTT (big blind) folded before Flop
Seat 2: CichiChanMarian folded before Flop (didn't bet)
Seat 3: Rikardas777 folded on the Flop
Seat 4: andutu34 (button) collected ($9.02)
Seat 6: BGS013 (small blind) folded before Flop



PokerStars Hand #254645029169:  Hold'em No Limit ($0.50/$1.00 USD) - 2025/01/31 23:33:29 WET [2025/01/31 18:33:29 ET]
Table 'Seginus II' 6-max Seat #6 is the button
Seat 5: XneferX ($117.18 in chips) is sitting out
Seat 1: CEPTT ($100 in chips) 
Seat 2: CichiChanMarian ($100 in chips) 
Seat 3: Rikardas777 ($79.57 in chips) 
Seat 4: andutu34 ($111.75 in chips) 
Seat 6: BGS013 ($104.53 in chips) 
CEPTT: posts small blind $0.50
CichiChanMarian: posts big blind $1
XneferX: sits out 
*** HOLE CARDS ***
Rikardas777: calls $1
andutu34: folds 
BGS013: folds 
CEPTT: folds 
CichiChanMarian: raises $4 to $5
Rikardas777: folds 
Uncalled bet ($4) returned to CichiChanMarian
CichiChanMarian collected $2.50 from pot
CichiChanMarian: doesn't show hand 
*** SUMMARY ***
Total pot $2.50 | Rake $0 
Seat 5: XneferX
Seat 1: CEPTT (small blind) folded before Flop
Seat 2: CichiChanMarian (big blind) collected ($2.50)
Seat 3: Rikardas777 folded before Flop
Seat 4: andutu34 folded before Flop (didn't bet)
Seat 6: BGS013 (button) folded before Flop (didn't bet)



PokerStars Hand #254645033974:  Hold'em No Limit ($0.50/$1.00 USD) - 2025/01/31 23:33:47 WET [2025/01/31 18:33:47 ET]
Table 'Seginus II' 6-max Seat #1 is the button
Seat 5: XneferX ($117.18 in chips) is sitting out
Seat 1: CEPTT ($100 in chips) 
Seat 2: CichiChanMarian ($101.50 in chips) 
Seat 3: Rikardas777 ($78.57 in chips) 
Seat 4: andutu34 ($111.75 in chips) 
Seat 6: BGS013 ($104.53 in chips) 
CichiChanMarian: posts small blind $0.50
Rikardas777: posts big blind $1
XneferX: sits out 
*** HOLE CARDS ***
andutu34: folds 
BGS013: folds 
CEPTT: raises $1.85 to $2.85
CichiChanMarian: raises $9.40 to $12.25
Rikardas777: folds 
CEPTT: calls $9.40
*** FLOP *** [8d Js Ah]
CichiChanMarian: bets $7.99
CEPTT: calls $7.99
*** TURN *** [8d Js Ah] [Tc]
CichiChanMarian: checks 
CEPTT: bets $29.56
CichiChanMarian: raises $51.70 to $81.26 and is all-in
CEPTT: calls $50.20 and is all-in
Uncalled bet ($1.50) returned to CichiChanMarian
*** RIVER *** [8d Js Ah Tc] [6h]
*** SHOW DOWN ***
CichiChanMarian: shows [9s 9c] (a pair of Nines)
CEPTT: shows [As Jd] (two pair, Aces and Jacks)
CEPTT collected $198.50 from pot
CichiChanMarian cashed out the hand for $44.22 | Cash Out Fee $0.90
*** SUMMARY ***
Total pot $201 | Rake $2.50 
Board [8d Js Ah Tc 6h]
Seat 5: XneferX
Seat 1: CEPTT (button) showed [As Jd] and won ($198.50) with two pair, Aces and Jacks
Seat 2: CichiChanMarian (small blind) showed [9s 9c] and lost with a pair of Nines (cashed out).
Seat 3: Rikardas777 (big blind) folded before Flop
Seat 4: andutu34 folded before Flop (didn't bet)
Seat 6: BGS013 folded before Flop (didn't bet)



PokerStars Hand #254645059015:  Hold'em No Limit ($0.50/$1.00 USD) - 2025/01/31 23:35:22 WET [2025/01/31 18:35:22 ET]
Table 'Seginus II' 6-max Seat #2 is the button
Seat 5: XneferX ($117.18 in chips) is sitting out
Seat 1: CEPTT ($198.50 in chips) 
Seat 2: CichiChanMarian ($100 in chips) 
Seat 3: Rikardas777 ($77.57 in chips) 
Seat 4: andutu34 ($111.75 in chips) 
Seat 6: BGS013 ($104.53 in chips) 
Rikardas777: posts small blind $0.50
andutu34: posts big blind $1
XneferX: sits out 
*** HOLE CARDS ***
BGS013: folds 
CEPTT: folds 
CichiChanMarian: folds 
Rikardas777: calls $0.50
andutu34: raises $3 to $4
Rikardas777: calls $3
*** FLOP *** [6d Qc 3h]
Rikardas777: checks 
andutu34: bets $2.51
Rikardas777: calls $2.51
*** TURN *** [6d Qc 3h] [4h]
Rikardas777: checks 
andutu34: bets $8.16
Rikardas777: folds 
Uncalled bet ($8.16) returned to andutu34
andutu34 collected $12.37 from pot
andutu34: doesn't show hand 
*** SUMMARY ***
Total pot $13.02 | Rake $0.65 
Board [6d Qc 3h 4h]
Seat 5: XneferX
Seat 1: CEPTT folded before Flop (didn't bet)
Seat 2: CichiChanMarian (button) folded before Flop (didn't bet)
Seat 3: Rikardas777 (small blind) folded on the Turn
Seat 4: andutu34 (big blind) collected ($12.37)
Seat 6: BGS013 folded before Flop (didn't bet)



PokerStars Hand #254645072875:  Hold'em No Limit ($0.50/$1.00 USD) - 2025/01/31 23:36:14 WET [2025/01/31 18:36:14 ET]
Table 'Seginus II' 6-max Seat #3 is the button
Seat 1: CEPTT ($198.50 in chips) 
Seat 2: CichiChanMarian ($100 in chips) 
Seat 3: Rikardas777 ($71.06 in chips) 
Seat 4: andutu34 ($117.61 in chips) 
Seat 5: XneferX ($117.18 in chips) 
Seat 6: BGS013 ($104.53 in chips) 
andutu34: posts small blind $0.50
XneferX: posts big blind $1
*** HOLE CARDS ***
BGS013: folds 
CEPTT: folds 
CichiChanMarian: folds 
Rikardas777: folds 
andutu34: raises $2 to $3
XneferX: calls $2
*** FLOP *** [5d 8h 8c]
andutu34: checks 
XneferX: bets $1.94
andutu34: calls $1.94
*** TURN *** [5d 8h 8c] [2d]
andutu34: checks 
XneferX: checks 
*** RIVER *** [5d 8h 8c 2d] [4c]
andutu34: checks 
XneferX: bets $3.19
andutu34: calls $3.19
*** SHOW DOWN ***
XneferX: shows [4h 5s] (two pair, Eights and Fives)
andutu34: mucks hand 
XneferX collected $15.45 from pot
*** SUMMARY ***
Total pot $16.26 | Rake $0.81 
Board [5d 8h 8c 2d 4c]
Seat 1: CEPTT folded before Flop (didn't bet)
Seat 2: CichiChanMarian folded before Flop (didn't bet)
Seat 3: Rikardas777 (button) folded before Flop (didn't bet)
Seat 4: andutu34 (small blind) mucked
Seat 5: XneferX (big blind) showed [4h 5s] and won ($15.45) with two pair, Eights and Fives
Seat 6: BGS013 folded before Flop (didn't bet)



PokerStars Hand #254645096422:  Hold'em No Limit ($0.50/$1.00 USD) - 2025/01/31 23:37:42 WET [2025/01/31 18:37:42 ET]
Table 'Seginus II' 6-max Seat #4 is the button
Seat 1: CEPTT ($198.50 in chips) 
Seat 2: CichiChanMarian ($100 in chips) 
Seat 3: Rikardas777 ($71.06 in chips) 
Seat 4: andutu34 ($109.48 in chips) 
Seat 5: XneferX ($124.50 in chips) 
Seat 6: BGS013 ($104.53 in chips) 
XneferX: posts small blind $0.50
BGS013: posts big blind $1
*** HOLE CARDS ***
CEPTT: folds 
CichiChanMarian: folds 
Rikardas777: folds 
andutu34: raises $1.49 to $2.49
XneferX: folds 
BGS013: calls $1.49
*** FLOP *** [9h Th 3d]
BGS013: checks 
andutu34: bets $5.26
BGS013: calls $5.26
*** TURN *** [9h Th 3d] [3s]
BGS013: bets $3.95
andutu34: raises $11.55 to $15.50
BGS013: calls $11.55
*** RIVER *** [9h Th 3d 3s] [7h]
BGS013: bets $81.28 and is all-in
andutu34: calls $81.28
*** SHOW DOWN ***
BGS013: shows [8h Ah] (a flush, Ace high)
andutu34: shows [3c 3h] (four of a kind, Threes)
andutu34 collected $207.06 from pot
*** SUMMARY ***
Total pot $209.56 | Rake $2.50 
Board [9h Th 3d 3s 7h]
Seat 1: CEPTT folded before Flop (didn't bet)
Seat 2: CichiChanMarian folded before Flop (didn't bet)
Seat 3: Rikardas777 folded before Flop (didn't bet)
Seat 4: andutu34 (button) showed [3c 3h] and won ($207.06) with four of a kind, Threes
Seat 5: XneferX (small blind) folded before Flop
Seat 6: BGS013 (big blind) showed [8h Ah] and lost with a flush, Ace high



PokerStars Hand #254645120120:  Hold'em No Limit ($0.50/$1.00 USD) - 2025/01/31 23:39:13 WET [2025/01/31 18:39:13 ET]
Table 'Seginus II' 6-max Seat #5 is the button
Seat 1: CEPTT ($198.50 in chips) 
Seat 2: CichiChanMarian ($100 in chips) 
Seat 3: Rikardas777 ($71.06 in chips) 
Seat 4: andutu34 ($212.01 in chips) 
Seat 5: XneferX ($124 in chips) 
Seat 6: BGS013 ($100 in chips) 
BGS013: posts small blind $0.50
CEPTT: posts big blind $1
*** HOLE CARDS ***
CichiChanMarian: folds 
Rikardas777: folds 
andutu34: folds 
XneferX: folds 
BGS013: raises $2 to $3
CEPTT: folds 
Uncalled bet ($2) returned to BGS013
BGS013 collected $2 from pot
BGS013: doesn't show hand 
*** SUMMARY ***
Total pot $2 | Rake $0 
Seat 1: CEPTT (big blind) folded before Flop
Seat 2: CichiChanMarian folded before Flop (didn't bet)
Seat 3: Rikardas777 folded before Flop (didn't bet)
Seat 4: andutu34 folded before Flop (didn't bet)
Seat 5: XneferX (button) folded before Flop (didn't bet)
Seat 6: BGS013 (small blind) collected ($2)



PokerStars Hand #254645126474:  Hold'em No Limit ($0.50/$1.00 USD) - 2025/01/31 23:39:37 WET [2025/01/31 18:39:37 ET]
Table 'Seginus II' 6-max Seat #6 is the button
Seat 1: CEPTT ($197.50 in chips) 
Seat 2: CichiChanMarian ($100 in chips) 
Seat 3: Rikardas777 ($71.06 in chips) 
Seat 4: andutu34 ($212.01 in chips) 
Seat 5: XneferX ($124 in chips) 
Seat 6: BGS013 ($101 in chips) 
CEPTT: posts small blind $0.50
CichiChanMarian: posts big blind $1
*** HOLE CARDS ***
Rikardas777: folds 
andutu34: folds 
XneferX: folds 
BGS013: raises $1.50 to $2.50
CEPTT: raises $9.50 to $12
CichiChanMarian: folds 
BGS013: folds 
Uncalled bet ($9.50) returned to CEPTT
CEPTT collected $6 from pot
CEPTT: doesn't show hand 
*** SUMMARY ***
Total pot $6 | Rake $0 
Seat 1: CEPTT (small blind) collected ($6)
Seat 2: CichiChanMarian (big blind) folded before Flop
Seat 3: Rikardas777 folded before Flop (didn't bet)
Seat 4: andutu34 folded before Flop (didn't bet)
Seat 5: XneferX folded before Flop (didn't bet)
Seat 6: BGS013 (button) folded before Flop



PokerStars Hand #254645132652:  Hold'em No Limit ($0.50/$1.00 USD) - 2025/01/31 23:40:00 WET [2025/01/31 18:40:00 ET]
Table 'Seginus II' 6-max Seat #1 is the button
Seat 1: CEPTT ($201 in chips) 
Seat 2: CichiChanMarian ($100 in chips) 
Seat 3: Rikardas777 ($71.06 in chips) 
Seat 4: andutu34 ($212.01 in chips) 
Seat 5: XneferX ($124 in chips) 
Seat 6: BGS013 ($100 in chips) 
CichiChanMarian: posts small blind $0.50
Rikardas777: posts big blind $1
*** HOLE CARDS ***
andutu34: folds 
XneferX: folds 
BGS013: raises $1.50 to $2.50
CEPTT: calls $2.50
CichiChanMarian: folds 
Rikardas777: folds 
*** FLOP *** [Qh Js Ks]
BGS013: bets $1.61
CEPTT: folds 
Uncalled bet ($1.61) returned to BGS013
BGS013 collected $6.18 from pot
BGS013: doesn't show hand 
*** SUMMARY ***
Total pot $6.50 | Rake $0.32 
Board [Qh Js Ks]
Seat 1: CEPTT (button) folded on the Flop
Seat 2: CichiChanMarian (small blind) folded before Flop
Seat 3: Rikardas777 (big blind) folded before Flop
Seat 4: andutu34 folded before Flop (didn't bet)
Seat 5: XneferX folded before Flop (didn't bet)
Seat 6: BGS013 collected ($6.18)



PokerStars Hand #254645148269:  Hold'em No Limit ($0.50/$1.00 USD) - 2025/01/31 23:40:59 WET [2025/01/31 18:40:59 ET]
Table 'Seginus II' 6-max Seat #2 is the button
Seat 1: CEPTT ($198.50 in chips) 
Seat 2: CichiChanMarian ($100 in chips) 
Seat 3: Rikardas777 ($70.06 in chips) 
Seat 4: andutu34 ($212.01 in chips) 
Seat 5: XneferX ($124 in chips) 
Seat 6: BGS013 ($103.68 in chips) 
Rikardas777: posts small blind $0.50
andutu34: posts big blind $1
*** HOLE CARDS ***
XneferX: folds 
BGS013: folds 
CEPTT: folds 
CichiChanMarian: raises $1.50 to $2.50
Rikardas777: calls $2
andutu34: calls $1.50
*** FLOP *** [4s Ad Ah]
Rikardas777: checks 
andutu34: checks 
CichiChanMarian: bets $2.35
Rikardas777: calls $2.35
andutu34: folds 
*** TURN *** [4s Ad Ah] [3s]
Rikardas777: checks 
CichiChanMarian: bets $8.69
Rikardas777: calls $8.69
*** RIVER *** [4s Ad Ah 3s] [8h]
Rikardas777: bets $56.52 and is all-in
CichiChanMarian: calls $56.52
*** SHOW DOWN ***
Rikardas777: shows [Ac 3c] (a full house, Aces full of Threes)
CichiChanMarian: shows [As 2d] (three of a kind, Aces)
Rikardas777 collected $140.12 from pot
*** SUMMARY ***
Total pot $142.62 | Rake $2.50 
Board [4s Ad Ah 3s 8h]
Seat 1: CEPTT folded before Flop (didn't bet)
Seat 2: CichiChanMarian (button) showed [As 2d] and lost with three of a kind, Aces
Seat 3: Rikardas777 (small blind) showed [Ac 3c] and won ($140.12) with a full house, Aces full of Threes
Seat 4: andutu34 (big blind) folded on the Flop
Seat 5: XneferX folded before Flop (didn't bet)
Seat 6: BGS013 folded before Flop (didn't bet)



PokerStars Hand #254645160742:  Hold'em No Limit ($0.50/$1.00 USD) - 2025/01/31 23:41:47 WET [2025/01/31 18:41:47 ET]
Table 'Seginus II' 6-max Seat #3 is the button
Seat 1: CEPTT ($198.50 in chips) 
Seat 2: CichiChanMarian ($100 in chips) 
Seat 3: Rikardas777 ($140.12 in chips) 
Seat 4: andutu34 ($209.51 in chips) 
Seat 5: XneferX ($124 in chips) 
Seat 6: BGS013 ($103.68 in chips) 
andutu34: posts small blind $0.50
XneferX: posts big blind $1
*** HOLE CARDS ***
BGS013: folds 
BGS013 leaves the table
Nazareno1999 joins the table at seat #6 
CEPTT: folds 
CichiChanMarian: raises $1.50 to $2.50
Rikardas777: folds 
andutu34: folds 
XneferX: folds 
Uncalled bet ($1.50) returned to CichiChanMarian
CichiChanMarian collected $2.50 from pot
CichiChanMarian: doesn't show hand 
*** SUMMARY ***
Total pot $2.50 | Rake $0 
Seat 1: CEPTT folded before Flop (didn't bet)
Seat 2: CichiChanMarian collected ($2.50)
Seat 3: Rikardas777 (button) folded before Flop (didn't bet)
Seat 4: andutu34 (small blind) folded before Flop
Seat 5: XneferX (big blind) folded before Flop
Seat 6: BGS013 folded before Flop (didn't bet)



PokerStars Hand #254645171353:  Hold'em No Limit ($0.50/$1.00 USD) - 2025/01/31 23:42:27 WET [2025/01/31 18:42:27 ET]
Table 'Seginus II' 6-max Seat #4 is the button
Seat 1: CEPTT ($198.50 in chips) 
Seat 2: CichiChanMarian ($101.50 in chips) 
Seat 3: Rikardas777 ($140.12 in chips) 
Seat 4: andutu34 ($209.01 in chips) 
Seat 5: XneferX ($123 in chips) 
Seat 6: Nazareno1999 ($100 in chips) 
XneferX: posts small blind $0.50
Nazareno1999: posts big blind $1
*** HOLE CARDS ***
CEPTT: folds 
CichiChanMarian: folds 
Rikardas777: calls $1
andutu34: folds 
XneferX: folds 
Nazareno1999: raises $3 to $4
Rikardas777: calls $3
*** FLOP *** [2h 8h Qh]
Nazareno1999: checks 
Rikardas777: checks 
*** TURN *** [2h 8h Qh] [Qs]
Nazareno1999: checks 
Rikardas777: bets $4.04
Nazareno1999: folds 
Uncalled bet ($4.04) returned to Rikardas777
Rikardas777 collected $8.08 from pot
*** SUMMARY ***
Total pot $8.50 | Rake $0.42 
Board [2h 8h Qh Qs]
Seat 1: CEPTT folded before Flop (didn't bet)
Seat 2: CichiChanMarian folded before Flop (didn't bet)
Seat 3: Rikardas777 collected ($8.08)
Seat 4: andutu34 (button) folded before Flop (didn't bet)
Seat 5: XneferX (small blind) folded before Flop
Seat 6: Nazareno1999 (big blind) folded on the Turn



PokerStars Hand #254645181444:  Hold'em No Limit ($0.50/$1.00 USD) - 2025/01/31 23:43:06 WET [2025/01/31 18:43:06 ET]
Table 'Seginus II' 6-max Seat #5 is the button
Seat 1: CEPTT ($198.50 in chips) 
Seat 2: CichiChanMarian ($101.50 in chips) 
Seat 3: Rikardas777 ($144.20 in chips) 
Seat 4: andutu34 ($209.01 in chips) 
Seat 5: XneferX ($122.50 in chips) 
Seat 6: Nazareno1999 ($100 in chips) 
Nazareno1999: posts small blind $0.50
CEPTT: posts big blind $1
*** HOLE CARDS ***
CichiChanMarian: folds 
Rikardas777: calls $1
andutu34: folds 
XneferX: folds 
Nazareno1999: folds 
CEPTT: raises $2.50 to $3.50
Rikardas777: calls $2.50
*** FLOP *** [Js Ac 2c]
CEPTT: bets $2.14
Rikardas777: calls $2.14
*** TURN *** [Js Ac 2c] [9h]
CEPTT: checks 
Rikardas777: checks 
*** RIVER *** [Js Ac 2c 9h] [Kc]
CEPTT: checks 
Rikardas777: checks 
*** SHOW DOWN ***
CEPTT: shows [5d Ad] (a pair of Aces)
Rikardas777: shows [Jc 9s] (two pair, Jacks and Nines)
Rikardas777 collected $11.19 from pot
*** SUMMARY ***
Total pot $11.78 | Rake $0.59 
Board [Js Ac 2c 9h Kc]
Seat 1: CEPTT (big blind) showed [5d Ad] and lost with a pair of Aces
Seat 2: CichiChanMarian folded before Flop (didn't bet)
Seat 3: Rikardas777 showed [Jc 9s] and won ($11.19) with two pair, Jacks and Nines
Seat 4: andutu34 folded before Flop (didn't bet)
Seat 5: XneferX (button) folded before Flop (didn't bet)
Seat 6: Nazareno1999 (small blind) folded before Flop



PokerStars Hand #254645191610:  Hold'em No Limit ($0.50/$1.00 USD) - 2025/01/31 23:43:46 WET [2025/01/31 18:43:46 ET]
Table 'Seginus II' 6-max Seat #6 is the button
Seat 1: CEPTT ($192.86 in chips) 
Seat 2: CichiChanMarian ($101.50 in chips) 
Seat 3: Rikardas777 ($149.75 in chips) 
Seat 4: andutu34 ($209.01 in chips) 
Seat 5: XneferX ($122.50 in chips) 
Seat 6: Nazareno1999 ($100 in chips) 
CEPTT: posts small blind $0.50
CichiChanMarian: posts big blind $1
*** HOLE CARDS ***
Rikardas777: folds 
andutu34: folds 
XneferX: raises $1.30 to $2.30
Nazareno1999: folds 
CEPTT: folds 
CichiChanMarian: folds 
Uncalled bet ($1.30) returned to XneferX
XneferX collected $2.50 from pot
XneferX: doesn't show hand 
*** SUMMARY ***
Total pot $2.50 | Rake $0 
Seat 1: CEPTT (small blind) folded before Flop
Seat 2: CichiChanMarian (big blind) folded before Flop
Seat 3: Rikardas777 folded before Flop (didn't bet)
Seat 4: andutu34 folded before Flop (didn't bet)
Seat 5: XneferX collected ($2.50)
Seat 6: Nazareno1999 (button) folded before Flop (didn't bet)



PokerStars Hand #254645201461:  Hold'em No Limit ($0.50/$1.00 USD) - 2025/01/31 23:44:24 WET [2025/01/31 18:44:24 ET]
Table 'Seginus II' 6-max Seat #1 is the button
Seat 1: CEPTT ($192.36 in chips) 
Seat 2: CichiChanMarian ($100.50 in chips) 
Seat 3: Rikardas777 ($149.75 in chips) 
Seat 4: andutu34 ($209.01 in chips) 
Seat 5: XneferX ($124 in chips) 
Seat 6: Nazareno1999 ($100 in chips) 
CichiChanMarian: posts small blind $0.50
Rikardas777: posts big blind $1
*** HOLE CARDS ***
andutu34: folds 
XneferX: raises $1.10 to $2.10
Nazareno1999: folds 
CEPTT: raises $5.40 to $7.50
CichiChanMarian: folds 
Rikardas777: folds 
XneferX: folds 
Uncalled bet ($5.40) returned to CEPTT
CEPTT collected $5.70 from pot
CEPTT: doesn't show hand 
*** SUMMARY ***
Total pot $5.70 | Rake $0 
Seat 1: CEPTT (button) collected ($5.70)
Seat 2: CichiChanMarian (small blind) folded before Flop
Seat 3: Rikardas777 (big blind) folded before Flop
Seat 4: andutu34 folded before Flop (didn't bet)
Seat 5: XneferX folded before Flop
Seat 6: Nazareno1999 folded before Flop (didn't bet)



PokerStars Hand #254645212045:  Hold'em No Limit ($0.50/$1.00 USD) - 2025/01/31 23:45:05 WET [2025/01/31 18:45:05 ET]
Table 'Seginus II' 6-max Seat #2 is the button
Seat 1: CEPTT ($195.96 in chips) 
Seat 2: CichiChanMarian ($100 in chips) 
Seat 3: Rikardas777 ($148.75 in chips) 
Seat 4: andutu34 ($209.01 in chips) 
Seat 5: XneferX ($121.90 in chips) 
Seat 6: Nazareno1999 ($100 in chips) 
Rikardas777: posts small blind $0.50
andutu34: posts big blind $1
*** HOLE CARDS ***
XneferX: raises $1.10 to $2.10
Nazareno1999: folds 
CEPTT: folds 
CichiChanMarian: folds 
Rikardas777: folds 
andutu34: folds 
Uncalled bet ($1.10) returned to XneferX
XneferX collected $2.50 from pot
XneferX: doesn't show hand 
*** SUMMARY ***
Total pot $2.50 | Rake $0 
Seat 1: CEPTT folded before Flop (didn't bet)
Seat 2: CichiChanMarian (button) folded before Flop (didn't bet)
Seat 3: Rikardas777 (small blind) folded before Flop
Seat 4: andutu34 (big blind) folded before Flop
Seat 5: XneferX collected ($2.50)
Seat 6: Nazareno1999 folded before Flop (didn't bet)



PokerStars Hand #254645218345:  Hold'em No Limit ($0.50/$1.00 USD) - 2025/01/31 23:45:30 WET [2025/01/31 18:45:30 ET]
Table 'Seginus II' 6-max Seat #3 is the button
Seat 1: CEPTT ($195.96 in chips) 
Seat 2: CichiChanMarian ($100 in chips) 
Seat 3: Rikardas777 ($148.25 in chips) 
Seat 4: andutu34 ($208.01 in chips) 
Seat 5: XneferX ($123.40 in chips) 
Seat 6: Nazareno1999 ($100 in chips) 
andutu34: posts small blind $0.50
XneferX: posts big blind $1
*** HOLE CARDS ***
Nazareno1999: raises $1.20 to $2.20
CEPTT: folds 
CichiChanMarian: folds 
Rikardas777: calls $2.20
andutu34: folds 
XneferX: folds 
*** FLOP *** [8s Qs 4h]
Nazareno1999: bets $1.85
Rikardas777: calls $1.85
*** TURN *** [8s Qs 4h] [5d]
Nazareno1999: bets $3.01
Rikardas777: calls $3.01
*** RIVER *** [8s Qs 4h 5d] [4d]
Nazareno1999: bets $4.90
Rikardas777: folds 
Uncalled bet ($4.90) returned to Nazareno1999
Nazareno1999 collected $14.84 from pot
Nazareno1999: doesn't show hand 
*** SUMMARY ***
Total pot $15.62 | Rake $0.78 
Board [8s Qs 4h 5d 4d]
Seat 1: CEPTT folded before Flop (didn't bet)
Seat 2: CichiChanMarian folded before Flop (didn't bet)
Seat 3: Rikardas777 (button) folded on the River
Seat 4: andutu34 (small blind) folded before Flop
Seat 5: XneferX (big blind) folded before Flop
Seat 6: Nazareno1999 collected ($14.84)



PokerStars Hand #254645230253:  Hold'em No Limit ($0.50/$1.00 USD) - 2025/01/31 23:46:16 WET [2025/01/31 18:46:16 ET]
Table 'Seginus II' 6-max Seat #4 is the button
Seat 1: CEPTT ($195.96 in chips) 
Seat 2: CichiChanMarian ($100 in chips) 
Seat 3: Rikardas777 ($141.19 in chips) 
Seat 4: andutu34 ($207.51 in chips) 
Seat 5: XneferX ($122.40 in chips) 
Seat 6: Nazareno1999 ($107.78 in chips) 
XneferX: posts small blind $0.50
Nazareno1999: posts big blind $1
*** HOLE CARDS ***
CEPTT: folds 
CichiChanMarian: raises $1.50 to $2.50
Rikardas777: folds 
andutu34: folds 
XneferX: folds 
Nazareno1999: folds 
Uncalled bet ($1.50) returned to CichiChanMarian
CichiChanMarian collected $2.50 from pot
CichiChanMarian: doesn't show hand 
*** SUMMARY ***
Total pot $2.50 | Rake $0 
Seat 1: CEPTT folded before Flop (didn't bet)
Seat 2: CichiChanMarian collected ($2.50)
Seat 3: Rikardas777 folded before Flop (didn't bet)
Seat 4: andutu34 (button) folded before Flop (didn't bet)
Seat 5: XneferX (small blind) folded before Flop
Seat 6: Nazareno1999 (big blind) folded before Flop



PokerStars Hand #254645235396:  Hold'em No Limit ($0.50/$1.00 USD) - 2025/01/31 23:46:37 WET [2025/01/31 18:46:37 ET]
Table 'Seginus II' 6-max Seat #5 is the button
Seat 1: CEPTT ($195.96 in chips) 
Seat 2: CichiChanMarian ($101.50 in chips) 
Seat 3: Rikardas777 ($141.19 in chips) 
Seat 4: andutu34 ($207.51 in chips) 
Seat 5: XneferX ($121.90 in chips) 
Seat 6: Nazareno1999 ($106.78 in chips) 
Nazareno1999: posts small blind $0.50
CEPTT: posts big blind $1
*** HOLE CARDS ***
CichiChanMarian: folds 
Rikardas777: calls $1
andutu34: raises $3 to $4
XneferX: folds 
Nazareno1999: folds 
CEPTT: folds 
Rikardas777: calls $3
*** FLOP *** [Ad 4d Qs]
Rikardas777: checks 
andutu34: bets $2.26
Rikardas777: folds 
Uncalled bet ($2.26) returned to andutu34
andutu34 collected $9.02 from pot
andutu34: doesn't show hand 
*** SUMMARY ***
Total pot $9.50 | Rake $0.48 
Board [Ad 4d Qs]
Seat 1: CEPTT (big blind) folded before Flop
Seat 2: CichiChanMarian folded before Flop (didn't bet)
Seat 3: Rikardas777 folded on the Flop
Seat 4: andutu34 collected ($9.02)
Seat 5: XneferX (button) folded before Flop (didn't bet)
Seat 6: Nazareno1999 (small blind) folded before Flop



PokerStars Hand #254645559821:  Hold'em No Limit ($0.50/$1.00 USD) - 2025/01/31 0:10:06 WET [2025/01/31 19:10:06 ET]
Table 'Seginus II' 6-max Seat #4 is the button
Seat 1: CEPTT ($207.58 in chips) 
Seat 2: CichiChanMarian ($102.18 in chips) 
Seat 3: Rikardas777 ($129.92 in chips) 
Seat 4: m0nTTu ($113.25 in chips) 
Seat 5: XneferX ($104.50 in chips) 
Seat 6: Nazareno1999 ($132.43 in chips) 
XneferX: posts small blind $0.50
Nazareno1999: posts big blind $1
*** HOLE CARDS ***
CEPTT: raises $1.25 to $2.25
CichiChanMarian: folds 
Rikardas777: folds 
m0nTTu: folds 
XneferX: folds 
Nazareno1999: folds 
Uncalled bet ($1.25) returned to CEPTT
CEPTT collected $2.50 from pot
CEPTT: doesn't show hand 
*** SUMMARY ***
Total pot $2.50 | Rake $0 
Seat 1: CEPTT collected ($2.50)
Seat 2: CichiChanMarian folded before Flop (didn't bet)
Seat 3: Rikardas777 folded before Flop (didn't bet)
Seat 4: m0nTTu (button) folded before Flop (didn't bet)
Seat 5: XneferX (small blind) folded before Flop
Seat 6: Nazareno1999 (big blind) folded before Flop



PokerStars Hand #254645565296:  Hold'em No Limit ($0.50/$1.00 USD) - 2025/01/31 0:10:30 WET [2025/01/31 19:10:30 ET]
Table 'Seginus II' 6-max Seat #5 is the button
Seat 1: CEPTT ($209.08 in chips) 
Seat 2: CichiChanMarian ($102.18 in chips) 
Seat 3: Rikardas777 ($129.92 in chips) 
Seat 4: m0nTTu ($113.25 in chips) 
Seat 5: XneferX ($104 in chips) 
Seat 6: Nazareno1999 ($131.43 in chips) 
Nazareno1999: posts small blind $0.50
CEPTT: posts big blind $1
*** HOLE CARDS ***
CichiChanMarian: folds 
Rikardas777: folds 
m0nTTu: folds 
XneferX: folds 
Nazareno1999: folds 
Uncalled bet ($0.50) returned to CEPTT
CEPTT collected $1 from pot
CEPTT: doesn't show hand 
*** SUMMARY ***
Total pot $1 | Rake $0 
Seat 1: CEPTT (big blind) collected ($1)
Seat 2: CichiChanMarian folded before Flop (didn't bet)
Seat 3: Rikardas777 folded before Flop (didn't bet)
Seat 4: m0nTTu folded before Flop (didn't bet)
Seat 5: XneferX (button) folded before Flop (didn't bet)
Seat 6: Nazareno1999 (small blind) folded before Flop



PokerStars Hand #254645573684:  Hold'em No Limit ($0.50/$1.00 USD) - 2025/01/31 0:11:05 WET [2025/01/31 19:11:05 ET]
Table 'Seginus II' 6-max Seat #6 is the button
Seat 1: CEPTT ($209.58 in chips) 
Seat 2: CichiChanMarian ($102.18 in chips) 
Seat 3: Rikardas777 ($129.92 in chips) 
Seat 4: m0nTTu ($113.25 in chips) 
Seat 5: XneferX ($104 in chips) 
Seat 6: Nazareno1999 ($130.93 in chips) 
CEPTT: posts small blind $0.50
CichiChanMarian: posts big blind $1
*** HOLE CARDS ***
Rikardas777: calls $1
m0nTTu: folds 
XneferX: calls $1
Nazareno1999: raises $7.50 to $8.50
CEPTT: folds 
CichiChanMarian: folds 
Rikardas777: folds 
XneferX: folds 
Uncalled bet ($7.50) returned to Nazareno1999
Nazareno1999 collected $4.50 from pot
Nazareno1999: doesn't show hand 
*** SUMMARY ***
Total pot $4.50 | Rake $0 
Seat 1: CEPTT (small blind) folded before Flop
Seat 2: CichiChanMarian (big blind) folded before Flop
Seat 3: Rikardas777 folded before Flop
Seat 4: m0nTTu folded before Flop (didn't bet)
Seat 5: XneferX folded before Flop
Seat 6: Nazareno1999 (button) collected ($4.50)



PokerStars Hand #254645580779:  Hold'em No Limit ($0.50/$1.00 USD) - 2025/01/31 0:11:35 WET [2025/01/31 19:11:35 ET]
Table 'Seginus II' 6-max Seat #1 is the button
Seat 1: CEPTT ($209.08 in chips) 
Seat 2: CichiChanMarian ($101.18 in chips) 
Seat 3: Rikardas777 ($128.92 in chips) 
Seat 4: m0nTTu ($113.25 in chips) 
Seat 5: XneferX ($103 in chips) 
Seat 6: Nazareno1999 ($134.43 in chips) 
CichiChanMarian: posts small blind $0.50
Rikardas777: posts big blind $1
*** HOLE CARDS ***
m0nTTu: folds 
XneferX: folds 
Nazareno1999: folds 
CEPTT: folds 
CichiChanMarian: raises $2 to $3
Rikardas777: calls $2
*** FLOP *** [4c 2c 3s]
CichiChanMarian: bets $1.88
Rikardas777: calls $1.88
*** TURN *** [4c 2c 3s] [3c]
CichiChanMarian: checks 
Rikardas777: checks 
*** RIVER *** [4c 2c 3s 3c] [2d]
CichiChanMarian: checks 
Rikardas777: checks 
*** SHOW DOWN ***
CichiChanMarian: shows [Td Ah] (two pair, Threes and Deuces)
Rikardas777: shows [6c Kc] (a flush, King high)
Rikardas777 collected $9.27 from pot
*** SUMMARY ***
Total pot $9.76 | Rake $0.49 
Board [4c 2c 3s 3c 2d]
Seat 1: CEPTT (button) folded before Flop (didn't bet)
Seat 2: CichiChanMarian (small blind) showed [Td Ah] and lost with two pair, Threes and Deuces
Seat 3: Rikardas777 (big blind) showed [6c Kc] and won ($9.27) with a flush, King high
Seat 4: m0nTTu folded before Flop (didn't bet)
Seat 5: XneferX folded before Flop (didn't bet)
Seat 6: Nazareno1999 folded before Flop (didn't bet)



PokerStars Hand #254645594648:  Hold'em No Limit ($0.50/$1.00 USD) - 2025/01/31 0:12:34 WET [2025/01/31 19:12:34 ET]
Table 'Seginus II' 6-max Seat #2 is the button
Seat 1: CEPTT ($209.08 in chips) 
Seat 2: CichiChanMarian ($100 in chips) 
Seat 3: Rikardas777 ($133.31 in chips) 
Seat 4: m0nTTu ($113.25 in chips) 
Seat 5: XneferX ($103 in chips) 
Seat 6: Nazareno1999 ($134.43 in chips) 
Rikardas777: posts small blind $0.50
m0nTTu: posts big blind $1
*** HOLE CARDS ***
XneferX: raises $1.10 to $2.10
Nazareno1999: folds 
CEPTT: folds 
CichiChanMarian: raises $5.25 to $7.35
Rikardas777: folds 
m0nTTu: folds 
XneferX: calls $5.25
*** FLOP *** [Jd 5c Ah]
XneferX: checks 
CichiChanMarian: bets $5.08
XneferX: folds 
Uncalled bet ($5.08) returned to CichiChanMarian
CichiChanMarian collected $15.39 from pot
CichiChanMarian: doesn't show hand 
*** SUMMARY ***
Total pot $16.20 | Rake $0.81 
Board [Jd 5c Ah]
Seat 1: CEPTT folded before Flop (didn't bet)
Seat 2: CichiChanMarian (button) collected ($15.39)
Seat 3: Rikardas777 (small blind) folded before Flop
Seat 4: m0nTTu (big blind) folded before Flop
Seat 5: XneferX folded on the Flop
Seat 6: Nazareno1999 folded before Flop (didn't bet)



PokerStars Hand #254645613362:  Hold'em No Limit ($0.50/$1.00 USD) - 2025/01/31 0:13:53 WET [2025/01/31 19:13:53 ET]
Table 'Seginus II' 6-max Seat #3 is the button
Seat 1: CEPTT ($209.08 in chips) 
Seat 2: CichiChanMarian ($108.04 in chips) 
Seat 3: Rikardas777 ($132.81 in chips) 
Seat 4: m0nTTu ($112.25 in chips) 
Seat 5: XneferX ($100 in chips) 
Seat 6: Nazareno1999 ($134.43 in chips) 
m0nTTu: posts small blind $0.50
XneferX: posts big blind $1
*** HOLE CARDS ***
Nazareno1999: folds 
CEPTT: raises $1.25 to $2.25
CichiChanMarian: folds 
Rikardas777: calls $2.25
m0nTTu: folds 
XneferX: folds 
*** FLOP *** [Qc Kc Ks]
CEPTT: bets $2.85
Rikardas777: folds 
Uncalled bet ($2.85) returned to CEPTT
CEPTT collected $5.70 from pot
CEPTT: doesn't show hand 
*** SUMMARY ***
Total pot $6 | Rake $0.30 
Board [Qc Kc Ks]
Seat 1: CEPTT collected ($5.70)
Seat 2: CichiChanMarian folded before Flop (didn't bet)
Seat 3: Rikardas777 (button) folded on the Flop
Seat 4: m0nTTu (small blind) folded before Flop
Seat 5: XneferX (big blind) folded before Flop
Seat 6: Nazareno1999 folded before Flop (didn't bet)



PokerStars Hand #254645625943:  Hold'em No Limit ($0.50/$1.00 USD) - 2025/01/31 0:14:47 WET [2025/01/31 19:14:47 ET]
Table 'Seginus II' 6-max Seat #4 is the button
Seat 1: CEPTT ($212.53 in chips) 
Seat 2: CichiChanMarian ($108.04 in chips) 
Seat 3: Rikardas777 ($130.56 in chips) 
Seat 4: m0nTTu ($111.75 in chips) 
Seat 5: XneferX ($100 in chips) 
Seat 6: Nazareno1999 ($134.43 in chips) 
XneferX: posts small blind $0.50
Nazareno1999: posts big blind $1
*** HOLE CARDS ***
CEPTT: folds 
CichiChanMarian: raises $1.50 to $2.50
Rikardas777: folds 
m0nTTu: folds 
XneferX: folds 
Nazareno1999: folds 
Uncalled bet ($1.50) returned to CichiChanMarian
CichiChanMarian collected $2.50 from pot
CichiChanMarian: doesn't show hand 
*** SUMMARY ***
Total pot $2.50 | Rake $0 
Seat 1: CEPTT folded before Flop (didn't bet)
Seat 2: CichiChanMarian collected ($2.50)
Seat 3: Rikardas777 folded before Flop (didn't bet)
Seat 4: m0nTTu (button) folded before Flop (didn't bet)
Seat 5: XneferX (small blind) folded before Flop
Seat 6: Nazareno1999 (big blind) folded before Flop



PokerStars Hand #254645629650:  Hold'em No Limit ($0.50/$1.00 USD) - 2025/01/31 0:15:03 WET [2025/01/31 19:15:03 ET]
Table 'Seginus II' 6-max Seat #5 is the button
Seat 1: CEPTT ($212.53 in chips) 
Seat 2: CichiChanMarian ($109.54 in chips) 
Seat 3: Rikardas777 ($130.56 in chips) 
Seat 4: m0nTTu ($111.75 in chips) 
Seat 5: XneferX ($100 in chips) 
Seat 6: Nazareno1999 ($133.43 in chips) 
Nazareno1999: posts small blind $0.50
CEPTT: posts big blind $1
*** HOLE CARDS ***
CichiChanMarian: raises $1.50 to $2.50
Rikardas777: folds 
m0nTTu: folds 
XneferX: folds 
Nazareno1999: folds 
CEPTT: folds 
Uncalled bet ($1.50) returned to CichiChanMarian
CichiChanMarian collected $2.50 from pot
CichiChanMarian: doesn't show hand 
*** SUMMARY ***
Total pot $2.50 | Rake $0 
Seat 1: CEPTT (big blind) folded before Flop
Seat 2: CichiChanMarian collected ($2.50)
Seat 3: Rikardas777 folded before Flop (didn't bet)
Seat 4: m0nTTu folded before Flop (didn't bet)
Seat 5: XneferX (button) folded before Flop (didn't bet)
Seat 6: Nazareno1999 (small blind) folded before Flop



PokerStars Hand #254645637782:  Hold'em No Limit ($0.50/$1.00 USD) - 2025/01/31 0:15:38 WET [2025/01/31 19:15:38 ET]
Table 'Seginus II' 6-max Seat #6 is the button
Seat 2: CichiChanMarian ($111.04 in chips) is sitting out
Seat 1: CEPTT ($211.53 in chips) 
Seat 3: Rikardas777 ($130.56 in chips) 
Seat 4: m0nTTu ($111.75 in chips) 
Seat 5: XneferX ($100 in chips) 
Seat 6: Nazareno1999 ($132.93 in chips) 
CEPTT: posts small blind $0.50
CichiChanMarian: is sitting out 
Rikardas777: posts big blind $1
*** HOLE CARDS ***
CichiChanMarian leaves the table
m0nTTu: raises $1.50 to $2.50
B1GBankroll joins the table at seat #2 
XneferX: folds 
Nazareno1999: folds 
CEPTT: folds 
Rikardas777: folds 
Uncalled bet ($1.50) returned to m0nTTu
m0nTTu collected $2.50 from pot
m0nTTu: doesn't show hand 
*** SUMMARY ***
Total pot $2.50 | Rake $0 
Seat 2: CichiChanMarian
Seat 1: CEPTT (small blind) folded before Flop
Seat 3: Rikardas777 (big blind) folded before Flop
Seat 4: m0nTTu collected ($2.50)
Seat 5: XneferX folded before Flop (didn't bet)
Seat 6: Nazareno1999 (button) folded before Flop (didn't bet)



PokerStars Hand #254645643591:  Hold'em No Limit ($0.50/$1.00 USD) - 2025/01/31 0:16:03 WET [2025/01/31 19:16:03 ET]
Table 'Seginus II' 6-max Seat #1 is the button
Seat 2: B1GBankroll ($100 in chips) is sitting out
Seat 1: CEPTT ($211.03 in chips) 
Seat 3: Rikardas777 ($129.56 in chips) 
Seat 4: m0nTTu ($113.25 in chips) 
Seat 5: XneferX ($100 in chips) 
Seat 6: Nazareno1999 ($132.93 in chips) 
Rikardas777: posts small blind $0.50
m0nTTu: posts big blind $1
*** HOLE CARDS ***
XneferX: folds 
Nazareno1999: folds 
CEPTT: folds 
Rikardas777: folds 
Uncalled bet ($0.50) returned to m0nTTu
m0nTTu collected $1 from pot
m0nTTu: doesn't show hand 
*** SUMMARY ***
Total pot $1 | Rake $0 
Seat 2: B1GBankroll
Seat 1: CEPTT (button) folded before Flop (didn't bet)
Seat 3: Rikardas777 (small blind) folded before Flop
Seat 4: m0nTTu (big blind) collected ($1)
Seat 5: XneferX folded before Flop (didn't bet)
Seat 6: Nazareno1999 folded before Flop (didn't bet)



PokerStars Hand #254645651645:  Hold'em No Limit ($0.50/$1.00 USD) - 2025/01/31 0:16:37 WET [2025/01/31 19:16:37 ET]
Table 'Seginus II' 6-max Seat #3 is the button
Seat 2: B1GBankroll ($100 in chips) is sitting out
Seat 1: CEPTT ($211.03 in chips) 
Seat 3: Rikardas777 ($129.06 in chips) 
Seat 4: m0nTTu ($113.75 in chips) 
Seat 5: XneferX ($100 in chips) 
Seat 6: Nazareno1999 ($132.93 in chips) 
m0nTTu: posts small blind $0.50
XneferX: posts big blind $1
B1GBankroll: sits out 
*** HOLE CARDS ***
Nazareno1999: folds 
CEPTT: folds 
Rikardas777: folds 
m0nTTu: folds 
Uncalled bet ($0.50) returned to XneferX
XneferX collected $1 from pot
XneferX: doesn't show hand 
*** SUMMARY ***
Total pot $1 | Rake $0 
Seat 2: B1GBankroll
Seat 1: CEPTT folded before Flop (didn't bet)
Seat 3: Rikardas777 (button) folded before Flop (didn't bet)
Seat 4: m0nTTu (small blind) folded before Flop
Seat 5: XneferX (big blind) collected ($1)
Seat 6: Nazareno1999 folded before Flop (didn't bet)



PokerStars Hand #254645657406:  Hold'em No Limit ($0.50/$1.00 USD) - 2025/01/31 0:17:03 WET [2025/01/31 19:17:03 ET]
Table 'Seginus II' 6-max Seat #4 is the button
Seat 2: B1GBankroll ($100 in chips) is sitting out
Seat 1: CEPTT ($211.03 in chips) 
Seat 3: Rikardas777 ($129.06 in chips) 
Seat 4: m0nTTu ($113.25 in chips) 
Seat 5: XneferX ($100.50 in chips) 
Seat 6: Nazareno1999 ($132.93 in chips) 
XneferX: posts small blind $0.50
Nazareno1999: posts big blind $1
B1GBankroll: sits out 
*** HOLE CARDS ***
CEPTT: raises $1.25 to $2.25
Rikardas777: folds 
m0nTTu: folds 
XneferX: raises $8.75 to $11
Nazareno1999: folds 
CEPTT: raises $12 to $23
XneferX: calls $12
*** FLOP *** [Th Js 6c]
XneferX: checks 
CEPTT: checks 
*** TURN *** [Th Js 6c] [7s]
XneferX: checks 
CEPTT is disconnected 
CEPTT is connected 
CEPTT: checks 
*** RIVER *** [Th Js 6c 7s] [Jd]
XneferX: bets $11.61
CEPTT: calls $11.61
*** SHOW DOWN ***
XneferX: shows [Ad Qd] (a pair of Jacks)
CEPTT: shows [Kh Ah] (a pair of Jacks - Ace+King kicker)
CEPTT collected $67.72 from pot
*** SUMMARY ***
Total pot $70.22 | Rake $2.50 
Board [Th Js 6c 7s Jd]
Seat 2: B1GBankroll
Seat 1: CEPTT showed [Kh Ah] and won ($67.72) with a pair of Jacks
Seat 3: Rikardas777 folded before Flop (didn't bet)
Seat 4: m0nTTu (button) folded before Flop (didn't bet)
Seat 5: XneferX (small blind) showed [Ad Qd] and lost with a pair of Jacks
Seat 6: Nazareno1999 (big blind) folded before Flop



PokerStars Hand #254645709706:  Hold'em No Limit ($0.50/$1.00 USD) - 2025/01/31 0:20:50 WET [2025/01/31 19:20:50 ET]
Table 'Seginus II' 6-max Seat #5 is the button
Seat 2: B1GBankroll ($100 in chips) is sitting out
Seat 1: CEPTT ($244.14 in chips) 
Seat 3: Rikardas777 ($129.06 in chips) 
Seat 4: m0nTTu ($113.25 in chips) 
Seat 5: XneferX ($100 in chips) 
Seat 6: Nazareno1999 ($131.93 in chips) 
Nazareno1999: posts small blind $0.50
CEPTT: posts big blind $1
B1GBankroll: sits out 
*** HOLE CARDS ***
Rikardas777: calls $1
m0nTTu: raises $4 to $5
XneferX: folds 
Nazareno1999: folds 
CEPTT: folds 
Rikardas777: calls $4
*** FLOP *** [3s 9d Jd]
Rikardas777: checks 
m0nTTu: bets $8.19
Rikardas777: calls $8.19
*** TURN *** [3s 9d Jd] [4d]
Rikardas777: checks 
m0nTTu: bets $19.87
Rikardas777: folds 
Uncalled bet ($19.87) returned to m0nTTu
m0nTTu collected $26.49 from pot
m0nTTu: doesn't show hand 
*** SUMMARY ***
Total pot $27.88 | Rake $1.39 
Board [3s 9d Jd 4d]
Seat 2: B1GBankroll
Seat 1: CEPTT (big blind) folded before Flop
Seat 3: Rikardas777 folded on the Turn
Seat 4: m0nTTu collected ($26.49)
Seat 5: XneferX (button) folded before Flop (didn't bet)
Seat 6: Nazareno1999 (small blind) folded before Flop



PokerStars Hand #254645720356:  Hold'em No Limit ($0.50/$1.00 USD) - 2025/01/31 0:21:37 WET [2025/01/31 19:21:37 ET]
Table 'Seginus II' 6-max Seat #6 is the button
Seat 1: CEPTT ($243.14 in chips) 
Seat 2: B1GBankroll ($100 in chips) 
Seat 3: Rikardas777 ($115.87 in chips) 
Seat 4: m0nTTu ($126.55 in chips) 
Seat 5: XneferX ($100 in chips) 
Seat 6: Nazareno1999 ($131.43 in chips) 
CEPTT: posts small blind $0.50
B1GBankroll: posts big blind $1
*** HOLE CARDS ***
Rikardas777: folds 
m0nTTu: folds 
XneferX: folds 
Nazareno1999: folds 
CEPTT: raises $2 to $3
Rikardas777 leaves the table
B1GBankroll: folds 
Uncalled bet ($2) returned to CEPTT
CEPTT collected $2 from pot
CEPTT: doesn't show hand 
*** SUMMARY ***
Total pot $2 | Rake $0 
Seat 1: CEPTT (small blind) collected ($2)
Seat 2: B1GBankroll (big blind) folded before Flop
Seat 3: Rikardas777 folded before Flop (didn't bet)
Seat 4: m0nTTu folded before Flop (didn't bet)
Seat 5: XneferX folded before Flop (didn't bet)
Seat 6: Nazareno1999 (button) folded before Flop (didn't bet)



PokerStars Hand #254645724535:  Hold'em No Limit ($0.50/$1.00 USD) - 2025/01/31 0:21:55 WET [2025/01/31 19:21:55 ET]
Table 'Seginus II' 6-max Seat #1 is the button
Seat 1: CEPTT ($244.14 in chips) 
Seat 2: B1GBankroll ($100 in chips) 
Seat 4: m0nTTu ($126.55 in chips) 
Seat 5: XneferX ($100 in chips) 
Seat 6: Nazareno1999 ($131.43 in chips) 
B1GBankroll: posts small blind $0.50
m0nTTu: posts big blind $1
*** HOLE CARDS ***
XneferX: raises $1.10 to $2.10
Nazareno1999: folds 
Nazareno1999 leaves the table
CEPTT: folds 
B1GBankroll: folds 
m0nTTu: calls $1.10
*** FLOP *** [Th 8h 7c]
m0nTTu: checks 
XneferX: bets $3.43
m0nTTu: calls $3.43
*** TURN *** [Th 8h 7c] [9c]
B1GBankroll leaves the table
m0nTTu: bets $3.62
XneferX: raises $9.29 to $12.91
m0nTTu: calls $9.29
*** RIVER *** [Th 8h 7c 9c] [4s]
m0nTTu: checks 
XneferX: checks 
*** SHOW DOWN ***
m0nTTu: shows [Jd Tc] (a straight, Seven to Jack)
XneferX: mucks hand 
m0nTTu collected $35.51 from pot
*** SUMMARY ***
Total pot $37.38 | Rake $1.87 
Board [Th 8h 7c 9c 4s]
Seat 1: CEPTT (button) folded before Flop (didn't bet)
Seat 2: B1GBankroll (small blind) folded before Flop
Seat 4: m0nTTu (big blind) showed [Jd Tc] and won ($35.51) with a straight, Seven to Jack
Seat 5: XneferX mucked
Seat 6: Nazareno1999 folded before Flop (didn't bet)



