PokerStars Hand #254637132875:  Hold'em No Limit ($0.50/$1.00 USD) - 2025/01/31 14:58:35 WET [2025/01/31 9:58:35 ET]
Table 'Dawson' 6-max Seat #6 is the button
Seat 1: Joe_Li7 ($100 in chips) 
Seat 2: Diamondplaces ($12.90 in chips) 
Seat 3: Holm1991 ($71.31 in chips) 
Seat 4: LuckyShikari ($106.62 in chips) 
Seat 5: value_ftw ($101.30 in chips) 
Seat 6: Fold Your Cats ($102.70 in chips) 
Joe_Li7: posts small blind $0.50
Diamondplaces: posts big blind $1
*** HOLE CARDS ***
Holm1991: folds 
LuckyShikari: folds 
value_ftw: folds 
Fold Your Cats: folds 
Joe_Li7: calls $0.50
Diamondplaces: checks 
*** FLOP *** [Jd Th Kh]
Joe_Li7: checks 
Diamondplaces: bets $3
Joe_Li7: folds 
Uncalled bet ($3) returned to Diamondplaces
Diamondplaces collected $1.90 from pot
*** SUMMARY ***
Total pot $2 | Rake $0.10 
Board [Jd Th Kh]
Seat 1: Joe_Li7 (small blind) folded on the Flop
Seat 2: Diamondplaces (big blind) collected ($1.90)
Seat 3: Holm1991 folded before Flop (didn't bet)
Seat 4: LuckyShikari folded before Flop (didn't bet)
Seat 5: value_ftw folded before Flop (didn't bet)
Seat 6: Fold Your Cats (button) folded before Flop (didn't bet)



PokerStars Hand #254637137428:  Hold'em No Limit ($0.50/$1.00 USD) - 2025/01/31 14:59:06 WET [2025/01/31 9:59:06 ET]
Table 'Dawson' 6-max Seat #1 is the button
Seat 1: Joe_Li7 ($100 in chips) 
Seat 2: Diamondplaces ($13.80 in chips) 
Seat 3: Holm1991 ($71.31 in chips) 
Seat 4: LuckyShikari ($106.62 in chips) 
Seat 5: value_ftw ($101.30 in chips) 
Seat 6: Fold Your Cats ($102.70 in chips) 
Diamondplaces: posts small blind $0.50
Holm1991: posts big blind $1
*** HOLE CARDS ***
LuckyShikari: raises $1 to $2
value_ftw: folds 
Fold Your Cats: folds 
Joe_Li7: folds 
Diamondplaces: folds 
Holm1991: raises $1 to $3
LuckyShikari: raises $1 to $4
Holm1991: calls $1
*** FLOP *** [8h 6c Th]
Holm1991: bets $4
LuckyShikari: calls $4
*** TURN *** [8h 6c Th] [7c]
Holm1991: bets $7
LuckyShikari: calls $7
*** RIVER *** [8h 6c Th 7c] [Ac]
Holm1991: bets $11
LuckyShikari: calls $11
*** SHOW DOWN ***
Holm1991: shows [Ah 4c] (a pair of Aces)
LuckyShikari: shows [7h 7d] (three of a kind, Sevens)
LuckyShikari collected $50 from pot
*** SUMMARY ***
Total pot $52.50 | Rake $2.50 
Board [8h 6c Th 7c Ac]
Seat 1: Joe_Li7 (button) folded before Flop (didn't bet)
Seat 2: Diamondplaces (small blind) folded before Flop
Seat 3: Holm1991 (big blind) showed [Ah 4c] and lost with a pair of Aces
Seat 4: LuckyShikari showed [7h 7d] and won ($50) with three of a kind, Sevens
Seat 5: value_ftw folded before Flop (didn't bet)
Seat 6: Fold Your Cats folded before Flop (didn't bet)



PokerStars Hand #254637146700:  Hold'em No Limit ($0.50/$1.00 USD) - 2025/01/31 15:00:10 WET [2025/01/31 10:00:10 ET]
Table 'Dawson' 6-max Seat #2 is the button
Seat 1: Joe_Li7 ($100 in chips) 
Seat 2: Diamondplaces ($13.30 in chips) 
Seat 3: Holm1991 ($45.31 in chips) 
Seat 4: LuckyShikari ($130.62 in chips) 
Seat 5: value_ftw ($101.30 in chips) 
Seat 6: Fold Your Cats ($102.70 in chips) 
Holm1991: posts small blind $0.50
LuckyShikari: posts big blind $1
*** HOLE CARDS ***
value_ftw: folds 
Fold Your Cats: folds 
Joe_Li7: raises $1.20 to $2.20
Diamondplaces: folds 
Holm1991: calls $1.70
LuckyShikari: calls $1.20
*** FLOP *** [Ks 7c 2s]
Holm1991: checks 
LuckyShikari: checks 
Joe_Li7: bets $2.07
Holm1991: folds 
LuckyShikari: calls $2.07
*** TURN *** [Ks 7c 2s] [8d]
LuckyShikari: checks 
Joe_Li7: bets $14.28
value_ftw leaves the table
Pon4uk.ua joins the table at seat #5 
LuckyShikari has timed out
LuckyShikari: folds 
Uncalled bet ($14.28) returned to Joe_Li7
Joe_Li7 collected $10.20 from pot
*** SUMMARY ***
Total pot $10.74 | Rake $0.54 
Board [Ks 7c 2s 8d]
Seat 1: Joe_Li7 collected ($10.20)
Seat 2: Diamondplaces (button) folded before Flop (didn't bet)
Seat 3: Holm1991 (small blind) folded on the Flop
Seat 4: LuckyShikari (big blind) folded on the Turn
Seat 5: value_ftw folded before Flop (didn't bet)
Seat 6: Fold Your Cats folded before Flop (didn't bet)



PokerStars Hand #254637163640:  Hold'em No Limit ($0.50/$1.00 USD) - 2025/01/31 15:01:54 WET [2025/01/31 10:01:54 ET]
Table 'Dawson' 6-max Seat #3 is the button
Seat 1: Joe_Li7 ($105.93 in chips) 
Seat 2: Diamondplaces ($13.30 in chips) 
Seat 3: Holm1991 ($43.11 in chips) 
Seat 4: LuckyShikari ($126.35 in chips) 
Seat 5: Pon4uk.ua ($100 in chips) 
Seat 6: Fold Your Cats ($102.70 in chips) 
LuckyShikari: posts small blind $0.50
Pon4uk.ua: posts big blind $1
*** HOLE CARDS ***
Fold Your Cats: folds 
Joe_Li7: folds 
Diamondplaces: folds 
Holm1991: raises $1 to $2
LuckyShikari: calls $1.50
Pon4uk.ua: raises $9 to $11
Holm1991: calls $9
LuckyShikari: folds 
*** FLOP *** [4h Ts 4d]
Pon4uk.ua: bets $6
Holm1991: folds 
Uncalled bet ($6) returned to Pon4uk.ua
Pon4uk.ua collected $22.80 from pot
Pon4uk.ua: doesn't show hand 
*** SUMMARY ***
Total pot $24 | Rake $1.20 
Board [4h Ts 4d]
Seat 1: Joe_Li7 folded before Flop (didn't bet)
Seat 2: Diamondplaces folded before Flop (didn't bet)
Seat 3: Holm1991 (button) folded on the Flop
Seat 4: LuckyShikari (small blind) folded before Flop
Seat 5: Pon4uk.ua (big blind) collected ($22.80)
Seat 6: Fold Your Cats folded before Flop (didn't bet)



PokerStars Hand #254637169426:  Hold'em No Limit ($0.50/$1.00 USD) - 2025/01/31 15:02:26 WET [2025/01/31 10:02:26 ET]
Table 'Dawson' 6-max Seat #4 is the button
Seat 6: Fold Your Cats ($102.70 in chips) is sitting out
Seat 1: Joe_Li7 ($105.93 in chips) 
Seat 2: Diamondplaces ($13.30 in chips) 
Seat 3: Holm1991 ($32.11 in chips) 
Seat 4: LuckyShikari ($124.35 in chips) 
Seat 5: Pon4uk.ua ($111.80 in chips) 
Pon4uk.ua: posts small blind $0.50
Fold Your Cats: is sitting out 
Joe_Li7: posts big blind $1
*** HOLE CARDS ***
Diamondplaces: calls $1
Holm1991: folds 
Fold Your Cats leaves the table
LuckyShikari: folds 
Pon4uk.ua: folds 
Joe_Li7: checks 
*** FLOP *** [5c Ad 4c]
Joe_Li7: checks 
Diamondplaces: bets $1
Joe_Li7: calls $1
*** TURN *** [5c Ad 4c] [5h]
Joe_Li7: checks 
Diamondplaces: bets $1
magzi777 joins the table at seat #6 
Joe_Li7: raises $2 to $3
Diamondplaces: calls $2
*** RIVER *** [5c Ad 4c 5h] [7s]
Joe_Li7: bets $8.50
Diamondplaces: folds 
Uncalled bet ($8.50) returned to Joe_Li7
Joe_Li7 collected $9.98 from pot
*** SUMMARY ***
Total pot $10.50 | Rake $0.52 
Board [5c Ad 4c 5h 7s]
Seat 6: Fold Your Cats
Seat 1: Joe_Li7 (big blind) collected ($9.98)
Seat 2: Diamondplaces folded on the River
Seat 3: Holm1991 folded before Flop (didn't bet)
Seat 4: LuckyShikari (button) folded before Flop (didn't bet)
Seat 5: Pon4uk.ua (small blind) folded before Flop



PokerStars Hand #254637181482:  Hold'em No Limit ($0.50/$1.00 USD) - 2025/01/31 15:03:33 WET [2025/01/31 10:03:33 ET]
Table 'Dawson' 6-max Seat #5 is the button
Seat 6: magzi777 ($100 in chips) is sitting out
Seat 1: Joe_Li7 ($110.91 in chips) 
Seat 2: Diamondplaces ($8.30 in chips) 
Seat 3: Holm1991 ($32.11 in chips) 
Seat 4: LuckyShikari ($124.35 in chips) 
Seat 5: Pon4uk.ua ($111.30 in chips) 
Joe_Li7: posts small blind $0.50
Diamondplaces: posts big blind $1
*** HOLE CARDS ***
Holm1991: folds 
LuckyShikari: raises $1 to $2
Pon4uk.ua: folds 
Joe_Li7: folds 
Diamondplaces: folds 
Uncalled bet ($1) returned to LuckyShikari
LuckyShikari collected $2.50 from pot
LuckyShikari: doesn't show hand 
*** SUMMARY ***
Total pot $2.50 | Rake $0 
Seat 6: magzi777
Seat 1: Joe_Li7 (small blind) folded before Flop
Seat 2: Diamondplaces (big blind) folded before Flop
Seat 3: Holm1991 folded before Flop (didn't bet)
Seat 4: LuckyShikari collected ($2.50)
Seat 5: Pon4uk.ua (button) folded before Flop (didn't bet)



PokerStars Hand #254637185463:  Hold'em No Limit ($0.50/$1.00 USD) - 2025/01/31 15:03:55 WET [2025/01/31 10:03:55 ET]
Table 'Dawson' 6-max Seat #1 is the button
Seat 6: magzi777 ($100 in chips) is sitting out
Seat 1: Joe_Li7 ($110.41 in chips) 
Seat 2: Diamondplaces ($7.30 in chips) 
Seat 3: Holm1991 ($32.11 in chips) 
Seat 4: LuckyShikari ($125.85 in chips) 
Seat 5: Pon4uk.ua ($111.30 in chips) 
Diamondplaces: posts small blind $0.50
Holm1991: posts big blind $1
magzi777: sits out 
*** HOLE CARDS ***
LuckyShikari: folds 
Pon4uk.ua: raises $1.50 to $2.50
Joe_Li7: folds 
Diamondplaces: folds 
Holm1991: folds 
Uncalled bet ($1.50) returned to Pon4uk.ua
Pon4uk.ua collected $2.50 from pot
Pon4uk.ua: doesn't show hand 
*** SUMMARY ***
Total pot $2.50 | Rake $0 
Seat 6: magzi777
Seat 1: Joe_Li7 (button) folded before Flop (didn't bet)
Seat 2: Diamondplaces (small blind) folded before Flop
Seat 3: Holm1991 (big blind) folded before Flop
Seat 4: LuckyShikari folded before Flop (didn't bet)
Seat 5: Pon4uk.ua collected ($2.50)



PokerStars Hand #254637189021:  Hold'em No Limit ($0.50/$1.00 USD) - 2025/01/31 15:04:14 WET [2025/01/31 10:04:14 ET]
Table 'Dawson' 6-max Seat #2 is the button
Seat 6: magzi777 ($100 in chips) is sitting out
Seat 1: Joe_Li7 ($110.41 in chips) 
Seat 2: Diamondplaces ($6.80 in chips) 
Seat 3: Holm1991 ($31.11 in chips) 
Seat 4: LuckyShikari ($125.85 in chips) 
Seat 5: Pon4uk.ua ($112.80 in chips) 
Holm1991: posts small blind $0.50
LuckyShikari: posts big blind $1
magzi777: sits out 
*** HOLE CARDS ***
Pon4uk.ua: raises $1 to $2
Joe_Li7: folds 
Diamondplaces: folds 
Holm1991: folds 
LuckyShikari: calls $1
*** FLOP *** [8c Kc 5c]
LuckyShikari: checks 
Pon4uk.ua: bets $1.41
LuckyShikari: raises $3.59 to $5
Pon4uk.ua: folds 
Uncalled bet ($3.59) returned to LuckyShikari
LuckyShikari collected $6.95 from pot
LuckyShikari: doesn't show hand 
*** SUMMARY ***
Total pot $7.32 | Rake $0.37 
Board [8c Kc 5c]
Seat 6: magzi777
Seat 1: Joe_Li7 folded before Flop (didn't bet)
Seat 2: Diamondplaces (button) folded before Flop (didn't bet)
Seat 3: Holm1991 (small blind) folded before Flop
Seat 4: LuckyShikari (big blind) collected ($6.95)
Seat 5: Pon4uk.ua folded on the Flop



PokerStars Hand #254637197886:  Hold'em No Limit ($0.50/$1.00 USD) - 2025/01/31 15:05:02 WET [2025/01/31 10:05:02 ET]
Table 'Dawson' 6-max Seat #3 is the button
Seat 6: magzi777 ($100 in chips) is sitting out
Seat 1: Joe_Li7 ($110.41 in chips) 
Seat 2: Diamondplaces ($6.80 in chips) 
Seat 3: Holm1991 ($30.61 in chips) 
Seat 4: LuckyShikari ($129.39 in chips) 
Seat 5: Pon4uk.ua ($109.39 in chips) 
LuckyShikari: posts small blind $0.50
Pon4uk.ua: posts big blind $1
magzi777: sits out 
*** HOLE CARDS ***
Joe_Li7: folds 
Diamondplaces: raises $5.80 to $6.80 and is all-in
Holm1991: folds 
LuckyShikari: folds 
Pon4uk.ua: folds 
Uncalled bet ($5.80) returned to Diamondplaces
Diamondplaces collected $2.50 from pot
*** SUMMARY ***
Total pot $2.50 | Rake $0 
Seat 6: magzi777
Seat 1: Joe_Li7 folded before Flop (didn't bet)
Seat 2: Diamondplaces collected ($2.50)
Seat 3: Holm1991 (button) folded before Flop (didn't bet)
Seat 4: LuckyShikari (small blind) folded before Flop
Seat 5: Pon4uk.ua (big blind) folded before Flop



PokerStars Hand #254637200691:  Hold'em No Limit ($0.50/$1.00 USD) - 2025/01/31 15:05:17 WET [2025/01/31 10:05:17 ET]
Table 'Dawson' 6-max Seat #4 is the button
Seat 1: Joe_Li7 ($110.41 in chips) 
Seat 2: Diamondplaces ($8.30 in chips) 
Seat 3: Holm1991 ($30.61 in chips) 
Seat 4: LuckyShikari ($128.89 in chips) 
Seat 5: Pon4uk.ua ($108.39 in chips) 
Seat 6: magzi777 ($100 in chips) 
Pon4uk.ua: posts small blind $0.50
magzi777: posts big blind $1
*** HOLE CARDS ***
Joe_Li7: folds 
Diamondplaces: folds 
Holm1991: folds 
LuckyShikari: folds 
Pon4uk.ua: raises $1.75 to $2.75
magzi777: folds 
Uncalled bet ($1.75) returned to Pon4uk.ua
Pon4uk.ua collected $2 from pot
Pon4uk.ua: doesn't show hand 
*** SUMMARY ***
Total pot $2 | Rake $0 
Seat 1: Joe_Li7 folded before Flop (didn't bet)
Seat 2: Diamondplaces folded before Flop (didn't bet)
Seat 3: Holm1991 folded before Flop (didn't bet)
Seat 4: LuckyShikari (button) folded before Flop (didn't bet)
Seat 5: Pon4uk.ua (small blind) collected ($2)
Seat 6: magzi777 (big blind) folded before Flop



PokerStars Hand #254637205237:  Hold'em No Limit ($0.50/$1.00 USD) - 2025/01/31 15:05:42 WET [2025/01/31 10:05:42 ET]
Table 'Dawson' 6-max Seat #5 is the button
Seat 1: Joe_Li7 ($110.41 in chips) 
Seat 2: Diamondplaces ($8.30 in chips) 
Seat 3: Holm1991 ($30.61 in chips) 
Seat 4: LuckyShikari ($128.89 in chips) 
Seat 5: Pon4uk.ua ($109.39 in chips) 
Seat 6: magzi777 ($100 in chips) 
magzi777: posts small blind $0.50
Joe_Li7: posts big blind $1
*** HOLE CARDS ***
Diamondplaces: folds 
Holm1991: raises $2 to $3
LuckyShikari: raises $3 to $6
Pon4uk.ua: folds 
magzi777: folds 
Joe_Li7: folds 
Pon4uk.ua leaves the table
Holm1991: raises $3 to $9
LuckyShikari: calls $3
*** FLOP *** [2d 3h As]
Holm1991: checks 
LuckyShikari: checks 
*** TURN *** [2d 3h As] [Jh]
Holm1991: checks 
LuckyShikari: checks 
*** RIVER *** [2d 3h As Jh] [Ks]
Holm1991: checks 
LuckyShikari: bets $4
PhoenixAssassin joins the table at seat #5 
Holm1991 is disconnected 
Holm1991 has timed out while disconnected
Holm1991: folds 
Uncalled bet ($4) returned to LuckyShikari
LuckyShikari collected $18.52 from pot
LuckyShikari: doesn't show hand 
*** SUMMARY ***
Total pot $19.50 | Rake $0.98 
Board [2d 3h As Jh Ks]
Seat 1: Joe_Li7 (big blind) folded before Flop
Seat 2: Diamondplaces folded before Flop (didn't bet)
Seat 3: Holm1991 folded on the River
Seat 4: LuckyShikari collected ($18.52)
Seat 5: Pon4uk.ua (button) folded before Flop (didn't bet)
Seat 6: magzi777 (small blind) folded before Flop



PokerStars Hand #254637228477:  Hold'em No Limit ($0.50/$1.00 USD) - 2025/01/31 15:07:47 WET [2025/01/31 10:07:47 ET]
Table 'Dawson' 6-max Seat #6 is the button
Seat 3: Holm1991 ($21.61 in chips) is sitting out
Seat 5: PhoenixAssassin ($100 in chips) is sitting out
Seat 1: Joe_Li7 ($109.41 in chips) 
Seat 2: Diamondplaces ($8.30 in chips) 
Seat 4: LuckyShikari ($138.41 in chips) 
Seat 6: magzi777 ($100 in chips) 
Joe_Li7: posts small blind $0.50
Diamondplaces: posts big blind $1
PhoenixAssassin: sits out 
*** HOLE CARDS ***
LuckyShikari: raises $1 to $2
magzi777: folds 
Joe_Li7: folds 
Diamondplaces: folds 
Uncalled bet ($1) returned to LuckyShikari
LuckyShikari collected $2.50 from pot
LuckyShikari: doesn't show hand 
*** SUMMARY ***
Total pot $2.50 | Rake $0 
Seat 3: Holm1991
Seat 5: PhoenixAssassin
Seat 1: Joe_Li7 (small blind) folded before Flop
Seat 2: Diamondplaces (big blind) folded before Flop
Seat 4: LuckyShikari collected ($2.50)
Seat 6: magzi777 (button) folded before Flop (didn't bet)



PokerStars Hand #254637232778:  Hold'em No Limit ($0.50/$1.00 USD) - 2025/01/31 15:08:11 WET [2025/01/31 10:08:11 ET]
Table 'Dawson' 6-max Seat #1 is the button
Seat 3: Holm1991 ($21.61 in chips) is sitting out
Seat 5: PhoenixAssassin ($100 in chips) is sitting out
Seat 1: Joe_Li7 ($108.91 in chips) 
Seat 2: Diamondplaces ($7.30 in chips) 
Seat 4: LuckyShikari ($139.91 in chips) 
Seat 6: magzi777 ($100 in chips) 
Diamondplaces: posts small blind $0.50
LuckyShikari: posts big blind $1
PhoenixAssassin: sits out 
*** HOLE CARDS ***
magzi777: folds 
Joe_Li7: folds 
Diamondplaces: raises $6.30 to $7.30 and is all-in
LuckyShikari: folds 
Uncalled bet ($6.30) returned to Diamondplaces
Diamondplaces collected $2 from pot
*** SUMMARY ***
Total pot $2 | Rake $0 
Seat 3: Holm1991
Seat 5: PhoenixAssassin
Seat 1: Joe_Li7 (button) folded before Flop (didn't bet)
Seat 2: Diamondplaces (small blind) collected ($2)
Seat 4: LuckyShikari (big blind) folded before Flop
Seat 6: magzi777 folded before Flop (didn't bet)



PokerStars Hand #254637234854:  Hold'em No Limit ($0.50/$1.00 USD) - 2025/01/31 15:08:22 WET [2025/01/31 10:08:22 ET]
Table 'Dawson' 6-max Seat #2 is the button
Seat 3: Holm1991 ($21.61 in chips) is sitting out
Seat 1: Joe_Li7 ($108.91 in chips) 
Seat 2: Diamondplaces ($8.30 in chips) 
Seat 4: LuckyShikari ($138.91 in chips) 
Seat 5: PhoenixAssassin ($100 in chips) 
Seat 6: magzi777 ($100 in chips) 
LuckyShikari: posts small blind $0.50
PhoenixAssassin: posts big blind $1
*** HOLE CARDS ***
magzi777: raises $1.50 to $2.50
Joe_Li7: folds 
Diamondplaces: folds 
LuckyShikari: folds 
PhoenixAssassin: folds 
Uncalled bet ($1.50) returned to magzi777
magzi777 collected $2.50 from pot
*** SUMMARY ***
Total pot $2.50 | Rake $0 
Seat 3: Holm1991
Seat 1: Joe_Li7 folded before Flop (didn't bet)
Seat 2: Diamondplaces (button) folded before Flop (didn't bet)
Seat 4: LuckyShikari (small blind) folded before Flop
Seat 5: PhoenixAssassin (big blind) folded before Flop
Seat 6: magzi777 collected ($2.50)



PokerStars Hand #254637236666:  Hold'em No Limit ($0.50/$1.00 USD) - 2025/01/31 15:08:32 WET [2025/01/31 10:08:32 ET]
Table 'Dawson' 6-max Seat #4 is the button
Seat 3: Holm1991 ($21.61 in chips) is sitting out
Seat 6: magzi777 ($101.50 in chips) is sitting out
Seat 1: Joe_Li7 ($108.91 in chips) 
Seat 2: Diamondplaces ($8.30 in chips) 
Seat 4: LuckyShikari ($138.41 in chips) 
Seat 5: PhoenixAssassin ($100 in chips) 
PhoenixAssassin: posts small blind $0.50
magzi777: is sitting out 
Joe_Li7: posts big blind $1
*** HOLE CARDS ***
magzi777 leaves the table
Diamondplaces: folds 
ML51450 joins the table at seat #6 
LuckyShikari: folds 
ML51450 is disconnected 
PhoenixAssassin: raises $2 to $3
Joe_Li7: calls $2
*** FLOP *** [Ts Tc 7c]
PhoenixAssassin: bets $1.88
Joe_Li7: raises $5.20 to $7.08
PhoenixAssassin: calls $5.20
*** TURN *** [Ts Tc 7c] [Jc]
PhoenixAssassin: checks 
Joe_Li7: checks 
*** RIVER *** [Ts Tc 7c Jc] [5c]
PhoenixAssassin: checks 
Joe_Li7: bets $14.40
PhoenixAssassin: raises $75.52 to $89.92 and is all-in
Joe_Li7: calls $75.52
*** SHOW DOWN ***
PhoenixAssassin: shows [7s 7d] (a full house, Sevens full of Tens)
Joe_Li7: shows [5d 5h] (a full house, Fives full of Tens)
PhoenixAssassin collected $199 from pot
*** SUMMARY ***
Total pot $200 | Rake $1 
Board [Ts Tc 7c Jc 5c]
Seat 3: Holm1991
Seat 6: magzi777
Seat 1: Joe_Li7 (big blind) showed [5d 5h] and lost with a full house, Fives full of Tens
Seat 2: Diamondplaces folded before Flop (didn't bet)
Seat 4: LuckyShikari (button) folded before Flop (didn't bet)
Seat 5: PhoenixAssassin (small blind) showed [7s 7d] and won ($199) with a full house, Sevens full of Tens



PokerStars Hand #254637259042:  Hold'em No Limit ($0.50/$1.00 USD) - 2025/01/31 15:10:33 WET [2025/01/31 10:10:33 ET]
Table 'Dawson' 6-max Seat #5 is the button
Seat 3: Holm1991 ($21.61 in chips) is sitting out
Seat 6: ML51450 ($10 in chips) is sitting out
Seat 1: Joe_Li7 ($100 in chips) 
Seat 2: Diamondplaces ($8.30 in chips) 
Seat 4: LuckyShikari ($138.41 in chips) 
Seat 5: PhoenixAssassin ($199 in chips) 
Joe_Li7: posts small blind $0.50
Diamondplaces: posts big blind $1
*** HOLE CARDS ***
LuckyShikari: folds 
PhoenixAssassin: raises $1.50 to $2.50
Joe_Li7: folds 
Diamondplaces: folds 
Uncalled bet ($1.50) returned to PhoenixAssassin
PhoenixAssassin collected $2.50 from pot
PhoenixAssassin: doesn't show hand 
*** SUMMARY ***
Total pot $2.50 | Rake $0 
Seat 3: Holm1991
Seat 6: ML51450
Seat 1: Joe_Li7 (small blind) folded before Flop
Seat 2: Diamondplaces (big blind) folded before Flop
Seat 4: LuckyShikari folded before Flop (didn't bet)
Seat 5: PhoenixAssassin (button) collected ($2.50)



PokerStars Hand #254637261180:  Hold'em No Limit ($0.50/$1.00 USD) - 2025/01/31 15:10:45 WET [2025/01/31 10:10:45 ET]
Table 'Dawson' 6-max Seat #1 is the button
Seat 3: Holm1991 ($21.61 in chips) is sitting out
Seat 1: Joe_Li7 ($100 in chips) 
Seat 2: Diamondplaces ($7.30 in chips) 
Seat 4: LuckyShikari ($138.41 in chips) 
Seat 5: PhoenixAssassin ($200.50 in chips) 
Seat 6: ML51450 ($10 in chips) 
Diamondplaces: posts small blind $0.50
LuckyShikari: posts big blind $1
ML51450: posts big blind $1
*** HOLE CARDS ***
PhoenixAssassin: raises $1.50 to $2.50
ML51450: calls $1.50
Joe_Li7: folds 
Diamondplaces: folds 
LuckyShikari: calls $1.50
*** FLOP *** [3h As Qc]
LuckyShikari: checks 
PhoenixAssassin: bets $2.51
ML51450: folds 
LuckyShikari: folds 
Uncalled bet ($2.51) returned to PhoenixAssassin
PhoenixAssassin collected $7.60 from pot
PhoenixAssassin: doesn't show hand 
*** SUMMARY ***
Total pot $8 | Rake $0.40 
Board [3h As Qc]
Seat 3: Holm1991
Seat 1: Joe_Li7 (button) folded before Flop (didn't bet)
Seat 2: Diamondplaces (small blind) folded before Flop
Seat 4: LuckyShikari (big blind) folded on the Flop
Seat 5: PhoenixAssassin collected ($7.60)
Seat 6: ML51450 folded on the Flop



PokerStars Hand #254637265311:  Hold'em No Limit ($0.50/$1.00 USD) - 2025/01/31 15:11:07 WET [2025/01/31 10:11:07 ET]
Table 'Dawson' 6-max Seat #2 is the button
Seat 3: Holm1991 ($21.61 in chips) is sitting out
Seat 1: Joe_Li7 ($100 in chips) 
Seat 2: Diamondplaces ($6.80 in chips) 
Seat 4: LuckyShikari ($135.91 in chips) 
Seat 5: PhoenixAssassin ($205.60 in chips) 
Seat 6: ML51450 ($7.50 in chips) 
LuckyShikari: posts small blind $0.50
PhoenixAssassin: posts big blind $1
*** HOLE CARDS ***
ML51450: folds 
Joe_Li7: raises $1.20 to $2.20
Diamondplaces: folds 
LuckyShikari: calls $1.70
PhoenixAssassin: folds 
*** FLOP *** [Qh 6h 3s]
LuckyShikari: checks 
Joe_Li7: checks 
*** TURN *** [Qh 6h 3s] [6s]
LuckyShikari: bets $1.50
Joe_Li7: calls $1.50
*** RIVER *** [Qh 6h 3s 6s] [Ac]
LuckyShikari: checks 
Joe_Li7: bets $5.99
LuckyShikari: calls $5.99
*** SHOW DOWN ***
Joe_Li7: shows [Tc Qs] (two pair, Queens and Sixes)
LuckyShikari: mucks hand 
Joe_Li7 collected $19.36 from pot
*** SUMMARY ***
Total pot $20.38 | Rake $1.02 
Board [Qh 6h 3s 6s Ac]
Seat 3: Holm1991
Seat 1: Joe_Li7 showed [Tc Qs] and won ($19.36) with two pair, Queens and Sixes
Seat 2: Diamondplaces (button) folded before Flop (didn't bet)
Seat 4: LuckyShikari (small blind) mucked
Seat 5: PhoenixAssassin (big blind) folded before Flop
Seat 6: ML51450 folded before Flop (didn't bet)



PokerStars Hand #254637279439:  Hold'em No Limit ($0.50/$1.00 USD) - 2025/01/31 15:12:23 WET [2025/01/31 10:12:23 ET]
Table 'Dawson' 6-max Seat #4 is the button
Seat 3: Holm1991 ($21.61 in chips) is sitting out
Seat 1: Joe_Li7 ($109.67 in chips) 
Seat 2: Diamondplaces ($6.80 in chips) 
Seat 4: LuckyShikari ($126.22 in chips) 
Seat 5: PhoenixAssassin ($204.60 in chips) 
Seat 6: ML51450 ($7.50 in chips) 
PhoenixAssassin: posts small blind $0.50
ML51450: posts big blind $1
*** HOLE CARDS ***
Joe_Li7: folds 
Diamondplaces: folds 
LuckyShikari: raises $2.50 to $3.50
PhoenixAssassin: folds 
ML51450: calls $2.50
*** FLOP *** [6s As 5s]
ML51450: bets $4 and is all-in
LuckyShikari: calls $4
*** TURN *** [6s As 5s] [Qd]
*** RIVER *** [6s As 5s Qd] [9s]
*** SHOW DOWN ***
ML51450: shows [4c 3c] (high card Ace)
LuckyShikari: shows [7s 7h] (a flush, Ace high)
LuckyShikari collected $14.72 from pot
*** SUMMARY ***
Total pot $15.50 | Rake $0.78 
Board [6s As 5s Qd 9s]
Seat 3: Holm1991
Seat 1: Joe_Li7 folded before Flop (didn't bet)
Seat 2: Diamondplaces folded before Flop (didn't bet)
Seat 4: LuckyShikari (button) showed [7s 7h] and won ($14.72) with a flush, Ace high
Seat 5: PhoenixAssassin (small blind) folded before Flop
Seat 6: ML51450 (big blind) showed [4c 3c] and lost with high card Ace



PokerStars Hand #254637285588:  Hold'em No Limit ($0.50/$1.00 USD) - 2025/01/31 15:12:55 WET [2025/01/31 10:12:55 ET]
Table 'Dawson' 6-max Seat #5 is the button
Seat 3: Holm1991 ($21.61 in chips) is sitting out
Seat 6: ML51450 ($0 in chips) is sitting out
Seat 1: Joe_Li7 ($109.67 in chips) 
Seat 2: Diamondplaces ($6.80 in chips) 
Seat 4: LuckyShikari ($133.44 in chips) 
Seat 5: PhoenixAssassin ($204.10 in chips) 
Joe_Li7: posts small blind $0.50
Diamondplaces: posts big blind $1
*** HOLE CARDS ***
LuckyShikari: raises $1 to $2
PhoenixAssassin: folds 
ML51450 leaves the table
Joe_Li7: folds 
Diamondplaces: calls $1
*** FLOP *** [Js 7h 6s]
Diamondplaces: checks 
LuckyShikari: bets $1
Diamondplaces: raises $1 to $2
LuckyShikari: raises $1 to $3
Diamondplaces: raises $1 to $4
LuckyShikari: raises $1 to $5
Diamondplaces: calls $0.80 and is all-in
Uncalled bet ($0.20) returned to LuckyShikari
*** TURN *** [Js 7h 6s] [5c]
*** RIVER *** [Js 7h 6s 5c] [2s]
*** SHOW DOWN ***
Diamondplaces: shows [8d Jd] (a pair of Jacks)
LuckyShikari: shows [Ks Kd] (a pair of Kings)
LuckyShikari collected $13.40 from pot
Diamondplaces cashed out the hand for $2.91 | Cash Out Fee $0.06
*** SUMMARY ***
Total pot $14.10 | Rake $0.70 
Board [Js 7h 6s 5c 2s]
Seat 3: Holm1991
Seat 6: ML51450
Seat 1: Joe_Li7 (small blind) folded before Flop
Seat 2: Diamondplaces (big blind) showed [8d Jd] and lost with a pair of Jacks (cashed out).
Seat 4: LuckyShikari showed [Ks Kd] and won ($13.40) with a pair of Kings
Seat 5: PhoenixAssassin (button) folded before Flop (didn't bet)



PokerStars Hand #254637292794:  Hold'em No Limit ($0.50/$1.00 USD) - 2025/01/31 15:13:34 WET [2025/01/31 10:13:34 ET]
Table 'Dawson' 6-max Seat #1 is the button
Seat 3: Holm1991 ($21.61 in chips) is sitting out
Seat 4: LuckyShikari ($140.04 in chips) is sitting out
Seat 1: Joe_Li7 ($109.17 in chips) 
Seat 2: Diamondplaces ($2.91 in chips) 
Seat 5: PhoenixAssassin ($204.10 in chips) 
Diamondplaces: posts small blind $0.50
PhoenixAssassin: posts big blind $1
*** HOLE CARDS ***
Joe_Li7: folds 
Diamondplaces: raises $1.91 to $2.91 and is all-in
PhoenixAssassin: calls $1.91
*** FLOP *** [6h 7s 3s]
*** TURN *** [6h 7s 3s] [Kc]
*** RIVER *** [6h 7s 3s Kc] [9s]
*** SHOW DOWN ***
Diamondplaces: shows [Kd 2c] (a pair of Kings)
PhoenixAssassin: shows [Kh Ts] (a pair of Kings - Ten kicker)
PhoenixAssassin collected $5.53 from pot
Diamondplaces cashed out the hand for $1.50 | Cash Out Fee $0.03
*** SUMMARY ***
Total pot $5.82 | Rake $0.29 
Board [6h 7s 3s Kc 9s]
Seat 3: Holm1991
Seat 4: LuckyShikari
Seat 1: Joe_Li7 (button) folded before Flop (didn't bet)
Seat 2: Diamondplaces (small blind) showed [Kd 2c] and lost with a pair of Kings (cashed out).
Seat 5: PhoenixAssassin (big blind) showed [Kh Ts] and won ($5.53) with a pair of Kings



PokerStars Hand #254637297764:  Hold'em No Limit ($0.50/$1.00 USD) - 2025/01/31 15:14:00 WET [2025/01/31 10:14:00 ET]
Table 'Dawson' 6-max Seat #2 is the button
Seat 3: Holm1991 ($21.61 in chips) is sitting out
Seat 4: LuckyShikari ($140.04 in chips) is sitting out
Seat 1: Joe_Li7 ($109.17 in chips) 
Seat 2: Diamondplaces ($1.50 in chips) 
Seat 5: PhoenixAssassin ($206.72 in chips) 
PhoenixAssassin: posts small blind $0.50
Joe_Li7: posts big blind $1
*** HOLE CARDS ***
Diamondplaces: raises $0.50 to $1.50 and is all-in
PhoenixAssassin: folds 
Joe_Li7: calls $0.50
*** FLOP *** [4c Ts 8s]
*** TURN *** [4c Ts 8s] [4s]
*** RIVER *** [4c Ts 8s 4s] [5h]
*** SHOW DOWN ***
Joe_Li7: shows [5s 2h] (two pair, Fives and Fours)
Diamondplaces: shows [Ah 3c] (a pair of Fours)
Joe_Li7 collected $3.32 from pot
*** SUMMARY ***
Total pot $3.50 | Rake $0.18 
Board [4c Ts 8s 4s 5h]
Seat 3: Holm1991
Seat 4: LuckyShikari
Seat 1: Joe_Li7 (big blind) showed [5s 2h] and won ($3.32) with two pair, Fives and Fours
Seat 2: Diamondplaces (button) showed [Ah 3c] and lost with a pair of Fours
Seat 5: PhoenixAssassin (small blind) folded before Flop



PokerStars Hand #254637301292:  Hold'em No Limit ($0.50/$1.00 USD) - 2025/01/31 15:14:18 WET [2025/01/31 10:14:18 ET]
Table 'Dawson' 6-max Seat #1 is the button
Seat 2: Diamondplaces ($0 in chips) is sitting out
Seat 3: Holm1991 ($21.61 in chips) is sitting out
Seat 1: Joe_Li7 ($110.99 in chips) 
Seat 5: PhoenixAssassin ($206.22 in chips) 
LuckyShikari leaves the table
Joe_Li7: posts small blind $0.50
PhoenixAssassin: posts big blind $1
*** HOLE CARDS ***
Joe_Li7: raises $1.20 to $2.20
PhoenixAssassin: calls $1.20
*** FLOP *** [Qh 4h Kh]
PhoenixAssassin: checks 
Joe_Li7: bets $1.05
PhoenixAssassin: calls $1.05
*** TURN *** [Qh 4h Kh] [3s]
PhoenixAssassin: checks 
Joe_Li7: checks 
*** RIVER *** [Qh 4h Kh 3s] [2s]
PhoenixAssassin: checks 
Joe_Li7: checks 
*** SHOW DOWN ***
PhoenixAssassin: shows [6d Ah] (high card Ace)
Joe_Li7: shows [Ac 9s] (high card Ace - King+Queen+Nine kicker)
Joe_Li7 collected $6.18 from pot
Holm1991 leaves the table
*** SUMMARY ***
Total pot $6.50 | Rake $0.32 
Board [Qh 4h Kh 3s 2s]
Seat 2: Diamondplaces
Seat 3: Holm1991
Seat 1: Joe_Li7 (button) (small blind) showed [Ac 9s] and won ($6.18) with high card Ace
Seat 5: PhoenixAssassin (big blind) showed [6d Ah] and lost with high card Ace



PokerStars Hand #254637311667:  Hold'em No Limit ($0.50/$1.00 USD) - 2025/01/31 15:15:13 WET [2025/01/31 10:15:13 ET]
Table 'Dawson' 6-max Seat #5 is the button
Seat 1: Joe_Li7 ($113.92 in chips) 
Seat 2: Diamondplaces ($11.64 in chips) 
Seat 5: PhoenixAssassin ($202.97 in chips) 
Joe_Li7: posts small blind $0.50
Diamondplaces: posts big blind $1
*** HOLE CARDS ***
PhoenixAssassin: raises $1.50 to $2.50
Joe_Li7: folds 
Diamondplaces: folds 
Uncalled bet ($1.50) returned to PhoenixAssassin
PhoenixAssassin collected $2.50 from pot
PhoenixAssassin: doesn't show hand 
*** SUMMARY ***
Total pot $2.50 | Rake $0 
Seat 1: Joe_Li7 (small blind) folded before Flop
Seat 2: Diamondplaces (big blind) folded before Flop
Seat 5: PhoenixAssassin (button) collected ($2.50)



PokerStars Hand #254637314512:  Hold'em No Limit ($0.50/$1.00 USD) - 2025/01/31 15:15:27 WET [2025/01/31 10:15:27 ET]
Table 'Dawson' 6-max Seat #1 is the button
Seat 1: Joe_Li7 ($113.42 in chips) 
Seat 2: Diamondplaces ($10.64 in chips) 
Seat 5: PhoenixAssassin ($204.47 in chips) 
Diamondplaces: posts small blind $0.50
PhoenixAssassin: posts big blind $1
*** HOLE CARDS ***
Joe_Li7: folds 
Diamondplaces: raises $9.64 to $10.64 and is all-in
PhoenixAssassin: folds 
Uncalled bet ($9.64) returned to Diamondplaces
Diamondplaces collected $2 from pot
*** SUMMARY ***
Total pot $2 | Rake $0 
Seat 1: Joe_Li7 (button) folded before Flop (didn't bet)
Seat 2: Diamondplaces (small blind) collected ($2)
Seat 5: PhoenixAssassin (big blind) folded before Flop



PokerStars Hand #254637316736:  Hold'em No Limit ($0.50/$1.00 USD) - 2025/01/31 15:15:39 WET [2025/01/31 10:15:39 ET]
Table 'Dawson' 6-max Seat #2 is the button
Seat 1: Joe_Li7 ($113.42 in chips) 
Seat 2: Diamondplaces ($11.64 in chips) 
Seat 5: PhoenixAssassin ($203.47 in chips) 
PhoenixAssassin: posts small blind $0.50
Joe_Li7: posts big blind $1
*** HOLE CARDS ***
Diamondplaces: folds 
PhoenixAssassin: folds 
Uncalled bet ($0.50) returned to Joe_Li7
Joe_Li7 collected $1 from pot
*** SUMMARY ***
Total pot $1 | Rake $0 
Seat 1: Joe_Li7 (big blind) collected ($1)
Seat 2: Diamondplaces (button) folded before Flop (didn't bet)
Seat 5: PhoenixAssassin (small blind) folded before Flop



PokerStars Hand #254637317963:  Hold'em No Limit ($0.50/$1.00 USD) - 2025/01/31 15:15:45 WET [2025/01/31 10:15:45 ET]
Table 'Dawson' 6-max Seat #5 is the button
Seat 1: Joe_Li7 ($113.92 in chips) 
Seat 2: Diamondplaces ($11.64 in chips) 
Seat 5: PhoenixAssassin ($202.97 in chips) 
Joe_Li7: posts small blind $0.50
Diamondplaces: posts big blind $1
*** HOLE CARDS ***
PhoenixAssassin: folds 
Joe_Li7: folds 
Uncalled bet ($0.50) returned to Diamondplaces
Diamondplaces collected $1 from pot
*** SUMMARY ***
Total pot $1 | Rake $0 
Seat 1: Joe_Li7 (small blind) folded before Flop
Seat 2: Diamondplaces (big blind) collected ($1)
Seat 5: PhoenixAssassin (button) folded before Flop (didn't bet)



PokerStars Hand #254637319747:  Hold'em No Limit ($0.50/$1.00 USD) - 2025/01/31 15:15:55 WET [2025/01/31 10:15:55 ET]
Table 'Dawson' 6-max Seat #1 is the button
Seat 1: Joe_Li7 ($113.42 in chips) 
Seat 2: Diamondplaces ($12.14 in chips) 
Seat 5: PhoenixAssassin ($202.97 in chips) 
Diamondplaces: posts small blind $0.50
PhoenixAssassin: posts big blind $1
*** HOLE CARDS ***
Joe_Li7: folds 
Diamondplaces: folds 
Uncalled bet ($0.50) returned to PhoenixAssassin
PhoenixAssassin collected $1 from pot
PhoenixAssassin: doesn't show hand 
*** SUMMARY ***
Total pot $1 | Rake $0 
Seat 1: Joe_Li7 (button) folded before Flop (didn't bet)
Seat 2: Diamondplaces (small blind) folded before Flop
Seat 5: PhoenixAssassin (big blind) collected ($1)



PokerStars Hand #254637321268:  Hold'em No Limit ($0.50/$1.00 USD) - 2025/01/31 15:16:03 WET [2025/01/31 10:16:03 ET]
Table 'Dawson' 6-max Seat #2 is the button
Seat 1: Joe_Li7 ($113.42 in chips) 
Seat 2: Diamondplaces ($11.64 in chips) 
Seat 5: PhoenixAssassin ($203.47 in chips) 
PhoenixAssassin: posts small blind $0.50
Joe_Li7: posts big blind $1
*** HOLE CARDS ***
Diamondplaces: calls $1
PhoenixAssassin: calls $0.50
Joe_Li7: checks 
*** FLOP *** [5d 2s 8s]
PhoenixAssassin: checks 
Joe_Li7: checks 
Diamondplaces: checks 
*** TURN *** [5d 2s 8s] [Jd]
PhoenixAssassin: bets $1.88
Joe_Li7: folds 
Diamondplaces: folds 
Uncalled bet ($1.88) returned to PhoenixAssassin
PhoenixAssassin collected $2.85 from pot
PhoenixAssassin: doesn't show hand 
*** SUMMARY ***
Total pot $3 | Rake $0.15 
Board [5d 2s 8s Jd]
Seat 1: Joe_Li7 (big blind) folded on the Turn
Seat 2: Diamondplaces (button) folded on the Turn
Seat 5: PhoenixAssassin (small blind) collected ($2.85)



PokerStars Hand #254637329462:  Hold'em No Limit ($0.50/$1.00 USD) - 2025/01/31 15:16:44 WET [2025/01/31 10:16:44 ET]
Table 'Dawson' 6-max Seat #5 is the button
Seat 1: Joe_Li7 ($112.42 in chips) 
Seat 2: Diamondplaces ($10.64 in chips) 
Seat 5: PhoenixAssassin ($205.32 in chips) 
Joe_Li7: posts small blind $0.50
Diamondplaces: posts big blind $1
*** HOLE CARDS ***
PhoenixAssassin: raises $1.50 to $2.50
Joe_Li7: folds 
Diamondplaces: folds 
Uncalled bet ($1.50) returned to PhoenixAssassin
PhoenixAssassin collected $2.50 from pot
PhoenixAssassin: doesn't show hand 
*** SUMMARY ***
Total pot $2.50 | Rake $0 
Seat 1: Joe_Li7 (small blind) folded before Flop
Seat 2: Diamondplaces (big blind) folded before Flop
Seat 5: PhoenixAssassin (button) collected ($2.50)



PokerStars Hand #254637331224:  Hold'em No Limit ($0.50/$1.00 USD) - 2025/01/31 15:16:53 WET [2025/01/31 10:16:53 ET]
Table 'Dawson' 6-max Seat #1 is the button
Seat 1: Joe_Li7 ($111.92 in chips) 
Seat 2: Diamondplaces ($9.64 in chips) 
Seat 5: PhoenixAssassin ($206.82 in chips) 
Diamondplaces: posts small blind $0.50
PhoenixAssassin: posts big blind $1
*** HOLE CARDS ***
Joe_Li7: folds 
Diamondplaces: raises $8.64 to $9.64 and is all-in
PhoenixAssassin: calls $8.64
*** FLOP *** [Js 9c 6c]
*** TURN *** [Js 9c 6c] [2s]
*** RIVER *** [Js 9c 6c 2s] [Qc]
*** SHOW DOWN ***
Diamondplaces: shows [8d 4h] (high card Queen)
PhoenixAssassin: shows [8s Kh] (high card King)
PhoenixAssassin collected $18.32 from pot
Diamondplaces cashed out the hand for $4.65 | Cash Out Fee $0.09
*** SUMMARY ***
Total pot $19.28 | Rake $0.96 
Board [Js 9c 6c 2s Qc]
Seat 1: Joe_Li7 (button) folded before Flop (didn't bet)
Seat 2: Diamondplaces (small blind) showed [8d 4h] and lost with high card Queen (cashed out).
Seat 5: PhoenixAssassin (big blind) showed [8s Kh] and won ($18.32) with high card King



PokerStars Hand #254637336727:  Hold'em No Limit ($0.50/$1.00 USD) - 2025/01/31 15:17:20 WET [2025/01/31 10:17:20 ET]
Table 'Dawson' 6-max Seat #2 is the button
Seat 1: Joe_Li7 ($111.92 in chips) 
Seat 2: Diamondplaces ($4.65 in chips) 
Seat 5: PhoenixAssassin ($215.50 in chips) 
PhoenixAssassin: posts small blind $0.50
Joe_Li7: posts big blind $1
*** HOLE CARDS ***
Diamondplaces: raises $3.65 to $4.65 and is all-in
PhoenixAssassin: folds 
Joe_Li7: calls $3.65
*** FLOP *** [Jd 3h 3d]
*** TURN *** [Jd 3h 3d] [5s]
*** RIVER *** [Jd 3h 3d 5s] [Ah]
*** SHOW DOWN ***
Joe_Li7: shows [5c 8c] (two pair, Fives and Threes)
Diamondplaces: shows [Kh 4c] (a pair of Threes)
Joe_Li7 collected $9.31 from pot
*** SUMMARY ***
Total pot $9.80 | Rake $0.49 
Board [Jd 3h 3d 5s Ah]
Seat 1: Joe_Li7 (big blind) showed [5c 8c] and won ($9.31) with two pair, Fives and Threes
Seat 2: Diamondplaces (button) showed [Kh 4c] and lost with a pair of Threes
Seat 5: PhoenixAssassin (small blind) folded before Flop



PokerStars Hand #254637340692:  Hold'em No Limit ($0.50/$1.00 USD) - 2025/01/31 15:17:39 WET [2025/01/31 10:17:39 ET]
Table 'Dawson' 6-max Seat #1 is the button
Seat 2: Diamondplaces ($0 in chips) is sitting out
Seat 1: Joe_Li7 ($116.58 in chips) 
Seat 5: PhoenixAssassin ($215 in chips) 
Joe_Li7: posts small blind $0.50
PhoenixAssassin: posts big blind $1
*** HOLE CARDS ***
Joe_Li7: raises $1.20 to $2.20
PhoenixAssassin: calls $1.20
*** FLOP *** [8s As 9d]
PhoenixAssassin: checks 
Joe_Li7: checks 
*** TURN *** [8s As 9d] [6d]
PhoenixAssassin: checks 
Joe_Li7: checks 
*** RIVER *** [8s As 9d 6d] [2c]
PhoenixAssassin: bets $8
Joe_Li7: folds 
Uncalled bet ($8) returned to PhoenixAssassin
PhoenixAssassin collected $4.18 from pot
PhoenixAssassin: doesn't show hand 
*** SUMMARY ***
Total pot $4.40 | Rake $0.22 
Board [8s As 9d 6d 2c]
Seat 2: Diamondplaces
Seat 1: Joe_Li7 (button) (small blind) folded on the River
Seat 5: PhoenixAssassin (big blind) collected ($4.18)



PokerStars Hand #254637352045:  Hold'em No Limit ($0.50/$1.00 USD) - 2025/01/31 15:18:36 WET [2025/01/31 10:18:36 ET]
Table 'Dawson' 6-max Seat #5 is the button
Seat 1: Joe_Li7 ($114.38 in chips) 
Seat 2: Diamondplaces ($10.82 in chips) 
Seat 5: PhoenixAssassin ($216.98 in chips) 
Joe_Li7: posts small blind $0.50
Diamondplaces: posts big blind $1
*** HOLE CARDS ***
PhoenixAssassin: raises $1.50 to $2.50
Joe_Li7: raises $8 to $10.50
Diamondplaces: folds 
PhoenixAssassin: folds 
Uncalled bet ($8) returned to Joe_Li7
Joe_Li7 collected $6 from pot
*** SUMMARY ***
Total pot $6 | Rake $0 
Seat 1: Joe_Li7 (small blind) collected ($6)
Seat 2: Diamondplaces (big blind) folded before Flop
Seat 5: PhoenixAssassin (button) folded before Flop



PokerStars Hand #254637355096:  Hold'em No Limit ($0.50/$1.00 USD) - 2025/01/31 15:18:52 WET [2025/01/31 10:18:52 ET]
Table 'Dawson' 6-max Seat #1 is the button
Seat 1: Joe_Li7 ($117.88 in chips) 
Seat 2: Diamondplaces ($9.82 in chips) 
Seat 5: PhoenixAssassin ($214.48 in chips) 
Diamondplaces: posts small blind $0.50
PhoenixAssassin: posts big blind $1
*** HOLE CARDS ***
Joe_Li7: folds 
Diamondplaces: folds 
Uncalled bet ($0.50) returned to PhoenixAssassin
PhoenixAssassin collected $1 from pot
PhoenixAssassin: doesn't show hand 
*** SUMMARY ***
Total pot $1 | Rake $0 
Seat 1: Joe_Li7 (button) folded before Flop (didn't bet)
Seat 2: Diamondplaces (small blind) folded before Flop
Seat 5: PhoenixAssassin (big blind) collected ($1)



PokerStars Hand #254637356466:  Hold'em No Limit ($0.50/$1.00 USD) - 2025/01/31 15:18:58 WET [2025/01/31 10:18:58 ET]
Table 'Dawson' 6-max Seat #2 is the button
Seat 1: Joe_Li7 ($117.88 in chips) 
Seat 2: Diamondplaces ($9.32 in chips) 
Seat 5: PhoenixAssassin ($214.98 in chips) 
PhoenixAssassin: posts small blind $0.50
Joe_Li7: posts big blind $1
*** HOLE CARDS ***
Diamondplaces: raises $8.32 to $9.32 and is all-in
PhoenixAssassin: folds 
Joe_Li7: folds 
Uncalled bet ($8.32) returned to Diamondplaces
Diamondplaces collected $2.50 from pot
*** SUMMARY ***
Total pot $2.50 | Rake $0 
Seat 1: Joe_Li7 (big blind) folded before Flop
Seat 2: Diamondplaces (button) collected ($2.50)
Seat 5: PhoenixAssassin (small blind) folded before Flop



PokerStars Hand #254637358252:  Hold'em No Limit ($0.50/$1.00 USD) - 2025/01/31 15:19:07 WET [2025/01/31 10:19:07 ET]
Table 'Dawson' 6-max Seat #5 is the button
Seat 1: Joe_Li7 ($116.88 in chips) 
Seat 2: Diamondplaces ($10.82 in chips) 
Seat 5: PhoenixAssassin ($214.48 in chips) 
Joe_Li7: posts small blind $0.50
Diamondplaces: posts big blind $1
*** HOLE CARDS ***
PhoenixAssassin: raises $1.50 to $2.50
Joe_Li7: raises $8 to $10.50
Diamondplaces: folds 
PhoenixAssassin: folds 
Uncalled bet ($8) returned to Joe_Li7
Joe_Li7 collected $6 from pot
*** SUMMARY ***
Total pot $6 | Rake $0 
Seat 1: Joe_Li7 (small blind) collected ($6)
Seat 2: Diamondplaces (big blind) folded before Flop
Seat 5: PhoenixAssassin (button) folded before Flop



PokerStars Hand #254637361497:  Hold'em No Limit ($0.50/$1.00 USD) - 2025/01/31 15:19:24 WET [2025/01/31 10:19:24 ET]
Table 'Dawson' 6-max Seat #1 is the button
Seat 1: Joe_Li7 ($120.38 in chips) 
Seat 2: Diamondplaces ($9.82 in chips) 
Seat 5: PhoenixAssassin ($211.98 in chips) 
Diamondplaces: posts small blind $0.50
PhoenixAssassin: posts big blind $1
*** HOLE CARDS ***
Joe_Li7: raises $1.20 to $2.20
Diamondplaces: folds 
PhoenixAssassin: folds 
Uncalled bet ($1.20) returned to Joe_Li7
Joe_Li7 collected $2.50 from pot
*** SUMMARY ***
Total pot $2.50 | Rake $0 
Seat 1: Joe_Li7 (button) collected ($2.50)
Seat 2: Diamondplaces (small blind) folded before Flop
Seat 5: PhoenixAssassin (big blind) folded before Flop



PokerStars Hand #254637363989:  Hold'em No Limit ($0.50/$1.00 USD) - 2025/01/31 15:19:36 WET [2025/01/31 10:19:36 ET]
Table 'Dawson' 6-max Seat #2 is the button
Seat 1: Joe_Li7 ($121.88 in chips) 
Seat 2: Diamondplaces ($9.32 in chips) 
Seat 5: PhoenixAssassin ($210.98 in chips) 
PhoenixAssassin: posts small blind $0.50
Joe_Li7: posts big blind $1
*** HOLE CARDS ***
Diamondplaces: folds 
PhoenixAssassin: folds 
Uncalled bet ($0.50) returned to Joe_Li7
Joe_Li7 collected $1 from pot
*** SUMMARY ***
Total pot $1 | Rake $0 
Seat 1: Joe_Li7 (big blind) collected ($1)
Seat 2: Diamondplaces (button) folded before Flop (didn't bet)
Seat 5: PhoenixAssassin (small blind) folded before Flop



PokerStars Hand #254637365326:  Hold'em No Limit ($0.50/$1.00 USD) - 2025/01/31 15:19:43 WET [2025/01/31 10:19:43 ET]
Table 'Dawson' 6-max Seat #5 is the button
Seat 1: Joe_Li7 ($122.38 in chips) 
Seat 2: Diamondplaces ($9.32 in chips) 
Seat 5: PhoenixAssassin ($210.48 in chips) 
Joe_Li7: posts small blind $0.50
Diamondplaces: posts big blind $1
*** HOLE CARDS ***
PhoenixAssassin: raises $1.50 to $2.50
Joe_Li7: raises $8 to $10.50
Diamondplaces: folds 
PhoenixAssassin: folds 
Uncalled bet ($8) returned to Joe_Li7
Joe_Li7 collected $6 from pot
*** SUMMARY ***
Total pot $6 | Rake $0 
Seat 1: Joe_Li7 (small blind) collected ($6)
Seat 2: Diamondplaces (big blind) folded before Flop
Seat 5: PhoenixAssassin (button) folded before Flop



PokerStars Hand #254637368301:  Hold'em No Limit ($0.50/$1.00 USD) - 2025/01/31 15:19:58 WET [2025/01/31 10:19:58 ET]
Table 'Dawson' 6-max Seat #1 is the button
Seat 1: Joe_Li7 ($125.88 in chips) 
Seat 2: Diamondplaces ($8.32 in chips) 
Seat 5: PhoenixAssassin ($207.98 in chips) 
Diamondplaces: posts small blind $0.50
PhoenixAssassin: posts big blind $1
*** HOLE CARDS ***
Joe_Li7: folds 
Diamondplaces: folds 
Uncalled bet ($0.50) returned to PhoenixAssassin
PhoenixAssassin collected $1 from pot
PhoenixAssassin: doesn't show hand 
*** SUMMARY ***
Total pot $1 | Rake $0 
Seat 1: Joe_Li7 (button) folded before Flop (didn't bet)
Seat 2: Diamondplaces (small blind) folded before Flop
Seat 5: PhoenixAssassin (big blind) collected ($1)



PokerStars Hand #254637369742:  Hold'em No Limit ($0.50/$1.00 USD) - 2025/01/31 15:20:05 WET [2025/01/31 10:20:05 ET]
Table 'Dawson' 6-max Seat #2 is the button
Seat 1: Joe_Li7 ($125.88 in chips) 
Seat 2: Diamondplaces ($7.82 in chips) 
Seat 5: PhoenixAssassin ($208.48 in chips) 
PhoenixAssassin: posts small blind $0.50
Joe_Li7: posts big blind $1
*** HOLE CARDS ***
Diamondplaces: folds 
PhoenixAssassin: folds 
Uncalled bet ($0.50) returned to Joe_Li7
Joe_Li7 collected $1 from pot
*** SUMMARY ***
Total pot $1 | Rake $0 
Seat 1: Joe_Li7 (big blind) collected ($1)
Seat 2: Diamondplaces (button) folded before Flop (didn't bet)
Seat 5: PhoenixAssassin (small blind) folded before Flop



PokerStars Hand #254637371054:  Hold'em No Limit ($0.50/$1.00 USD) - 2025/01/31 15:20:12 WET [2025/01/31 10:20:12 ET]
Table 'Dawson' 6-max Seat #5 is the button
Seat 1: Joe_Li7 ($126.38 in chips) 
Seat 2: Diamondplaces ($7.82 in chips) 
Seat 5: PhoenixAssassin ($207.98 in chips) 
Joe_Li7: posts small blind $0.50
Diamondplaces: posts big blind $1
*** HOLE CARDS ***
PhoenixAssassin: raises $1.50 to $2.50
Joe_Li7: folds 
Diamondplaces: folds 
Uncalled bet ($1.50) returned to PhoenixAssassin
PhoenixAssassin collected $2.50 from pot
PhoenixAssassin: doesn't show hand 
*** SUMMARY ***
Total pot $2.50 | Rake $0 
Seat 1: Joe_Li7 (small blind) folded before Flop
Seat 2: Diamondplaces (big blind) folded before Flop
Seat 5: PhoenixAssassin (button) collected ($2.50)



PokerStars Hand #254637373228:  Hold'em No Limit ($0.50/$1.00 USD) - 2025/01/31 15:20:23 WET [2025/01/31 10:20:23 ET]
Table 'Dawson' 6-max Seat #1 is the button
Seat 1: Joe_Li7 ($125.88 in chips) 
Seat 2: Diamondplaces ($6.82 in chips) 
Seat 5: PhoenixAssassin ($209.48 in chips) 
Diamondplaces: posts small blind $0.50
PhoenixAssassin: posts big blind $1
*** HOLE CARDS ***
Joe_Li7: folds 
Diamondplaces: folds 
Uncalled bet ($0.50) returned to PhoenixAssassin
PhoenixAssassin collected $1 from pot
PhoenixAssassin: doesn't show hand 
*** SUMMARY ***
Total pot $1 | Rake $0 
Seat 1: Joe_Li7 (button) folded before Flop (didn't bet)
Seat 2: Diamondplaces (small blind) folded before Flop
Seat 5: PhoenixAssassin (big blind) collected ($1)



PokerStars Hand #254637374633:  Hold'em No Limit ($0.50/$1.00 USD) - 2025/01/31 15:20:30 WET [2025/01/31 10:20:30 ET]
Table 'Dawson' 6-max Seat #2 is the button
Seat 1: Joe_Li7 ($125.88 in chips) 
Seat 2: Diamondplaces ($6.32 in chips) 
Seat 5: PhoenixAssassin ($209.98 in chips) 
PhoenixAssassin: posts small blind $0.50
Joe_Li7: posts big blind $1
*** HOLE CARDS ***
Diamondplaces: calls $1
PhoenixAssassin: folds 
Joe_Li7: checks 
*** FLOP *** [Qs 8c 4c]
Joe_Li7: checks 
Diamondplaces: bets $5.32 and is all-in
Joe_Li7: calls $5.32
*** TURN *** [Qs 8c 4c] [Ts]
*** RIVER *** [Qs 8c 4c Ts] [As]
*** SHOW DOWN ***
Joe_Li7: shows [Qc 4s] (two pair, Queens and Fours)
Diamondplaces: shows [7s 7c] (a pair of Sevens)
Joe_Li7 collected $12.48 from pot
*** SUMMARY ***
Total pot $13.14 | Rake $0.66 
Board [Qs 8c 4c Ts As]
Seat 1: Joe_Li7 (big blind) showed [Qc 4s] and won ($12.48) with two pair, Queens and Fours
Seat 2: Diamondplaces (button) showed [7s 7c] and lost with a pair of Sevens
Seat 5: PhoenixAssassin (small blind) folded before Flop



PokerStars Hand #254637483315:  Hold'em No Limit ($0.50/$1.00 USD) - 2025/01/31 15:29:29 WET [2025/01/31 10:29:29 ET]
Table 'Dawson' 6-max Seat #2 is the button
Seat 1: LuckyShikari ($136.84 in chips) 
Seat 2: reiyser ($106 in chips) 
Seat 3: mr.Jckpot ($100 in chips) 
Seat 4: whlzor ($101.50 in chips) 
Seat 5: Kreayshawn ($100 in chips) 
Seat 6: pacho0711 ($50.76 in chips) 
mr.Jckpot: posts small blind $0.50
whlzor: posts big blind $1
*** HOLE CARDS ***
Kreayshawn: raises $1.50 to $2.50
pacho0711: folds 
LuckyShikari: raises $5 to $7.50
reiyser: folds 
mr.Jckpot: folds 
whlzor: folds 
Kreayshawn: folds 
Uncalled bet ($5) returned to LuckyShikari
LuckyShikari collected $6.50 from pot
LuckyShikari: doesn't show hand 
*** SUMMARY ***
Total pot $6.50 | Rake $0 
Seat 1: LuckyShikari collected ($6.50)
Seat 2: reiyser (button) folded before Flop (didn't bet)
Seat 3: mr.Jckpot (small blind) folded before Flop
Seat 4: whlzor (big blind) folded before Flop
Seat 5: Kreayshawn folded before Flop
Seat 6: pacho0711 folded before Flop (didn't bet)



PokerStars Hand #254637489474:  Hold'em No Limit ($0.50/$1.00 USD) - 2025/01/31 15:29:58 WET [2025/01/31 10:29:58 ET]
Table 'Dawson' 6-max Seat #3 is the button
Seat 1: LuckyShikari ($140.84 in chips) 
Seat 2: reiyser ($106 in chips) 
Seat 3: mr.Jckpot ($100 in chips) 
Seat 4: whlzor ($100.50 in chips) 
Seat 5: Kreayshawn ($100 in chips) 
Seat 6: pacho0711 ($50.76 in chips) 
whlzor: posts small blind $0.50
Kreayshawn: posts big blind $1
*** HOLE CARDS ***
pacho0711: raises $2.50 to $3.50
LuckyShikari: folds 
reiyser: folds 
mr.Jckpot: folds 
whlzor: folds 
Kreayshawn: folds 
Uncalled bet ($2.50) returned to pacho0711
pacho0711 collected $2.50 from pot
pacho0711: doesn't show hand 
*** SUMMARY ***
Total pot $2.50 | Rake $0 
Seat 1: LuckyShikari folded before Flop (didn't bet)
Seat 2: reiyser folded before Flop (didn't bet)
Seat 3: mr.Jckpot (button) folded before Flop (didn't bet)
Seat 4: whlzor (small blind) folded before Flop
Seat 5: Kreayshawn (big blind) folded before Flop
Seat 6: pacho0711 collected ($2.50)



PokerStars Hand #254637492913:  Hold'em No Limit ($0.50/$1.00 USD) - 2025/01/31 15:30:14 WET [2025/01/31 10:30:14 ET]
Table 'Dawson' 6-max Seat #4 is the button
Seat 1: LuckyShikari ($140.84 in chips) 
Seat 2: reiyser ($106 in chips) 
Seat 3: mr.Jckpot ($100 in chips) 
Seat 4: whlzor ($100 in chips) 
Seat 5: Kreayshawn ($100 in chips) 
Seat 6: pacho0711 ($52.26 in chips) 
Kreayshawn: posts small blind $0.50
pacho0711: posts big blind $1
*** HOLE CARDS ***
LuckyShikari: folds 
reiyser: folds 
mr.Jckpot: raises $1.50 to $2.50
whlzor: folds 
Kreayshawn: folds 
pacho0711: calls $1.50
*** FLOP *** [2s 8c 4h]
pacho0711: checks 
mr.Jckpot: bets $2.87
pacho0711: calls $2.87
*** TURN *** [2s 8c 4h] [3d]
pacho0711: checks 
mr.Jckpot: bets $9
pacho0711: calls $9
*** RIVER *** [2s 8c 4h 3d] [Ts]
pacho0711: checks 
mr.Jckpot: bets $42.50
pacho0711: calls $37.89 and is all-in
Uncalled bet ($4.61) returned to mr.Jckpot
*** SHOW DOWN ***
mr.Jckpot: shows [4d 4s] (three of a kind, Fours)
pacho0711: shows [Qs 8h] (a pair of Eights)
mr.Jckpot collected $102.52 from pot
*** SUMMARY ***
Total pot $105.02 | Rake $2.50 
Board [2s 8c 4h 3d Ts]
Seat 1: LuckyShikari folded before Flop (didn't bet)
Seat 2: reiyser folded before Flop (didn't bet)
Seat 3: mr.Jckpot showed [4d 4s] and won ($102.52) with three of a kind, Fours
Seat 4: whlzor (button) folded before Flop (didn't bet)
Seat 5: Kreayshawn (small blind) folded before Flop
Seat 6: pacho0711 (big blind) showed [Qs 8h] and lost with a pair of Eights



PokerStars Hand #254637504825:  Hold'em No Limit ($0.50/$1.00 USD) - 2025/01/31 15:31:12 WET [2025/01/31 10:31:12 ET]
Table 'Dawson' 6-max Seat #5 is the button
Seat 6: pacho0711 ($0 in chips) is sitting out
Seat 1: LuckyShikari ($140.84 in chips) 
Seat 2: reiyser ($106 in chips) 
Seat 3: mr.Jckpot ($150.26 in chips) 
Seat 4: whlzor ($100 in chips) 
Seat 5: Kreayshawn ($100 in chips) 
LuckyShikari: posts small blind $0.50
reiyser: posts big blind $1
*** HOLE CARDS ***
mr.Jckpot: folds 
whlzor: folds 
pacho0711 is disconnected 
Kreayshawn: raises $1.50 to $2.50
LuckyShikari: folds 
reiyser: folds 
Uncalled bet ($1.50) returned to Kreayshawn
Kreayshawn collected $2.50 from pot
*** SUMMARY ***
Total pot $2.50 | Rake $0 
Seat 6: pacho0711
Seat 1: LuckyShikari (small blind) folded before Flop
Seat 2: reiyser (big blind) folded before Flop
Seat 3: mr.Jckpot folded before Flop (didn't bet)
Seat 4: whlzor folded before Flop (didn't bet)
Seat 5: Kreayshawn (button) collected ($2.50)



PokerStars Hand #254637509345:  Hold'em No Limit ($0.50/$1.00 USD) - 2025/01/31 15:31:34 WET [2025/01/31 10:31:34 ET]
Table 'Dawson' 6-max Seat #1 is the button
Seat 6: pacho0711 ($0 in chips) is sitting out
Seat 1: LuckyShikari ($140.34 in chips) 
Seat 2: reiyser ($105 in chips) 
Seat 3: mr.Jckpot ($150.26 in chips) 
Seat 4: whlzor ($100 in chips) 
Seat 5: Kreayshawn ($101.50 in chips) 
reiyser: posts small blind $0.50
mr.Jckpot: posts big blind $1
*** HOLE CARDS ***
whlzor: folds 
Kreayshawn: folds 
LuckyShikari: raises $1.25 to $2.25
reiyser: folds 
mr.Jckpot: folds 
Uncalled bet ($1.25) returned to LuckyShikari
LuckyShikari collected $2.50 from pot
LuckyShikari: doesn't show hand 
*** SUMMARY ***
Total pot $2.50 | Rake $0 
Seat 6: pacho0711
Seat 1: LuckyShikari (button) collected ($2.50)
Seat 2: reiyser (small blind) folded before Flop
Seat 3: mr.Jckpot (big blind) folded before Flop
Seat 4: whlzor folded before Flop (didn't bet)
Seat 5: Kreayshawn folded before Flop (didn't bet)



PokerStars Hand #254637513859:  Hold'em No Limit ($0.50/$1.00 USD) - 2025/01/31 15:31:55 WET [2025/01/31 10:31:55 ET]
Table 'Dawson' 6-max Seat #2 is the button
Seat 4: whlzor ($100 in chips) is sitting out
Seat 6: pacho0711 ($0 in chips) is sitting out
Seat 1: LuckyShikari ($141.84 in chips) 
Seat 2: reiyser ($104.50 in chips) 
Seat 3: mr.Jckpot ($149.26 in chips) 
Seat 5: Kreayshawn ($101.50 in chips) 
mr.Jckpot: posts small blind $0.50
whlzor: is sitting out 
Kreayshawn: posts big blind $1
*** HOLE CARDS ***
whlzor leaves the table
LuckyShikari: folds 
reiyser: folds 
mr.Jckpot: folds 
Uncalled bet ($0.50) returned to Kreayshawn
Kreayshawn collected $1 from pot
*** SUMMARY ***
Total pot $1 | Rake $0 
Seat 4: whlzor
Seat 6: pacho0711
Seat 1: LuckyShikari folded before Flop (didn't bet)
Seat 2: reiyser (button) folded before Flop (didn't bet)
Seat 3: mr.Jckpot (small blind) folded before Flop
Seat 5: Kreayshawn (big blind) collected ($1)



PokerStars Hand #254637515960:  Hold'em No Limit ($0.50/$1.00 USD) - 2025/01/31 15:32:06 WET [2025/01/31 10:32:06 ET]
Table 'Dawson' 6-max Seat #3 is the button
Seat 6: pacho0711 ($0 in chips) is sitting out
Seat 1: LuckyShikari ($141.84 in chips) 
Seat 2: reiyser ($104.50 in chips) 
Seat 3: mr.Jckpot ($148.76 in chips) 
Seat 5: Kreayshawn ($102 in chips) 
Kreayshawn: posts small blind $0.50
LuckyShikari: posts big blind $1
*** HOLE CARDS ***
reiyser: folds 
mr.Jckpot: folds 
Kreayshawn: raises $2 to $3
LuckyShikari: folds 
Uncalled bet ($2) returned to Kreayshawn
Kreayshawn collected $2 from pot
*** SUMMARY ***
Total pot $2 | Rake $0 
Seat 6: pacho0711
Seat 1: LuckyShikari (big blind) folded before Flop
Seat 2: reiyser folded before Flop (didn't bet)
Seat 3: mr.Jckpot (button) folded before Flop (didn't bet)
Seat 5: Kreayshawn (small blind) collected ($2)



PokerStars Hand #254637518878:  Hold'em No Limit ($0.50/$1.00 USD) - 2025/01/31 15:32:19 WET [2025/01/31 10:32:19 ET]
Table 'Dawson' 6-max Seat #5 is the button
Seat 6: pacho0711 ($0 in chips) is sitting out
Seat 1: LuckyShikari ($140.84 in chips) 
Seat 2: reiyser ($104.50 in chips) 
Seat 3: mr.Jckpot ($148.76 in chips) 
Seat 5: Kreayshawn ($103 in chips) 
LuckyShikari: posts small blind $0.50
reiyser: posts big blind $1
*** HOLE CARDS ***
mr.Jckpot: folds 
Kreayshawn: folds 
toxiiie joins the table at seat #4 
toxiiie is disconnected 
LuckyShikari: raises $2.50 to $3.50
reiyser: folds 
Uncalled bet ($2.50) returned to LuckyShikari
LuckyShikari collected $2 from pot
LuckyShikari: doesn't show hand 
*** SUMMARY ***
Total pot $2 | Rake $0 
Seat 6: pacho0711
Seat 1: LuckyShikari (small blind) collected ($2)
Seat 2: reiyser (big blind) folded before Flop
Seat 3: mr.Jckpot folded before Flop (didn't bet)
Seat 5: Kreayshawn (button) folded before Flop (didn't bet)



PokerStars Hand #254637522777:  Hold'em No Limit ($0.50/$1.00 USD) - 2025/01/31 15:32:38 WET [2025/01/31 10:32:38 ET]
Table 'Dawson' 6-max Seat #1 is the button
Seat 3: mr.Jckpot ($148.76 in chips) is sitting out
Seat 6: pacho0711 ($0 in chips) is sitting out
Seat 1: LuckyShikari ($141.84 in chips) 
Seat 2: reiyser ($103.50 in chips) 
Seat 4: toxiiie ($30.34 in chips) 
Seat 5: Kreayshawn ($103 in chips) 
reiyser: posts small blind $0.50
mr.Jckpot: is sitting out 
toxiiie: posts big blind $1
*** HOLE CARDS ***
Kreayshawn: folds 
LuckyShikari: folds 
reiyser: folds 
Uncalled bet ($0.50) returned to toxiiie
toxiiie collected $1 from pot
*** SUMMARY ***
Total pot $1 | Rake $0 
Seat 3: mr.Jckpot
Seat 6: pacho0711
Seat 1: LuckyShikari (button) folded before Flop (didn't bet)
Seat 2: reiyser (small blind) folded before Flop
Seat 4: toxiiie (big blind) collected ($1)
Seat 5: Kreayshawn folded before Flop (didn't bet)



PokerStars Hand #254637525231:  Hold'em No Limit ($0.50/$1.00 USD) - 2025/01/31 15:32:50 WET [2025/01/31 10:32:50 ET]
Table 'Dawson' 6-max Seat #2 is the button
Seat 6: pacho0711 ($0 in chips) is sitting out
Seat 1: LuckyShikari ($141.84 in chips) 
Seat 2: reiyser ($103 in chips) 
Seat 4: toxiiie ($30.84 in chips) 
Seat 5: Kreayshawn ($103 in chips) 
toxiiie: posts small blind $0.50
mr.Jckpot leaves the table
Kreayshawn: posts big blind $1
*** HOLE CARDS ***
LuckyShikari: folds 
reiyser: folds 
Red4erT joins the table at seat #3 
toxiiie: calls $0.50
Kreayshawn: checks 
*** FLOP *** [Tc 9d Jd]
toxiiie: checks 
Kreayshawn: checks 
*** TURN *** [Tc 9d Jd] [6d]
toxiiie: bets $1
Kreayshawn: folds 
Uncalled bet ($1) returned to toxiiie
toxiiie collected $1.90 from pot
*** SUMMARY ***
Total pot $2 | Rake $0.10 
Board [Tc 9d Jd 6d]
Seat 6: pacho0711
Seat 1: LuckyShikari folded before Flop (didn't bet)
Seat 2: reiyser (button) folded before Flop (didn't bet)
Seat 4: toxiiie (small blind) collected ($1.90)
Seat 5: Kreayshawn (big blind) folded on the Turn



PokerStars Hand #254637532566:  Hold'em No Limit ($0.50/$1.00 USD) - 2025/01/31 15:33:25 WET [2025/01/31 10:33:25 ET]
Table 'Dawson' 6-max Seat #4 is the button
Seat 3: Red4erT ($12 in chips) is sitting out
Seat 6: pacho0711 ($0 in chips) is sitting out
Seat 1: LuckyShikari ($141.84 in chips) 
Seat 2: reiyser ($103 in chips) 
Seat 4: toxiiie ($31.74 in chips) 
Seat 5: Kreayshawn ($102 in chips) 
Kreayshawn: posts small blind $0.50
LuckyShikari: posts big blind $1
Red4erT: sits out 
*** HOLE CARDS ***
reiyser: folds 
toxiiie: calls $1
Kreayshawn: folds 
LuckyShikari: raises $4 to $5
toxiiie: calls $4
*** FLOP *** [8d Th Kh]
LuckyShikari: bets $6
toxiiie: calls $6
*** TURN *** [8d Th Kh] [8s]
LuckyShikari: bets $12.50
toxiiie: folds 
Uncalled bet ($12.50) returned to LuckyShikari
LuckyShikari collected $21.50 from pot
LuckyShikari: doesn't show hand 
*** SUMMARY ***
Total pot $22.50 | Rake $1 
Board [8d Th Kh 8s]
Seat 3: Red4erT
Seat 6: pacho0711
Seat 1: LuckyShikari (big blind) collected ($21.50)
Seat 2: reiyser folded before Flop (didn't bet)
Seat 4: toxiiie (button) folded on the Turn
Seat 5: Kreayshawn (small blind) folded before Flop



PokerStars Hand #254637539671:  Hold'em No Limit ($0.50/$1.00 USD) - 2025/01/31 15:33:59 WET [2025/01/31 10:33:59 ET]
Table 'Dawson' 6-max Seat #5 is the button
Seat 3: Red4erT ($12 in chips) is sitting out
Seat 6: pacho0711 ($0 in chips) is sitting out
Seat 1: LuckyShikari ($152.34 in chips) 
Seat 2: reiyser ($103 in chips) 
Seat 4: toxiiie ($20.74 in chips) 
Seat 5: Kreayshawn ($101.50 in chips) 
LuckyShikari: posts small blind $0.50
reiyser: posts big blind $1
Red4erT: sits out 
*** HOLE CARDS ***
toxiiie: raises $1 to $2
Kreayshawn: folds 
LuckyShikari: calls $1.50
reiyser: folds 
*** FLOP *** [9c Th 9h]
LuckyShikari: checks 
toxiiie: checks 
*** TURN *** [9c Th 9h] [Ks]
LuckyShikari: checks 
toxiiie: checks 
*** RIVER *** [9c Th 9h Ks] [5d]
LuckyShikari: checks 
toxiiie: checks 
*** SHOW DOWN ***
LuckyShikari: shows [Td Jd] (two pair, Tens and Nines)
toxiiie: mucks hand 
LuckyShikari collected $4.75 from pot
*** SUMMARY ***
Total pot $5 | Rake $0.25 
Board [9c Th 9h Ks 5d]
Seat 3: Red4erT
Seat 6: pacho0711
Seat 1: LuckyShikari (small blind) showed [Td Jd] and won ($4.75) with two pair, Tens and Nines
Seat 2: reiyser (big blind) folded before Flop
Seat 4: toxiiie mucked
Seat 5: Kreayshawn (button) folded before Flop (didn't bet)



PokerStars Hand #254637545573:  Hold'em No Limit ($0.50/$1.00 USD) - 2025/01/31 15:34:28 WET [2025/01/31 10:34:28 ET]
Table 'Dawson' 6-max Seat #1 is the button
Seat 6: pacho0711 ($0 in chips) is sitting out
Seat 1: LuckyShikari ($155.09 in chips) 
Seat 2: reiyser ($102 in chips) 
Seat 3: Red4erT ($12 in chips) 
Seat 4: toxiiie ($18.74 in chips) 
Seat 5: Kreayshawn ($101.50 in chips) 
reiyser: posts small blind $0.50
Red4erT: posts big blind $1
*** HOLE CARDS ***
toxiiie: calls $1
Kreayshawn: folds 
LuckyShikari: folds 
reiyser: raises $3 to $4
Red4erT: folds 
toxiiie: calls $3
*** FLOP *** [Ts 5s Qd]
reiyser: bets $4.45
toxiiie: raises $10.29 to $14.74 and is all-in
reiyser: calls $10.29
*** TURN *** [Ts 5s Qd] [Jc]
*** RIVER *** [Ts 5s Qd Jc] [4c]
*** SHOW DOWN ***
reiyser: shows [Qs Kc] (a pair of Queens)
toxiiie: shows [9c 8c] (a straight, Eight to Queen)
toxiiie collected $36.56 from pot
*** SUMMARY ***
Total pot $38.48 | Rake $1.92 
Board [Ts 5s Qd Jc 4c]
Seat 6: pacho0711
Seat 1: LuckyShikari (button) folded before Flop (didn't bet)
Seat 2: reiyser (small blind) showed [Qs Kc] and lost with a pair of Queens
Seat 3: Red4erT (big blind) folded before Flop
Seat 4: toxiiie showed [9c 8c] and won ($36.56) with a straight, Eight to Queen
Seat 5: Kreayshawn folded before Flop (didn't bet)



PokerStars Hand #254637555703:  Hold'em No Limit ($0.50/$1.00 USD) - 2025/01/31 15:35:16 WET [2025/01/31 10:35:16 ET]
Table 'Dawson' 6-max Seat #2 is the button
Seat 6: pacho0711 ($0 in chips) is sitting out
Seat 1: LuckyShikari ($155.09 in chips) 
Seat 2: reiyser ($100 in chips) 
Seat 3: Red4erT ($30 in chips) 
Seat 4: toxiiie ($36.56 in chips) 
Seat 5: Kreayshawn ($101.50 in chips) 
Red4erT: posts small blind $0.50
toxiiie: posts big blind $1
*** HOLE CARDS ***
Kreayshawn: folds 
LuckyShikari: raises $2.50 to $3.50
reiyser: folds 
Red4erT: raises $5.50 to $9
toxiiie: folds 
LuckyShikari: folds 
Uncalled bet ($5.50) returned to Red4erT
Red4erT collected $8 from pot
Red4erT: doesn't show hand 
*** SUMMARY ***
Total pot $8 | Rake $0 
Seat 6: pacho0711
Seat 1: LuckyShikari folded before Flop
Seat 2: reiyser (button) folded before Flop (didn't bet)
Seat 3: Red4erT (small blind) collected ($8)
Seat 4: toxiiie (big blind) folded before Flop
Seat 5: Kreayshawn folded before Flop (didn't bet)



PokerStars Hand #254637562596:  Hold'em No Limit ($0.50/$1.00 USD) - 2025/01/31 15:35:49 WET [2025/01/31 10:35:49 ET]
Table 'Dawson' 6-max Seat #3 is the button
Seat 6: pacho0711 ($0 in chips) is sitting out
Seat 1: LuckyShikari ($151.59 in chips) 
Seat 2: reiyser ($100 in chips) 
Seat 3: Red4erT ($34.50 in chips) 
Seat 4: toxiiie ($35.56 in chips) 
Seat 5: Kreayshawn ($101.50 in chips) 
toxiiie: posts small blind $0.50
Kreayshawn: posts big blind $1
*** HOLE CARDS ***
LuckyShikari: raises $1 to $2
reiyser: folds 
Red4erT: folds 
toxiiie: calls $1.50
Kreayshawn: calls $1
*** FLOP *** [9s 7s 4h]
toxiiie: checks 
Kreayshawn: checks 
LuckyShikari: bets $3
toxiiie: calls $3
Kreayshawn: folds 
*** TURN *** [9s 7s 4h] [9d]
toxiiie: checks 
LuckyShikari: bets $5.50
toxiiie: calls $5.50
*** RIVER *** [9s 7s 4h 9d] [Th]
toxiiie: bets $4
LuckyShikari: calls $4
*** SHOW DOWN ***
toxiiie: shows [4s Qh] (two pair, Nines and Fours)
LuckyShikari: shows [As Ah] (two pair, Aces and Nines)
LuckyShikari collected $29.45 from pot
*** SUMMARY ***
Total pot $31 | Rake $1.55 
Board [9s 7s 4h 9d Th]
Seat 6: pacho0711
Seat 1: LuckyShikari showed [As Ah] and won ($29.45) with two pair, Aces and Nines
Seat 2: reiyser folded before Flop (didn't bet)
Seat 3: Red4erT (button) folded before Flop (didn't bet)
Seat 4: toxiiie (small blind) showed [4s Qh] and lost with two pair, Nines and Fours
Seat 5: Kreayshawn (big blind) folded on the Flop



PokerStars Hand #254637572722:  Hold'em No Limit ($0.50/$1.00 USD) - 2025/01/31 15:36:38 WET [2025/01/31 10:36:38 ET]
Table 'Dawson' 6-max Seat #4 is the button
Seat 6: pacho0711 ($0 in chips) is sitting out
Seat 1: LuckyShikari ($166.54 in chips) 
Seat 2: reiyser ($100 in chips) 
Seat 3: Red4erT ($34.50 in chips) 
Seat 4: toxiiie ($21.06 in chips) 
Seat 5: Kreayshawn ($100 in chips) 
Kreayshawn: posts small blind $0.50
LuckyShikari: posts big blind $1
*** HOLE CARDS ***
reiyser: folds 
Red4erT: raises $1 to $2
toxiiie: raises $1 to $3
Kreayshawn: folds 
LuckyShikari: folds 
Red4erT: calls $1
*** FLOP *** [Qs 8c Ad]
Red4erT: checks 
toxiiie: bets $4
Red4erT: folds 
Uncalled bet ($4) returned to toxiiie
toxiiie collected $7.12 from pot
pacho0711 leaves the table
*** SUMMARY ***
Total pot $7.50 | Rake $0.38 
Board [Qs 8c Ad]
Seat 6: pacho0711
Seat 1: LuckyShikari (big blind) folded before Flop
Seat 2: reiyser folded before Flop (didn't bet)
Seat 3: Red4erT folded on the Flop
Seat 4: toxiiie (button) collected ($7.12)
Seat 5: Kreayshawn (small blind) folded before Flop



PokerStars Hand #254637582103:  Hold'em No Limit ($0.50/$1.00 USD) - 2025/01/31 15:37:23 WET [2025/01/31 10:37:23 ET]
Table 'Dawson' 6-max Seat #5 is the button
Seat 1: LuckyShikari ($165.54 in chips) 
Seat 2: reiyser ($100 in chips) 
Seat 3: Red4erT ($31.50 in chips) 
Seat 4: toxiiie ($25.18 in chips) 
Seat 5: Kreayshawn ($100 in chips) 
LuckyShikari: posts small blind $0.50
reiyser: posts big blind $1
*** HOLE CARDS ***
Red4erT: folds 
toxiiie: raises $2 to $3
PhoenixAssassin joins the table at seat #6 
Kreayshawn has timed out
Kreayshawn: folds 
LuckyShikari: folds 
reiyser: raises $79 to $82
toxiiie: calls $22.18 and is all-in
Uncalled bet ($56.82) returned to reiyser
*** FLOP *** [4d 6d 7c]
*** TURN *** [4d 6d 7c] [Th]
*** RIVER *** [4d 6d 7c Th] [Kd]
*** SHOW DOWN ***
reiyser: shows [Qh As] (high card Ace)
toxiiie: shows [Ac Kc] (a pair of Kings)
toxiiie collected $48.36 from pot
*** SUMMARY ***
Total pot $50.86 | Rake $2.50 
Board [4d 6d 7c Th Kd]
Seat 1: LuckyShikari (small blind) folded before Flop
Seat 2: reiyser (big blind) showed [Qh As] and lost with high card Ace
Seat 3: Red4erT folded before Flop (didn't bet)
Seat 4: toxiiie showed [Ac Kc] and won ($48.36) with a pair of Kings
Seat 5: Kreayshawn (button) folded before Flop (didn't bet)



PokerStars Hand #254637598986:  Hold'em No Limit ($0.50/$1.00 USD) - 2025/01/31 15:38:44 WET [2025/01/31 10:38:44 ET]
Table 'Dawson' 6-max Seat #1 is the button
Seat 5: Kreayshawn ($100 in chips) is sitting out
Seat 6: PhoenixAssassin ($209.48 in chips) is sitting out
Seat 1: LuckyShikari ($165.04 in chips) 
Seat 2: reiyser ($100 in chips) 
Seat 3: Red4erT ($31.50 in chips) 
Seat 4: toxiiie ($48.36 in chips) 
reiyser: posts small blind $0.50
Red4erT: posts big blind $1
PhoenixAssassin: sits out 
*** HOLE CARDS ***
toxiiie: calls $1
LuckyShikari: folds 
reiyser: raises $2.50 to $3.50
Red4erT: folds 
toxiiie: calls $2.50
*** FLOP *** [As Js Ah]
reiyser: bets $2.20
toxiiie: calls $2.20
*** TURN *** [As Js Ah] [4s]
reiyser: checks 
toxiiie: checks 
*** RIVER *** [As Js Ah 4s] [Jh]
reiyser: checks 
toxiiie: bets $8
reiyser: calls $8
*** SHOW DOWN ***
toxiiie: shows [Ks Jc] (a full house, Jacks full of Aces)
reiyser: mucks hand 
toxiiie collected $27.40 from pot
*** SUMMARY ***
Total pot $28.40 | Rake $1 
Board [As Js Ah 4s Jh]
Seat 5: Kreayshawn
Seat 6: PhoenixAssassin
Seat 1: LuckyShikari (button) folded before Flop (didn't bet)
Seat 2: reiyser (small blind) mucked
Seat 3: Red4erT (big blind) folded before Flop
Seat 4: toxiiie showed [Ks Jc] and won ($27.40) with a full house, Jacks full of Aces



PokerStars Hand #254637612908:  Hold'em No Limit ($0.50/$1.00 USD) - 2025/01/31 15:39:52 WET [2025/01/31 10:39:52 ET]
Table 'Dawson' 6-max Seat #2 is the button
Seat 5: Kreayshawn ($100 in chips) is sitting out
Seat 6: PhoenixAssassin ($209.48 in chips) is sitting out
Seat 1: LuckyShikari ($165.04 in chips) 
Seat 2: reiyser ($100 in chips) 
Seat 3: Red4erT ($30.50 in chips) 
Seat 4: toxiiie ($62.06 in chips) 
Red4erT: posts small blind $0.50
toxiiie: posts big blind $1
PhoenixAssassin: sits out 
*** HOLE CARDS ***
LuckyShikari: folds 
reiyser: folds 
Red4erT: raises $1.50 to $2.50
toxiiie: calls $1.50
*** FLOP *** [4h 2h Ah]
Red4erT: checks 
toxiiie: bets $4
Red4erT: folds 
Uncalled bet ($4) returned to toxiiie
toxiiie collected $4.75 from pot
*** SUMMARY ***
Total pot $5 | Rake $0.25 
Board [4h 2h Ah]
Seat 5: Kreayshawn
Seat 6: PhoenixAssassin
Seat 1: LuckyShikari folded before Flop (didn't bet)
Seat 2: reiyser (button) folded before Flop (didn't bet)
Seat 3: Red4erT (small blind) folded on the Flop
Seat 4: toxiiie (big blind) collected ($4.75)



PokerStars Hand #254637619760:  Hold'em No Limit ($0.50/$1.00 USD) - 2025/01/31 15:40:24 WET [2025/01/31 10:40:24 ET]
Table 'Dawson' 6-max Seat #3 is the button
Seat 5: Kreayshawn ($100 in chips) is sitting out
Seat 1: LuckyShikari ($165.04 in chips) 
Seat 2: reiyser ($100 in chips) 
Seat 3: Red4erT ($28 in chips) 
Seat 4: toxiiie ($64.31 in chips) 
Seat 6: PhoenixAssassin ($209.48 in chips) 
toxiiie: posts small blind $0.50
PhoenixAssassin: posts big blind $1
*** HOLE CARDS ***
LuckyShikari: folds 
reiyser: folds 
Red4erT: raises $1 to $2
toxiiie: calls $1.50
PhoenixAssassin: folds 
*** FLOP *** [9h Qc Th]
toxiiie: checks 
Red4erT: checks 
*** TURN *** [9h Qc Th] [9d]
toxiiie: checks 
Red4erT: bets $3.56
toxiiie: calls $3.56
*** RIVER *** [9h Qc Th 9d] [7c]
toxiiie: checks 
Red4erT: bets $8.63
toxiiie: folds 
Uncalled bet ($8.63) returned to Red4erT
Red4erT collected $11.51 from pot
Red4erT: doesn't show hand 
*** SUMMARY ***
Total pot $12.12 | Rake $0.61 
Board [9h Qc Th 9d 7c]
Seat 5: Kreayshawn
Seat 1: LuckyShikari folded before Flop (didn't bet)
Seat 2: reiyser folded before Flop (didn't bet)
Seat 3: Red4erT (button) collected ($11.51)
Seat 4: toxiiie (small blind) folded on the River
Seat 6: PhoenixAssassin (big blind) folded before Flop



PokerStars Hand #254637630981:  Hold'em No Limit ($0.50/$1.00 USD) - 2025/01/31 15:41:19 WET [2025/01/31 10:41:19 ET]
Table 'Dawson' 6-max Seat #4 is the button
Seat 5: Kreayshawn ($100 in chips) is sitting out
Seat 1: LuckyShikari ($165.04 in chips) 
Seat 2: reiyser ($100 in chips) 
Seat 3: Red4erT ($33.95 in chips) 
Seat 4: toxiiie ($58.75 in chips) 
Seat 6: PhoenixAssassin ($208.48 in chips) 
PhoenixAssassin: posts small blind $0.50
LuckyShikari: posts big blind $1
*** HOLE CARDS ***
reiyser: folds 
Red4erT: folds 
toxiiie: calls $1
PhoenixAssassin: calls $0.50
LuckyShikari: raises $7 to $8
toxiiie: folds 
PhoenixAssassin: folds 
Uncalled bet ($7) returned to LuckyShikari
LuckyShikari collected $3 from pot
LuckyShikari: doesn't show hand 
*** SUMMARY ***
Total pot $3 | Rake $0 
Seat 5: Kreayshawn
Seat 1: LuckyShikari (big blind) collected ($3)
Seat 2: reiyser folded before Flop (didn't bet)
Seat 3: Red4erT folded before Flop (didn't bet)
Seat 4: toxiiie (button) folded before Flop
Seat 6: PhoenixAssassin (small blind) folded before Flop



PokerStars Hand #254637635664:  Hold'em No Limit ($0.50/$1.00 USD) - 2025/01/31 15:41:42 WET [2025/01/31 10:41:42 ET]
Table 'Dawson' 6-max Seat #6 is the button
Seat 5: Kreayshawn ($100 in chips) is sitting out
Seat 1: LuckyShikari ($167.04 in chips) 
Seat 2: reiyser ($100 in chips) 
Seat 3: Red4erT ($33.95 in chips) 
Seat 4: toxiiie ($57.75 in chips) 
Seat 6: PhoenixAssassin ($207.48 in chips) 
LuckyShikari: posts small blind $0.50
reiyser: posts big blind $1
*** HOLE CARDS ***
Red4erT: raises $1 to $2
toxiiie: calls $2
PhoenixAssassin: folds 
LuckyShikari: raises $10.50 to $12.50
reiyser: folds 
Red4erT: raises $21.45 to $33.95 and is all-in
toxiiie: folds 
LuckyShikari: folds 
Uncalled bet ($21.45) returned to Red4erT
Red4erT collected $28 from pot
Red4erT: doesn't show hand 
*** SUMMARY ***
Total pot $28 | Rake $0 
Seat 5: Kreayshawn
Seat 1: LuckyShikari (small blind) folded before Flop
Seat 2: reiyser (big blind) folded before Flop
Seat 3: Red4erT collected ($28)
Seat 4: toxiiie folded before Flop
Seat 6: PhoenixAssassin (button) folded before Flop (didn't bet)



PokerStars Hand #254637641446:  Hold'em No Limit ($0.50/$1.00 USD) - 2025/01/31 15:42:09 WET [2025/01/31 10:42:09 ET]
Table 'Dawson' 6-max Seat #1 is the button
Seat 5: Kreayshawn ($100 in chips) is sitting out
Seat 1: LuckyShikari ($154.54 in chips) 
Seat 2: reiyser ($100 in chips) 
Seat 3: Red4erT ($49.45 in chips) 
Seat 4: toxiiie ($55.75 in chips) 
Seat 6: PhoenixAssassin ($207.48 in chips) 
reiyser: posts small blind $0.50
Red4erT: posts big blind $1
*** HOLE CARDS ***
toxiiie: raises $1 to $2
PhoenixAssassin: folds 
LuckyShikari: folds 
reiyser: folds 
Red4erT: folds 
Uncalled bet ($1) returned to toxiiie
toxiiie collected $2.50 from pot
*** SUMMARY ***
Total pot $2.50 | Rake $0 
Seat 5: Kreayshawn
Seat 1: LuckyShikari (button) folded before Flop (didn't bet)
Seat 2: reiyser (small blind) folded before Flop
Seat 3: Red4erT (big blind) folded before Flop
Seat 4: toxiiie collected ($2.50)
Seat 6: PhoenixAssassin folded before Flop (didn't bet)



PokerStars Hand #254637644066:  Hold'em No Limit ($0.50/$1.00 USD) - 2025/01/31 15:42:22 WET [2025/01/31 10:42:22 ET]
Table 'Dawson' 6-max Seat #2 is the button
Seat 5: Kreayshawn ($100 in chips) is sitting out
Seat 1: LuckyShikari ($154.54 in chips) 
Seat 2: reiyser ($100 in chips) 
Seat 3: Red4erT ($48.45 in chips) 
Seat 4: toxiiie ($57.25 in chips) 
Seat 6: PhoenixAssassin ($207.48 in chips) 
Red4erT: posts small blind $0.50
toxiiie: posts big blind $1
*** HOLE CARDS ***
PhoenixAssassin: folds 
LuckyShikari: folds 
reiyser: folds 
Red4erT: raises $2 to $3
toxiiie: calls $2
*** FLOP *** [Kd 6c 4c]
Red4erT: bets $2.85
toxiiie: calls $2.85
*** TURN *** [Kd 6c 4c] [5h]
Red4erT: bets $8.34
toxiiie: raises $8.34 to $16.68
Red4erT: raises $25.92 to $42.60 and is all-in
toxiiie: folds 
Uncalled bet ($25.92) returned to Red4erT
Red4erT collected $42.81 from pot
Red4erT: doesn't show hand 
*** SUMMARY ***
Total pot $45.06 | Rake $2.25 
Board [Kd 6c 4c 5h]
Seat 5: Kreayshawn
Seat 1: LuckyShikari folded before Flop (didn't bet)
Seat 2: reiyser (button) folded before Flop (didn't bet)
Seat 3: Red4erT (small blind) collected ($42.81)
Seat 4: toxiiie (big blind) folded on the Turn
Seat 6: PhoenixAssassin folded before Flop (didn't bet)



PokerStars Hand #254637657183:  Hold'em No Limit ($0.50/$1.00 USD) - 2025/01/31 15:43:25 WET [2025/01/31 10:43:25 ET]
Table 'Dawson' 6-max Seat #3 is the button
Seat 5: Kreayshawn ($100 in chips) is sitting out
Seat 1: LuckyShikari ($154.54 in chips) 
Seat 2: reiyser ($100 in chips) 
Seat 3: Red4erT ($68.73 in chips) 
Seat 4: toxiiie ($34.72 in chips) 
Seat 6: PhoenixAssassin ($207.48 in chips) 
toxiiie: posts small blind $0.50
PhoenixAssassin: posts big blind $1
*** HOLE CARDS ***
LuckyShikari: folds 
reiyser: folds 
Red4erT: folds 
toxiiie: folds 
Uncalled bet ($0.50) returned to PhoenixAssassin
PhoenixAssassin collected $1 from pot
PhoenixAssassin: doesn't show hand 
*** SUMMARY ***
Total pot $1 | Rake $0 
Seat 5: Kreayshawn
Seat 1: LuckyShikari folded before Flop (didn't bet)
Seat 2: reiyser folded before Flop (didn't bet)
Seat 3: Red4erT (button) folded before Flop (didn't bet)
Seat 4: toxiiie (small blind) folded before Flop
Seat 6: PhoenixAssassin (big blind) collected ($1)



PokerStars Hand #254637659729:  Hold'em No Limit ($0.50/$1.00 USD) - 2025/01/31 15:43:37 WET [2025/01/31 10:43:37 ET]
Table 'Dawson' 6-max Seat #4 is the button
Seat 5: Kreayshawn ($100 in chips) is sitting out
Seat 1: LuckyShikari ($154.54 in chips) 
Seat 2: reiyser ($100 in chips) 
Seat 3: Red4erT ($68.73 in chips) 
Seat 4: toxiiie ($34.22 in chips) 
Seat 6: PhoenixAssassin ($207.98 in chips) 
PhoenixAssassin: posts small blind $0.50
LuckyShikari: posts big blind $1
*** HOLE CARDS ***
reiyser: folds 
Red4erT: folds 
toxiiie: calls $1
PhoenixAssassin: calls $0.50
LuckyShikari: checks 
*** FLOP *** [5h Qd 7s]
PhoenixAssassin: bets $1.88
LuckyShikari: folds 
toxiiie: calls $1.88
*** TURN *** [5h Qd 7s] [Js]
PhoenixAssassin: bets $4.24
toxiiie: folds 
Uncalled bet ($4.24) returned to PhoenixAssassin
PhoenixAssassin collected $6.42 from pot
PhoenixAssassin: doesn't show hand 
*** SUMMARY ***
Total pot $6.76 | Rake $0.34 
Board [5h Qd 7s Js]
Seat 5: Kreayshawn
Seat 1: LuckyShikari (big blind) folded on the Flop
Seat 2: reiyser folded before Flop (didn't bet)
Seat 3: Red4erT folded before Flop (didn't bet)
Seat 4: toxiiie (button) folded on the Turn
Seat 6: PhoenixAssassin (small blind) collected ($6.42)



PokerStars Hand #254637665831:  Hold'em No Limit ($0.50/$1.00 USD) - 2025/01/31 15:44:07 WET [2025/01/31 10:44:07 ET]
Table 'Dawson' 6-max Seat #6 is the button
Seat 5: Kreayshawn ($100 in chips) is sitting out
Seat 1: LuckyShikari ($153.54 in chips) 
Seat 2: reiyser ($100 in chips) 
Seat 3: Red4erT ($68.73 in chips) 
Seat 4: toxiiie ($31.34 in chips) 
Seat 6: PhoenixAssassin ($211.52 in chips) 
LuckyShikari: posts small blind $0.50
reiyser: posts big blind $1
*** HOLE CARDS ***
Red4erT: folds 
toxiiie: calls $1
PhoenixAssassin: raises $2.50 to $3.50
LuckyShikari: folds 
reiyser: folds 
toxiiie: calls $2.50
*** FLOP *** [3d 9d 8s]
toxiiie: checks 
PhoenixAssassin: bets $5.33
toxiiie: raises $5.33 to $10.66
PhoenixAssassin: calls $5.33
*** TURN *** [3d 9d 8s] [2h]
toxiiie: bets $17.18 and is all-in
PhoenixAssassin: folds 
Uncalled bet ($17.18) returned to toxiiie
toxiiie collected $28.33 from pot
*** SUMMARY ***
Total pot $29.82 | Rake $1.49 
Board [3d 9d 8s 2h]
Seat 5: Kreayshawn
Seat 1: LuckyShikari (small blind) folded before Flop
Seat 2: reiyser (big blind) folded before Flop
Seat 3: Red4erT folded before Flop (didn't bet)
Seat 4: toxiiie collected ($28.33)
Seat 6: PhoenixAssassin (button) folded on the Turn



PokerStars Hand #254637675271:  Hold'em No Limit ($0.50/$1.00 USD) - 2025/01/31 15:44:52 WET [2025/01/31 10:44:52 ET]
Table 'Dawson' 6-max Seat #1 is the button
Seat 5: Kreayshawn ($100 in chips) is sitting out
Seat 1: LuckyShikari ($153.04 in chips) 
Seat 2: reiyser ($100 in chips) 
Seat 3: Red4erT ($68.73 in chips) 
Seat 4: toxiiie ($45.51 in chips) 
Seat 6: PhoenixAssassin ($197.36 in chips) 
reiyser: posts small blind $0.50
Red4erT: posts big blind $1
*** HOLE CARDS ***
toxiiie: calls $1
PhoenixAssassin: folds 
LuckyShikari: raises $5 to $6
reiyser: folds 
Red4erT: folds 
toxiiie: calls $5
*** FLOP *** [6d 9s 7d]
toxiiie: checks 
LuckyShikari: bets $1
toxiiie: raises $3 to $4
LuckyShikari: calls $3
*** TURN *** [6d 9s 7d] [5h]
toxiiie: bets $35.51 and is all-in
LuckyShikari: folds 
Uncalled bet ($35.51) returned to toxiiie
toxiiie collected $20.42 from pot
*** SUMMARY ***
Total pot $21.50 | Rake $1.08 
Board [6d 9s 7d 5h]
Seat 5: Kreayshawn
Seat 1: LuckyShikari (button) folded on the Turn
Seat 2: reiyser (small blind) folded before Flop
Seat 3: Red4erT (big blind) folded before Flop
Seat 4: toxiiie collected ($20.42)
Seat 6: PhoenixAssassin folded before Flop (didn't bet)



PokerStars Hand #254637682914:  Hold'em No Limit ($0.50/$1.00 USD) - 2025/01/31 15:45:28 WET [2025/01/31 10:45:28 ET]
Table 'Dawson' 6-max Seat #2 is the button
Seat 5: Kreayshawn ($100 in chips) is sitting out
Seat 1: LuckyShikari ($143.04 in chips) 
Seat 2: reiyser ($100 in chips) 
Seat 3: Red4erT ($67.73 in chips) 
Seat 4: toxiiie ($55.93 in chips) 
Seat 6: PhoenixAssassin ($197.36 in chips) 
Red4erT: posts small blind $0.50
toxiiie: posts big blind $1
*** HOLE CARDS ***
PhoenixAssassin: raises $1.20 to $2.20
LuckyShikari: folds 
reiyser: folds 
Red4erT: folds 
toxiiie: calls $1.20
*** FLOP *** [As Ts 9d]
toxiiie: checks 
PhoenixAssassin: bets $3.08
toxiiie: calls $3.08
*** TURN *** [As Ts 9d] [8c]
toxiiie: bets $5.26
PhoenixAssassin: calls $5.26
*** RIVER *** [As Ts 9d 8c] [Qc]
toxiiie: bets $45.39 and is all-in
PhoenixAssassin: folds 
Uncalled bet ($45.39) returned to toxiiie
toxiiie collected $20.50 from pot
*** SUMMARY ***
Total pot $21.58 | Rake $1.08 
Board [As Ts 9d 8c Qc]
Seat 5: Kreayshawn
Seat 1: LuckyShikari folded before Flop (didn't bet)
Seat 2: reiyser (button) folded before Flop (didn't bet)
Seat 3: Red4erT (small blind) folded before Flop
Seat 4: toxiiie (big blind) collected ($20.50)
Seat 6: PhoenixAssassin folded on the River



PokerStars Hand #254637694404:  Hold'em No Limit ($0.50/$1.00 USD) - 2025/01/31 15:46:22 WET [2025/01/31 10:46:22 ET]
Table 'Dawson' 6-max Seat #3 is the button
Seat 5: Kreayshawn ($100 in chips) is sitting out
Seat 1: LuckyShikari ($143.04 in chips) 
Seat 2: reiyser ($100 in chips) 
Seat 3: Red4erT ($67.23 in chips) 
Seat 4: toxiiie ($65.89 in chips) 
Seat 6: PhoenixAssassin ($186.82 in chips) 
toxiiie: posts small blind $0.50
PhoenixAssassin: posts big blind $1
*** HOLE CARDS ***
LuckyShikari: folds 
reiyser: raises $1.23 to $2.23
Red4erT: folds 
toxiiie: calls $1.73
PhoenixAssassin: folds 
*** FLOP *** [3c 3h 7d]
toxiiie: checks 
reiyser: bets $1.51
toxiiie: raises $1.51 to $3.02
reiyser: calls $1.51
*** TURN *** [3c 3h 7d] [Qd]
toxiiie: checks 
reiyser: checks 
*** RIVER *** [3c 3h 7d Qd] [Ks]
toxiiie: checks 
reiyser: bets $5.68
toxiiie: calls $5.68
*** SHOW DOWN ***
reiyser: shows [As Ah] (two pair, Aces and Threes)
toxiiie: mucks hand 
reiyser collected $21.72 from pot
*** SUMMARY ***
Total pot $22.86 | Rake $1.14 
Board [3c 3h 7d Qd Ks]
Seat 5: Kreayshawn
Seat 1: LuckyShikari folded before Flop (didn't bet)
Seat 2: reiyser showed [As Ah] and won ($21.72) with two pair, Aces and Threes
Seat 3: Red4erT (button) folded before Flop (didn't bet)
Seat 4: toxiiie (small blind) mucked
Seat 6: PhoenixAssassin (big blind) folded before Flop



PokerStars Hand #254637707290:  Hold'em No Limit ($0.50/$1.00 USD) - 2025/01/31 15:47:22 WET [2025/01/31 10:47:22 ET]
Table 'Dawson' 6-max Seat #4 is the button
Seat 5: Kreayshawn ($100 in chips) is sitting out
Seat 1: LuckyShikari ($143.04 in chips) 
Seat 2: reiyser ($110.79 in chips) 
Seat 3: Red4erT ($67.23 in chips) 
Seat 4: toxiiie ($54.96 in chips) 
Seat 6: PhoenixAssassin ($185.82 in chips) 
PhoenixAssassin: posts small blind $0.50
LuckyShikari: posts big blind $1
*** HOLE CARDS ***
reiyser: folds 
Red4erT: folds 
toxiiie: calls $1
PhoenixAssassin: folds 
LuckyShikari: checks 
*** FLOP *** [Qh 5c Kd]
LuckyShikari: checks 
toxiiie: checks 
*** TURN *** [Qh 5c Kd] [Ts]
LuckyShikari: checks 
toxiiie: checks 
*** RIVER *** [Qh 5c Kd Ts] [2s]
LuckyShikari: checks 
toxiiie: checks 
*** SHOW DOWN ***
LuckyShikari: shows [7d 9d] (high card King)
toxiiie: shows [As 4s] (high card Ace)
toxiiie collected $2.38 from pot
*** SUMMARY ***
Total pot $2.50 | Rake $0.12 
Board [Qh 5c Kd Ts 2s]
Seat 5: Kreayshawn
Seat 1: LuckyShikari (big blind) showed [7d 9d] and lost with high card King
Seat 2: reiyser folded before Flop (didn't bet)
Seat 3: Red4erT folded before Flop (didn't bet)
Seat 4: toxiiie (button) showed [As 4s] and won ($2.38) with high card Ace
Seat 6: PhoenixAssassin (small blind) folded before Flop



PokerStars Hand #254637714093:  Hold'em No Limit ($0.50/$1.00 USD) - 2025/01/31 15:47:54 WET [2025/01/31 10:47:54 ET]
Table 'Dawson' 6-max Seat #6 is the button
Seat 5: Kreayshawn ($100 in chips) is sitting out
Seat 1: LuckyShikari ($142.04 in chips) 
Seat 2: reiyser ($110.79 in chips) 
Seat 3: Red4erT ($67.23 in chips) 
Seat 4: toxiiie ($56.34 in chips) 
Seat 6: PhoenixAssassin ($185.32 in chips) 
LuckyShikari: posts small blind $0.50
reiyser: posts big blind $1
*** HOLE CARDS ***
Red4erT: folds 
toxiiie: folds 
PhoenixAssassin: folds 
LuckyShikari: raises $2 to $3
reiyser: calls $2
*** FLOP *** [6d 5c 6c]
LuckyShikari: checks 
reiyser: bets $1.65
LuckyShikari: calls $1.65
*** TURN *** [6d 5c 6c] [8h]
LuckyShikari: checks 
reiyser: bets $6.72
LuckyShikari: folds 
Uncalled bet ($6.72) returned to reiyser
reiyser collected $8.84 from pot
reiyser: doesn't show hand 
*** SUMMARY ***
Total pot $9.30 | Rake $0.46 
Board [6d 5c 6c 8h]
Seat 5: Kreayshawn
Seat 1: LuckyShikari (small blind) folded on the Turn
Seat 2: reiyser (big blind) collected ($8.84)
Seat 3: Red4erT folded before Flop (didn't bet)
Seat 4: toxiiie folded before Flop (didn't bet)
Seat 6: PhoenixAssassin (button) folded before Flop (didn't bet)



PokerStars Hand #254637727249:  Hold'em No Limit ($0.50/$1.00 USD) - 2025/01/31 15:48:57 WET [2025/01/31 10:48:57 ET]
Table 'Dawson' 6-max Seat #1 is the button
Seat 5: Kreayshawn ($100 in chips) is sitting out
Seat 1: LuckyShikari ($137.39 in chips) 
Seat 2: reiyser ($114.98 in chips) 
Seat 3: Red4erT ($67.23 in chips) 
Seat 4: toxiiie ($56.34 in chips) 
Seat 6: PhoenixAssassin ($185.32 in chips) 
reiyser: posts small blind $0.50
Red4erT: posts big blind $1
*** HOLE CARDS ***
toxiiie: calls $1
PhoenixAssassin: raises $2.50 to $3.50
LuckyShikari: folds 
reiyser: folds 
Red4erT: folds 
toxiiie: calls $2.50
*** FLOP *** [5s 4h Td]
toxiiie: checks 
PhoenixAssassin: bets $4.04
toxiiie: calls $4.04
*** TURN *** [5s 4h Td] [As]
toxiiie: checks 
PhoenixAssassin: bets $5.20
toxiiie: calls $5.20
*** RIVER *** [5s 4h Td As] [2h]
toxiiie: checks 
PhoenixAssassin: checks 
*** SHOW DOWN ***
toxiiie: shows [Qh Jh] (high card Ace)
PhoenixAssassin: shows [Qd Qs] (a pair of Queens)
PhoenixAssassin collected $25.63 from pot
*** SUMMARY ***
Total pot $26.98 | Rake $1.35 
Board [5s 4h Td As 2h]
Seat 5: Kreayshawn
Seat 1: LuckyShikari (button) folded before Flop (didn't bet)
Seat 2: reiyser (small blind) folded before Flop
Seat 3: Red4erT (big blind) folded before Flop
Seat 4: toxiiie showed [Qh Jh] and lost with high card Ace
Seat 6: PhoenixAssassin showed [Qd Qs] and won ($25.63) with a pair of Queens



PokerStars Hand #254637737441:  Hold'em No Limit ($0.50/$1.00 USD) - 2025/01/31 15:49:44 WET [2025/01/31 10:49:44 ET]
Table 'Dawson' 6-max Seat #2 is the button
Seat 5: Kreayshawn ($100 in chips) is sitting out
Seat 1: LuckyShikari ($137.39 in chips) 
Seat 2: reiyser ($114.48 in chips) 
Seat 3: Red4erT ($66.23 in chips) 
Seat 4: toxiiie ($43.60 in chips) 
Seat 6: PhoenixAssassin ($198.21 in chips) 
Red4erT: posts small blind $0.50
toxiiie: posts big blind $1
Kreayshawn: sits out 
*** HOLE CARDS ***
PhoenixAssassin: folds 
LuckyShikari: folds 
reiyser: raises $1.23 to $2.23
Red4erT: folds 
toxiiie: calls $1.23
*** FLOP *** [3h 7c 9s]
toxiiie: checks 
reiyser: bets $2.45
toxiiie: folds 
Uncalled bet ($2.45) returned to reiyser
reiyser collected $4.71 from pot
reiyser: doesn't show hand 
*** SUMMARY ***
Total pot $4.96 | Rake $0.25 
Board [3h 7c 9s]
Seat 5: Kreayshawn
Seat 1: LuckyShikari folded before Flop (didn't bet)
Seat 2: reiyser (button) collected ($4.71)
Seat 3: Red4erT (small blind) folded before Flop
Seat 4: toxiiie (big blind) folded on the Flop
Seat 6: PhoenixAssassin folded before Flop (didn't bet)



PokerStars Hand #254637742724:  Hold'em No Limit ($0.50/$1.00 USD) - 2025/01/31 15:50:09 WET [2025/01/31 10:50:09 ET]
Table 'Dawson' 6-max Seat #3 is the button
Seat 1: LuckyShikari ($137.39 in chips) 
Seat 2: reiyser ($116.96 in chips) 
Seat 3: Red4erT ($65.73 in chips) 
Seat 4: toxiiie ($41.37 in chips) 
Seat 5: Kreayshawn ($100 in chips) 
Seat 6: PhoenixAssassin ($198.21 in chips) 
toxiiie: posts small blind $0.50
Kreayshawn: posts big blind $1
*** HOLE CARDS ***
PhoenixAssassin: raises $1.20 to $2.20
LuckyShikari: folds 
reiyser: folds 
Red4erT: folds 
toxiiie: calls $1.70
Kreayshawn: folds 
*** FLOP *** [5h 7d 8d]
toxiiie: checks 
PhoenixAssassin: checks 
*** TURN *** [5h 7d 8d] [2d]
toxiiie: bets $2
PhoenixAssassin: folds 
Uncalled bet ($2) returned to toxiiie
toxiiie collected $5.13 from pot
*** SUMMARY ***
Total pot $5.40 | Rake $0.27 
Board [5h 7d 8d 2d]
Seat 1: LuckyShikari folded before Flop (didn't bet)
Seat 2: reiyser folded before Flop (didn't bet)
Seat 3: Red4erT (button) folded before Flop (didn't bet)
Seat 4: toxiiie (small blind) collected ($5.13)
Seat 5: Kreayshawn (big blind) folded before Flop
Seat 6: PhoenixAssassin folded on the Turn



PokerStars Hand #254637750373:  Hold'em No Limit ($0.50/$1.00 USD) - 2025/01/31 15:50:45 WET [2025/01/31 10:50:45 ET]
Table 'Dawson' 6-max Seat #4 is the button
Seat 1: LuckyShikari ($137.39 in chips) 
Seat 2: reiyser ($116.96 in chips) 
Seat 3: Red4erT ($65.73 in chips) 
Seat 4: toxiiie ($44.30 in chips) 
Seat 5: Kreayshawn ($100 in chips) 
Seat 6: PhoenixAssassin ($196.01 in chips) 
Kreayshawn: posts small blind $0.50
PhoenixAssassin: posts big blind $1
*** HOLE CARDS ***
LuckyShikari: folds 
reiyser: folds 
Red4erT: folds 
toxiiie: calls $1
Kreayshawn: folds 
PhoenixAssassin: raises $4 to $5
toxiiie: calls $4
*** FLOP *** [Qs Kh Js]
PhoenixAssassin: bets $3.29
toxiiie: folds 
Uncalled bet ($3.29) returned to PhoenixAssassin
PhoenixAssassin collected $9.98 from pot
PhoenixAssassin: doesn't show hand 
*** SUMMARY ***
Total pot $10.50 | Rake $0.52 
Board [Qs Kh Js]
Seat 1: LuckyShikari folded before Flop (didn't bet)
Seat 2: reiyser folded before Flop (didn't bet)
Seat 3: Red4erT folded before Flop (didn't bet)
Seat 4: toxiiie (button) folded on the Flop
Seat 5: Kreayshawn (small blind) folded before Flop
Seat 6: PhoenixAssassin (big blind) collected ($9.98)



PokerStars Hand #254637757204:  Hold'em No Limit ($0.50/$1.00 USD) - 2025/01/31 15:51:17 WET [2025/01/31 10:51:17 ET]
Table 'Dawson' 6-max Seat #5 is the button
Seat 1: LuckyShikari ($137.39 in chips) 
Seat 2: reiyser ($116.96 in chips) 
Seat 3: Red4erT ($65.73 in chips) 
Seat 4: toxiiie ($39.30 in chips) 
Seat 5: Kreayshawn ($100 in chips) 
Seat 6: PhoenixAssassin ($200.99 in chips) 
PhoenixAssassin: posts small blind $0.50
LuckyShikari: posts big blind $1
*** HOLE CARDS ***
reiyser: raises $1.23 to $2.23
Red4erT: folds 
toxiiie: folds 
Kreayshawn: folds 
PhoenixAssassin: folds 
LuckyShikari: folds 
Uncalled bet ($1.23) returned to reiyser
reiyser collected $2.50 from pot
reiyser: doesn't show hand 
*** SUMMARY ***
Total pot $2.50 | Rake $0 
Seat 1: LuckyShikari (big blind) folded before Flop
Seat 2: reiyser collected ($2.50)
Seat 3: Red4erT folded before Flop (didn't bet)
Seat 4: toxiiie folded before Flop (didn't bet)
Seat 5: Kreayshawn (button) folded before Flop (didn't bet)
Seat 6: PhoenixAssassin (small blind) folded before Flop



PokerStars Hand #254637760037:  Hold'em No Limit ($0.50/$1.00 USD) - 2025/01/31 15:51:30 WET [2025/01/31 10:51:30 ET]
Table 'Dawson' 6-max Seat #6 is the button
Seat 1: LuckyShikari ($136.39 in chips) 
Seat 2: reiyser ($118.46 in chips) 
Seat 3: Red4erT ($65.73 in chips) 
Seat 4: toxiiie ($39.30 in chips) 
Seat 5: Kreayshawn ($100 in chips) 
Seat 6: PhoenixAssassin ($200.49 in chips) 
LuckyShikari: posts small blind $0.50
reiyser: posts big blind $1
*** HOLE CARDS ***
Red4erT: folds 
toxiiie: folds 
Kreayshawn: folds 
PhoenixAssassin: raises $1.50 to $2.50
LuckyShikari: folds 
reiyser: folds 
Uncalled bet ($1.50) returned to PhoenixAssassin
PhoenixAssassin collected $2.50 from pot
PhoenixAssassin: doesn't show hand 
*** SUMMARY ***
Total pot $2.50 | Rake $0 
Seat 1: LuckyShikari (small blind) folded before Flop
Seat 2: reiyser (big blind) folded before Flop
Seat 3: Red4erT folded before Flop (didn't bet)
Seat 4: toxiiie folded before Flop (didn't bet)
Seat 5: Kreayshawn folded before Flop (didn't bet)
Seat 6: PhoenixAssassin (button) collected ($2.50)



PokerStars Hand #254637764874:  Hold'em No Limit ($0.50/$1.00 USD) - 2025/01/31 15:51:53 WET [2025/01/31 10:51:53 ET]
Table 'Dawson' 6-max Seat #1 is the button
Seat 1: LuckyShikari ($135.89 in chips) 
Seat 2: reiyser ($117.46 in chips) 
Seat 3: Red4erT ($65.73 in chips) 
Seat 4: toxiiie ($39.30 in chips) 
Seat 5: Kreayshawn ($100 in chips) 
Seat 6: PhoenixAssassin ($201.99 in chips) 
reiyser: posts small blind $0.50
Red4erT: posts big blind $1
*** HOLE CARDS ***
toxiiie: folds 
Kreayshawn: folds 
PhoenixAssassin: folds 
LuckyShikari: folds 
reiyser: raises $1.80 to $2.80
Red4erT: folds 
Uncalled bet ($1.80) returned to reiyser
reiyser collected $2 from pot
reiyser: doesn't show hand 
*** SUMMARY ***
Total pot $2 | Rake $0 
Seat 1: LuckyShikari (button) folded before Flop (didn't bet)
Seat 2: reiyser (small blind) collected ($2)
Seat 3: Red4erT (big blind) folded before Flop
Seat 4: toxiiie folded before Flop (didn't bet)
Seat 5: Kreayshawn folded before Flop (didn't bet)
Seat 6: PhoenixAssassin folded before Flop (didn't bet)



PokerStars Hand #254637770573:  Hold'em No Limit ($0.50/$1.00 USD) - 2025/01/31 15:52:20 WET [2025/01/31 10:52:20 ET]
Table 'Dawson' 6-max Seat #2 is the button
Seat 1: LuckyShikari ($135.89 in chips) 
Seat 2: reiyser ($118.46 in chips) 
Seat 3: Red4erT ($64.73 in chips) 
Seat 4: toxiiie ($39.30 in chips) 
Seat 5: Kreayshawn ($100 in chips) 
Seat 6: PhoenixAssassin ($201.99 in chips) 
Red4erT: posts small blind $0.50
toxiiie: posts big blind $1
*** HOLE CARDS ***
Kreayshawn: raises $1.50 to $2.50
PhoenixAssassin: folds 
LuckyShikari: folds 
reiyser: folds 
Red4erT: folds 
toxiiie: calls $1.50
*** FLOP *** [8d 9d 6c]
toxiiie: checks 
Kreayshawn: bets $37
toxiiie: folds 
Uncalled bet ($37) returned to Kreayshawn
Kreayshawn collected $5.22 from pot
*** SUMMARY ***
Total pot $5.50 | Rake $0.28 
Board [8d 9d 6c]
Seat 1: LuckyShikari folded before Flop (didn't bet)
Seat 2: reiyser (button) folded before Flop (didn't bet)
Seat 3: Red4erT (small blind) folded before Flop
Seat 4: toxiiie (big blind) folded on the Flop
Seat 5: Kreayshawn collected ($5.22)
Seat 6: PhoenixAssassin folded before Flop (didn't bet)



PokerStars Hand #254637780610:  Hold'em No Limit ($0.50/$1.00 USD) - 2025/01/31 15:53:07 WET [2025/01/31 10:53:07 ET]
Table 'Dawson' 6-max Seat #3 is the button
Seat 1: LuckyShikari ($135.89 in chips) 
Seat 2: reiyser ($118.46 in chips) 
Seat 3: Red4erT ($64.23 in chips) 
Seat 4: toxiiie ($36.80 in chips) 
Seat 5: Kreayshawn ($102.72 in chips) 
Seat 6: PhoenixAssassin ($201.99 in chips) 
toxiiie: posts small blind $0.50
Kreayshawn: posts big blind $1
*** HOLE CARDS ***
PhoenixAssassin: folds 
LuckyShikari: raises $1 to $2
reiyser: folds 
Red4erT: calls $2
toxiiie: calls $1.50
Kreayshawn: folds 
*** FLOP *** [Jh 7h 8h]
toxiiie: checks 
LuckyShikari: checks 
Red4erT: bets $1.66
toxiiie: calls $1.66
LuckyShikari: calls $1.66
*** TURN *** [Jh 7h 8h] [Ks]
toxiiie: bets $4
LuckyShikari: folds 
Red4erT: raises $9.69 to $13.69
toxiiie: raises $9.69 to $23.38
Red4erT: raises $37.19 to $60.57 and is all-in
toxiiie: calls $9.76 and is all-in
Uncalled bet ($27.43) returned to Red4erT
*** RIVER *** [Jh 7h 8h Ks] [6s]
*** SHOW DOWN ***
toxiiie: shows [Ah 4h] (a flush, Ace high)
Red4erT: shows [7d 7s] (three of a kind, Sevens)
toxiiie collected $75.76 from pot
*** SUMMARY ***
Total pot $78.26 | Rake $2.50 
Board [Jh 7h 8h Ks 6s]
Seat 1: LuckyShikari folded on the Turn
Seat 2: reiyser folded before Flop (didn't bet)
Seat 3: Red4erT (button) showed [7d 7s] and lost with three of a kind, Sevens
Seat 4: toxiiie (small blind) showed [Ah 4h] and won ($75.76) with a flush, Ace high
Seat 5: Kreayshawn (big blind) folded before Flop
Seat 6: PhoenixAssassin folded before Flop (didn't bet)



PokerStars Hand #254637793803:  Hold'em No Limit ($0.50/$1.00 USD) - 2025/01/31 15:54:10 WET [2025/01/31 10:54:10 ET]
Table 'Dawson' 6-max Seat #4 is the button
Seat 1: LuckyShikari ($132.23 in chips) 
Seat 2: reiyser ($118.46 in chips) 
Seat 3: Red4erT ($27.43 in chips) 
Seat 4: toxiiie ($75.76 in chips) 
Seat 5: Kreayshawn ($101.72 in chips) 
Seat 6: PhoenixAssassin ($201.99 in chips) 
Kreayshawn: posts small blind $0.50
PhoenixAssassin: posts big blind $1
*** HOLE CARDS ***
LuckyShikari: raises $1 to $2
reiyser: folds 
Red4erT: folds 
toxiiie: folds 
Kreayshawn: folds 
PhoenixAssassin: calls $1
*** FLOP *** [7s 5d 4s]
PhoenixAssassin: checks 
LuckyShikari: bets $2
PhoenixAssassin: calls $2
*** TURN *** [7s 5d 4s] [Td]
PhoenixAssassin: checks 
LuckyShikari: bets $4
PhoenixAssassin: raises $10.61 to $14.61
LuckyShikari: folds 
Uncalled bet ($10.61) returned to PhoenixAssassin
PhoenixAssassin collected $15.68 from pot
PhoenixAssassin: doesn't show hand 
*** SUMMARY ***
Total pot $16.50 | Rake $0.82 
Board [7s 5d 4s Td]
Seat 1: LuckyShikari folded on the Turn
Seat 2: reiyser folded before Flop (didn't bet)
Seat 3: Red4erT folded before Flop (didn't bet)
Seat 4: toxiiie (button) folded before Flop (didn't bet)
Seat 5: Kreayshawn (small blind) folded before Flop
Seat 6: PhoenixAssassin (big blind) collected ($15.68)



PokerStars Hand #254637804034:  Hold'em No Limit ($0.50/$1.00 USD) - 2025/01/31 15:54:57 WET [2025/01/31 10:54:57 ET]
Table 'Dawson' 6-max Seat #5 is the button
Seat 1: LuckyShikari ($124.23 in chips) 
Seat 2: reiyser ($118.46 in chips) 
Seat 3: Red4erT ($59.43 in chips) 
Seat 4: toxiiie ($75.76 in chips) 
Seat 5: Kreayshawn ($101.22 in chips) 
Seat 6: PhoenixAssassin ($209.67 in chips) 
PhoenixAssassin: posts small blind $0.50
LuckyShikari: posts big blind $1
*** HOLE CARDS ***
reiyser: raises $1.23 to $2.23
Red4erT: folds 
toxiiie: calls $2.23
Kreayshawn: folds 
PhoenixAssassin: folds 
LuckyShikari: folds 
*** FLOP *** [2d Td 2s]
reiyser: checks 
toxiiie: checks 
*** TURN *** [2d Td 2s] [9d]
reiyser: bets $2.94
toxiiie: calls $2.94
*** RIVER *** [2d Td 2s 9d] [5d]
reiyser: bets $8.55
toxiiie: calls $8.55
*** SHOW DOWN ***
reiyser: shows [Kd Qs] (a flush, King high)
toxiiie: mucks hand 
reiyser collected $27.49 from pot
*** SUMMARY ***
Total pot $28.94 | Rake $1.45 
Board [2d Td 2s 9d 5d]
Seat 1: LuckyShikari (big blind) folded before Flop
Seat 2: reiyser showed [Kd Qs] and won ($27.49) with a flush, King high
Seat 3: Red4erT folded before Flop (didn't bet)
Seat 4: toxiiie mucked
Seat 5: Kreayshawn (button) folded before Flop (didn't bet)
Seat 6: PhoenixAssassin (small blind) folded before Flop



PokerStars Hand #254637813222:  Hold'em No Limit ($0.50/$1.00 USD) - 2025/01/31 15:55:49 WET [2025/01/31 10:55:49 ET]
Table 'Dawson' 6-max Seat #6 is the button
Seat 1: LuckyShikari ($123.23 in chips) 
Seat 2: reiyser ($132.23 in chips) 
Seat 3: Red4erT ($59.43 in chips) 
Seat 4: toxiiie ($62.04 in chips) 
Seat 5: Kreayshawn ($101.22 in chips) 
Seat 6: PhoenixAssassin ($209.17 in chips) 
LuckyShikari: posts small blind $0.50
reiyser: posts big blind $1
*** HOLE CARDS ***
Red4erT: folds 
toxiiie: calls $1
Kreayshawn: folds 
PhoenixAssassin: raises $2.50 to $3.50
LuckyShikari: folds 
reiyser: folds 
toxiiie: calls $2.50
*** FLOP *** [Th Td 8h]
toxiiie: checks 
PhoenixAssassin: bets $4.04
toxiiie: folds 
Uncalled bet ($4.04) returned to PhoenixAssassin
PhoenixAssassin collected $8.08 from pot
PhoenixAssassin: doesn't show hand 
*** SUMMARY ***
Total pot $8.50 | Rake $0.42 
Board [Th Td 8h]
Seat 1: LuckyShikari (small blind) folded before Flop
Seat 2: reiyser (big blind) folded before Flop
Seat 3: Red4erT folded before Flop (didn't bet)
Seat 4: toxiiie folded on the Flop
Seat 5: Kreayshawn folded before Flop (didn't bet)
Seat 6: PhoenixAssassin (button) collected ($8.08)



PokerStars Hand #254637818112:  Hold'em No Limit ($0.50/$1.00 USD) - 2025/01/31 15:56:19 WET [2025/01/31 10:56:19 ET]
Table 'Dawson' 6-max Seat #1 is the button
Seat 3: Red4erT ($59.43 in chips) is sitting out
Seat 1: LuckyShikari ($122.73 in chips) 
Seat 2: reiyser ($131.23 in chips) 
Seat 4: toxiiie ($58.54 in chips) 
Seat 5: Kreayshawn ($101.22 in chips) 
Seat 6: PhoenixAssassin ($213.75 in chips) 
reiyser: posts small blind $0.50
Red4erT: is sitting out 
toxiiie: posts big blind $1
*** HOLE CARDS ***
Kreayshawn: folds 
PhoenixAssassin: folds 
LuckyShikari: raises $1 to $2
reiyser: folds 
toxiiie: calls $1
*** FLOP *** [3c Tc 6c]
toxiiie: checks 
LuckyShikari: bets $4.50
toxiiie: calls $4.50
*** TURN *** [3c Tc 6c] [2d]
toxiiie: checks 
LuckyShikari: bets $17
toxiiie: folds 
Uncalled bet ($17) returned to LuckyShikari
LuckyShikari collected $12.82 from pot
LuckyShikari: doesn't show hand 
*** SUMMARY ***
Total pot $13.50 | Rake $0.68 
Board [3c Tc 6c 2d]
Seat 3: Red4erT
Seat 1: LuckyShikari (button) collected ($12.82)
Seat 2: reiyser (small blind) folded before Flop
Seat 4: toxiiie (big blind) folded on the Turn
Seat 5: Kreayshawn folded before Flop (didn't bet)
Seat 6: PhoenixAssassin folded before Flop (didn't bet)



PokerStars Hand #254637823181:  Hold'em No Limit ($0.50/$1.00 USD) - 2025/01/31 15:56:51 WET [2025/01/31 10:56:51 ET]
Table 'Dawson' 6-max Seat #2 is the button
Seat 3: Red4erT ($59.43 in chips) is sitting out
Seat 1: LuckyShikari ($129.05 in chips) 
Seat 2: reiyser ($130.73 in chips) 
Seat 4: toxiiie ($52.04 in chips) 
Seat 5: Kreayshawn ($101.22 in chips) 
Seat 6: PhoenixAssassin ($213.75 in chips) 
toxiiie: posts small blind $0.50
Kreayshawn: posts big blind $1
*** HOLE CARDS ***
PhoenixAssassin: folds 
LuckyShikari: raises $1 to $2
reiyser: folds 
toxiiie: folds 
Kreayshawn: folds 
Uncalled bet ($1) returned to LuckyShikari
toxiiie leaves the table
LuckyShikari collected $2.50 from pot
LuckyShikari: doesn't show hand 
*** SUMMARY ***
Total pot $2.50 | Rake $0 
Seat 3: Red4erT
Seat 1: LuckyShikari collected ($2.50)
Seat 2: reiyser (button) folded before Flop (didn't bet)
Seat 4: toxiiie (small blind) folded before Flop
Seat 5: Kreayshawn (big blind) folded before Flop
Seat 6: PhoenixAssassin folded before Flop (didn't bet)



PokerStars Hand #254637825564:  Hold'em No Limit ($0.50/$1.00 USD) - 2025/01/31 15:57:06 WET [2025/01/31 10:57:06 ET]
Table 'Dawson' 6-max Seat #5 is the button
Seat 1: LuckyShikari ($130.55 in chips) is sitting out
Seat 3: Red4erT ($59.43 in chips) is sitting out
Seat 2: reiyser ($130.73 in chips) 
Seat 5: Kreayshawn ($100.22 in chips) 
Seat 6: PhoenixAssassin ($213.75 in chips) 
PhoenixAssassin: posts small blind $0.50
LuckyShikari: is sitting out 
reiyser: posts big blind $1
*** HOLE CARDS ***
Kreayshawn: folds 
Kreayshawn leaves the table
PhoenixAssassin: raises $2 to $3
reiyser: calls $2
*** FLOP *** [Ac 5c 2c]
PhoenixAssassin: checks 
reiyser: bets $1.65
PhoenixAssassin: folds 
Uncalled bet ($1.65) returned to reiyser
reiyser collected $5.70 from pot
reiyser: doesn't show hand 
*** SUMMARY ***
Total pot $6 | Rake $0.30 
Board [Ac 5c 2c]
Seat 1: LuckyShikari
Seat 3: Red4erT
Seat 2: reiyser (big blind) collected ($5.70)
Seat 5: Kreayshawn (button) folded before Flop (didn't bet)
Seat 6: PhoenixAssassin (small blind) folded on the Flop



