PokerStars Hand #254632939884:  Hold'em No Limit ($0.50/$1.00 USD) - 2025/01/31 4:16:25 WET [2025/01/30 23:16:25 ET]
Table 'Alsatia' 6-max Seat #5 is the button
Seat 1: rao999 ($100 in chips) 
Seat 5: B1GBankroll ($100 in chips) 
Seat 6: sirgrindalot58 ($66.19 in chips) 
sirgrindalot58: posts small blind $0.50
rao999: posts big blind $1
*** HOLE CARDS ***
B1GBankroll: folds 
sirgrindalot58: calls $0.50
rao999: checks 
*** FLOP *** [Kc Ad 4h]
sirgrindalot58: checks 
rao999: checks 
*** TURN *** [Kc Ad 4h] [Kd]
sirgrindalot58: checks 
rao999: checks 
*** RIVER *** [Kc Ad 4h Kd] [6c]
sirgrindalot58: bets $1
rao999: calls $1
*** SHOW DOWN ***
sirgrindalot58: shows [Th 6h] (two pair, Kings and Sixes)
rao999: mucks hand 
sirgrindalot58 collected $3.80 from pot
*** SUMMARY ***
Total pot $4 | Rake $0.20 
Board [Kc Ad 4h Kd 6c]
Seat 1: rao999 (big blind) mucked
Seat 5: B1GBankroll (button) folded before Flop (didn't bet)
Seat 6: sirgrindalot58 (small blind) showed [Th 6h] and won ($3.80) with two pair, Kings and Sixes



PokerStars Hand #254632943440:  Hold'em No Limit ($0.50/$1.00 USD) - 2025/01/31 4:17:00 WET [2025/01/30 23:17:00 ET]
Table 'Alsatia' 6-max Seat #6 is the button
Seat 1: rao999 ($100 in chips) 
Seat 5: B1GBankroll ($100 in chips) 
Seat 6: sirgrindalot58 ($67.99 in chips) 
rao999: posts small blind $0.50
B1GBankroll: posts big blind $1
*** HOLE CARDS ***
sirgrindalot58: raises $1 to $2
rao999: folds 
B1GBankroll: folds 
Uncalled bet ($1) returned to sirgrindalot58
sirgrindalot58 collected $2.50 from pot
sirgrindalot58: shows [Kh]
*** SUMMARY ***
Total pot $2.50 | Rake $0 
Seat 1: rao999 (small blind) folded before Flop
Seat 5: B1GBankroll (big blind) folded before Flop
Seat 6: sirgrindalot58 (button) collected ($2.50)



PokerStars Hand #254632945831:  Hold'em No Limit ($0.50/$1.00 USD) - 2025/01/31 4:17:24 WET [2025/01/30 23:17:24 ET]
Table 'Alsatia' 6-max Seat #1 is the button
Seat 1: rao999 ($100 in chips) 
Seat 5: B1GBankroll ($100 in chips) 
Seat 6: sirgrindalot58 ($69.49 in chips) 
B1GBankroll: posts small blind $0.50
dhruv.rijo joins the table at seat #3 
sirgrindalot58: posts big blind $1
*** HOLE CARDS ***
dhruv.rijo is disconnected 
rao999: folds 
B1GBankroll: folds 
Uncalled bet ($0.50) returned to sirgrindalot58
sirgrindalot58 collected $1 from pot
*** SUMMARY ***
Total pot $1 | Rake $0 
Seat 1: rao999 (button) folded before Flop (didn't bet)
Seat 5: B1GBankroll (small blind) folded before Flop
Seat 6: sirgrindalot58 (big blind) collected ($1)



PokerStars Hand #254632946862:  Hold'em No Limit ($0.50/$1.00 USD) - 2025/01/31 4:17:34 WET [2025/01/30 23:17:34 ET]
Table 'Alsatia' 6-max Seat #5 is the button
Seat 3: dhruv.rijo ($66.97 in chips) is sitting out
Seat 1: rao999 ($100 in chips) 
Seat 5: B1GBankroll ($100 in chips) 
Seat 6: sirgrindalot58 ($69.99 in chips) 
sirgrindalot58: posts small blind $0.50
rao999: posts big blind $1
dhruv.rijo: sits out 
*** HOLE CARDS ***
reeqar joins the table at seat #4 
B1GBankroll: raises $1.50 to $2.50
CashfishT joins the table at seat #2 
sirgrindalot58: calls $2
rao999: calls $1.50
*** FLOP *** [Kd 7d Ad]
sirgrindalot58: checks 
rao999: checks 
B1GBankroll: checks 
*** TURN *** [Kd 7d Ad] [6d]
sirgrindalot58: checks 
rao999: checks 
B1GBankroll: checks 
*** RIVER *** [Kd 7d Ad 6d] [8d]
sirgrindalot58: checks 
rao999: checks 
B1GBankroll: checks 
*** SHOW DOWN ***
sirgrindalot58: shows [9c 8c] (a flush, Ace high)
rao999: shows [2h 2c] (a flush, Ace high)
B1GBankroll: shows [Th 9h] (a flush, Ace high)
sirgrindalot58 collected $2.38 from pot
rao999 collected $2.37 from pot
B1GBankroll collected $2.37 from pot
*** SUMMARY ***
Total pot $7.50 | Rake $0.38 
Board [Kd 7d Ad 6d 8d]
Seat 3: dhruv.rijo
Seat 1: rao999 (big blind) showed [2h 2c] and won ($2.37) with a flush, Ace high
Seat 5: B1GBankroll (button) showed [Th 9h] and won ($2.37) with a flush, Ace high
Seat 6: sirgrindalot58 (small blind) showed [9c 8c] and won ($2.38) with a flush, Ace high



PokerStars Hand #254632952276:  Hold'em No Limit ($0.50/$1.00 USD) - 2025/01/31 4:18:26 WET [2025/01/30 23:18:26 ET]
Table 'Alsatia' 6-max Seat #6 is the button
Seat 3: dhruv.rijo ($66.97 in chips) is sitting out
Seat 4: reeqar ($100 in chips) is sitting out
Seat 1: rao999 ($100 in chips) 
Seat 2: CashfishT ($100 in chips) 
Seat 5: B1GBankroll ($100 in chips) 
Seat 6: sirgrindalot58 ($69.87 in chips) 
rao999: posts small blind $0.50
CashfishT: posts big blind $1
dhruv.rijo: sits out 
reeqar: sits out 
*** HOLE CARDS ***
B1GBankroll: folds 
sirgrindalot58: folds 
rao999: raises $2 to $3
CashfishT: raises $7 to $10
dhruv.rijo leaves the table
Timonessb joins the table at seat #3 
rao999: folds 
Uncalled bet ($7) returned to CashfishT
CashfishT collected $6 from pot
CashfishT: doesn't show hand 
*** SUMMARY ***
Total pot $6 | Rake $0 
Seat 3: dhruv.rijo
Seat 4: reeqar
Seat 1: rao999 (small blind) folded before Flop
Seat 2: CashfishT (big blind) collected ($6)
Seat 5: B1GBankroll folded before Flop (didn't bet)
Seat 6: sirgrindalot58 (button) folded before Flop (didn't bet)



PokerStars Hand #254632955084:  Hold'em No Limit ($0.50/$1.00 USD) - 2025/01/31 4:18:54 WET [2025/01/30 23:18:54 ET]
Table 'Alsatia' 6-max Seat #1 is the button
Seat 4: reeqar ($100 in chips) is sitting out
Seat 1: rao999 ($100 in chips) 
Seat 2: CashfishT ($103 in chips) 
Seat 3: Timonessb ($100 in chips) 
Seat 5: B1GBankroll ($100 in chips) 
Seat 6: sirgrindalot58 ($69.87 in chips) 
CashfishT: posts small blind $0.50
Timonessb: posts big blind $1
reeqar: sits out 
*** HOLE CARDS ***
B1GBankroll has timed out
B1GBankroll: folds 
sirgrindalot58: folds 
rao999: folds 
CashfishT: raises $2 to $3
Timonessb: calls $2
*** FLOP *** [As 5c 4s]
reeqar leaves the table
CashfishT: bets $1.88
Timonessb: calls $1.88
*** TURN *** [As 5c 4s] [Kc]
CashfishT: checks 
Timonessb: checks 
*** RIVER *** [As 5c 4s Kc] [2c]
CashfishT: checks 
Timonessb: bets $9.18
CashfishT: folds 
Uncalled bet ($9.18) returned to Timonessb
Timonessb collected $9.27 from pot
Timonessb: doesn't show hand 
*** SUMMARY ***
Total pot $9.76 | Rake $0.49 
Board [As 5c 4s Kc 2c]
Seat 4: reeqar
Seat 1: rao999 (button) folded before Flop (didn't bet)
Seat 2: CashfishT (small blind) folded on the River
Seat 3: Timonessb (big blind) collected ($9.27)
Seat 5: B1GBankroll folded before Flop (didn't bet)
Seat 6: sirgrindalot58 folded before Flop (didn't bet)



PokerStars Hand #254632963783:  Hold'em No Limit ($0.50/$1.00 USD) - 2025/01/31 4:20:19 WET [2025/01/30 23:20:19 ET]
Table 'Alsatia' 6-max Seat #2 is the button
Seat 1: rao999 ($100 in chips) 
Seat 2: CashfishT ($100 in chips) 
Seat 3: Timonessb ($104.39 in chips) 
Seat 5: B1GBankroll ($100 in chips) 
Seat 6: sirgrindalot58 ($69.87 in chips) 
Timonessb: posts small blind $0.50
B1GBankroll: posts big blind $1
*** HOLE CARDS ***
50CandyJoe joins the table at seat #4 
sirgrindalot58: raises $1 to $2
rao999: folds 
CashfishT: raises $6 to $8
Timonessb: folds 
B1GBankroll: folds 
sirgrindalot58: folds 
Uncalled bet ($6) returned to CashfishT
CashfishT collected $5.50 from pot
CashfishT: doesn't show hand 
*** SUMMARY ***
Total pot $5.50 | Rake $0 
Seat 1: rao999 folded before Flop (didn't bet)
Seat 2: CashfishT (button) collected ($5.50)
Seat 3: Timonessb (small blind) folded before Flop
Seat 5: B1GBankroll (big blind) folded before Flop
Seat 6: sirgrindalot58 folded before Flop



PokerStars Hand #254632966718:  Hold'em No Limit ($0.50/$1.00 USD) - 2025/01/31 4:20:47 WET [2025/01/30 23:20:47 ET]
Table 'Alsatia' 6-max Seat #3 is the button
Seat 4: 50CandyJoe ($100 in chips) is sitting out
Seat 1: rao999 ($100 in chips) 
Seat 2: CashfishT ($103.50 in chips) 
Seat 3: Timonessb ($103.89 in chips) 
Seat 5: B1GBankroll ($100 in chips) 
Seat 6: sirgrindalot58 ($67.87 in chips) 
B1GBankroll: posts small blind $0.50
sirgrindalot58: posts big blind $1
*** HOLE CARDS ***
rao999: folds 
CashfishT: folds 
Timonessb: folds 
B1GBankroll: raises $2 to $3
sirgrindalot58: folds 
Uncalled bet ($2) returned to B1GBankroll
B1GBankroll collected $2 from pot
B1GBankroll: doesn't show hand 
*** SUMMARY ***
Total pot $2 | Rake $0 
Seat 4: 50CandyJoe
Seat 1: rao999 folded before Flop (didn't bet)
Seat 2: CashfishT folded before Flop (didn't bet)
Seat 3: Timonessb (button) folded before Flop (didn't bet)
Seat 5: B1GBankroll (small blind) collected ($2)
Seat 6: sirgrindalot58 (big blind) folded before Flop



PokerStars Hand #254632969666:  Hold'em No Limit ($0.50/$1.00 USD) - 2025/01/31 4:21:17 WET [2025/01/30 23:21:17 ET]
Table 'Alsatia' 6-max Seat #5 is the button
Seat 4: 50CandyJoe ($100 in chips) is sitting out
Seat 1: rao999 ($100 in chips) 
Seat 2: CashfishT ($103.50 in chips) 
Seat 3: Timonessb ($103.89 in chips) 
Seat 5: B1GBankroll ($101 in chips) 
Seat 6: sirgrindalot58 ($66.87 in chips) 
sirgrindalot58: posts small blind $0.50
rao999: posts big blind $1
50CandyJoe: sits out 
*** HOLE CARDS ***
CashfishT: folds 
Timonessb: folds 
B1GBankroll: raises $1.50 to $2.50
sirgrindalot58: folds 
rao999: calls $1.50
*** FLOP *** [Kh 4c 3s]
rao999: checks 
B1GBankroll: bets $2.56
rao999: folds 
Uncalled bet ($2.56) returned to B1GBankroll
B1GBankroll collected $5.22 from pot
B1GBankroll: doesn't show hand 
*** SUMMARY ***
Total pot $5.50 | Rake $0.28 
Board [Kh 4c 3s]
Seat 4: 50CandyJoe
Seat 1: rao999 (big blind) folded on the Flop
Seat 2: CashfishT folded before Flop (didn't bet)
Seat 3: Timonessb folded before Flop (didn't bet)
Seat 5: B1GBankroll (button) collected ($5.22)
Seat 6: sirgrindalot58 (small blind) folded before Flop



PokerStars Hand #254632974003:  Hold'em No Limit ($0.50/$1.00 USD) - 2025/01/31 4:21:59 WET [2025/01/30 23:21:59 ET]
Table 'Alsatia' 6-max Seat #6 is the button
Seat 4: 50CandyJoe ($100 in chips) is sitting out
Seat 1: rao999 ($100 in chips) 
Seat 2: CashfishT ($103.50 in chips) 
Seat 3: Timonessb ($103.89 in chips) 
Seat 5: B1GBankroll ($103.72 in chips) 
Seat 6: sirgrindalot58 ($66.37 in chips) 
rao999: posts small blind $0.50
CashfishT: posts big blind $1
50CandyJoe: sits out 
*** HOLE CARDS ***
Timonessb: folds 
B1GBankroll: folds 
sirgrindalot58: calls $1
rao999: folds 
CashfishT: checks 
*** FLOP *** [Ad Td Qc]
CashfishT: checks 
sirgrindalot58: bets $1.19
CashfishT: folds 
Uncalled bet ($1.19) returned to sirgrindalot58
sirgrindalot58 collected $2.38 from pot
*** SUMMARY ***
Total pot $2.50 | Rake $0.12 
Board [Ad Td Qc]
Seat 4: 50CandyJoe
Seat 1: rao999 (small blind) folded before Flop
Seat 2: CashfishT (big blind) folded on the Flop
Seat 3: Timonessb folded before Flop (didn't bet)
Seat 5: B1GBankroll folded before Flop (didn't bet)
Seat 6: sirgrindalot58 (button) collected ($2.38)



PokerStars Hand #254632976788:  Hold'em No Limit ($0.50/$1.00 USD) - 2025/01/31 4:22:26 WET [2025/01/30 23:22:26 ET]
Table 'Alsatia' 6-max Seat #1 is the button
Seat 4: 50CandyJoe ($100 in chips) is sitting out
Seat 1: rao999 ($100 in chips) 
Seat 2: CashfishT ($102.50 in chips) 
Seat 3: Timonessb ($103.89 in chips) 
Seat 5: B1GBankroll ($103.72 in chips) 
Seat 6: sirgrindalot58 ($67.75 in chips) 
CashfishT: posts small blind $0.50
Timonessb: posts big blind $1
50CandyJoe: sits out 
*** HOLE CARDS ***
B1GBankroll: folds 
sirgrindalot58: raises $1 to $2
rao999: folds 
CashfishT: folds 
Timonessb: raises $10 to $12
sirgrindalot58: calls $10
*** FLOP *** [9s Kd 6h]
Timonessb: checks 
CashfishT leaves the table
sirgrindalot58: bets $11.64
Timonessb: calls $11.64
*** TURN *** [9s Kd 6h] [8c]
Timonessb: checks 
sirgrindalot58: bets $44.11 and is all-in
Timonessb: folds 
Uncalled bet ($44.11) returned to sirgrindalot58
sirgrindalot58 collected $45.39 from pot
*** SUMMARY ***
Total pot $47.78 | Rake $2.39 
Board [9s Kd 6h 8c]
Seat 4: 50CandyJoe
Seat 1: rao999 (button) folded before Flop (didn't bet)
Seat 2: CashfishT (small blind) folded before Flop
Seat 3: Timonessb (big blind) folded on the Turn
Seat 5: B1GBankroll folded before Flop (didn't bet)
Seat 6: sirgrindalot58 collected ($45.39)



PokerStars Hand #254632981720:  Hold'em No Limit ($0.50/$1.00 USD) - 2025/01/31 4:23:14 WET [2025/01/30 23:23:14 ET]
Table 'Alsatia' 6-max Seat #3 is the button
Seat 4: 50CandyJoe ($100 in chips) is sitting out
Seat 1: rao999 ($100 in chips) 
Seat 3: Timonessb ($100 in chips) 
Seat 5: B1GBankroll ($103.72 in chips) 
Seat 6: sirgrindalot58 ($89.50 in chips) 
B1GBankroll: posts small blind $0.50
sirgrindalot58: posts big blind $1
*** HOLE CARDS ***
CashfishT joins the table at seat #2 
rao999: folds 
Timonessb: raises $1.50 to $2.50
B1GBankroll: folds 
sirgrindalot58: folds 
Uncalled bet ($1.50) returned to Timonessb
Timonessb collected $2.50 from pot
Timonessb: doesn't show hand 
*** SUMMARY ***
Total pot $2.50 | Rake $0 
Seat 4: 50CandyJoe
Seat 1: rao999 folded before Flop (didn't bet)
Seat 3: Timonessb (button) collected ($2.50)
Seat 5: B1GBankroll (small blind) folded before Flop
Seat 6: sirgrindalot58 (big blind) folded before Flop



PokerStars Hand #254632984048:  Hold'em No Limit ($0.50/$1.00 USD) - 2025/01/31 4:23:36 WET [2025/01/30 23:23:36 ET]
Table 'Alsatia' 6-max Seat #5 is the button
Seat 2: CashfishT ($102 in chips) is sitting out
Seat 4: 50CandyJoe ($100 in chips) is sitting out
Seat 1: rao999 ($100 in chips) 
Seat 3: Timonessb ($101.50 in chips) 
Seat 5: B1GBankroll ($103.22 in chips) 
Seat 6: sirgrindalot58 ($88.50 in chips) 
sirgrindalot58: posts small blind $0.50
rao999: posts big blind $1
CashfishT: sits out 
50CandyJoe: sits out 
*** HOLE CARDS ***
Timonessb: raises $1.30 to $2.30
B1GBankroll: folds 
sirgrindalot58: folds 
rao999: folds 
Uncalled bet ($1.30) returned to Timonessb
Timonessb collected $2.50 from pot
*** SUMMARY ***
Total pot $2.50 | Rake $0 
Seat 2: CashfishT
Seat 4: 50CandyJoe
Seat 1: rao999 (big blind) folded before Flop
Seat 3: Timonessb collected ($2.50)
Seat 5: B1GBankroll (button) folded before Flop (didn't bet)
Seat 6: sirgrindalot58 (small blind) folded before Flop



PokerStars Hand #254632985090:  Hold'em No Limit ($0.50/$1.00 USD) - 2025/01/31 4:23:47 WET [2025/01/30 23:23:47 ET]
Table 'Alsatia' 6-max Seat #6 is the button
Seat 4: 50CandyJoe ($100 in chips) is sitting out
Seat 1: rao999 ($100 in chips) 
Seat 2: CashfishT ($102 in chips) 
Seat 3: Timonessb ($103 in chips) 
Seat 5: B1GBankroll ($103.22 in chips) 
Seat 6: sirgrindalot58 ($88 in chips) 
rao999: posts small blind $0.50
CashfishT: posts big blind $1
50CandyJoe: sits out 
*** HOLE CARDS ***
Timonessb: raises $1.30 to $2.30
B1GBankroll: calls $2.30
sirgrindalot58: folds 
rao999: calls $1.80
CashfishT: calls $1.30
*** FLOP *** [3d 9h 4c]
rao999: checks 
CashfishT: checks 
Timonessb: checks 
B1GBankroll: checks 
*** TURN *** [3d 9h 4c] [7d]
rao999: checks 
CashfishT: checks 
Timonessb: checks 
B1GBankroll: checks 
*** RIVER *** [3d 9h 4c 7d] [Ac]
rao999: checks 
CashfishT: checks 
Timonessb: checks 
B1GBankroll: checks 
*** SHOW DOWN ***
rao999: shows [Qh Jh] (high card Ace)
CashfishT: shows [8c Kc] (high card Ace - King kicker)
Timonessb: mucks hand 
B1GBankroll: shows [8h 8s] (a pair of Eights)
B1GBankroll collected $8.74 from pot
*** SUMMARY ***
Total pot $9.20 | Rake $0.46 
Board [3d 9h 4c 7d Ac]
Seat 4: 50CandyJoe
Seat 1: rao999 (small blind) showed [Qh Jh] and lost with high card Ace
Seat 2: CashfishT (big blind) showed [8c Kc] and lost with high card Ace
Seat 3: Timonessb mucked
Seat 5: B1GBankroll showed [8h 8s] and won ($8.74) with a pair of Eights
Seat 6: sirgrindalot58 (button) folded before Flop (didn't bet)



PokerStars Hand #254632992035:  Hold'em No Limit ($0.50/$1.00 USD) - 2025/01/31 4:24:55 WET [2025/01/30 23:24:55 ET]
Table 'Alsatia' 6-max Seat #1 is the button
Seat 4: 50CandyJoe ($100 in chips) is sitting out
Seat 1: rao999 ($100 in chips) 
Seat 2: CashfishT ($100 in chips) 
Seat 3: Timonessb ($100.70 in chips) 
Seat 5: B1GBankroll ($109.66 in chips) 
Seat 6: sirgrindalot58 ($88 in chips) 
CashfishT: posts small blind $0.50
Timonessb: posts big blind $1
50CandyJoe: sits out 
*** HOLE CARDS ***
B1GBankroll: folds 
sirgrindalot58: raises $1 to $2
rao999: folds 
CashfishT: folds 
Timonessb: folds 
Uncalled bet ($1) returned to sirgrindalot58
sirgrindalot58 collected $2.50 from pot
*** SUMMARY ***
Total pot $2.50 | Rake $0 
Seat 4: 50CandyJoe
Seat 1: rao999 (button) folded before Flop (didn't bet)
Seat 2: CashfishT (small blind) folded before Flop
Seat 3: Timonessb (big blind) folded before Flop
Seat 5: B1GBankroll folded before Flop (didn't bet)
Seat 6: sirgrindalot58 collected ($2.50)



PokerStars Hand #254632993681:  Hold'em No Limit ($0.50/$1.00 USD) - 2025/01/31 4:25:11 WET [2025/01/30 23:25:11 ET]
Table 'Alsatia' 6-max Seat #2 is the button
Seat 1: rao999 ($100 in chips) 
Seat 2: CashfishT ($100 in chips) 
Seat 3: Timonessb ($100 in chips) 
Seat 4: 50CandyJoe ($100 in chips) 
Seat 5: B1GBankroll ($109.66 in chips) 
Seat 6: sirgrindalot58 ($89.50 in chips) 
Timonessb: posts small blind $0.50
50CandyJoe: posts big blind $1
*** HOLE CARDS ***
B1GBankroll: folds 
sirgrindalot58: raises $2 to $3
rao999: folds 
CashfishT: folds 
Timonessb: folds 
50CandyJoe: calls $2
*** FLOP *** [9h 7d 2d]
50CandyJoe: checks 
sirgrindalot58: checks 
*** TURN *** [9h 7d 2d] [Th]
50CandyJoe: bets $2.04
sirgrindalot58: folds [Kd Ac]
Uncalled bet ($2.04) returned to 50CandyJoe
50CandyJoe collected $6.18 from pot
50CandyJoe: doesn't show hand 
*** SUMMARY ***
Total pot $6.50 | Rake $0.32 
Board [9h 7d 2d Th]
Seat 1: rao999 folded before Flop (didn't bet)
Seat 2: CashfishT (button) folded before Flop (didn't bet)
Seat 3: Timonessb (small blind) folded before Flop
Seat 4: 50CandyJoe (big blind) collected ($6.18)
Seat 5: B1GBankroll folded before Flop (didn't bet)
Seat 6: sirgrindalot58 folded on the Turn



PokerStars Hand #254632998181:  Hold'em No Limit ($0.50/$1.00 USD) - 2025/01/31 4:25:55 WET [2025/01/30 23:25:55 ET]
Table 'Alsatia' 6-max Seat #3 is the button
Seat 5: B1GBankroll ($109.66 in chips) is sitting out
Seat 1: rao999 ($100 in chips) 
Seat 2: CashfishT ($100 in chips) 
Seat 3: Timonessb ($100 in chips) 
Seat 4: 50CandyJoe ($103.18 in chips) 
Seat 6: sirgrindalot58 ($86.50 in chips) 
50CandyJoe: posts small blind $0.50
B1GBankroll: is sitting out 
sirgrindalot58: posts big blind $1
*** HOLE CARDS ***
B1GBankroll leaves the table
rao999: folds 
CashfishT: folds 
Timonessb: raises $1.50 to $2.50
50CandyJoe: folds 
sirgrindalot58: folds 
Uncalled bet ($1.50) returned to Timonessb
Timonessb collected $2.50 from pot
Timonessb: doesn't show hand 
*** SUMMARY ***
Total pot $2.50 | Rake $0 
Seat 5: B1GBankroll
Seat 1: rao999 folded before Flop (didn't bet)
Seat 2: CashfishT folded before Flop (didn't bet)
Seat 3: Timonessb (button) collected ($2.50)
Seat 4: 50CandyJoe (small blind) folded before Flop
Seat 6: sirgrindalot58 (big blind) folded before Flop



PokerStars Hand #254633000302:  Hold'em No Limit ($0.50/$1.00 USD) - 2025/01/31 4:26:16 WET [2025/01/30 23:26:16 ET]
Table 'Alsatia' 6-max Seat #4 is the button
Seat 1: rao999 ($100 in chips) 
Seat 2: CashfishT ($100 in chips) 
Seat 3: Timonessb ($101.50 in chips) 
Seat 4: 50CandyJoe ($102.68 in chips) 
Seat 6: sirgrindalot58 ($85.50 in chips) 
sirgrindalot58: posts small blind $0.50
rao999: posts big blind $1
*** HOLE CARDS ***
CashfishT: raises $1.20 to $2.20
Timonessb: folds 
50CandyJoe: folds 
sirgrindalot58: folds 
rao999: calls $1.20
*** FLOP *** [7h 7s 2s]
rao999: checks 
CashfishT: bets $1.54
rao999: calls $1.54
*** TURN *** [7h 7s 2s] [2c]
rao999: checks 
CashfishT: checks 
*** RIVER *** [7h 7s 2s 2c] [Tc]
rao999: bets $1.90
CashfishT: calls $1.90
*** SHOW DOWN ***
rao999: shows [Jh Ac] (two pair, Sevens and Deuces)
CashfishT: mucks hand 
rao999 collected $11.19 from pot
*** SUMMARY ***
Total pot $11.78 | Rake $0.59 
Board [7h 7s 2s 2c Tc]
Seat 1: rao999 (big blind) showed [Jh Ac] and won ($11.19) with two pair, Sevens and Deuces
Seat 2: CashfishT mucked
Seat 3: Timonessb folded before Flop (didn't bet)
Seat 4: 50CandyJoe (button) folded before Flop (didn't bet)
Seat 6: sirgrindalot58 (small blind) folded before Flop



PokerStars Hand #254633007148:  Hold'em No Limit ($0.50/$1.00 USD) - 2025/01/31 4:27:22 WET [2025/01/30 23:27:22 ET]
Table 'Alsatia' 6-max Seat #6 is the button
Seat 1: rao999 ($105.55 in chips) 
Seat 2: CashfishT ($100 in chips) 
Seat 3: Timonessb ($101.50 in chips) 
Seat 4: 50CandyJoe ($102.68 in chips) 
Seat 6: sirgrindalot58 ($85 in chips) 
rao999: posts small blind $0.50
CashfishT: posts big blind $1
*** HOLE CARDS ***
Timonessb: raises $1.30 to $2.30
50CandyJoe: calls $2.30
sirgrindalot58: folds 
rao999: folds 
CashfishT: folds 
*** FLOP *** [Js 2c 6d]
Timonessb: bets $2.96
50CandyJoe: calls $2.96
*** TURN *** [Js 2c 6d] [Ts]
Timonessb: checks 
50CandyJoe: checks 
*** RIVER *** [Js 2c 6d Ts] [9h]
Timonessb: bets $7.65
50CandyJoe: calls $7.65
*** SHOW DOWN ***
Timonessb: shows [Jh Kc] (a pair of Jacks)
50CandyJoe: shows [Jd 9d] (two pair, Jacks and Nines)
50CandyJoe collected $25.95 from pot
*** SUMMARY ***
Total pot $27.32 | Rake $1.37 
Board [Js 2c 6d Ts 9h]
Seat 1: rao999 (small blind) folded before Flop
Seat 2: CashfishT (big blind) folded before Flop
Seat 3: Timonessb showed [Jh Kc] and lost with a pair of Jacks
Seat 4: 50CandyJoe showed [Jd 9d] and won ($25.95) with two pair, Jacks and Nines
Seat 6: sirgrindalot58 (button) folded before Flop (didn't bet)



PokerStars Hand #254633012147:  Hold'em No Limit ($0.50/$1.00 USD) - 2025/01/31 4:28:12 WET [2025/01/30 23:28:12 ET]
Table 'Alsatia' 6-max Seat #1 is the button
Seat 1: rao999 ($105.05 in chips) 
Seat 2: CashfishT ($100 in chips) 
Seat 3: Timonessb ($100 in chips) 
Seat 4: 50CandyJoe ($115.72 in chips) 
Seat 6: sirgrindalot58 ($85 in chips) 
CashfishT: posts small blind $0.50
Timonessb: posts big blind $1
*** HOLE CARDS ***
50CandyJoe: raises $1.20 to $2.20
sirgrindalot58: folds 
rao999: folds 
CashfishT: raises $8.80 to $11
Timonessb: folds 
50CandyJoe: folds 
Uncalled bet ($8.80) returned to CashfishT
CashfishT collected $5.40 from pot
CashfishT: doesn't show hand 
*** SUMMARY ***
Total pot $5.40 | Rake $0 
Seat 1: rao999 (button) folded before Flop (didn't bet)
Seat 2: CashfishT (small blind) collected ($5.40)
Seat 3: Timonessb (big blind) folded before Flop
Seat 4: 50CandyJoe folded before Flop
Seat 6: sirgrindalot58 folded before Flop (didn't bet)



PokerStars Hand #254633014053:  Hold'em No Limit ($0.50/$1.00 USD) - 2025/01/31 4:28:30 WET [2025/01/30 23:28:30 ET]
Table 'Alsatia' 6-max Seat #2 is the button
Seat 1: rao999 ($105.05 in chips) 
Seat 2: CashfishT ($103.20 in chips) 
Seat 3: Timonessb ($100 in chips) 
Seat 4: 50CandyJoe ($113.52 in chips) 
Seat 6: sirgrindalot58 ($85 in chips) 
Timonessb: posts small blind $0.50
50CandyJoe: posts big blind $1
*** HOLE CARDS ***
sirgrindalot58: folds 
rao999: folds 
CashfishT: raises $1.20 to $2.20
Timonessb: folds 
50CandyJoe: folds 
Uncalled bet ($1.20) returned to CashfishT
CashfishT collected $2.50 from pot
CashfishT: doesn't show hand 
*** SUMMARY ***
Total pot $2.50 | Rake $0 
Seat 1: rao999 folded before Flop (didn't bet)
Seat 2: CashfishT (button) collected ($2.50)
Seat 3: Timonessb (small blind) folded before Flop
Seat 4: 50CandyJoe (big blind) folded before Flop
Seat 6: sirgrindalot58 folded before Flop (didn't bet)



PokerStars Hand #254633015937:  Hold'em No Limit ($0.50/$1.00 USD) - 2025/01/31 4:28:49 WET [2025/01/30 23:28:49 ET]
Table 'Alsatia' 6-max Seat #3 is the button
Seat 1: rao999 ($105.05 in chips) 
Seat 2: CashfishT ($104.70 in chips) 
Seat 3: Timonessb ($100 in chips) 
Seat 4: 50CandyJoe ($112.52 in chips) 
Seat 6: sirgrindalot58 ($85 in chips) 
50CandyJoe: posts small blind $0.50
sirgrindalot58: posts big blind $1
*** HOLE CARDS ***
rao999: folds 
CashfishT: folds 
Timonessb: raises $1.50 to $2.50
50CandyJoe: folds 
sirgrindalot58: folds 
Uncalled bet ($1.50) returned to Timonessb
Timonessb collected $2.50 from pot
Timonessb: doesn't show hand 
*** SUMMARY ***
Total pot $2.50 | Rake $0 
Seat 1: rao999 folded before Flop (didn't bet)
Seat 2: CashfishT folded before Flop (didn't bet)
Seat 3: Timonessb (button) collected ($2.50)
Seat 4: 50CandyJoe (small blind) folded before Flop
Seat 6: sirgrindalot58 (big blind) folded before Flop



PokerStars Hand #254633017431:  Hold'em No Limit ($0.50/$1.00 USD) - 2025/01/31 4:29:04 WET [2025/01/30 23:29:04 ET]
Table 'Alsatia' 6-max Seat #4 is the button
Seat 1: rao999 ($105.05 in chips) 
Seat 2: CashfishT ($104.70 in chips) 
Seat 3: Timonessb ($101.50 in chips) 
Seat 4: 50CandyJoe ($112.02 in chips) 
Seat 6: sirgrindalot58 ($84 in chips) 
sirgrindalot58: posts small blind $0.50
rao999: posts big blind $1
*** HOLE CARDS ***
CashfishT: folds 
Timonessb: folds 
50CandyJoe: raises $1.50 to $2.50
sirgrindalot58: folds 
rao999: folds 
Uncalled bet ($1.50) returned to 50CandyJoe
50CandyJoe collected $2.50 from pot
50CandyJoe: doesn't show hand 
*** SUMMARY ***
Total pot $2.50 | Rake $0 
Seat 1: rao999 (big blind) folded before Flop
Seat 2: CashfishT folded before Flop (didn't bet)
Seat 3: Timonessb folded before Flop (didn't bet)
Seat 4: 50CandyJoe (button) collected ($2.50)
Seat 6: sirgrindalot58 (small blind) folded before Flop



PokerStars Hand #254633019517:  Hold'em No Limit ($0.50/$1.00 USD) - 2025/01/31 4:29:25 WET [2025/01/30 23:29:25 ET]
Table 'Alsatia' 6-max Seat #6 is the button
Seat 1: rao999 ($104.05 in chips) 
Seat 2: CashfishT ($104.70 in chips) 
Seat 3: Timonessb ($101.50 in chips) 
Seat 4: 50CandyJoe ($113.52 in chips) 
Seat 6: sirgrindalot58 ($83.50 in chips) 
rao999: posts small blind $0.50
CashfishT: posts big blind $1
*** HOLE CARDS ***
Timonessb: folds 
50CandyJoe: folds 
sirgrindalot58: folds 
rao999: raises $2 to $3
CashfishT: folds 
Uncalled bet ($2) returned to rao999
rao999 collected $2 from pot
rao999: doesn't show hand 
*** SUMMARY ***
Total pot $2 | Rake $0 
Seat 1: rao999 (small blind) collected ($2)
Seat 2: CashfishT (big blind) folded before Flop
Seat 3: Timonessb folded before Flop (didn't bet)
Seat 4: 50CandyJoe folded before Flop (didn't bet)
Seat 6: sirgrindalot58 (button) folded before Flop (didn't bet)



PokerStars Hand #254633023078:  Hold'em No Limit ($0.50/$1.00 USD) - 2025/01/31 4:30:00 WET [2025/01/30 23:30:00 ET]
Table 'Alsatia' 6-max Seat #1 is the button
Seat 1: rao999 ($105.05 in chips) 
Seat 2: CashfishT ($103.70 in chips) 
Seat 3: Timonessb ($101.50 in chips) 
Seat 4: 50CandyJoe ($113.52 in chips) 
Seat 6: sirgrindalot58 ($83.50 in chips) 
CashfishT: posts small blind $0.50
Timonessb: posts big blind $1
*** HOLE CARDS ***
50CandyJoe: folds 
sirgrindalot58: folds 
rao999: raises $1.50 to $2.50
CashfishT: folds 
Timonessb: raises $10.50 to $13
rao999: raises $92.05 to $105.05 and is all-in
Timonessb: folds 
Uncalled bet ($92.05) returned to rao999
rao999 collected $26.50 from pot
rao999: doesn't show hand 
*** SUMMARY ***
Total pot $26.50 | Rake $0 
Seat 1: rao999 (button) collected ($26.50)
Seat 2: CashfishT (small blind) folded before Flop
Seat 3: Timonessb (big blind) folded before Flop
Seat 4: 50CandyJoe folded before Flop (didn't bet)
Seat 6: sirgrindalot58 folded before Flop (didn't bet)



PokerStars Hand #254633025642:  Hold'em No Limit ($0.50/$1.00 USD) - 2025/01/31 4:30:26 WET [2025/01/30 23:30:26 ET]
Table 'Alsatia' 6-max Seat #2 is the button
Seat 1: rao999 ($118.55 in chips) 
Seat 2: CashfishT ($103.20 in chips) 
Seat 3: Timonessb ($100 in chips) 
Seat 4: 50CandyJoe ($113.52 in chips) 
Seat 6: sirgrindalot58 ($83.50 in chips) 
Timonessb: posts small blind $0.50
50CandyJoe: posts big blind $1
*** HOLE CARDS ***
sirgrindalot58: folds 
rao999: folds 
CashfishT: folds 
Timonessb: raises $2 to $3
50CandyJoe: calls $2
*** FLOP *** [2h 5s 6s]
Timonessb: checks 
50CandyJoe: checks 
*** TURN *** [2h 5s 6s] [Ah]
Timonessb: bets $3.82
Gmspades7 joins the table at seat #5 
50CandyJoe: folds 
Uncalled bet ($3.82) returned to Timonessb
Timonessb collected $5.70 from pot
*** SUMMARY ***
Total pot $6 | Rake $0.30 
Board [2h 5s 6s Ah]
Seat 1: rao999 folded before Flop (didn't bet)
Seat 2: CashfishT (button) folded before Flop (didn't bet)
Seat 3: Timonessb (small blind) collected ($5.70)
Seat 4: 50CandyJoe (big blind) folded on the Turn
Seat 6: sirgrindalot58 folded before Flop (didn't bet)



PokerStars Hand #254633029183:  Hold'em No Limit ($0.50/$1.00 USD) - 2025/01/31 4:31:02 WET [2025/01/30 23:31:02 ET]
Table 'Alsatia' 6-max Seat #3 is the button
Seat 1: rao999 ($118.55 in chips) 
Seat 2: CashfishT ($103.20 in chips) 
Seat 3: Timonessb ($102.70 in chips) 
Seat 4: 50CandyJoe ($110.52 in chips) 
Seat 5: Gmspades7 ($100 in chips) 
Seat 6: sirgrindalot58 ($83.50 in chips) 
50CandyJoe: posts small blind $0.50
Gmspades7: posts big blind $1
*** HOLE CARDS ***
sirgrindalot58: raises $1 to $2
rao999: folds 
CashfishT: folds 
Timonessb: folds 
50CandyJoe: folds 
Gmspades7: calls $1
*** FLOP *** [5c 8c 3c]
Gmspades7: checks 
sirgrindalot58: checks 
*** TURN *** [5c 8c 3c] [Kh]
Gmspades7: checks 
sirgrindalot58: bets $2.14
Gmspades7: folds 
Uncalled bet ($2.14) returned to sirgrindalot58
sirgrindalot58 collected $4.28 from pot
*** SUMMARY ***
Total pot $4.50 | Rake $0.22 
Board [5c 8c 3c Kh]
Seat 1: rao999 folded before Flop (didn't bet)
Seat 2: CashfishT folded before Flop (didn't bet)
Seat 3: Timonessb (button) folded before Flop (didn't bet)
Seat 4: 50CandyJoe (small blind) folded before Flop
Seat 5: Gmspades7 (big blind) folded on the Turn
Seat 6: sirgrindalot58 collected ($4.28)



PokerStars Hand #254633032499:  Hold'em No Limit ($0.50/$1.00 USD) - 2025/01/31 4:31:35 WET [2025/01/30 23:31:35 ET]
Table 'Alsatia' 6-max Seat #4 is the button
Seat 1: rao999 ($118.55 in chips) 
Seat 2: CashfishT ($103.20 in chips) 
Seat 3: Timonessb ($102.70 in chips) 
Seat 4: 50CandyJoe ($110.02 in chips) 
Seat 5: Gmspades7 ($100 in chips) 
Seat 6: sirgrindalot58 ($85.78 in chips) 
Gmspades7: posts small blind $0.50
sirgrindalot58: posts big blind $1
*** HOLE CARDS ***
rao999: raises $1.50 to $2.50
CashfishT: folds 
Timonessb: folds 
50CandyJoe: folds 
Gmspades7: folds 
sirgrindalot58: calls $1.50
*** FLOP *** [5s 4c 3d]
sirgrindalot58: checks 
rao999: bets $3.45
sirgrindalot58: folds 
Uncalled bet ($3.45) returned to rao999
rao999 collected $5.22 from pot
rao999: doesn't show hand 
*** SUMMARY ***
Total pot $5.50 | Rake $0.28 
Board [5s 4c 3d]
Seat 1: rao999 collected ($5.22)
Seat 2: CashfishT folded before Flop (didn't bet)
Seat 3: Timonessb folded before Flop (didn't bet)
Seat 4: 50CandyJoe (button) folded before Flop (didn't bet)
Seat 5: Gmspades7 (small blind) folded before Flop
Seat 6: sirgrindalot58 (big blind) folded on the Flop



PokerStars Hand #254633035472:  Hold'em No Limit ($0.50/$1.00 USD) - 2025/01/31 4:32:05 WET [2025/01/30 23:32:05 ET]
Table 'Alsatia' 6-max Seat #5 is the button
Seat 1: rao999 ($121.27 in chips) 
Seat 2: CashfishT ($103.20 in chips) 
Seat 3: Timonessb ($102.70 in chips) 
Seat 4: 50CandyJoe ($110.02 in chips) 
Seat 5: Gmspades7 ($100 in chips) 
Seat 6: sirgrindalot58 ($83.28 in chips) 
sirgrindalot58: posts small blind $0.50
rao999: posts big blind $1
*** HOLE CARDS ***
CashfishT: folds 
Timonessb: raises $1.30 to $2.30
50CandyJoe: calls $2.30
Gmspades7: folds 
sirgrindalot58: calls $1.80
rao999: raises $12.20 to $14.50
Timonessb: raises $88.20 to $102.70 and is all-in
50CandyJoe: folds 
sirgrindalot58: folds 
rao999: calls $88.20
*** FLOP *** [Ts 7d 3d]
*** TURN *** [Ts 7d 3d] [2s]
*** RIVER *** [Ts 7d 3d 2s] [8c]
*** SHOW DOWN ***
rao999: shows [As Ks] (high card Ace)
Timonessb: shows [Qs Qc] (a pair of Queens)
Timonessb collected $207.50 from pot
rao999 cashed out the hand for $93.31 | Cash Out Fee $1.90
*** SUMMARY ***
Total pot $210 | Rake $2.50 
Board [Ts 7d 3d 2s 8c]
Seat 1: rao999 (big blind) showed [As Ks] and lost with high card Ace (cashed out).
Seat 2: CashfishT folded before Flop (didn't bet)
Seat 3: Timonessb showed [Qs Qc] and won ($207.50) with a pair of Queens
Seat 4: 50CandyJoe folded before Flop
Seat 5: Gmspades7 (button) folded before Flop (didn't bet)
Seat 6: sirgrindalot58 (small blind) folded before Flop



PokerStars Hand #254633039753:  Hold'em No Limit ($0.50/$1.00 USD) - 2025/01/31 4:32:48 WET [2025/01/30 23:32:48 ET]
Table 'Alsatia' 6-max Seat #6 is the button
Seat 1: rao999 ($111.88 in chips) 
Seat 2: CashfishT ($103.20 in chips) 
Seat 3: Timonessb ($207.50 in chips) 
Seat 4: 50CandyJoe ($107.72 in chips) 
Seat 5: Gmspades7 ($100 in chips) 
Seat 6: sirgrindalot58 ($80.98 in chips) 
rao999: posts small blind $0.50
CashfishT: posts big blind $1
*** HOLE CARDS ***
Timonessb: folds 
50CandyJoe: folds 
Gmspades7: raises $1.50 to $2.50
sirgrindalot58: folds 
rao999: folds 
CashfishT: calls $1.50
*** FLOP *** [Th 5d 6s]
CashfishT: checks 
Gmspades7: checks 
*** TURN *** [Th 5d 6s] [As]
CashfishT: checks 
Gmspades7: checks 
*** RIVER *** [Th 5d 6s As] [7c]
CashfishT: checks 
Gmspades7: checks 
*** SHOW DOWN ***
CashfishT: shows [8d 7d] (a pair of Sevens)
Gmspades7: mucks hand 
CashfishT collected $5.22 from pot
*** SUMMARY ***
Total pot $5.50 | Rake $0.28 
Board [Th 5d 6s As 7c]
Seat 1: rao999 (small blind) folded before Flop
Seat 2: CashfishT (big blind) showed [8d 7d] and won ($5.22) with a pair of Sevens
Seat 3: Timonessb folded before Flop (didn't bet)
Seat 4: 50CandyJoe folded before Flop (didn't bet)
Seat 5: Gmspades7 mucked
Seat 6: sirgrindalot58 (button) folded before Flop (didn't bet)



PokerStars Hand #254633156862:  Hold'em No Limit ($0.50/$1.00 USD) - 2025/01/31 4:53:03 WET [2025/01/30 23:53:03 ET]
Table 'Alsatia' 6-max Seat #1 is the button
Seat 1: 7bekon7 ($107.25 in chips) 
Seat 2: CashfishT ($112.82 in chips) 
Seat 3: Timonessb ($270.36 in chips) 
Seat 4: derek5858 ($108.20 in chips) 
Seat 5: Gmspades7 ($115.37 in chips) 
Seat 6: sirgrindalot58 ($38.22 in chips) 
CashfishT: posts small blind $0.50
Timonessb: posts big blind $1
*** HOLE CARDS ***
derek5858: folds 
Gmspades7: folds 
sirgrindalot58: calls $1
7bekon7: folds 
CashfishT: raises $4 to $5
Timonessb: folds 
sirgrindalot58: calls $4
*** FLOP *** [2s 6d 5h]
CashfishT: bets $3.45
sirgrindalot58: calls $3.45
*** TURN *** [2s 6d 5h] [6h]
CashfishT: checks 
sirgrindalot58: checks 
*** RIVER *** [2s 6d 5h 6h] [6s]
CashfishT: checks 
sirgrindalot58: checks 
*** SHOW DOWN ***
CashfishT: shows [Qh Ac] (three of a kind, Sixes)
sirgrindalot58: mucks hand 
CashfishT collected $17 from pot
*** SUMMARY ***
Total pot $17.90 | Rake $0.90 
Board [2s 6d 5h 6h 6s]
Seat 1: 7bekon7 (button) folded before Flop (didn't bet)
Seat 2: CashfishT (small blind) showed [Qh Ac] and won ($17) with three of a kind, Sixes
Seat 3: Timonessb (big blind) folded before Flop
Seat 4: derek5858 folded before Flop (didn't bet)
Seat 5: Gmspades7 folded before Flop (didn't bet)
Seat 6: sirgrindalot58 mucked



PokerStars Hand #254633161008:  Hold'em No Limit ($0.50/$1.00 USD) - 2025/01/31 4:53:48 WET [2025/01/30 23:53:48 ET]
Table 'Alsatia' 6-max Seat #2 is the button
Seat 1: 7bekon7 ($107.25 in chips) 
Seat 2: CashfishT ($121.37 in chips) 
Seat 3: Timonessb ($269.36 in chips) 
Seat 4: derek5858 ($108.20 in chips) 
Seat 5: Gmspades7 ($115.37 in chips) 
Seat 6: sirgrindalot58 ($29.77 in chips) 
Timonessb: posts small blind $0.50
derek5858: posts big blind $1
*** HOLE CARDS ***
Gmspades7: folds 
sirgrindalot58: raises $1 to $2
7bekon7: folds 
CashfishT: folds 
Timonessb: raises $8.50 to $10.50
derek5858: calls $9.50
sirgrindalot58: raises $19.27 to $29.77 and is all-in
Timonessb: folds 
derek5858: calls $19.27
sirgrindalot58 has timed out
*** FLOP *** [2h 2c Ac]
*** TURN *** [2h 2c Ac] [Qs]
*** RIVER *** [2h 2c Ac Qs] [6d]
*** SHOW DOWN ***
derek5858: shows [Qh Qd] (a full house, Queens full of Deuces)
sirgrindalot58: shows [Ad Th] (two pair, Aces and Deuces)
derek5858 collected $67.54 from pot
*** SUMMARY ***
Total pot $70.04 | Rake $2.50 
Board [2h 2c Ac Qs 6d]
Seat 1: 7bekon7 folded before Flop (didn't bet)
Seat 2: CashfishT (button) folded before Flop (didn't bet)
Seat 3: Timonessb (small blind) folded before Flop
Seat 4: derek5858 (big blind) showed [Qh Qd] and won ($67.54) with a full house, Queens full of Deuces
Seat 5: Gmspades7 folded before Flop (didn't bet)
Seat 6: sirgrindalot58 showed [Ad Th] and lost with two pair, Aces and Deuces



PokerStars Hand #254633165555:  Hold'em No Limit ($0.50/$1.00 USD) - 2025/01/31 4:54:38 WET [2025/01/30 23:54:38 ET]
Table 'Alsatia' 6-max Seat #3 is the button
Seat 6: sirgrindalot58 ($0 in chips) is sitting out
Seat 1: 7bekon7 ($107.25 in chips) 
Seat 2: CashfishT ($121.37 in chips) 
Seat 3: Timonessb ($258.86 in chips) 
Seat 4: derek5858 ($145.97 in chips) 
Seat 5: Gmspades7 ($115.37 in chips) 
derek5858: posts small blind $0.50
Gmspades7: posts big blind $1
*** HOLE CARDS ***
7bekon7: folds 
CashfishT: folds 
Timonessb: folds 
derek5858: folds 
Uncalled bet ($0.50) returned to Gmspades7
Gmspades7 collected $1 from pot
Gmspades7: doesn't show hand 
*** SUMMARY ***
Total pot $1 | Rake $0 
Seat 6: sirgrindalot58
Seat 1: 7bekon7 folded before Flop (didn't bet)
Seat 2: CashfishT folded before Flop (didn't bet)
Seat 3: Timonessb (button) folded before Flop (didn't bet)
Seat 4: derek5858 (small blind) folded before Flop
Seat 5: Gmspades7 (big blind) collected ($1)



PokerStars Hand #254633167077:  Hold'em No Limit ($0.50/$1.00 USD) - 2025/01/31 4:54:54 WET [2025/01/30 23:54:54 ET]
Table 'Alsatia' 6-max Seat #4 is the button
Seat 6: sirgrindalot58 ($0 in chips) is sitting out
Seat 1: 7bekon7 ($107.25 in chips) 
Seat 2: CashfishT ($121.37 in chips) 
Seat 3: Timonessb ($258.86 in chips) 
Seat 4: derek5858 ($145.47 in chips) 
Seat 5: Gmspades7 ($115.87 in chips) 
Gmspades7: posts small blind $0.50
7bekon7: posts big blind $1
*** HOLE CARDS ***
CashfishT: folds 
Timonessb: folds 
derek5858: raises $1.50 to $2.50
Gmspades7: raises $8.50 to $11
7bekon7: folds 
derek5858: folds 
Uncalled bet ($8.50) returned to Gmspades7
Gmspades7 collected $6 from pot
Gmspades7: doesn't show hand 
*** SUMMARY ***
Total pot $6 | Rake $0 
Seat 6: sirgrindalot58
Seat 1: 7bekon7 (big blind) folded before Flop
Seat 2: CashfishT folded before Flop (didn't bet)
Seat 3: Timonessb folded before Flop (didn't bet)
Seat 4: derek5858 (button) folded before Flop
Seat 5: Gmspades7 (small blind) collected ($6)



PokerStars Hand #254633171633:  Hold'em No Limit ($0.50/$1.00 USD) - 2025/01/31 4:55:51 WET [2025/01/30 23:55:51 ET]
Table 'Alsatia' 6-max Seat #5 is the button
Seat 6: sirgrindalot58 ($0 in chips) is sitting out
Seat 1: 7bekon7 ($106.25 in chips) 
Seat 2: CashfishT ($121.37 in chips) 
Seat 3: Timonessb ($258.86 in chips) 
Seat 4: derek5858 ($142.97 in chips) 
Seat 5: Gmspades7 ($119.37 in chips) 
7bekon7: posts small blind $0.50
CashfishT: posts big blind $1
*** HOLE CARDS ***
sirgrindalot58 is disconnected 
Timonessb: raises $1.30 to $2.30
derek5858: folds 
Gmspades7: folds 
7bekon7: folds 
CashfishT: folds 
Uncalled bet ($1.30) returned to Timonessb
Timonessb collected $2.50 from pot
*** SUMMARY ***
Total pot $2.50 | Rake $0 
Seat 6: sirgrindalot58
Seat 1: 7bekon7 (small blind) folded before Flop
Seat 2: CashfishT (big blind) folded before Flop
Seat 3: Timonessb collected ($2.50)
Seat 4: derek5858 folded before Flop (didn't bet)
Seat 5: Gmspades7 (button) folded before Flop (didn't bet)



PokerStars Hand #254633173359:  Hold'em No Limit ($0.50/$1.00 USD) - 2025/01/31 4:56:14 WET [2025/01/30 23:56:14 ET]
Table 'Alsatia' 6-max Seat #1 is the button
Seat 6: sirgrindalot58 ($0 in chips) is sitting out
Seat 1: 7bekon7 ($105.75 in chips) 
Seat 2: CashfishT ($120.37 in chips) 
Seat 3: Timonessb ($260.36 in chips) 
Seat 4: derek5858 ($142.97 in chips) 
Seat 5: Gmspades7 ($119.37 in chips) 
CashfishT: posts small blind $0.50
Timonessb: posts big blind $1
*** HOLE CARDS ***
derek5858: folds 
derek5858 leaves the table
Gmspades7: folds 
7bekon7: folds 
CashfishT: raises $2 to $3
Timonessb: folds 
Uncalled bet ($2) returned to CashfishT
CashfishT collected $2 from pot
CashfishT: doesn't show hand 
*** SUMMARY ***
Total pot $2 | Rake $0 
Seat 6: sirgrindalot58
Seat 1: 7bekon7 (button) folded before Flop (didn't bet)
Seat 2: CashfishT (small blind) collected ($2)
Seat 3: Timonessb (big blind) folded before Flop
Seat 4: derek5858 folded before Flop (didn't bet)
Seat 5: Gmspades7 folded before Flop (didn't bet)



PokerStars Hand #254633175053:  Hold'em No Limit ($0.50/$1.00 USD) - 2025/01/31 4:56:37 WET [2025/01/30 23:56:37 ET]
Table 'Alsatia' 6-max Seat #2 is the button
Seat 6: sirgrindalot58 ($0 in chips) is sitting out
Seat 1: 7bekon7 ($105.75 in chips) 
Seat 2: CashfishT ($121.37 in chips) 
Seat 3: Timonessb ($259.36 in chips) 
Seat 5: Gmspades7 ($119.37 in chips) 
Timonessb: posts small blind $0.50
Gmspades7: posts big blind $1
*** HOLE CARDS ***
7bekon7: folds 
CashfishT: folds 
Timonessb: folds 
Uncalled bet ($0.50) returned to Gmspades7
Gmspades7 collected $1 from pot
Gmspades7: doesn't show hand 
*** SUMMARY ***
Total pot $1 | Rake $0 
Seat 6: sirgrindalot58
Seat 1: 7bekon7 folded before Flop (didn't bet)
Seat 2: CashfishT (button) folded before Flop (didn't bet)
Seat 3: Timonessb (small blind) folded before Flop
Seat 5: Gmspades7 (big blind) collected ($1)



PokerStars Hand #254633175981:  Hold'em No Limit ($0.50/$1.00 USD) - 2025/01/31 4:56:50 WET [2025/01/30 23:56:50 ET]
Table 'Alsatia' 6-max Seat #5 is the button
Seat 1: 7bekon7 ($105.75 in chips) is sitting out
Seat 2: CashfishT ($121.37 in chips) is sitting out
Seat 6: sirgrindalot58 ($0 in chips) is sitting out
Seat 3: Timonessb ($258.86 in chips) 
Seat 5: Gmspades7 ($119.87 in chips) 
Gmspades7: posts small blind $0.50
7bekon7: is sitting out 
CashfishT: is sitting out 
Timonessb: posts big blind $1
*** HOLE CARDS ***
7bekon7 leaves the table
Gmspades7: folds 
Uncalled bet ($0.50) returned to Timonessb
Timonessb collected $1 from pot
*** SUMMARY ***
Total pot $1 | Rake $0 
Seat 1: 7bekon7
Seat 2: CashfishT
Seat 6: sirgrindalot58
Seat 3: Timonessb (big blind) collected ($1)
Seat 5: Gmspades7 (button) (small blind) folded before Flop



PokerStars Hand #254633176817:  Hold'em No Limit ($0.50/$1.00 USD) - 2025/01/31 4:57:01 WET [2025/01/30 23:57:01 ET]
Table 'Alsatia' 6-max Seat #3 is the button
Seat 2: CashfishT ($121.37 in chips) is sitting out
Seat 6: sirgrindalot58 ($0 in chips) is sitting out
Seat 3: Timonessb ($259.36 in chips) 
Seat 5: Gmspades7 ($119.37 in chips) 
Timonessb: posts small blind $0.50
Gmspades7: posts big blind $1
*** HOLE CARDS ***
Timonessb: raises $1.50 to $2.50
Gmspades7: folds 
Uncalled bet ($1.50) returned to Timonessb
Timonessb collected $2 from pot
CashfishT leaves the table
*** SUMMARY ***
Total pot $2 | Rake $0 
Seat 2: CashfishT
Seat 6: sirgrindalot58
Seat 3: Timonessb (button) (small blind) collected ($2)
Seat 5: Gmspades7 (big blind) folded before Flop



PokerStars Hand #254633043763:  Hold'em No Limit ($0.50/$1.00 USD) - 2025/01/31 4:33:28 WET [2025/01/30 23:33:28 ET]
Table 'Alsatia' 6-max Seat #1 is the button
Seat 1: rao999 ($111.38 in chips) 
Seat 2: CashfishT ($105.92 in chips) 
Seat 3: Timonessb ($207.50 in chips) 
Seat 4: 50CandyJoe ($107.72 in chips) 
Seat 5: Gmspades7 ($100 in chips) 
Seat 6: sirgrindalot58 ($80.98 in chips) 
CashfishT: posts small blind $0.50
Timonessb: posts big blind $1
*** HOLE CARDS ***
50CandyJoe: folds 
Gmspades7: raises $1.50 to $2.50
sirgrindalot58: folds 
rao999: folds 
CashfishT: folds 
Timonessb: calls $1.50
*** FLOP *** [9d 5d 3h]
Timonessb: checks 
Gmspades7: bets $4.18
Timonessb: calls $4.18
*** TURN *** [9d 5d 3h] [Jd]
Timonessb: checks 
Gmspades7: bets $10.54
Timonessb: calls $10.54
*** RIVER *** [9d 5d 3h Jd] [Tc]
Timonessb: checks 
Gmspades7: bets $26.55
Timonessb: calls $26.55
*** SHOW DOWN ***
Gmspades7: shows [8s 7s] (a straight, Seven to Jack)
Timonessb: shows [Kd Td] (a flush, King high)
Timonessb collected $85.54 from pot
*** SUMMARY ***
Total pot $88.04 | Rake $2.50 
Board [9d 5d 3h Jd Tc]
Seat 1: rao999 (button) folded before Flop (didn't bet)
Seat 2: CashfishT (small blind) folded before Flop
Seat 3: Timonessb (big blind) showed [Kd Td] and won ($85.54) with a flush, King high
Seat 4: 50CandyJoe folded before Flop (didn't bet)
Seat 5: Gmspades7 showed [8s 7s] and lost with a straight, Seven to Jack
Seat 6: sirgrindalot58 folded before Flop (didn't bet)



PokerStars Hand #254633053206:  Hold'em No Limit ($0.50/$1.00 USD) - 2025/01/31 4:35:03 WET [2025/01/30 23:35:03 ET]
Table 'Alsatia' 6-max Seat #2 is the button
Seat 1: rao999 ($111.38 in chips) 
Seat 2: CashfishT ($105.42 in chips) 
Seat 3: Timonessb ($249.27 in chips) 
Seat 4: 50CandyJoe ($107.72 in chips) 
Seat 5: Gmspades7 ($100 in chips) 
Seat 6: sirgrindalot58 ($80.98 in chips) 
Timonessb: posts small blind $0.50
50CandyJoe: posts big blind $1
*** HOLE CARDS ***
Gmspades7: folds 
sirgrindalot58: raises $1 to $2
rao999: folds 
CashfishT: folds 
Timonessb: folds 
50CandyJoe: folds 
Uncalled bet ($1) returned to sirgrindalot58
sirgrindalot58 collected $2.50 from pot
*** SUMMARY ***
Total pot $2.50 | Rake $0 
Seat 1: rao999 folded before Flop (didn't bet)
Seat 2: CashfishT (button) folded before Flop (didn't bet)
Seat 3: Timonessb (small blind) folded before Flop
Seat 4: 50CandyJoe (big blind) folded before Flop
Seat 5: Gmspades7 folded before Flop (didn't bet)
Seat 6: sirgrindalot58 collected ($2.50)



PokerStars Hand #254633055087:  Hold'em No Limit ($0.50/$1.00 USD) - 2025/01/31 4:35:21 WET [2025/01/30 23:35:21 ET]
Table 'Alsatia' 6-max Seat #3 is the button
Seat 1: rao999 ($111.38 in chips) 
Seat 2: CashfishT ($105.42 in chips) 
Seat 3: Timonessb ($248.77 in chips) 
Seat 4: 50CandyJoe ($106.72 in chips) 
Seat 5: Gmspades7 ($100 in chips) 
Seat 6: sirgrindalot58 ($82.48 in chips) 
50CandyJoe: posts small blind $0.50
Gmspades7: posts big blind $1
*** HOLE CARDS ***
sirgrindalot58: folds 
rao999: folds 
CashfishT: folds 
Timonessb: raises $1.50 to $2.50
50CandyJoe: folds 
Gmspades7: folds 
Uncalled bet ($1.50) returned to Timonessb
Timonessb collected $2.50 from pot
*** SUMMARY ***
Total pot $2.50 | Rake $0 
Seat 1: rao999 folded before Flop (didn't bet)
Seat 2: CashfishT folded before Flop (didn't bet)
Seat 3: Timonessb (button) collected ($2.50)
Seat 4: 50CandyJoe (small blind) folded before Flop
Seat 5: Gmspades7 (big blind) folded before Flop
Seat 6: sirgrindalot58 folded before Flop (didn't bet)



PokerStars Hand #254633057956:  Hold'em No Limit ($0.50/$1.00 USD) - 2025/01/31 4:35:51 WET [2025/01/30 23:35:51 ET]
Table 'Alsatia' 6-max Seat #4 is the button
Seat 1: rao999 ($111.38 in chips) 
Seat 2: CashfishT ($105.42 in chips) 
Seat 3: Timonessb ($250.27 in chips) 
Seat 4: 50CandyJoe ($106.22 in chips) 
Seat 5: Gmspades7 ($100 in chips) 
Seat 6: sirgrindalot58 ($82.48 in chips) 
Gmspades7: posts small blind $0.50
sirgrindalot58: posts big blind $1
*** HOLE CARDS ***
rao999: folds 
CashfishT: folds 
Timonessb: folds 
50CandyJoe: folds 
Gmspades7: raises $3.20 to $4.20
sirgrindalot58: calls $3.20
*** FLOP *** [6s Ah 3h]
Gmspades7: bets $6.38
sirgrindalot58: calls $6.38
*** TURN *** [6s Ah 3h] [8h]
Gmspades7: bets $13.08
sirgrindalot58: calls $13.08
*** RIVER *** [6s Ah 3h 8h] [6d]
Gmspades7: bets $35.96
sirgrindalot58: folds [Ac]
Uncalled bet ($35.96) returned to Gmspades7
Gmspades7 collected $44.95 from pot
Gmspades7: doesn't show hand 
*** SUMMARY ***
Total pot $47.32 | Rake $2.37 
Board [6s Ah 3h 8h 6d]
Seat 1: rao999 folded before Flop (didn't bet)
Seat 2: CashfishT folded before Flop (didn't bet)
Seat 3: Timonessb folded before Flop (didn't bet)
Seat 4: 50CandyJoe (button) folded before Flop (didn't bet)
Seat 5: Gmspades7 (small blind) collected ($44.95)
Seat 6: sirgrindalot58 (big blind) folded on the River



PokerStars Hand #254633065121:  Hold'em No Limit ($0.50/$1.00 USD) - 2025/01/31 4:37:03 WET [2025/01/30 23:37:03 ET]
Table 'Alsatia' 6-max Seat #5 is the button
Seat 1: rao999 ($111.38 in chips) 
Seat 2: CashfishT ($105.42 in chips) 
Seat 3: Timonessb ($250.27 in chips) 
Seat 4: 50CandyJoe ($106.22 in chips) 
Seat 5: Gmspades7 ($121.29 in chips) 
Seat 6: sirgrindalot58 ($58.82 in chips) 
sirgrindalot58: posts small blind $0.50
rao999: posts big blind $1
*** HOLE CARDS ***
CashfishT: raises $1.20 to $2.20
Timonessb: folds 
50CandyJoe: folds 
Gmspades7: folds 
sirgrindalot58: folds 
rao999: folds 
Uncalled bet ($1.20) returned to CashfishT
CashfishT collected $2.50 from pot
CashfishT: doesn't show hand 
*** SUMMARY ***
Total pot $2.50 | Rake $0 
Seat 1: rao999 (big blind) folded before Flop
Seat 2: CashfishT collected ($2.50)
Seat 3: Timonessb folded before Flop (didn't bet)
Seat 4: 50CandyJoe folded before Flop (didn't bet)
Seat 5: Gmspades7 (button) folded before Flop (didn't bet)
Seat 6: sirgrindalot58 (small blind) folded before Flop



PokerStars Hand #254633067688:  Hold'em No Limit ($0.50/$1.00 USD) - 2025/01/31 4:37:29 WET [2025/01/30 23:37:29 ET]
Table 'Alsatia' 6-max Seat #6 is the button
Seat 1: rao999 ($110.38 in chips) 
Seat 2: CashfishT ($106.92 in chips) 
Seat 3: Timonessb ($250.27 in chips) 
Seat 4: 50CandyJoe ($106.22 in chips) 
Seat 5: Gmspades7 ($121.29 in chips) 
Seat 6: sirgrindalot58 ($58.32 in chips) 
rao999: posts small blind $0.50
CashfishT: posts big blind $1
*** HOLE CARDS ***
Timonessb: folds 
50CandyJoe: folds 
Gmspades7: folds 
sirgrindalot58: raises $2 to $3
rao999: folds 
CashfishT: folds 
Uncalled bet ($2) returned to sirgrindalot58
sirgrindalot58 collected $2.50 from pot
*** SUMMARY ***
Total pot $2.50 | Rake $0 
Seat 1: rao999 (small blind) folded before Flop
Seat 2: CashfishT (big blind) folded before Flop
Seat 3: Timonessb folded before Flop (didn't bet)
Seat 4: 50CandyJoe folded before Flop (didn't bet)
Seat 5: Gmspades7 folded before Flop (didn't bet)
Seat 6: sirgrindalot58 (button) collected ($2.50)



PokerStars Hand #254633104013:  Hold'em No Limit ($0.50/$1.00 USD) - 2025/01/31 4:43:42 WET [2025/01/30 23:43:42 ET]
Table 'Alsatia' 6-max Seat #5 is the button
Seat 1: 7bekon7 ($100 in chips) 
Seat 2: CashfishT ($105.82 in chips) 
Seat 3: Timonessb ($253.58 in chips) 
Seat 4: 50CandyJoe ($100 in chips) 
Seat 5: Gmspades7 ($123.41 in chips) 
Seat 6: sirgrindalot58 ($62.61 in chips) 
sirgrindalot58: posts small blind $0.50
7bekon7: posts big blind $1
*** HOLE CARDS ***
CashfishT: folds 
Timonessb: folds 
50CandyJoe: folds 
Gmspades7: folds 
sirgrindalot58: folds 
Uncalled bet ($0.50) returned to 7bekon7
7bekon7 collected $1 from pot
7bekon7: doesn't show hand 
*** SUMMARY ***
Total pot $1 | Rake $0 
Seat 1: 7bekon7 (big blind) collected ($1)
Seat 2: CashfishT folded before Flop (didn't bet)
Seat 3: Timonessb folded before Flop (didn't bet)
Seat 4: 50CandyJoe folded before Flop (didn't bet)
Seat 5: Gmspades7 (button) folded before Flop (didn't bet)
Seat 6: sirgrindalot58 (small blind) folded before Flop



PokerStars Hand #254633105561:  Hold'em No Limit ($0.50/$1.00 USD) - 2025/01/31 4:43:58 WET [2025/01/30 23:43:58 ET]
Table 'Alsatia' 6-max Seat #6 is the button
Seat 1: 7bekon7 ($100.50 in chips) 
Seat 2: CashfishT ($105.82 in chips) 
Seat 3: Timonessb ($253.58 in chips) 
Seat 4: 50CandyJoe ($100 in chips) 
Seat 5: Gmspades7 ($123.41 in chips) 
Seat 6: sirgrindalot58 ($62.11 in chips) 
7bekon7: posts small blind $0.50
CashfishT: posts big blind $1
*** HOLE CARDS ***
Timonessb: folds 
50CandyJoe: raises $1.20 to $2.20
Gmspades7: folds 
sirgrindalot58: folds 
7bekon7: folds 
CashfishT: calls $1.20
*** FLOP *** [2d Qd Ks]
CashfishT: checks 
50CandyJoe: bets $1.54
CashfishT: folds 
Uncalled bet ($1.54) returned to 50CandyJoe
50CandyJoe collected $4.66 from pot
50CandyJoe: doesn't show hand 
*** SUMMARY ***
Total pot $4.90 | Rake $0.24 
Board [2d Qd Ks]
Seat 1: 7bekon7 (small blind) folded before Flop
Seat 2: CashfishT (big blind) folded on the Flop
Seat 3: Timonessb folded before Flop (didn't bet)
Seat 4: 50CandyJoe collected ($4.66)
Seat 5: Gmspades7 folded before Flop (didn't bet)
Seat 6: sirgrindalot58 (button) folded before Flop (didn't bet)



PokerStars Hand #254633108578:  Hold'em No Limit ($0.50/$1.00 USD) - 2025/01/31 4:44:29 WET [2025/01/30 23:44:29 ET]
Table 'Alsatia' 6-max Seat #1 is the button
Seat 1: 7bekon7 ($100 in chips) 
Seat 2: CashfishT ($103.62 in chips) 
Seat 3: Timonessb ($253.58 in chips) 
Seat 4: 50CandyJoe ($102.46 in chips) 
Seat 5: Gmspades7 ($123.41 in chips) 
Seat 6: sirgrindalot58 ($62.11 in chips) 
CashfishT: posts small blind $0.50
Timonessb: posts big blind $1
*** HOLE CARDS ***
50CandyJoe: raises $1.20 to $2.20
Gmspades7: folds 
sirgrindalot58: folds 
7bekon7: folds 
CashfishT: folds 
Timonessb: folds 
Uncalled bet ($1.20) returned to 50CandyJoe
50CandyJoe collected $2.50 from pot
50CandyJoe: doesn't show hand 
*** SUMMARY ***
Total pot $2.50 | Rake $0 
Seat 1: 7bekon7 (button) folded before Flop (didn't bet)
Seat 2: CashfishT (small blind) folded before Flop
Seat 3: Timonessb (big blind) folded before Flop
Seat 4: 50CandyJoe collected ($2.50)
Seat 5: Gmspades7 folded before Flop (didn't bet)
Seat 6: sirgrindalot58 folded before Flop (didn't bet)



PokerStars Hand #254633110935:  Hold'em No Limit ($0.50/$1.00 USD) - 2025/01/31 4:44:54 WET [2025/01/30 23:44:54 ET]
Table 'Alsatia' 6-max Seat #2 is the button
Seat 1: 7bekon7 ($100 in chips) 
Seat 2: CashfishT ($103.12 in chips) 
Seat 3: Timonessb ($252.58 in chips) 
Seat 4: 50CandyJoe ($103.96 in chips) 
Seat 5: Gmspades7 ($123.41 in chips) 
Seat 6: sirgrindalot58 ($62.11 in chips) 
Timonessb: posts small blind $0.50
50CandyJoe: posts big blind $1
*** HOLE CARDS ***
Gmspades7: raises $1.50 to $2.50
sirgrindalot58: calls $2.50
7bekon7: folds 
CashfishT: raises $8.50 to $11
Timonessb: folds 
50CandyJoe: folds 
Gmspades7: folds 
sirgrindalot58: calls $8.50
*** FLOP *** [2d 6h Tc]
sirgrindalot58: checks 
CashfishT: bets $8.15
sirgrindalot58: folds 
Uncalled bet ($8.15) returned to CashfishT
CashfishT collected $24.70 from pot
CashfishT: doesn't show hand 
*** SUMMARY ***
Total pot $26 | Rake $1.30 
Board [2d 6h Tc]
Seat 1: 7bekon7 folded before Flop (didn't bet)
Seat 2: CashfishT (button) collected ($24.70)
Seat 3: Timonessb (small blind) folded before Flop
Seat 4: 50CandyJoe (big blind) folded before Flop
Seat 5: Gmspades7 folded before Flop
Seat 6: sirgrindalot58 folded on the Flop



PokerStars Hand #254633115873:  Hold'em No Limit ($0.50/$1.00 USD) - 2025/01/31 4:45:46 WET [2025/01/30 23:45:46 ET]
Table 'Alsatia' 6-max Seat #3 is the button
Seat 1: 7bekon7 ($100 in chips) 
Seat 2: CashfishT ($116.82 in chips) 
Seat 3: Timonessb ($252.08 in chips) 
Seat 4: 50CandyJoe ($102.96 in chips) 
Seat 5: Gmspades7 ($120.91 in chips) 
Seat 6: sirgrindalot58 ($51.11 in chips) 
50CandyJoe: posts small blind $0.50
Gmspades7: posts big blind $1
*** HOLE CARDS ***
sirgrindalot58: folds 
7bekon7: folds 
CashfishT: folds 
Timonessb: folds 
50CandyJoe: raises $2 to $3
Gmspades7: calls $2
*** FLOP *** [4c 5h Qd]
50CandyJoe: bets $1.88
Gmspades7: raises $5.12 to $7
50CandyJoe: folds 
Uncalled bet ($5.12) returned to Gmspades7
Gmspades7 collected $9.27 from pot
Gmspades7: doesn't show hand 
50CandyJoe leaves the table
*** SUMMARY ***
Total pot $9.76 | Rake $0.49 
Board [4c 5h Qd]
Seat 1: 7bekon7 folded before Flop (didn't bet)
Seat 2: CashfishT folded before Flop (didn't bet)
Seat 3: Timonessb (button) folded before Flop (didn't bet)
Seat 4: 50CandyJoe (small blind) folded on the Flop
Seat 5: Gmspades7 (big blind) collected ($9.27)
Seat 6: sirgrindalot58 folded before Flop (didn't bet)



PokerStars Hand #254633118810:  Hold'em No Limit ($0.50/$1.00 USD) - 2025/01/31 4:46:17 WET [2025/01/30 23:46:17 ET]
Table 'Alsatia' 6-max Seat #5 is the button
Seat 1: 7bekon7 ($100 in chips) 
Seat 2: CashfishT ($116.82 in chips) 
Seat 3: Timonessb ($252.08 in chips) 
Seat 5: Gmspades7 ($125.30 in chips) 
Seat 6: sirgrindalot58 ($51.11 in chips) 
sirgrindalot58: posts small blind $0.50
7bekon7: posts big blind $1
*** HOLE CARDS ***
CashfishT: folds 
Timonessb: folds 
Gmspades7: raises $1.50 to $2.50
sirgrindalot58: folds 
7bekon7: folds 
Uncalled bet ($1.50) returned to Gmspades7
Gmspades7 collected $2.50 from pot
Gmspades7: doesn't show hand 
derek5858 joins the table at seat #4 
*** SUMMARY ***
Total pot $2.50 | Rake $0 
Seat 1: 7bekon7 (big blind) folded before Flop
Seat 2: CashfishT folded before Flop (didn't bet)
Seat 3: Timonessb folded before Flop (didn't bet)
Seat 5: Gmspades7 (button) collected ($2.50)
Seat 6: sirgrindalot58 (small blind) folded before Flop



PokerStars Hand #254633120339:  Hold'em No Limit ($0.50/$1.00 USD) - 2025/01/31 4:46:33 WET [2025/01/30 23:46:33 ET]
Table 'Alsatia' 6-max Seat #6 is the button
Seat 4: derek5858 ($100 in chips) is sitting out
Seat 1: 7bekon7 ($100 in chips) 
Seat 2: CashfishT ($116.82 in chips) 
Seat 3: Timonessb ($252.08 in chips) 
Seat 5: Gmspades7 ($126.80 in chips) 
Seat 6: sirgrindalot58 ($50.61 in chips) 
7bekon7: posts small blind $0.50
CashfishT: posts big blind $1
derek5858: sits out 
*** HOLE CARDS ***
Timonessb: folds 
Gmspades7: raises $1.50 to $2.50
sirgrindalot58: folds 
7bekon7: folds 
CashfishT: folds 
Uncalled bet ($1.50) returned to Gmspades7
Gmspades7 collected $2.50 from pot
Gmspades7: doesn't show hand 
*** SUMMARY ***
Total pot $2.50 | Rake $0 
Seat 4: derek5858
Seat 1: 7bekon7 (small blind) folded before Flop
Seat 2: CashfishT (big blind) folded before Flop
Seat 3: Timonessb folded before Flop (didn't bet)
Seat 5: Gmspades7 collected ($2.50)
Seat 6: sirgrindalot58 (button) folded before Flop (didn't bet)



PokerStars Hand #254633121964:  Hold'em No Limit ($0.50/$1.00 USD) - 2025/01/31 4:46:50 WET [2025/01/30 23:46:50 ET]
Table 'Alsatia' 6-max Seat #1 is the button
Seat 4: derek5858 ($100 in chips) is sitting out
Seat 1: 7bekon7 ($100 in chips) 
Seat 2: CashfishT ($115.82 in chips) 
Seat 3: Timonessb ($252.08 in chips) 
Seat 5: Gmspades7 ($128.30 in chips) 
Seat 6: sirgrindalot58 ($50.61 in chips) 
CashfishT: posts small blind $0.50
Timonessb: posts big blind $1
derek5858: sits out 
*** HOLE CARDS ***
Gmspades7: folds 
sirgrindalot58: raises $2 to $3
7bekon7: calls $3
CashfishT: folds 
Timonessb: calls $2
*** FLOP *** [Jd 4c Ah]
Timonessb: checks 
sirgrindalot58: bets $4.51
7bekon7: folds 
Timonessb: folds 
Uncalled bet ($4.51) returned to sirgrindalot58
sirgrindalot58 collected $9.02 from pot
*** SUMMARY ***
Total pot $9.50 | Rake $0.48 
Board [Jd 4c Ah]
Seat 4: derek5858
Seat 1: 7bekon7 (button) folded on the Flop
Seat 2: CashfishT (small blind) folded before Flop
Seat 3: Timonessb (big blind) folded on the Flop
Seat 5: Gmspades7 folded before Flop (didn't bet)
Seat 6: sirgrindalot58 collected ($9.02)



PokerStars Hand #254633124790:  Hold'em No Limit ($0.50/$1.00 USD) - 2025/01/31 4:47:19 WET [2025/01/30 23:47:19 ET]
Table 'Alsatia' 6-max Seat #2 is the button
Seat 1: 7bekon7 ($100 in chips) 
Seat 2: CashfishT ($115.32 in chips) 
Seat 3: Timonessb ($249.08 in chips) 
Seat 4: derek5858 ($100 in chips) 
Seat 5: Gmspades7 ($128.30 in chips) 
Seat 6: sirgrindalot58 ($56.63 in chips) 
Timonessb: posts small blind $0.50
derek5858: posts big blind $1
*** HOLE CARDS ***
Gmspades7: raises $1.50 to $2.50
sirgrindalot58: folds 
7bekon7: folds 
CashfishT: folds 
Timonessb: folds 
derek5858: folds 
Uncalled bet ($1.50) returned to Gmspades7
Gmspades7 collected $2.50 from pot
Gmspades7: doesn't show hand 
*** SUMMARY ***
Total pot $2.50 | Rake $0 
Seat 1: 7bekon7 folded before Flop (didn't bet)
Seat 2: CashfishT (button) folded before Flop (didn't bet)
Seat 3: Timonessb (small blind) folded before Flop
Seat 4: derek5858 (big blind) folded before Flop
Seat 5: Gmspades7 collected ($2.50)
Seat 6: sirgrindalot58 folded before Flop (didn't bet)



PokerStars Hand #254633126593:  Hold'em No Limit ($0.50/$1.00 USD) - 2025/01/31 4:47:38 WET [2025/01/30 23:47:38 ET]
Table 'Alsatia' 6-max Seat #3 is the button
Seat 1: 7bekon7 ($100 in chips) 
Seat 2: CashfishT ($115.32 in chips) 
Seat 3: Timonessb ($248.58 in chips) 
Seat 4: derek5858 ($100 in chips) 
Seat 5: Gmspades7 ($129.80 in chips) 
Seat 6: sirgrindalot58 ($56.63 in chips) 
derek5858: posts small blind $0.50
Gmspades7: posts big blind $1
*** HOLE CARDS ***
sirgrindalot58: folds 
7bekon7: raises $1.25 to $2.25
CashfishT: folds 
Timonessb: folds 
derek5858: folds 
Gmspades7: folds 
Uncalled bet ($1.25) returned to 7bekon7
7bekon7 collected $2.50 from pot
7bekon7: doesn't show hand 
*** SUMMARY ***
Total pot $2.50 | Rake $0 
Seat 1: 7bekon7 collected ($2.50)
Seat 2: CashfishT folded before Flop (didn't bet)
Seat 3: Timonessb (button) folded before Flop (didn't bet)
Seat 4: derek5858 (small blind) folded before Flop
Seat 5: Gmspades7 (big blind) folded before Flop
Seat 6: sirgrindalot58 folded before Flop (didn't bet)



PokerStars Hand #254633129393:  Hold'em No Limit ($0.50/$1.00 USD) - 2025/01/31 4:48:07 WET [2025/01/30 23:48:07 ET]
Table 'Alsatia' 6-max Seat #4 is the button
Seat 1: 7bekon7 ($101.50 in chips) 
Seat 2: CashfishT ($115.32 in chips) 
Seat 3: Timonessb ($248.58 in chips) 
Seat 4: derek5858 ($100 in chips) 
Seat 5: Gmspades7 ($128.80 in chips) 
Seat 6: sirgrindalot58 ($56.63 in chips) 
Gmspades7: posts small blind $0.50
sirgrindalot58: posts big blind $1
*** HOLE CARDS ***
7bekon7: folds 
CashfishT: folds 
Timonessb: raises $1.50 to $2.50
derek5858: folds 
Gmspades7: calls $2
sirgrindalot58: calls $1.50
*** FLOP *** [Ah 5c 4h]
Gmspades7: checks 
sirgrindalot58: checks 
Timonessb: bets $5.27
Gmspades7: calls $5.27
sirgrindalot58: folds 
*** TURN *** [Ah 5c 4h] [Th]
Gmspades7: checks 
Timonessb: checks 
*** RIVER *** [Ah 5c 4h Th] [Ks]
Gmspades7: bets $5.66
Timonessb: calls $5.66
*** SHOW DOWN ***
Gmspades7: shows [5s 4s] (two pair, Fives and Fours)
Timonessb: shows [Ad Kc] (two pair, Aces and Kings)
Timonessb collected $27.89 from pot
*** SUMMARY ***
Total pot $29.36 | Rake $1.47 
Board [Ah 5c 4h Th Ks]
Seat 1: 7bekon7 folded before Flop (didn't bet)
Seat 2: CashfishT folded before Flop (didn't bet)
Seat 3: Timonessb showed [Ad Kc] and won ($27.89) with two pair, Aces and Kings
Seat 4: derek5858 (button) folded before Flop (didn't bet)
Seat 5: Gmspades7 (small blind) showed [5s 4s] and lost with two pair, Fives and Fours
Seat 6: sirgrindalot58 (big blind) folded on the Flop



PokerStars Hand #254633134211:  Hold'em No Limit ($0.50/$1.00 USD) - 2025/01/31 4:48:59 WET [2025/01/30 23:48:59 ET]
Table 'Alsatia' 6-max Seat #5 is the button
Seat 1: 7bekon7 ($101.50 in chips) 
Seat 2: CashfishT ($115.32 in chips) 
Seat 3: Timonessb ($263.04 in chips) 
Seat 4: derek5858 ($100 in chips) 
Seat 5: Gmspades7 ($115.37 in chips) 
Seat 6: sirgrindalot58 ($54.13 in chips) 
sirgrindalot58: posts small blind $0.50
7bekon7: posts big blind $1
*** HOLE CARDS ***
CashfishT: folds 
Timonessb: folds 
derek5858: raises $1 to $2
Gmspades7: folds 
sirgrindalot58: folds 
7bekon7: calls $1
*** FLOP *** [Qc 3d 5h]
7bekon7: checks 
derek5858: checks 
*** TURN *** [Qc 3d 5h] [7c]
7bekon7: checks 
derek5858: bets $3
7bekon7: calls $3
*** RIVER *** [Qc 3d 5h 7c] [As]
7bekon7: checks 
derek5858: checks 
*** SHOW DOWN ***
7bekon7: shows [8c 7h] (a pair of Sevens)
derek5858: shows [Qd Jc] (a pair of Queens)
derek5858 collected $9.98 from pot
*** SUMMARY ***
Total pot $10.50 | Rake $0.52 
Board [Qc 3d 5h 7c As]
Seat 1: 7bekon7 (big blind) showed [8c 7h] and lost with a pair of Sevens
Seat 2: CashfishT folded before Flop (didn't bet)
Seat 3: Timonessb folded before Flop (didn't bet)
Seat 4: derek5858 showed [Qd Jc] and won ($9.98) with a pair of Queens
Seat 5: Gmspades7 (button) folded before Flop (didn't bet)
Seat 6: sirgrindalot58 (small blind) folded before Flop



PokerStars Hand #254633139697:  Hold'em No Limit ($0.50/$1.00 USD) - 2025/01/31 4:49:59 WET [2025/01/30 23:49:59 ET]
Table 'Alsatia' 6-max Seat #6 is the button
Seat 1: 7bekon7 ($100 in chips) 
Seat 2: CashfishT ($115.32 in chips) 
Seat 3: Timonessb ($263.04 in chips) 
Seat 4: derek5858 ($104.98 in chips) 
Seat 5: Gmspades7 ($115.37 in chips) 
Seat 6: sirgrindalot58 ($53.63 in chips) 
7bekon7: posts small blind $0.50
CashfishT: posts big blind $1
*** HOLE CARDS ***
Timonessb: folds 
derek5858: raises $1 to $2
Gmspades7: folds 
sirgrindalot58: calls $2
7bekon7: folds 
CashfishT: folds 
*** FLOP *** [2c 8c 2d]
derek5858: checks 
sirgrindalot58: checks 
*** TURN *** [2c 8c 2d] [Kc]
derek5858: bets $3.65
sirgrindalot58: folds 
Uncalled bet ($3.65) returned to derek5858
derek5858 collected $5.22 from pot
*** SUMMARY ***
Total pot $5.50 | Rake $0.28 
Board [2c 8c 2d Kc]
Seat 1: 7bekon7 (small blind) folded before Flop
Seat 2: CashfishT (big blind) folded before Flop
Seat 3: Timonessb folded before Flop (didn't bet)
Seat 4: derek5858 collected ($5.22)
Seat 5: Gmspades7 folded before Flop (didn't bet)
Seat 6: sirgrindalot58 (button) folded on the Turn



PokerStars Hand #254633142400:  Hold'em No Limit ($0.50/$1.00 USD) - 2025/01/31 4:50:27 WET [2025/01/30 23:50:27 ET]
Table 'Alsatia' 6-max Seat #1 is the button
Seat 1: 7bekon7 ($100 in chips) 
Seat 2: CashfishT ($114.32 in chips) 
Seat 3: Timonessb ($263.04 in chips) 
Seat 4: derek5858 ($108.20 in chips) 
Seat 5: Gmspades7 ($115.37 in chips) 
Seat 6: sirgrindalot58 ($51.63 in chips) 
CashfishT: posts small blind $0.50
Timonessb: posts big blind $1
*** HOLE CARDS ***
derek5858: folds 
Gmspades7: folds 
sirgrindalot58: folds 
7bekon7: folds 
CashfishT: folds 
Uncalled bet ($0.50) returned to Timonessb
Timonessb collected $1 from pot
*** SUMMARY ***
Total pot $1 | Rake $0 
Seat 1: 7bekon7 (button) folded before Flop (didn't bet)
Seat 2: CashfishT (small blind) folded before Flop
Seat 3: Timonessb (big blind) collected ($1)
Seat 4: derek5858 folded before Flop (didn't bet)
Seat 5: Gmspades7 folded before Flop (didn't bet)
Seat 6: sirgrindalot58 folded before Flop (didn't bet)



PokerStars Hand #254633144481:  Hold'em No Limit ($0.50/$1.00 USD) - 2025/01/31 4:50:50 WET [2025/01/30 23:50:50 ET]
Table 'Alsatia' 6-max Seat #2 is the button
Seat 1: 7bekon7 ($100 in chips) 
Seat 2: CashfishT ($113.82 in chips) 
Seat 3: Timonessb ($263.54 in chips) 
Seat 4: derek5858 ($108.20 in chips) 
Seat 5: Gmspades7 ($115.37 in chips) 
Seat 6: sirgrindalot58 ($51.63 in chips) 
Timonessb: posts small blind $0.50
derek5858: posts big blind $1
*** HOLE CARDS ***
Gmspades7: raises $1.50 to $2.50
sirgrindalot58: folds 
7bekon7: folds 
CashfishT: folds 
Timonessb: folds 
derek5858: folds 
Uncalled bet ($1.50) returned to Gmspades7
Gmspades7 collected $2.50 from pot
Gmspades7: doesn't show hand 
*** SUMMARY ***
Total pot $2.50 | Rake $0 
Seat 1: 7bekon7 folded before Flop (didn't bet)
Seat 2: CashfishT (button) folded before Flop (didn't bet)
Seat 3: Timonessb (small blind) folded before Flop
Seat 4: derek5858 (big blind) folded before Flop
Seat 5: Gmspades7 collected ($2.50)
Seat 6: sirgrindalot58 folded before Flop (didn't bet)



PokerStars Hand #254633146097:  Hold'em No Limit ($0.50/$1.00 USD) - 2025/01/31 4:51:07 WET [2025/01/30 23:51:07 ET]
Table 'Alsatia' 6-max Seat #3 is the button
Seat 1: 7bekon7 ($100 in chips) 
Seat 2: CashfishT ($113.82 in chips) 
Seat 3: Timonessb ($263.04 in chips) 
Seat 4: derek5858 ($107.20 in chips) 
Seat 5: Gmspades7 ($116.87 in chips) 
Seat 6: sirgrindalot58 ($51.63 in chips) 
derek5858: posts small blind $0.50
Gmspades7: posts big blind $1
*** HOLE CARDS ***
sirgrindalot58: folds 
7bekon7: folds 
CashfishT: folds 
Timonessb: raises $1.50 to $2.50
derek5858: folds 
Gmspades7: folds 
Uncalled bet ($1.50) returned to Timonessb
Timonessb collected $2.50 from pot
*** SUMMARY ***
Total pot $2.50 | Rake $0 
Seat 1: 7bekon7 folded before Flop (didn't bet)
Seat 2: CashfishT folded before Flop (didn't bet)
Seat 3: Timonessb (button) collected ($2.50)
Seat 4: derek5858 (small blind) folded before Flop
Seat 5: Gmspades7 (big blind) folded before Flop
Seat 6: sirgrindalot58 folded before Flop (didn't bet)



PokerStars Hand #254633148130:  Hold'em No Limit ($0.50/$1.00 USD) - 2025/01/31 4:51:29 WET [2025/01/30 23:51:29 ET]
Table 'Alsatia' 6-max Seat #4 is the button
Seat 1: 7bekon7 ($100 in chips) 
Seat 2: CashfishT ($113.82 in chips) 
Seat 3: Timonessb ($264.54 in chips) 
Seat 4: derek5858 ($106.70 in chips) 
Seat 5: Gmspades7 ($115.87 in chips) 
Seat 6: sirgrindalot58 ($51.63 in chips) 
Gmspades7: posts small blind $0.50
sirgrindalot58: posts big blind $1
*** HOLE CARDS ***
7bekon7: folds 
CashfishT: folds 
Timonessb: folds 
derek5858: raises $1.50 to $2.50
Gmspades7: folds 
sirgrindalot58: folds 
Uncalled bet ($1.50) returned to derek5858
derek5858 collected $2.50 from pot
*** SUMMARY ***
Total pot $2.50 | Rake $0 
Seat 1: 7bekon7 folded before Flop (didn't bet)
Seat 2: CashfishT folded before Flop (didn't bet)
Seat 3: Timonessb folded before Flop (didn't bet)
Seat 4: derek5858 (button) collected ($2.50)
Seat 5: Gmspades7 (small blind) folded before Flop
Seat 6: sirgrindalot58 (big blind) folded before Flop



PokerStars Hand #254633149103:  Hold'em No Limit ($0.50/$1.00 USD) - 2025/01/31 4:51:40 WET [2025/01/30 23:51:40 ET]
Table 'Alsatia' 6-max Seat #5 is the button
Seat 1: 7bekon7 ($100 in chips) 
Seat 2: CashfishT ($113.82 in chips) 
Seat 3: Timonessb ($264.54 in chips) 
Seat 4: derek5858 ($108.20 in chips) 
Seat 5: Gmspades7 ($115.37 in chips) 
Seat 6: sirgrindalot58 ($50.63 in chips) 
sirgrindalot58: posts small blind $0.50
7bekon7: posts big blind $1
*** HOLE CARDS ***
CashfishT: folds 
Timonessb: raises $1.50 to $2.50
derek5858: folds 
Gmspades7: folds 
sirgrindalot58: calls $2
7bekon7: folds 
*** FLOP *** [8h Qc 8c]
sirgrindalot58: checks 
Timonessb: bets $2.91
sirgrindalot58: calls $2.91
*** TURN *** [8h Qc 8c] [Kd]
sirgrindalot58: checks 
Timonessb: bets $7.52
sirgrindalot58: folds 
Uncalled bet ($7.52) returned to Timonessb
Timonessb collected $11.23 from pot
Timonessb: doesn't show hand 
*** SUMMARY ***
Total pot $11.82 | Rake $0.59 
Board [8h Qc 8c Kd]
Seat 1: 7bekon7 (big blind) folded before Flop
Seat 2: CashfishT folded before Flop (didn't bet)
Seat 3: Timonessb collected ($11.23)
Seat 4: derek5858 folded before Flop (didn't bet)
Seat 5: Gmspades7 (button) folded before Flop (didn't bet)
Seat 6: sirgrindalot58 (small blind) folded on the Turn



PokerStars Hand #254633152749:  Hold'em No Limit ($0.50/$1.00 USD) - 2025/01/31 4:52:19 WET [2025/01/30 23:52:19 ET]
Table 'Alsatia' 6-max Seat #6 is the button
Seat 1: 7bekon7 ($100 in chips) 
Seat 2: CashfishT ($113.82 in chips) 
Seat 3: Timonessb ($270.36 in chips) 
Seat 4: derek5858 ($108.20 in chips) 
Seat 5: Gmspades7 ($115.37 in chips) 
Seat 6: sirgrindalot58 ($45.22 in chips) 
7bekon7: posts small blind $0.50
CashfishT: posts big blind $1
*** HOLE CARDS ***
Timonessb: folds 
derek5858: folds 
Gmspades7: folds 
sirgrindalot58: raises $1 to $2
7bekon7: raises $5 to $7
CashfishT: folds 
sirgrindalot58: calls $5
*** FLOP *** [5d 6d 4h]
7bekon7: bets $5.34
sirgrindalot58: folds 
Uncalled bet ($5.34) returned to 7bekon7
7bekon7 collected $14.25 from pot
7bekon7: doesn't show hand 
*** SUMMARY ***
Total pot $15 | Rake $0.75 
Board [5d 6d 4h]
Seat 1: 7bekon7 (small blind) collected ($14.25)
Seat 2: CashfishT (big blind) folded before Flop
Seat 3: Timonessb folded before Flop (didn't bet)
Seat 4: derek5858 folded before Flop (didn't bet)
Seat 5: Gmspades7 folded before Flop (didn't bet)
Seat 6: sirgrindalot58 (button) folded on the Flop



PokerStars Hand #254633091134:  Hold'em No Limit ($0.50/$1.00 USD) - 2025/01/31 4:41:28 WET [2025/01/30 23:41:28 ET]
Table 'Alsatia' 6-max Seat #6 is the button
Seat 1: 7bekon7 ($100 in chips) is sitting out
Seat 2: CashfishT ($106.32 in chips) 
Seat 3: Timonessb ($249.07 in chips) 
Seat 4: 50CandyJoe ($101.02 in chips) 
Seat 5: Gmspades7 ($119.79 in chips) 
Seat 6: sirgrindalot58 ($65.11 in chips) 
CashfishT: posts small blind $0.50
Timonessb: posts big blind $1
*** HOLE CARDS ***
50CandyJoe: raises $1.20 to $2.20
Gmspades7: folds 
sirgrindalot58: folds 
CashfishT: folds 
Timonessb: calls $1.20
*** FLOP *** [Qd 7h 2s]
Timonessb: checks 
50CandyJoe: bets $1.17
Timonessb: calls $1.17
*** TURN *** [Qd 7h 2s] [4h]
Timonessb: checks 
50CandyJoe: checks 
*** RIVER *** [Qd 7h 2s 4h] [Qs]
Timonessb: bets $4.61
50CandyJoe: folds 
Uncalled bet ($4.61) returned to Timonessb
Timonessb collected $6.88 from pot
*** SUMMARY ***
Total pot $7.24 | Rake $0.36 
Board [Qd 7h 2s 4h Qs]
Seat 1: 7bekon7
Seat 2: CashfishT (small blind) folded before Flop
Seat 3: Timonessb (big blind) collected ($6.88)
Seat 4: 50CandyJoe folded on the River
Seat 5: Gmspades7 folded before Flop (didn't bet)
Seat 6: sirgrindalot58 (button) folded before Flop (didn't bet)



PokerStars Hand #254633095875:  Hold'em No Limit ($0.50/$1.00 USD) - 2025/01/31 4:42:17 WET [2025/01/30 23:42:17 ET]
Table 'Alsatia' 6-max Seat #2 is the button
Seat 1: 7bekon7 ($100 in chips) is sitting out
Seat 2: CashfishT ($105.82 in chips) 
Seat 3: Timonessb ($252.58 in chips) 
Seat 4: 50CandyJoe ($100 in chips) 
Seat 5: Gmspades7 ($119.79 in chips) 
Seat 6: sirgrindalot58 ($65.11 in chips) 
Timonessb: posts small blind $0.50
50CandyJoe: posts big blind $1
7bekon7: sits out 
*** HOLE CARDS ***
Gmspades7: folds 
sirgrindalot58: folds 
CashfishT: folds 
Timonessb: folds 
Uncalled bet ($0.50) returned to 50CandyJoe
50CandyJoe collected $1 from pot
50CandyJoe: doesn't show hand 
*** SUMMARY ***
Total pot $1 | Rake $0 
Seat 1: 7bekon7
Seat 2: CashfishT (button) folded before Flop (didn't bet)
Seat 3: Timonessb (small blind) folded before Flop
Seat 4: 50CandyJoe (big blind) collected ($1)
Seat 5: Gmspades7 folded before Flop (didn't bet)
Seat 6: sirgrindalot58 folded before Flop (didn't bet)



PokerStars Hand #254633097657:  Hold'em No Limit ($0.50/$1.00 USD) - 2025/01/31 4:42:36 WET [2025/01/30 23:42:36 ET]
Table 'Alsatia' 6-max Seat #3 is the button
Seat 1: 7bekon7 ($100 in chips) is sitting out
Seat 2: CashfishT ($105.82 in chips) 
Seat 3: Timonessb ($252.08 in chips) 
Seat 4: 50CandyJoe ($100.50 in chips) 
Seat 5: Gmspades7 ($119.79 in chips) 
Seat 6: sirgrindalot58 ($65.11 in chips) 
50CandyJoe: posts small blind $0.50
Gmspades7: posts big blind $1
7bekon7: sits out 
*** HOLE CARDS ***
sirgrindalot58: folds 
CashfishT: folds 
Timonessb: raises $1.50 to $2.50
50CandyJoe: folds 
Gmspades7: folds 
Uncalled bet ($1.50) returned to Timonessb
Timonessb collected $2.50 from pot
*** SUMMARY ***
Total pot $2.50 | Rake $0 
Seat 1: 7bekon7
Seat 2: CashfishT folded before Flop (didn't bet)
Seat 3: Timonessb (button) collected ($2.50)
Seat 4: 50CandyJoe (small blind) folded before Flop
Seat 5: Gmspades7 (big blind) folded before Flop
Seat 6: sirgrindalot58 folded before Flop (didn't bet)



PokerStars Hand #254633099393:  Hold'em No Limit ($0.50/$1.00 USD) - 2025/01/31 4:42:54 WET [2025/01/30 23:42:54 ET]
Table 'Alsatia' 6-max Seat #4 is the button
Seat 1: 7bekon7 ($100 in chips) is sitting out
Seat 2: CashfishT ($105.82 in chips) 
Seat 3: Timonessb ($253.58 in chips) 
Seat 4: 50CandyJoe ($100 in chips) 
Seat 5: Gmspades7 ($118.79 in chips) 
Seat 6: sirgrindalot58 ($65.11 in chips) 
Gmspades7: posts small blind $0.50
sirgrindalot58: posts big blind $1
7bekon7: sits out 
*** HOLE CARDS ***
CashfishT: folds 
Timonessb: folds 
50CandyJoe: raises $1.50 to $2.50
Gmspades7: calls $2
sirgrindalot58: calls $1.50
*** FLOP *** [6d 4h 2s]
Gmspades7: checks 
sirgrindalot58: checks 
50CandyJoe: checks 
*** TURN *** [6d 4h 2s] [Ad]
Gmspades7: checks 
sirgrindalot58: checks 
50CandyJoe: checks 
*** RIVER *** [6d 4h 2s Ad] [3c]
Gmspades7: bets $4
sirgrindalot58: folds 
50CandyJoe: folds 
Uncalled bet ($4) returned to Gmspades7
Gmspades7 collected $7.12 from pot
Gmspades7: doesn't show hand 
*** SUMMARY ***
Total pot $7.50 | Rake $0.38 
Board [6d 4h 2s Ad 3c]
Seat 1: 7bekon7
Seat 2: CashfishT folded before Flop (didn't bet)
Seat 3: Timonessb folded before Flop (didn't bet)
Seat 4: 50CandyJoe (button) folded on the River
Seat 5: Gmspades7 (small blind) collected ($7.12)
Seat 6: sirgrindalot58 (big blind) folded on the River



