PokerStars Hand #254645697630:  Hold'em No Limit ($0.50/$1.00 USD) - 2025/01/31 0:19:57 WET [2025/01/31 19:19:57 ET]
Table 'Maritima' 6-max Seat #3 is the button
Seat 3: S3MPR3IGUAL ($100 in chips) 
Seat 4: BMdoubleV777 ($16.07 in chips) 
S3MPR3IGUAL: posts small blind $0.50
BMdoubleV777: posts big blind $1
*** HOLE CARDS ***
S3MPR3IGUAL: raises $1.20 to $2.20
BMdoubleV777: folds 
Uncalled bet ($1.20) returned to S3MPR3IGUAL
S3MPR3IGUAL collected $2 from pot
S3MPR3IGUAL: doesn't show hand 
*** SUMMARY ***
Total pot $2 | Rake $0 
Seat 3: S3MPR3IGUAL (button) (small blind) collected ($2)
Seat 4: BMdoubleV777 (big blind) folded before Flop



PokerStars Hand #254645699470:  Hold'em No Limit ($0.50/$1.00 USD) - 2025/01/31 0:20:05 WET [2025/01/31 19:20:05 ET]
Table 'Maritima' 6-max Seat #4 is the button
Seat 3: S3MPR3IGUAL ($101 in chips) 
Seat 4: BMdoubleV777 ($15.07 in chips) 
BMdoubleV777: posts small blind $0.50
S3MPR3IGUAL: posts big blind $1
*** HOLE CARDS ***
BMdoubleV777: raises $1 to $2
S3MPR3IGUAL: calls $1
*** FLOP *** [Qd Ad 5c]
S3MPR3IGUAL: checks 
BMdoubleV777: checks 
*** TURN *** [Qd Ad 5c] [4s]
S3MPR3IGUAL: checks 
BMdoubleV777: bets $3.80
S3MPR3IGUAL: folds 
Uncalled bet ($3.80) returned to BMdoubleV777
BMdoubleV777 collected $3.80 from pot
*** SUMMARY ***
Total pot $4 | Rake $0.20 
Board [Qd Ad 5c 4s]
Seat 3: S3MPR3IGUAL (big blind) folded on the Turn
Seat 4: BMdoubleV777 (button) (small blind) collected ($3.80)



PokerStars Hand #254645702846:  Hold'em No Limit ($0.50/$1.00 USD) - 2025/01/31 0:20:20 WET [2025/01/31 19:20:20 ET]
Table 'Maritima' 6-max Seat #3 is the button
Seat 3: S3MPR3IGUAL ($100 in chips) 
Seat 4: BMdoubleV777 ($16.87 in chips) 
S3MPR3IGUAL: posts small blind $0.50
BMdoubleV777: posts big blind $1
*** HOLE CARDS ***
S3MPR3IGUAL: folds 
Uncalled bet ($0.50) returned to BMdoubleV777
BMdoubleV777 collected $1 from pot
*** SUMMARY ***
Total pot $1 | Rake $0 
Seat 3: S3MPR3IGUAL (button) (small blind) folded before Flop
Seat 4: BMdoubleV777 (big blind) collected ($1)



PokerStars Hand #254645704779:  Hold'em No Limit ($0.50/$1.00 USD) - 2025/01/31 0:20:28 WET [2025/01/31 19:20:28 ET]
Table 'Maritima' 6-max Seat #4 is the button
Seat 3: S3MPR3IGUAL ($100 in chips) 
Seat 4: BMdoubleV777 ($17.37 in chips) 
BMdoubleV777: posts small blind $0.50
S3MPR3IGUAL: posts big blind $1
*** HOLE CARDS ***
BMdoubleV777: folds 
Uncalled bet ($0.50) returned to S3MPR3IGUAL
S3MPR3IGUAL collected $1 from pot
S3MPR3IGUAL: doesn't show hand 
*** SUMMARY ***
Total pot $1 | Rake $0 
Seat 3: S3MPR3IGUAL (big blind) collected ($1)
Seat 4: BMdoubleV777 (button) (small blind) folded before Flop



PokerStars Hand #254645706174:  Hold'em No Limit ($0.50/$1.00 USD) - 2025/01/31 0:20:35 WET [2025/01/31 19:20:35 ET]
Table 'Maritima' 6-max Seat #3 is the button
Seat 3: S3MPR3IGUAL ($100.50 in chips) 
Seat 4: BMdoubleV777 ($16.87 in chips) 
S3MPR3IGUAL: posts small blind $0.50
BMdoubleV777: posts big blind $1
*** HOLE CARDS ***
S3MPR3IGUAL: raises $1.20 to $2.20
BMdoubleV777: folds 
Uncalled bet ($1.20) returned to S3MPR3IGUAL
S3MPR3IGUAL collected $2 from pot
S3MPR3IGUAL: doesn't show hand 
*** SUMMARY ***
Total pot $2 | Rake $0 
Seat 3: S3MPR3IGUAL (button) (small blind) collected ($2)
Seat 4: BMdoubleV777 (big blind) folded before Flop



PokerStars Hand #254645707721:  Hold'em No Limit ($0.50/$1.00 USD) - 2025/01/31 0:20:41 WET [2025/01/31 19:20:41 ET]
Table 'Maritima' 6-max Seat #4 is the button
Seat 3: S3MPR3IGUAL ($101.50 in chips) 
Seat 4: BMdoubleV777 ($15.87 in chips) 
BMdoubleV777: posts small blind $0.50
S3MPR3IGUAL: posts big blind $1
*** HOLE CARDS ***
BMdoubleV777: folds 
Uncalled bet ($0.50) returned to S3MPR3IGUAL
S3MPR3IGUAL collected $1 from pot
S3MPR3IGUAL: doesn't show hand 
*** SUMMARY ***
Total pot $1 | Rake $0 
Seat 3: S3MPR3IGUAL (big blind) collected ($1)
Seat 4: BMdoubleV777 (button) (small blind) folded before Flop



PokerStars Hand #254645709033:  Hold'em No Limit ($0.50/$1.00 USD) - 2025/01/31 0:20:47 WET [2025/01/31 19:20:47 ET]
Table 'Maritima' 6-max Seat #3 is the button
Seat 3: S3MPR3IGUAL ($102 in chips) 
Seat 4: BMdoubleV777 ($15.37 in chips) 
S3MPR3IGUAL: posts small blind $0.50
BMdoubleV777: posts big blind $1
*** HOLE CARDS ***
S3MPR3IGUAL: raises $1.20 to $2.20
BMdoubleV777: raises $4.40 to $6.60
S3MPR3IGUAL: raises $16.40 to $23
BMdoubleV777: calls $8.77 and is all-in
Uncalled bet ($7.63) returned to S3MPR3IGUAL
*** FLOP *** [Tc Th 7s]
*** TURN *** [Tc Th 7s] [2c]
*** RIVER *** [Tc Th 7s 2c] [Qs]
*** SHOW DOWN ***
BMdoubleV777: shows [Kh Ah] (a pair of Tens)
S3MPR3IGUAL: shows [6d 7d] (two pair, Tens and Sevens)
Mertens3050 joins the table at seat #5 
Mertens3050 is disconnected 
S3MPR3IGUAL collected $29.74 from pot
BMdoubleV777 is disconnected 
*** SUMMARY ***
Total pot $30.74 | Rake $1 
Board [Tc Th 7s 2c Qs]
Seat 3: S3MPR3IGUAL (button) (small blind) showed [6d 7d] and won ($29.74) with two pair, Tens and Sevens
Seat 4: BMdoubleV777 (big blind) showed [Kh Ah] and lost with a pair of Tens



PokerStars Hand #254645713744:  Hold'em No Limit ($0.50/$1.00 USD) - 2025/01/31 0:21:08 WET [2025/01/31 19:21:08 ET]
Table 'Maritima' 6-max Seat #3 is the button
Seat 4: BMdoubleV777 ($0 in chips) is sitting out
Seat 3: S3MPR3IGUAL ($116.37 in chips) 
Seat 5: Mertens3050 ($51.94 in chips) 
S3MPR3IGUAL: posts small blind $0.50
Mertens3050: posts big blind $1
*** HOLE CARDS ***
nastja336 joins the table at seat #6 
S3MPR3IGUAL: raises $1.20 to $2.20
Mertens3050: folds 
Uncalled bet ($1.20) returned to S3MPR3IGUAL
S3MPR3IGUAL collected $2 from pot
S3MPR3IGUAL: doesn't show hand 
*** SUMMARY ***
Total pot $2 | Rake $0 
Seat 4: BMdoubleV777
Seat 3: S3MPR3IGUAL (button) (small blind) collected ($2)
Seat 5: Mertens3050 (big blind) folded before Flop



PokerStars Hand #254645716070:  Hold'em No Limit ($0.50/$1.00 USD) - 2025/01/31 0:21:18 WET [2025/01/31 19:21:18 ET]
Table 'Maritima' 6-max Seat #3 is the button
Seat 4: BMdoubleV777 ($0 in chips) is sitting out
Seat 3: S3MPR3IGUAL ($117.37 in chips) 
Seat 5: Mertens3050 ($50.94 in chips) 
Seat 6: nastja336 ($100 in chips) 
Mertens3050: posts small blind $0.50
andutu34 joins the table at seat #2 
nastja336: posts big blind $1
*** HOLE CARDS ***
S3MPR3IGUAL: raises $1.20 to $2.20
Mertens3050: folds 
nastja336: folds 
Uncalled bet ($1.20) returned to S3MPR3IGUAL
S3MPR3IGUAL collected $2.50 from pot
S3MPR3IGUAL: doesn't show hand 
*** SUMMARY ***
Total pot $2.50 | Rake $0 
Seat 4: BMdoubleV777
Seat 3: S3MPR3IGUAL (button) collected ($2.50)
Seat 5: Mertens3050 (small blind) folded before Flop
Seat 6: nastja336 (big blind) folded before Flop



PokerStars Hand #254645718435:  Hold'em No Limit ($0.50/$1.00 USD) - 2025/01/31 0:21:29 WET [2025/01/31 19:21:29 ET]
Table 'Maritima' 6-max Seat #5 is the button
Seat 4: BMdoubleV777 ($0 in chips) is sitting out
Seat 2: andutu34 ($100 in chips) 
Seat 3: S3MPR3IGUAL ($118.87 in chips) 
Seat 5: Mertens3050 ($50.44 in chips) 
Seat 6: nastja336 ($100 in chips) 
nastja336: posts small blind $0.50
andutu34: posts big blind $1
*** HOLE CARDS ***
S3MPR3IGUAL: folds 
Mertens3050: raises $1 to $2
nastja336: raises $4 to $6
An1an1 joins the table at seat #1 
andutu34: folds 
Mertens3050: calls $4
*** FLOP *** [7c 6h Ad]
BMdoubleV777 leaves the table
nastja336: checks 
Mertens3050: checks 
*** TURN *** [7c 6h Ad] [5s]
B1GBankroll joins the table at seat #4 
nastja336: bets $18
Mertens3050: raises $18 to $36
nastja336: raises $58 to $94 and is all-in
Mertens3050: calls $8.44 and is all-in
Uncalled bet ($49.56) returned to nastja336
*** RIVER *** [7c 6h Ad 5s] [Kc]
*** SHOW DOWN ***
nastja336: shows [Ac 5c] (two pair, Aces and Fives)
Mertens3050: shows [Ks 7s] (two pair, Kings and Sevens)
nastja336 collected $100.88 from pot
Mertens3050 cashed out the hand for $4.49 | Cash Out Fee $0.09
*** SUMMARY ***
Total pot $101.88 | Rake $1 
Board [7c 6h Ad 5s Kc]
Seat 4: BMdoubleV777
Seat 2: andutu34 (big blind) folded before Flop
Seat 3: S3MPR3IGUAL folded before Flop (didn't bet)
Seat 5: Mertens3050 (button) showed [Ks 7s] and lost with two pair, Kings and Sevens (cashed out).
Seat 6: nastja336 (small blind) showed [Ac 5c] and won ($100.88) with two pair, Aces and Fives



PokerStars Hand #254645727169:  Hold'em No Limit ($0.50/$1.00 USD) - 2025/01/31 0:22:07 WET [2025/01/31 19:22:07 ET]
Table 'Maritima' 6-max Seat #6 is the button
Seat 1: An1an1 ($100 in chips) is sitting out
Seat 2: andutu34 ($100 in chips) is sitting out
Seat 3: S3MPR3IGUAL ($118.87 in chips) 
Seat 4: B1GBankroll ($100 in chips) 
Seat 5: Mertens3050 ($4.49 in chips) 
Seat 6: nastja336 ($150.44 in chips) 
S3MPR3IGUAL: posts small blind $0.50
B1GBankroll: posts big blind $1
*** HOLE CARDS ***
andutu34 leaves the table
Mertens3050: raises $3.49 to $4.49 and is all-in
nastja336: folds 
S3MPR3IGUAL: raises $3.49 to $7.98
B1GBankroll: folds 
Uncalled bet ($3.49) returned to S3MPR3IGUAL
*** FLOP *** [7d 9c 9s]
*** TURN *** [7d 9c 9s] [Jd]
*** RIVER *** [7d 9c 9s Jd] [Ks]
*** SHOW DOWN ***
S3MPR3IGUAL: shows [Ad 9d] (three of a kind, Nines)
Mertens3050: shows [4c 3c] (a pair of Nines)
S3MPR3IGUAL collected $9.48 from pot
*** SUMMARY ***
Total pot $9.98 | Rake $0.50 
Board [7d 9c 9s Jd Ks]
Seat 1: An1an1
Seat 2: andutu34
Seat 3: S3MPR3IGUAL (small blind) showed [Ad 9d] and won ($9.48) with three of a kind, Nines
Seat 4: B1GBankroll (big blind) folded before Flop
Seat 5: Mertens3050 showed [4c 3c] and lost with a pair of Nines
Seat 6: nastja336 (button) folded before Flop (didn't bet)



PokerStars Hand #254645733644:  Hold'em No Limit ($0.50/$1.00 USD) - 2025/01/31 0:22:36 WET [2025/01/31 19:22:36 ET]
Table 'Maritima' 6-max Seat #3 is the button
Seat 1: An1an1 ($100 in chips) is sitting out
Seat 5: Mertens3050 ($0 in chips) is sitting out
Seat 3: S3MPR3IGUAL ($123.86 in chips) 
Seat 4: B1GBankroll ($100 in chips) 
Seat 6: nastja336 ($150.44 in chips) 
B1GBankroll: posts small blind $0.50
nastja336: posts big blind $1
An1an1: sits out 
*** HOLE CARDS ***
S3MPR3IGUAL: raises $1.20 to $2.20
An1an1 leaves the table
Mertens3050 is disconnected 
B1GBankroll: folds 
nastja336: folds 
Uncalled bet ($1.20) returned to S3MPR3IGUAL
S3MPR3IGUAL collected $2.50 from pot
S3MPR3IGUAL: doesn't show hand 
B1GBankroll leaves the table
*** SUMMARY ***
Total pot $2.50 | Rake $0 
Seat 1: An1an1
Seat 5: Mertens3050
Seat 3: S3MPR3IGUAL (button) collected ($2.50)
Seat 4: B1GBankroll (small blind) folded before Flop
Seat 6: nastja336 (big blind) folded before Flop



PokerStars Hand #254646008172:  Hold'em No Limit ($0.50/$1.00 USD) - 2025/01/31 0:43:36 WET [2025/01/31 19:43:36 ET]
Table 'Maritima' 6-max Seat #4 is the button
Seat 2: B1GBankroll ($100 in chips) 
Seat 3: quinner011 ($10 in chips) 
Seat 4: rao999 ($100 in chips) 
B1GBankroll: posts small blind $0.50
quinner011: posts big blind $1
*** HOLE CARDS ***
rao999: folds 
B1GBankroll: raises $10.50 to $11.50
quinner011: calls $9 and is all-in
Uncalled bet ($1.50) returned to B1GBankroll
*** FLOP *** [5h Js As]
*** TURN *** [5h Js As] [3h]
*** RIVER *** [5h Js As 3h] [Ah]
*** SHOW DOWN ***
B1GBankroll: shows [Ac Th] (three of a kind, Aces)
quinner011: shows [Qs 4d] (a pair of Aces)
B1GBankroll collected $19 from pot
*** SUMMARY ***
Total pot $20 | Rake $1 
Board [5h Js As 3h Ah]
Seat 2: B1GBankroll (small blind) showed [Ac Th] and won ($19) with three of a kind, Aces
Seat 3: quinner011 (big blind) showed [Qs 4d] and lost with a pair of Aces
Seat 4: rao999 (button) folded before Flop (didn't bet)



PokerStars Hand #254646013725:  Hold'em No Limit ($0.50/$1.00 USD) - 2025/01/31 0:44:02 WET [2025/01/31 19:44:02 ET]
Table 'Maritima' 6-max Seat #2 is the button
Seat 3: quinner011 ($0 in chips) is sitting out
Seat 2: B1GBankroll ($109 in chips) 
Seat 4: rao999 ($100 in chips) 
B1GBankroll: posts small blind $0.50
rao999: posts big blind $1
*** HOLE CARDS ***
B1GBankroll: raises $1.50 to $2.50
rao999: folds 
Uncalled bet ($1.50) returned to B1GBankroll
B1GBankroll collected $2 from pot
B1GBankroll: doesn't show hand 
*** SUMMARY ***
Total pot $2 | Rake $0 
Seat 3: quinner011
Seat 2: B1GBankroll (button) (small blind) collected ($2)
Seat 4: rao999 (big blind) folded before Flop



PokerStars Hand #254646017554:  Hold'em No Limit ($0.50/$1.00 USD) - 2025/01/31 0:44:20 WET [2025/01/31 19:44:20 ET]
Table 'Maritima' 6-max Seat #4 is the button
Seat 2: B1GBankroll ($110 in chips) 
Seat 3: quinner011 ($10.47 in chips) 
Seat 4: rao999 ($100 in chips) 
B1GBankroll: posts small blind $0.50
quinner011: posts big blind $1
*** HOLE CARDS ***
rao999: folds 
B1GBankroll: folds 
Uncalled bet ($0.50) returned to quinner011
quinner011 collected $1 from pot
*** SUMMARY ***
Total pot $1 | Rake $0 
Seat 2: B1GBankroll (small blind) folded before Flop
Seat 3: quinner011 (big blind) collected ($1)
Seat 4: rao999 (button) folded before Flop (didn't bet)



PokerStars Hand #254646019419:  Hold'em No Limit ($0.50/$1.00 USD) - 2025/01/31 0:44:29 WET [2025/01/31 19:44:29 ET]
Table 'Maritima' 6-max Seat #2 is the button
Seat 2: B1GBankroll ($109.50 in chips) 
Seat 3: quinner011 ($10.97 in chips) 
Seat 4: rao999 ($100 in chips) 
quinner011: posts small blind $0.50
rao999: posts big blind $1
*** HOLE CARDS ***
B1GBankroll: folds 
quinner011: raises $9.97 to $10.97 and is all-in
rao999: folds 
Uncalled bet ($9.97) returned to quinner011
quinner011 collected $2 from pot
*** SUMMARY ***
Total pot $2 | Rake $0 
Seat 2: B1GBankroll (button) folded before Flop (didn't bet)
Seat 3: quinner011 (small blind) collected ($2)
Seat 4: rao999 (big blind) folded before Flop



PokerStars Hand #254646024327:  Hold'em No Limit ($0.50/$1.00 USD) - 2025/01/31 0:44:53 WET [2025/01/31 19:44:53 ET]
Table 'Maritima' 6-max Seat #3 is the button
Seat 2: B1GBankroll ($109.50 in chips) 
Seat 3: quinner011 ($11.97 in chips) 
Seat 4: rao999 ($100 in chips) 
rao999: posts small blind $0.50
B1GBankroll: posts big blind $1
*** HOLE CARDS ***
quinner011: raises $10.97 to $11.97 and is all-in
rao999: folds 
B1GBankroll: folds 
Uncalled bet ($10.97) returned to quinner011
quinner011 collected $2.50 from pot
*** SUMMARY ***
Total pot $2.50 | Rake $0 
Seat 2: B1GBankroll (big blind) folded before Flop
Seat 3: quinner011 (button) collected ($2.50)
Seat 4: rao999 (small blind) folded before Flop



PokerStars Hand #254646029777:  Hold'em No Limit ($0.50/$1.00 USD) - 2025/01/31 0:45:18 WET [2025/01/31 19:45:18 ET]
Table 'Maritima' 6-max Seat #4 is the button
Seat 2: B1GBankroll ($108.50 in chips) 
Seat 3: quinner011 ($13.47 in chips) 
Seat 4: rao999 ($100 in chips) 
B1GBankroll: posts small blind $0.50
quinner011: posts big blind $1
*** HOLE CARDS ***
rao999 has timed out
rao999: folds 
B1GBankroll: folds 
Uncalled bet ($0.50) returned to quinner011
quinner011 collected $1 from pot
*** SUMMARY ***
Total pot $1 | Rake $0 
Seat 2: B1GBankroll (small blind) folded before Flop
Seat 3: quinner011 (big blind) collected ($1)
Seat 4: rao999 (button) folded before Flop (didn't bet)



PokerStars Hand #254646036089:  Hold'em No Limit ($0.50/$1.00 USD) - 2025/01/31 0:45:49 WET [2025/01/31 19:45:49 ET]
Table 'Maritima' 6-max Seat #3 is the button
Seat 4: rao999 ($100 in chips) is sitting out
Seat 2: B1GBankroll ($108 in chips) 
Seat 3: quinner011 ($13.97 in chips) 
quinner011: posts small blind $0.50
B1GBankroll: posts big blind $1
*** HOLE CARDS ***
quinner011: folds 
Uncalled bet ($0.50) returned to B1GBankroll
B1GBankroll collected $1 from pot
B1GBankroll: doesn't show hand 
*** SUMMARY ***
Total pot $1 | Rake $0 
Seat 4: rao999
Seat 2: B1GBankroll (big blind) collected ($1)
Seat 3: quinner011 (button) (small blind) folded before Flop



PokerStars Hand #254646037649:  Hold'em No Limit ($0.50/$1.00 USD) - 2025/01/31 0:45:56 WET [2025/01/31 19:45:56 ET]
Table 'Maritima' 6-max Seat #2 is the button
Seat 4: rao999 ($100 in chips) is sitting out
Seat 2: B1GBankroll ($108.50 in chips) 
Seat 3: quinner011 ($13.47 in chips) 
B1GBankroll: posts small blind $0.50
quinner011: posts big blind $1
*** HOLE CARDS ***
B1GBankroll: raises $1.50 to $2.50
quinner011: calls $1.50
*** FLOP *** [Kc 2c 3h]
quinner011: checks 
B1GBankroll: bets $2.33
quinner011: calls $2.33
*** TURN *** [Kc 2c 3h] [2h]
quinner011: checks 
B1GBankroll: bets $9
quinner011: calls $8.64 and is all-in
Uncalled bet ($0.36) returned to B1GBankroll
*** RIVER *** [Kc 2c 3h 2h] [Kd]
*** SHOW DOWN ***
quinner011: shows [3s 2d] (a full house, Deuces full of Kings)
B1GBankroll: shows [Js Jh] (two pair, Kings and Jacks)
quinner011 collected $25.94 from pot
*** SUMMARY ***
Total pot $26.94 | Rake $1 
Board [Kc 2c 3h 2h Kd]
Seat 4: rao999
Seat 2: B1GBankroll (button) (small blind) showed [Js Jh] and lost with two pair, Kings and Jacks
Seat 3: quinner011 (big blind) showed [3s 2d] and won ($25.94) with a full house, Deuces full of Kings



PokerStars Hand #254646047784:  Hold'em No Limit ($0.50/$1.00 USD) - 2025/01/31 0:46:45 WET [2025/01/31 19:46:45 ET]
Table 'Maritima' 6-max Seat #3 is the button
Seat 4: rao999 ($100 in chips) is sitting out
Seat 2: B1GBankroll ($100 in chips) 
Seat 3: quinner011 ($25.94 in chips) 
quinner011: posts small blind $0.50
B1GBankroll: posts big blind $1
*** HOLE CARDS ***
quinner011: raises $1 to $2
B1GBankroll: calls $1
*** FLOP *** [6d Kh 8c]
sutata joins the table at seat #5 
B1GBankroll: checks 
quinner011: checks 
*** TURN *** [6d Kh 8c] [Qc]
B1GBankroll: checks 
quinner011: bets $1
B1GBankroll: folds 
Uncalled bet ($1) returned to quinner011
quinner011 collected $3.80 from pot
*** SUMMARY ***
Total pot $4 | Rake $0.20 
Board [6d Kh 8c Qc]
Seat 4: rao999
Seat 2: B1GBankroll (big blind) folded on the Turn
Seat 3: quinner011 (button) (small blind) collected ($3.80)



PokerStars Hand #254646054697:  Hold'em No Limit ($0.50/$1.00 USD) - 2025/01/31 0:47:17 WET [2025/01/31 19:47:17 ET]
Table 'Maritima' 6-max Seat #2 is the button
Seat 5: sutata ($100 in chips) is sitting out
Seat 2: B1GBankroll ($100 in chips) 
Seat 3: quinner011 ($27.74 in chips) 
Seat 4: rao999 ($100 in chips) 
quinner011: posts small blind $0.50
rao999: posts big blind $1
sutata: sits out 
*** HOLE CARDS ***
B1GBankroll: raises $1.50 to $2.50
quinner011: folds 
rao999: calls $1.50
*** FLOP *** [As 9c 8d]
rao999: checks 
B1GBankroll: bets $2.56
rao999: folds 
Uncalled bet ($2.56) returned to B1GBankroll
B1GBankroll collected $5.22 from pot
B1GBankroll: doesn't show hand 
*** SUMMARY ***
Total pot $5.50 | Rake $0.28 
Board [As 9c 8d]
Seat 5: sutata
Seat 2: B1GBankroll (button) collected ($5.22)
Seat 3: quinner011 (small blind) folded before Flop
Seat 4: rao999 (big blind) folded on the Flop



PokerStars Hand #254646061462:  Hold'em No Limit ($0.50/$1.00 USD) - 2025/01/31 0:47:50 WET [2025/01/31 19:47:50 ET]
Table 'Maritima' 6-max Seat #3 is the button
Seat 2: B1GBankroll ($102.72 in chips) 
Seat 3: quinner011 ($27.24 in chips) 
Seat 4: rao999 ($100 in chips) 
Seat 5: sutata ($100 in chips) 
rao999: posts small blind $0.50
sutata: posts big blind $1
*** HOLE CARDS ***
B1GBankroll: folds 
quinner011: folds 
rao999: folds 
Uncalled bet ($0.50) returned to sutata
sutata collected $1 from pot
sutata: doesn't show hand 
*** SUMMARY ***
Total pot $1 | Rake $0 
Seat 2: B1GBankroll folded before Flop (didn't bet)
Seat 3: quinner011 (button) folded before Flop (didn't bet)
Seat 4: rao999 (small blind) folded before Flop
Seat 5: sutata (big blind) collected ($1)



PokerStars Hand #254646063546:  Hold'em No Limit ($0.50/$1.00 USD) - 2025/01/31 0:48:00 WET [2025/01/31 19:48:00 ET]
Table 'Maritima' 6-max Seat #4 is the button
Seat 2: B1GBankroll ($102.72 in chips) 
Seat 3: quinner011 ($27.24 in chips) 
Seat 4: rao999 ($100 in chips) 
Seat 5: sutata ($100.50 in chips) 
sutata: posts small blind $0.50
B1GBankroll: posts big blind $1
*** HOLE CARDS ***
quinner011: folds 
rao999: folds 
sutata: raises $2 to $3
B1GBankroll: folds 
Uncalled bet ($2) returned to sutata
sutata collected $2 from pot
sutata: doesn't show hand 
*** SUMMARY ***
Total pot $2 | Rake $0 
Seat 2: B1GBankroll (big blind) folded before Flop
Seat 3: quinner011 folded before Flop (didn't bet)
Seat 4: rao999 (button) folded before Flop (didn't bet)
Seat 5: sutata (small blind) collected ($2)



PokerStars Hand #254646066991:  Hold'em No Limit ($0.50/$1.00 USD) - 2025/01/31 0:48:16 WET [2025/01/31 19:48:16 ET]
Table 'Maritima' 6-max Seat #5 is the button
Seat 2: B1GBankroll ($101.72 in chips) 
Seat 3: quinner011 ($27.24 in chips) 
Seat 4: rao999 ($100 in chips) 
Seat 5: sutata ($101.50 in chips) 
B1GBankroll: posts small blind $0.50
quinner011: posts big blind $1
*** HOLE CARDS ***
rao999: folds 
sutata: folds 
B1GBankroll: folds 
Uncalled bet ($0.50) returned to quinner011
quinner011 collected $1 from pot
*** SUMMARY ***
Total pot $1 | Rake $0 
Seat 2: B1GBankroll (small blind) folded before Flop
Seat 3: quinner011 (big blind) collected ($1)
Seat 4: rao999 folded before Flop (didn't bet)
Seat 5: sutata (button) folded before Flop (didn't bet)



PokerStars Hand #254646070910:  Hold'em No Limit ($0.50/$1.00 USD) - 2025/01/31 0:48:35 WET [2025/01/31 19:48:35 ET]
Table 'Maritima' 6-max Seat #2 is the button
Seat 2: B1GBankroll ($101.22 in chips) 
Seat 3: quinner011 ($27.74 in chips) 
Seat 4: rao999 ($100 in chips) 
Seat 5: sutata ($101.50 in chips) 
quinner011: posts small blind $0.50
rao999: posts big blind $1
*** HOLE CARDS ***
sutata: folds 
B1GBankroll: folds 
quinner011: raises $1 to $2
rao999: folds 
Uncalled bet ($1) returned to quinner011
quinner011 collected $2 from pot
*** SUMMARY ***
Total pot $2 | Rake $0 
Seat 2: B1GBankroll (button) folded before Flop (didn't bet)
Seat 3: quinner011 (small blind) collected ($2)
Seat 4: rao999 (big blind) folded before Flop
Seat 5: sutata folded before Flop (didn't bet)



PokerStars Hand #254646073917:  Hold'em No Limit ($0.50/$1.00 USD) - 2025/01/31 0:48:50 WET [2025/01/31 19:48:50 ET]
Table 'Maritima' 6-max Seat #3 is the button
Seat 2: B1GBankroll ($101.22 in chips) 
Seat 3: quinner011 ($28.74 in chips) 
Seat 4: rao999 ($100 in chips) 
Seat 5: sutata ($101.50 in chips) 
rao999: posts small blind $0.50
sutata: posts big blind $1
*** HOLE CARDS ***
B1GBankroll: folds 
quinner011: raises $1 to $2
rao999: folds 
sutata: raises $9.10 to $11.10
quinner011: raises $17.64 to $28.74 and is all-in
sutata: calls $17.64
*** FLOP *** [7h 6d Qh]
*** TURN *** [7h 6d Qh] [9d]
*** RIVER *** [7h 6d Qh 9d] [7d]
*** SHOW DOWN ***
sutata: shows [Ac Kd] (a pair of Sevens)
quinner011: shows [Kh Jd] (a pair of Sevens - lower kicker)
sutata collected $56.98 from pot
*** SUMMARY ***
Total pot $57.98 | Rake $1 
Board [7h 6d Qh 9d 7d]
Seat 2: B1GBankroll folded before Flop (didn't bet)
Seat 3: quinner011 (button) showed [Kh Jd] and lost with a pair of Sevens
Seat 4: rao999 (small blind) folded before Flop
Seat 5: sutata (big blind) showed [Ac Kd] and won ($56.98) with a pair of Sevens



PokerStars Hand #254646081568:  Hold'em No Limit ($0.50/$1.00 USD) - 2025/01/31 0:49:27 WET [2025/01/31 19:49:27 ET]
Table 'Maritima' 6-max Seat #5 is the button
Seat 2: B1GBankroll ($101.22 in chips) is sitting out
Seat 3: quinner011 ($0 in chips) is sitting out
Seat 4: rao999 ($100 in chips) 
Seat 5: sutata ($129.74 in chips) 
sutata: posts small blind $0.50
B1GBankroll: is sitting out 
rao999: posts big blind $1
*** HOLE CARDS ***
B1GBankroll leaves the table
sutata: folds 
Uncalled bet ($0.50) returned to rao999
rao999 collected $1 from pot
rao999: doesn't show hand 
quinner011 leaves the table
*** SUMMARY ***
Total pot $1 | Rake $0 
Seat 2: B1GBankroll
Seat 3: quinner011
Seat 4: rao999 (big blind) collected ($1)
Seat 5: sutata (button) (small blind) folded before Flop



PokerStars Hand #254646083257:  Hold'em No Limit ($0.50/$1.00 USD) - 2025/01/31 0:49:35 WET [2025/01/31 19:49:35 ET]
Table 'Maritima' 6-max Seat #4 is the button
Seat 4: rao999 ($100.50 in chips) 
Seat 5: sutata ($129.24 in chips) 
rao999: posts small blind $0.50
sutata: posts big blind $1
*** HOLE CARDS ***
rao999: raises $1.50 to $2.50
sutata: raises $7.80 to $10.30
rao999: folds 
Uncalled bet ($7.80) returned to sutata
sutata collected $5 from pot
sutata: doesn't show hand 
*** SUMMARY ***
Total pot $5 | Rake $0 
Seat 4: rao999 (button) (small blind) folded before Flop
Seat 5: sutata (big blind) collected ($5)



PokerStars Hand #254646184734:  Hold'em No Limit ($0.50/$1.00 USD) - 2025/01/31 0:58:34 WET [2025/01/31 19:58:34 ET]
Table 'Maritima' 6-max Seat #5 is the button
Seat 3: MWWWWWWWWWWWWWW ($70.55 in chips) 
Seat 4: mariofcd ($100 in chips) 
Seat 5: m0nTTu ($11.50 in chips) 
MWWWWWWWWWWWWWW: posts small blind $0.50
mariofcd: posts big blind $1
*** HOLE CARDS ***
XneferX joins the table at seat #6 
m0nTTu: folds 
MWWWWWWWWWWWWWW: raises $1 to $2
mariofcd: folds 
Uncalled bet ($1) returned to MWWWWWWWWWWWWWW
MWWWWWWWWWWWWWW collected $2 from pot
*** SUMMARY ***
Total pot $2 | Rake $0 
Seat 3: MWWWWWWWWWWWWWW (small blind) collected ($2)
Seat 4: mariofcd (big blind) folded before Flop
Seat 5: m0nTTu (button) folded before Flop (didn't bet)



PokerStars Hand #254646188250:  Hold'em No Limit ($0.50/$1.00 USD) - 2025/01/31 0:58:55 WET [2025/01/31 19:58:55 ET]
Table 'Maritima' 6-max Seat #3 is the button
Seat 6: XneferX ($100 in chips) is sitting out
Seat 3: MWWWWWWWWWWWWWW ($71.55 in chips) 
Seat 4: mariofcd ($100 in chips) 
Seat 5: m0nTTu ($11.50 in chips) 
mariofcd: posts small blind $0.50
m0nTTu: posts big blind $1
XneferX: sits out 
*** HOLE CARDS ***
MWWWWWWWWWWWWWW: folds 
mariofcd: folds 
Uncalled bet ($0.50) returned to m0nTTu
m0nTTu collected $1 from pot
m0nTTu: doesn't show hand 
*** SUMMARY ***
Total pot $1 | Rake $0 
Seat 6: XneferX
Seat 3: MWWWWWWWWWWWWWW (button) folded before Flop (didn't bet)
Seat 4: mariofcd (small blind) folded before Flop
Seat 5: m0nTTu (big blind) collected ($1)



PokerStars Hand #254646190248:  Hold'em No Limit ($0.50/$1.00 USD) - 2025/01/31 0:59:07 WET [2025/01/31 19:59:07 ET]
Table 'Maritima' 6-max Seat #4 is the button
Seat 3: MWWWWWWWWWWWWWW ($71.55 in chips) 
Seat 4: mariofcd ($100 in chips) 
Seat 5: m0nTTu ($12 in chips) 
Seat 6: XneferX ($100 in chips) 
m0nTTu: posts small blind $0.50
XneferX: posts big blind $1
*** HOLE CARDS ***
MWWWWWWWWWWWWWW: raises $1 to $2
mariofcd: folds 
Tibibacsi joins the table at seat #1 
m0nTTu: folds 
XneferX: calls $1
*** FLOP *** [Th 7d 7h]
XneferX: checks 
MWWWWWWWWWWWWWW: bets $2.14
XneferX: folds 
Uncalled bet ($2.14) returned to MWWWWWWWWWWWWWW
MWWWWWWWWWWWWWW collected $4.28 from pot
*** SUMMARY ***
Total pot $4.50 | Rake $0.22 
Board [Th 7d 7h]
Seat 3: MWWWWWWWWWWWWWW collected ($4.28)
Seat 4: mariofcd (button) folded before Flop (didn't bet)
Seat 5: m0nTTu (small blind) folded before Flop
Seat 6: XneferX (big blind) folded on the Flop



PokerStars Hand #254646197837:  Hold'em No Limit ($0.50/$1.00 USD) - 2025/01/31 0:59:55 WET [2025/01/31 19:59:55 ET]
Table 'Maritima' 6-max Seat #5 is the button
Seat 1: Tibibacsi ($100 in chips) 
Seat 3: MWWWWWWWWWWWWWW ($93.02 in chips) 
Seat 4: mariofcd ($100 in chips) 
Seat 5: m0nTTu ($11.50 in chips) 
Seat 6: XneferX ($100 in chips) 
XneferX: posts small blind $0.50
Tibibacsi: posts big blind $1
*** HOLE CARDS ***
MWWWWWWWWWWWWWW: folds 
mariofcd: folds 
m0nTTu: folds 
XneferX: folds 
Uncalled bet ($0.50) returned to Tibibacsi
Tibibacsi collected $1 from pot
Tibibacsi: doesn't show hand 
*** SUMMARY ***
Total pot $1 | Rake $0 
Seat 1: Tibibacsi (big blind) collected ($1)
Seat 3: MWWWWWWWWWWWWWW folded before Flop (didn't bet)
Seat 4: mariofcd folded before Flop (didn't bet)
Seat 5: m0nTTu (button) folded before Flop (didn't bet)
Seat 6: XneferX (small blind) folded before Flop



PokerStars Hand #254646199955:  Hold'em No Limit ($0.50/$1.00 USD) - 2025/01/31 1:00:08 WET [2025/01/31 20:00:08 ET]
Table 'Maritima' 6-max Seat #6 is the button
Seat 1: Tibibacsi ($100.50 in chips) 
Seat 3: MWWWWWWWWWWWWWW ($93.02 in chips) 
Seat 4: mariofcd ($100 in chips) 
Seat 5: m0nTTu ($11.50 in chips) 
Seat 6: XneferX ($100 in chips) 
Tibibacsi: posts small blind $0.50
MWWWWWWWWWWWWWW: posts big blind $1
*** HOLE CARDS ***
mariofcd: folds 
m0nTTu: raises $10.50 to $11.50 and is all-in
XneferX: folds 
Tibibacsi: folds 
MWWWWWWWWWWWWWW: folds 
Uncalled bet ($10.50) returned to m0nTTu
m0nTTu collected $2.50 from pot
m0nTTu: doesn't show hand 
*** SUMMARY ***
Total pot $2.50 | Rake $0 
Seat 1: Tibibacsi (small blind) folded before Flop
Seat 3: MWWWWWWWWWWWWWW (big blind) folded before Flop
Seat 4: mariofcd folded before Flop (didn't bet)
Seat 5: m0nTTu collected ($2.50)
Seat 6: XneferX (button) folded before Flop (didn't bet)



PokerStars Hand #254646203322:  Hold'em No Limit ($0.50/$1.00 USD) - 2025/01/31 1:00:28 WET [2025/01/31 20:00:28 ET]
Table 'Maritima' 6-max Seat #3 is the button
Seat 4: mariofcd ($100 in chips) is sitting out
Seat 5: m0nTTu ($13 in chips) is sitting out
Seat 6: XneferX ($100 in chips) is sitting out
Seat 1: Tibibacsi ($100 in chips) 
Seat 3: MWWWWWWWWWWWWWW ($92.02 in chips) 
MWWWWWWWWWWWWWW: posts small blind $0.50
mariofcd: is sitting out 
m0nTTu: is sitting out 
XneferX: is sitting out 
Tibibacsi: posts big blind $1
*** HOLE CARDS ***
MWWWWWWWWWWWWWW: folds 
Uncalled bet ($0.50) returned to Tibibacsi
m0nTTu leaves the table
Tibibacsi collected $1 from pot
Tibibacsi: doesn't show hand 
*** SUMMARY ***
Total pot $1 | Rake $0 
Seat 4: mariofcd
Seat 5: m0nTTu
Seat 6: XneferX
Seat 1: Tibibacsi (big blind) collected ($1)
Seat 3: MWWWWWWWWWWWWWW (button) (small blind) folded before Flop



PokerStars Hand #254646204999:  Hold'em No Limit ($0.50/$1.00 USD) - 2025/01/31 1:00:37 WET [2025/01/31 20:00:37 ET]
Table 'Maritima' 6-max Seat #1 is the button
Seat 4: mariofcd ($100 in chips) is sitting out
Seat 6: XneferX ($100 in chips) is sitting out
Seat 1: Tibibacsi ($100.50 in chips) 
Seat 3: MWWWWWWWWWWWWWW ($91.52 in chips) 
Tibibacsi: posts small blind $0.50
MWWWWWWWWWWWWWW: posts big blind $1
*** HOLE CARDS ***
mariofcd leaves the table
Tibibacsi: raises $1.20 to $2.20
XneferX leaves the table
MWWWWWWWWWWWWWW: folds 
Uncalled bet ($1.20) returned to Tibibacsi
Tibibacsi collected $2 from pot
Tibibacsi: doesn't show hand 
*** SUMMARY ***
Total pot $2 | Rake $0 
Seat 4: mariofcd
Seat 6: XneferX
Seat 1: Tibibacsi (button) (small blind) collected ($2)
Seat 3: MWWWWWWWWWWWWWW (big blind) folded before Flop



PokerStars Hand #254646208379:  Hold'em No Limit ($0.50/$1.00 USD) - 2025/01/31 1:00:56 WET [2025/01/31 20:00:56 ET]
Table 'Maritima' 6-max Seat #3 is the button
Seat 1: Tibibacsi ($101.50 in chips) 
Seat 3: MWWWWWWWWWWWWWW ($90.52 in chips) 
MWWWWWWWWWWWWWW: posts small blind $0.50
Tibibacsi: posts big blind $1
*** HOLE CARDS ***
MWWWWWWWWWWWWWW: raises $1 to $2
Tibibacsi: calls $1
*** FLOP *** [2h 3d Kh]
Tibibacsi: checks 
MWWWWWWWWWWWWWW: bets $2
Tibibacsi: raises $4.50 to $6.50
MWWWWWWWWWWWWWW: folds 
Uncalled bet ($4.50) returned to Tibibacsi
Tibibacsi collected $7.60 from pot
Tibibacsi: doesn't show hand 
*** SUMMARY ***
Total pot $8 | Rake $0.40 
Board [2h 3d Kh]
Seat 1: Tibibacsi (big blind) collected ($7.60)
Seat 3: MWWWWWWWWWWWWWW (button) (small blind) folded on the Flop



PokerStars Hand #254646319712:  Hold'em No Limit ($0.50/$1.00 USD) - 2025/01/31 1:10:32 WET [2025/01/31 20:10:32 ET]
Table 'Maritima' 6-max Seat #3 is the button
Seat 2: Callan25 ($29.47 in chips) 
Seat 3: SorinS28 ($109.13 in chips) 
SorinS28: posts small blind $0.50
ToniMuc2025 joins the table at seat #4 
ToniMuc2025 is disconnected 
Callan25: posts big blind $1
*** HOLE CARDS ***
SorinS28: calls $0.50
Callan25: raises $7 to $8
SorinS28: calls $7
*** FLOP *** [Ad 8c 6s]
Callan25: bets $4.60
SorinS28: folds 
Uncalled bet ($4.60) returned to Callan25
Callan25 collected $15.20 from pot
*** SUMMARY ***
Total pot $16 | Rake $0.80 
Board [Ad 8c 6s]
Seat 2: Callan25 (big blind) collected ($15.20)
Seat 3: SorinS28 (button) (small blind) folded on the Flop



PokerStars Hand #254646325368:  Hold'em No Limit ($0.50/$1.00 USD) - 2025/01/31 1:11:03 WET [2025/01/31 20:11:03 ET]
Table 'Maritima' 6-max Seat #2 is the button
Seat 2: Callan25 ($36.67 in chips) 
Seat 3: SorinS28 ($101.13 in chips) 
Seat 4: ToniMuc2025 ($80.31 in chips) 
SorinS28: posts small blind $0.50
ToniMuc2025: posts big blind $1
*** HOLE CARDS ***
Callan25: calls $1
SorinS28: folds 
ToniMuc2025: checks 
*** FLOP *** [5h Qc 9d]
ToniMuc2025: checks 
Callan25: checks 
*** TURN *** [5h Qc 9d] [Jd]
ToniMuc2025: checks 
Gaita_toien joins the table at seat #5 
Callan25: bets $1.38
mariofcd joins the table at seat #1 
ToniMuc2025: calls $1.38
*** RIVER *** [5h Qc 9d Jd] [Jc]
ToniMuc2025: checks 
Callan25: checks 
*** SHOW DOWN ***
ToniMuc2025: shows [8c 7c] (a pair of Jacks)
Callan25: shows [7s Kh] (a pair of Jacks - King kicker)
Callan25 collected $5 from pot
*** SUMMARY ***
Total pot $5.26 | Rake $0.26 
Board [5h Qc 9d Jd Jc]
Seat 2: Callan25 (button) showed [7s Kh] and won ($5) with a pair of Jacks
Seat 3: SorinS28 (small blind) folded before Flop
Seat 4: ToniMuc2025 (big blind) showed [8c 7c] and lost with a pair of Jacks



PokerStars Hand #254646334231:  Hold'em No Limit ($0.50/$1.00 USD) - 2025/01/31 1:11:49 WET [2025/01/31 20:11:49 ET]
Table 'Maritima' 6-max Seat #3 is the button
Seat 1: mariofcd ($100 in chips) is sitting out
Seat 2: Callan25 ($39.29 in chips) 
Seat 3: SorinS28 ($100.63 in chips) 
Seat 4: ToniMuc2025 ($77.93 in chips) 
Seat 5: Gaita_toien ($100 in chips) 
ToniMuc2025: posts small blind $0.50
Gaita_toien: posts big blind $1
mariofcd: sits out 
*** HOLE CARDS ***
Callan25: folds 
SorinS28: folds 
ToniMuc2025: folds 
Uncalled bet ($0.50) returned to Gaita_toien
Gaita_toien collected $1 from pot
Gaita_toien: doesn't show hand 
*** SUMMARY ***
Total pot $1 | Rake $0 
Seat 1: mariofcd
Seat 2: Callan25 folded before Flop (didn't bet)
Seat 3: SorinS28 (button) folded before Flop (didn't bet)
Seat 4: ToniMuc2025 (small blind) folded before Flop
Seat 5: Gaita_toien (big blind) collected ($1)



PokerStars Hand #254646335688:  Hold'em No Limit ($0.50/$1.00 USD) - 2025/01/31 1:11:57 WET [2025/01/31 20:11:57 ET]
Table 'Maritima' 6-max Seat #4 is the button
Seat 1: mariofcd ($100 in chips) 
Seat 2: Callan25 ($39.29 in chips) 
Seat 3: SorinS28 ($100.63 in chips) 
Seat 4: ToniMuc2025 ($77.43 in chips) 
Seat 5: Gaita_toien ($100.50 in chips) 
Gaita_toien: posts small blind $0.50
mariofcd: posts big blind $1
*** HOLE CARDS ***
Callan25: raises $2 to $3
SorinS28: folds 
ToniMuc2025: folds 
Gaita_toien: folds 
mariofcd: folds 
Uncalled bet ($2) returned to Callan25
Callan25 collected $2.50 from pot
*** SUMMARY ***
Total pot $2.50 | Rake $0 
Seat 1: mariofcd (big blind) folded before Flop
Seat 2: Callan25 collected ($2.50)
Seat 3: SorinS28 folded before Flop (didn't bet)
Seat 4: ToniMuc2025 (button) folded before Flop (didn't bet)
Seat 5: Gaita_toien (small blind) folded before Flop



PokerStars Hand #254646338709:  Hold'em No Limit ($0.50/$1.00 USD) - 2025/01/31 1:12:13 WET [2025/01/31 20:12:13 ET]
Table 'Maritima' 6-max Seat #5 is the button
Seat 1: mariofcd ($100 in chips) is sitting out
Seat 2: Callan25 ($40.79 in chips) 
Seat 3: SorinS28 ($100.63 in chips) 
Seat 4: ToniMuc2025 ($77.43 in chips) 
Seat 5: Gaita_toien ($100 in chips) 
Callan25: posts small blind $0.50
SorinS28: posts big blind $1
*** HOLE CARDS ***
ToniMuc2025: raises $1 to $2
Gaita_toien: raises $5.20 to $7.20
Callan25: calls $6.70
SorinS28: folds 
ToniMuc2025: calls $5.20
*** FLOP *** [6d 3s 5d]
Callan25: checks 
ToniMuc2025: checks 
Gaita_toien: checks 
*** TURN *** [6d 3s 5d] [2d]
Callan25: checks 
ToniMuc2025: checks 
Gaita_toien: bets $6.26
Callan25: calls $6.26
ToniMuc2025: folds 
*** RIVER *** [6d 3s 5d 2d] [5c]
Callan25: bets $23.33
Gaita_toien: folds 
Uncalled bet ($23.33) returned to Callan25
Callan25 collected $34.12 from pot
*** SUMMARY ***
Total pot $35.12 | Rake $1 
Board [6d 3s 5d 2d 5c]
Seat 1: mariofcd
Seat 2: Callan25 (small blind) collected ($34.12)
Seat 3: SorinS28 (big blind) folded before Flop
Seat 4: ToniMuc2025 folded on the Turn
Seat 5: Gaita_toien (button) folded on the River



PokerStars Hand #254646350156:  Hold'em No Limit ($0.50/$1.00 USD) - 2025/01/31 1:13:14 WET [2025/01/31 20:13:14 ET]
Table 'Maritima' 6-max Seat #2 is the button
Seat 1: mariofcd ($100 in chips) is sitting out
Seat 2: Callan25 ($61.45 in chips) 
Seat 3: SorinS28 ($100 in chips) 
Seat 4: ToniMuc2025 ($70.23 in chips) 
Seat 5: Gaita_toien ($100 in chips) 
SorinS28: posts small blind $0.50
ToniMuc2025: posts big blind $1
*** HOLE CARDS ***
Gaita_toien: folds 
Callan25: folds 
SorinS28: raises $2 to $3
ToniMuc2025: folds 
Uncalled bet ($2) returned to SorinS28
SorinS28 collected $2 from pot
SorinS28: doesn't show hand 
*** SUMMARY ***
Total pot $2 | Rake $0 
Seat 1: mariofcd
Seat 2: Callan25 (button) folded before Flop (didn't bet)
Seat 3: SorinS28 (small blind) collected ($2)
Seat 4: ToniMuc2025 (big blind) folded before Flop
Seat 5: Gaita_toien folded before Flop (didn't bet)



PokerStars Hand #254646351944:  Hold'em No Limit ($0.50/$1.00 USD) - 2025/01/31 1:13:24 WET [2025/01/31 20:13:24 ET]
Table 'Maritima' 6-max Seat #3 is the button
Seat 1: mariofcd ($100 in chips) is sitting out
Seat 2: Callan25 ($61.45 in chips) 
Seat 3: SorinS28 ($101 in chips) 
Seat 4: ToniMuc2025 ($69.23 in chips) 
Seat 5: Gaita_toien ($100 in chips) 
ToniMuc2025: posts small blind $0.50
Gaita_toien: posts big blind $1
*** HOLE CARDS ***
Callan25: folds 
SorinS28: folds 
ToniMuc2025: folds 
Uncalled bet ($0.50) returned to Gaita_toien
Gaita_toien collected $1 from pot
Gaita_toien: doesn't show hand 
*** SUMMARY ***
Total pot $1 | Rake $0 
Seat 1: mariofcd
Seat 2: Callan25 folded before Flop (didn't bet)
Seat 3: SorinS28 (button) folded before Flop (didn't bet)
Seat 4: ToniMuc2025 (small blind) folded before Flop
Seat 5: Gaita_toien (big blind) collected ($1)



PokerStars Hand #254646353228:  Hold'em No Limit ($0.50/$1.00 USD) - 2025/01/31 1:13:30 WET [2025/01/31 20:13:30 ET]
Table 'Maritima' 6-max Seat #4 is the button
Seat 1: mariofcd ($100 in chips) is sitting out
Seat 2: Callan25 ($61.45 in chips) 
Seat 3: SorinS28 ($101 in chips) 
Seat 4: ToniMuc2025 ($68.73 in chips) 
Seat 5: Gaita_toien ($100.50 in chips) 
Gaita_toien: posts small blind $0.50
Callan25: posts big blind $1
*** HOLE CARDS ***
SorinS28: raises $1.30 to $2.30
ToniMuc2025: folds 
lendogin joins the table at seat #6 
lendogin is disconnected 
Gaita_toien: folds 
Callan25: calls $1.30
*** FLOP *** [3s 6d 3d]
Callan25: checks 
SorinS28: checks 
*** TURN *** [3s 6d 3d] [Kd]
Callan25: checks 
SorinS28: checks 
*** RIVER *** [3s 6d 3d Kd] [Jd]
Callan25: checks 
SorinS28: checks 
*** SHOW DOWN ***
Callan25: shows [2h Th] (a pair of Threes)
SorinS28: shows [Jh Tc] (two pair, Jacks and Threes)
SorinS28 collected $4.84 from pot
*** SUMMARY ***
Total pot $5.10 | Rake $0.26 
Board [3s 6d 3d Kd Jd]
Seat 1: mariofcd
Seat 2: Callan25 (big blind) showed [2h Th] and lost with a pair of Threes
Seat 3: SorinS28 showed [Jh Tc] and won ($4.84) with two pair, Jacks and Threes
Seat 4: ToniMuc2025 (button) folded before Flop (didn't bet)
Seat 5: Gaita_toien (small blind) folded before Flop



PokerStars Hand #254646362329:  Hold'em No Limit ($0.50/$1.00 USD) - 2025/01/31 1:14:19 WET [2025/01/31 20:14:19 ET]
Table 'Maritima' 6-max Seat #5 is the button
Seat 1: mariofcd ($100 in chips) is sitting out
Seat 6: lendogin ($19.58 in chips) is sitting out
Seat 2: Callan25 ($59.15 in chips) 
Seat 3: SorinS28 ($103.54 in chips) 
Seat 4: ToniMuc2025 ($68.73 in chips) 
Seat 5: Gaita_toien ($100 in chips) 
Callan25: posts small blind $0.50
SorinS28: posts big blind $1
*** HOLE CARDS ***
ToniMuc2025: folds 
Gaita_toien: folds 
Callan25: raises $2 to $3
SorinS28: folds 
Uncalled bet ($2) returned to Callan25
Callan25 collected $2 from pot
*** SUMMARY ***
Total pot $2 | Rake $0 
Seat 1: mariofcd
Seat 6: lendogin
Seat 2: Callan25 (small blind) collected ($2)
Seat 3: SorinS28 (big blind) folded before Flop
Seat 4: ToniMuc2025 folded before Flop (didn't bet)
Seat 5: Gaita_toien (button) folded before Flop (didn't bet)



PokerStars Hand #254646366041:  Hold'em No Limit ($0.50/$1.00 USD) - 2025/01/31 1:14:38 WET [2025/01/31 20:14:38 ET]
Table 'Maritima' 6-max Seat #2 is the button
Seat 1: mariofcd ($100 in chips) is sitting out
Seat 2: Callan25 ($60.15 in chips) 
Seat 3: SorinS28 ($102.54 in chips) 
Seat 4: ToniMuc2025 ($68.73 in chips) 
Seat 5: Gaita_toien ($100 in chips) 
Seat 6: lendogin ($19.58 in chips) 
SorinS28: posts small blind $0.50
ToniMuc2025: posts big blind $1
lendogin: posts big blind $1
*** HOLE CARDS ***
Gaita_toien: raises $3 to $4
lendogin: folds 
Callan25: folds 
SorinS28: folds 
ToniMuc2025: raises $3 to $7
Gaita_toien: calls $3
*** FLOP *** [2d 6d 5c]
ToniMuc2025: checks 
Gaita_toien: bets $4.27
ToniMuc2025: calls $4.27
*** TURN *** [2d 6d 5c] [Td]
ToniMuc2025: checks 
Gaita_toien: bets $7.50
ToniMuc2025: calls $7.50
*** RIVER *** [2d 6d 5c Td] [Qc]
ToniMuc2025: checks 
Gaita_toien: bets $26.50
ToniMuc2025: folds 
Uncalled bet ($26.50) returned to Gaita_toien
Gaita_toien collected $37.09 from pot
Gaita_toien: doesn't show hand 
*** SUMMARY ***
Total pot $39.04 | Rake $1.95 
Board [2d 6d 5c Td Qc]
Seat 1: mariofcd
Seat 2: Callan25 (button) folded before Flop (didn't bet)
Seat 3: SorinS28 (small blind) folded before Flop
Seat 4: ToniMuc2025 (big blind) folded on the River
Seat 5: Gaita_toien collected ($37.09)
Seat 6: lendogin folded before Flop (didn't bet)



PokerStars Hand #254646385305:  Hold'em No Limit ($0.50/$1.00 USD) - 2025/01/31 1:16:20 WET [2025/01/31 20:16:20 ET]
Table 'Maritima' 6-max Seat #3 is the button
Seat 1: mariofcd ($100 in chips) 
Seat 2: Callan25 ($60.15 in chips) 
Seat 3: SorinS28 ($102.04 in chips) 
Seat 4: ToniMuc2025 ($49.96 in chips) 
Seat 5: Gaita_toien ($118.32 in chips) 
Seat 6: lendogin ($18.58 in chips) 
ToniMuc2025: posts small blind $0.50
Gaita_toien: posts big blind $1
mariofcd: posts small & big blinds $1.50
*** HOLE CARDS ***
lendogin: folds 
mariofcd: checks 
Callan25: folds 
SorinS28: raises $3.50 to $4.50
ToniMuc2025: calls $4
Gaita_toien: folds 
mariofcd: folds 
*** FLOP *** [2s Ks Qd]
ToniMuc2025: checks 
SorinS28: bets $3.06
ToniMuc2025 is disconnected 
ToniMuc2025 is connected 
ToniMuc2025: folds 
Uncalled bet ($3.06) returned to SorinS28
SorinS28 collected $10.92 from pot
SorinS28: doesn't show hand 
*** SUMMARY ***
Total pot $11.50 | Rake $0.58 
Board [2s Ks Qd]
Seat 1: mariofcd folded before Flop (didn't bet)
Seat 2: Callan25 folded before Flop (didn't bet)
Seat 3: SorinS28 (button) collected ($10.92)
Seat 4: ToniMuc2025 (small blind) folded on the Flop
Seat 5: Gaita_toien (big blind) folded before Flop
Seat 6: lendogin folded before Flop (didn't bet)



PokerStars Hand #254646398964:  Hold'em No Limit ($0.50/$1.00 USD) - 2025/01/31 1:17:33 WET [2025/01/31 20:17:33 ET]
Table 'Maritima' 6-max Seat #4 is the button
Seat 1: mariofcd ($100 in chips) 
Seat 2: Callan25 ($60.15 in chips) 
Seat 3: SorinS28 ($108.46 in chips) 
Seat 4: ToniMuc2025 ($45.46 in chips) 
Seat 5: Gaita_toien ($117.32 in chips) 
Seat 6: lendogin ($18.58 in chips) 
Gaita_toien: posts small blind $0.50
lendogin: posts big blind $1
*** HOLE CARDS ***
mariofcd: raises $1.20 to $2.20
Callan25: folds 
SorinS28: folds 
ToniMuc2025: folds 
Gaita_toien: folds 
lendogin: calls $1.20
*** FLOP *** [Jh Jc Qs]
lendogin: bets $1
mariofcd: calls $1
*** TURN *** [Jh Jc Qs] [8h]
lendogin: bets $1
mariofcd: calls $1
*** RIVER *** [Jh Jc Qs 8h] [Ac]
lendogin: checks 
mariofcd: checks 
*** SHOW DOWN ***
lendogin: shows [4s 4h] (two pair, Jacks and Fours)
mariofcd: mucks hand 
lendogin collected $8.46 from pot
*** SUMMARY ***
Total pot $8.90 | Rake $0.44 
Board [Jh Jc Qs 8h Ac]
Seat 1: mariofcd mucked
Seat 2: Callan25 folded before Flop (didn't bet)
Seat 3: SorinS28 folded before Flop (didn't bet)
Seat 4: ToniMuc2025 (button) folded before Flop (didn't bet)
Seat 5: Gaita_toien (small blind) folded before Flop
Seat 6: lendogin (big blind) showed [4s 4h] and won ($8.46) with two pair, Jacks and Fours



PokerStars Hand #254646411550:  Hold'em No Limit ($0.50/$1.00 USD) - 2025/01/31 1:18:40 WET [2025/01/31 20:18:40 ET]
Table 'Maritima' 6-max Seat #5 is the button
Seat 1: mariofcd ($100 in chips) 
Seat 2: Callan25 ($60.15 in chips) 
Seat 3: SorinS28 ($108.46 in chips) 
Seat 4: ToniMuc2025 ($45.46 in chips) 
Seat 5: Gaita_toien ($116.82 in chips) 
Seat 6: lendogin ($22.84 in chips) 
lendogin: posts small blind $0.50
mariofcd: posts big blind $1
*** HOLE CARDS ***
Callan25: raises $2 to $3
SorinS28: folds 
ToniMuc2025: folds 
Gaita_toien: folds 
lendogin: calls $2.50
mariofcd: folds 
*** FLOP *** [Jc Ad 5c]
lendogin: checks 
Callan25: checks 
*** TURN *** [Jc Ad 5c] [6h]
lendogin: checks 
Callan25: bets $2.48
lendogin: calls $2.48
*** RIVER *** [Jc Ad 5c 6h] [9c]
lendogin: bets $5.68
Callan25: raises $22.72 to $28.40
lendogin: folds 
Uncalled bet ($22.72) returned to Callan25
Callan25 collected $22.15 from pot
*** SUMMARY ***
Total pot $23.32 | Rake $1.17 
Board [Jc Ad 5c 6h 9c]
Seat 1: mariofcd (big blind) folded before Flop
Seat 2: Callan25 collected ($22.15)
Seat 3: SorinS28 folded before Flop (didn't bet)
Seat 4: ToniMuc2025 folded before Flop (didn't bet)
Seat 5: Gaita_toien (button) folded before Flop (didn't bet)
Seat 6: lendogin (small blind) folded on the River



PokerStars Hand #254646426811:  Hold'em No Limit ($0.50/$1.00 USD) - 2025/01/31 1:20:03 WET [2025/01/31 20:20:03 ET]
Table 'Maritima' 6-max Seat #6 is the button
Seat 1: mariofcd ($100 in chips) 
Seat 2: Callan25 ($71.14 in chips) 
Seat 3: SorinS28 ($108.46 in chips) 
Seat 4: ToniMuc2025 ($45.46 in chips) 
Seat 5: Gaita_toien ($116.82 in chips) 
Seat 6: lendogin ($11.68 in chips) 
mariofcd: posts small blind $0.50
Callan25: posts big blind $1
*** HOLE CARDS ***
SorinS28: raises $1.02 to $2.02
ToniMuc2025: folds 
Gaita_toien: folds 
lendogin: folds 
mariofcd: folds 
Callan25: calls $1.02
*** FLOP *** [Td Jd 9d]
Callan25: checks 
SorinS28: bets $1.21
Callan25: calls $1.21
*** TURN *** [Td Jd 9d] [2c]
Callan25: checks 
SorinS28: checks 
*** RIVER *** [Td Jd 9d 2c] [Js]
Callan25: checks 
SorinS28: bets $4.96
Callan25: folds 
Uncalled bet ($4.96) returned to SorinS28
SorinS28 collected $6.61 from pot
SorinS28: doesn't show hand 
*** SUMMARY ***
Total pot $6.96 | Rake $0.35 
Board [Td Jd 9d 2c Js]
Seat 1: mariofcd (small blind) folded before Flop
Seat 2: Callan25 (big blind) folded on the River
Seat 3: SorinS28 collected ($6.61)
Seat 4: ToniMuc2025 folded before Flop (didn't bet)
Seat 5: Gaita_toien folded before Flop (didn't bet)
Seat 6: lendogin (button) folded before Flop (didn't bet)



PokerStars Hand #254646442509:  Hold'em No Limit ($0.50/$1.00 USD) - 2025/01/31 1:21:27 WET [2025/01/31 20:21:27 ET]
Table 'Maritima' 6-max Seat #1 is the button
Seat 1: mariofcd ($100 in chips) 
Seat 2: Callan25 ($67.91 in chips) 
Seat 3: SorinS28 ($111.84 in chips) 
Seat 4: ToniMuc2025 ($45.46 in chips) 
Seat 5: Gaita_toien ($116.82 in chips) 
Seat 6: lendogin ($11.68 in chips) 
Callan25: posts small blind $0.50
SorinS28: posts big blind $1
*** HOLE CARDS ***
ToniMuc2025: raises $1 to $2
Gaita_toien: folds 
lendogin: folds 
mariofcd: folds 
Callan25: folds 
SorinS28: calls $1
*** FLOP *** [Js Qs 7h]
SorinS28: checks 
ToniMuc2025: checks 
*** TURN *** [Js Qs 7h] [Ts]
SorinS28: checks 
ToniMuc2025: checks 
*** RIVER *** [Js Qs 7h Ts] [4h]
SorinS28: checks 
ToniMuc2025: checks 
*** SHOW DOWN ***
SorinS28: shows [9c Jd] (a pair of Jacks)
ToniMuc2025: mucks hand 
SorinS28 collected $4.28 from pot
*** SUMMARY ***
Total pot $4.50 | Rake $0.22 
Board [Js Qs 7h Ts 4h]
Seat 1: mariofcd (button) folded before Flop (didn't bet)
Seat 2: Callan25 (small blind) folded before Flop
Seat 3: SorinS28 (big blind) showed [9c Jd] and won ($4.28) with a pair of Jacks
Seat 4: ToniMuc2025 mucked
Seat 5: Gaita_toien folded before Flop (didn't bet)
Seat 6: lendogin folded before Flop (didn't bet)



PokerStars Hand #254646453597:  Hold'em No Limit ($0.50/$1.00 USD) - 2025/01/31 1:22:27 WET [2025/01/31 20:22:27 ET]
Table 'Maritima' 6-max Seat #2 is the button
Seat 4: ToniMuc2025 ($43.46 in chips) is sitting out
Seat 1: mariofcd ($100 in chips) 
Seat 2: Callan25 ($67.41 in chips) 
Seat 3: SorinS28 ($114.12 in chips) 
Seat 5: Gaita_toien ($116.82 in chips) 
Seat 6: lendogin ($11.68 in chips) 
SorinS28: posts small blind $0.50
ToniMuc2025: is sitting out 
Gaita_toien: posts big blind $1
*** HOLE CARDS ***
ToniMuc2025 leaves the table
lendogin: folds 
mariofcd: folds 
Callan25: folds 
sutata joins the table at seat #4 
SorinS28: folds 
Uncalled bet ($0.50) returned to Gaita_toien
Gaita_toien collected $1 from pot
Gaita_toien: doesn't show hand 
*** SUMMARY ***
Total pot $1 | Rake $0 
Seat 4: ToniMuc2025
Seat 1: mariofcd folded before Flop (didn't bet)
Seat 2: Callan25 (button) folded before Flop (didn't bet)
Seat 3: SorinS28 (small blind) folded before Flop
Seat 5: Gaita_toien (big blind) collected ($1)
Seat 6: lendogin folded before Flop (didn't bet)



PokerStars Hand #254646460461:  Hold'em No Limit ($0.50/$1.00 USD) - 2025/01/31 1:23:05 WET [2025/01/31 20:23:05 ET]
Table 'Maritima' 6-max Seat #3 is the button
Seat 4: sutata ($131.74 in chips) is sitting out
Seat 1: mariofcd ($100 in chips) 
Seat 2: Callan25 ($67.41 in chips) 
Seat 3: SorinS28 ($113.62 in chips) 
Seat 5: Gaita_toien ($117.32 in chips) 
Seat 6: lendogin ($11.68 in chips) 
Gaita_toien: posts small blind $0.50
lendogin: posts big blind $1
*** HOLE CARDS ***
mariofcd: folds 
Callan25: raises $2 to $3
SorinS28: folds 
Gaita_toien: folds 
lendogin: calls $2
*** FLOP *** [4d 3d Jh]
lendogin: checks 
Callan25: checks 
*** TURN *** [4d 3d Jh] [5s]
lendogin: checks 
Callan25: checks 
*** RIVER *** [4d 3d Jh 5s] [2c]
lendogin: bets $8.68 and is all-in
Callan25: calls $8.68
*** SHOW DOWN ***
lendogin: shows [6c Ac] (a straight, Deuce to Six)
Callan25: shows [9s As] (a straight, Ace to Five)
lendogin collected $22.67 from pot
*** SUMMARY ***
Total pot $23.86 | Rake $1.19 
Board [4d 3d Jh 5s 2c]
Seat 4: sutata
Seat 1: mariofcd folded before Flop (didn't bet)
Seat 2: Callan25 showed [9s As] and lost with a straight, Ace to Five
Seat 3: SorinS28 (button) folded before Flop (didn't bet)
Seat 5: Gaita_toien (small blind) folded before Flop
Seat 6: lendogin (big blind) showed [6c Ac] and won ($22.67) with a straight, Deuce to Six



PokerStars Hand #254646469413:  Hold'em No Limit ($0.50/$1.00 USD) - 2025/01/31 1:23:53 WET [2025/01/31 20:23:53 ET]
Table 'Maritima' 6-max Seat #5 is the button
Seat 4: sutata ($131.74 in chips) is sitting out
Seat 1: mariofcd ($100 in chips) 
Seat 2: Callan25 ($55.73 in chips) 
Seat 3: SorinS28 ($113.62 in chips) 
Seat 5: Gaita_toien ($116.82 in chips) 
Seat 6: lendogin ($22.67 in chips) 
lendogin: posts small blind $0.50
mariofcd: posts big blind $1
sutata: sits out 
*** HOLE CARDS ***
Callan25: folds 
SorinS28: folds 
Gaita_toien: folds 
lendogin: calls $0.50
mariofcd: checks 
*** FLOP *** [4c 6d 7h]
lendogin: bets $4.90
mariofcd: folds 
Uncalled bet ($4.90) returned to lendogin
lendogin collected $1.90 from pot
*** SUMMARY ***
Total pot $2 | Rake $0.10 
Board [4c 6d 7h]
Seat 4: sutata
Seat 1: mariofcd (big blind) folded on the Flop
Seat 2: Callan25 folded before Flop (didn't bet)
Seat 3: SorinS28 folded before Flop (didn't bet)
Seat 5: Gaita_toien (button) folded before Flop (didn't bet)
Seat 6: lendogin (small blind) collected ($1.90)



PokerStars Hand #254646475289:  Hold'em No Limit ($0.50/$1.00 USD) - 2025/01/31 1:24:25 WET [2025/01/31 20:24:25 ET]
Table 'Maritima' 6-max Seat #6 is the button
Seat 4: sutata ($131.74 in chips) is sitting out
Seat 1: mariofcd ($100 in chips) 
Seat 2: Callan25 ($55.73 in chips) 
Seat 3: SorinS28 ($113.62 in chips) 
Seat 5: Gaita_toien ($116.82 in chips) 
Seat 6: lendogin ($23.57 in chips) 
mariofcd: posts small blind $0.50
Callan25: posts big blind $1
sutata: sits out 
*** HOLE CARDS ***
SorinS28: folds 
Gaita_toien: folds 
lendogin: folds 
mariofcd: folds 
Uncalled bet ($0.50) returned to Callan25
Callan25 collected $1 from pot
*** SUMMARY ***
Total pot $1 | Rake $0 
Seat 4: sutata
Seat 1: mariofcd (small blind) folded before Flop
Seat 2: Callan25 (big blind) collected ($1)
Seat 3: SorinS28 folded before Flop (didn't bet)
Seat 5: Gaita_toien folded before Flop (didn't bet)
Seat 6: lendogin (button) folded before Flop (didn't bet)



PokerStars Hand #254646478723:  Hold'em No Limit ($0.50/$1.00 USD) - 2025/01/31 1:24:43 WET [2025/01/31 20:24:43 ET]
Table 'Maritima' 6-max Seat #1 is the button
Seat 4: sutata ($131.74 in chips) is sitting out
Seat 1: mariofcd ($100 in chips) 
Seat 2: Callan25 ($56.23 in chips) 
Seat 3: SorinS28 ($113.62 in chips) 
Seat 5: Gaita_toien ($116.82 in chips) 
Seat 6: lendogin ($23.57 in chips) 
Callan25: posts small blind $0.50
SorinS28: posts big blind $1
sutata: sits out 
*** HOLE CARDS ***
Gaita_toien: folds 
lendogin: calls $1
mariofcd: raises $2 to $3
Callan25: folds 
SorinS28: folds 
lendogin: calls $2
*** FLOP *** [9c 3s 7s]
lendogin: checks 
mariofcd: checks 
*** TURN *** [9c 3s 7s] [2d]
lendogin: checks 
mariofcd: checks 
*** RIVER *** [9c 3s 7s 2d] [8d]
lendogin: bets $7.12
mariofcd: folds 
Uncalled bet ($7.12) returned to lendogin
lendogin collected $7.12 from pot
*** SUMMARY ***
Total pot $7.50 | Rake $0.38 
Board [9c 3s 7s 2d 8d]
Seat 4: sutata
Seat 1: mariofcd (button) folded on the River
Seat 2: Callan25 (small blind) folded before Flop
Seat 3: SorinS28 (big blind) folded before Flop
Seat 5: Gaita_toien folded before Flop (didn't bet)
Seat 6: lendogin collected ($7.12)



PokerStars Hand #254646494545:  Hold'em No Limit ($0.50/$1.00 USD) - 2025/01/31 1:26:08 WET [2025/01/31 20:26:08 ET]
Table 'Maritima' 6-max Seat #2 is the button
Seat 1: mariofcd ($100 in chips) 
Seat 2: Callan25 ($55.73 in chips) 
Seat 3: SorinS28 ($112.62 in chips) 
Seat 4: sutata ($131.74 in chips) 
Seat 5: Gaita_toien ($116.82 in chips) 
Seat 6: lendogin ($27.69 in chips) 
SorinS28: posts small blind $0.50
sutata: posts big blind $1
*** HOLE CARDS ***
Gaita_toien: folds 
lendogin: folds 
mariofcd: raises $1.25 to $2.25
Callan25: folds 
SorinS28: folds 
sutata: folds 
Uncalled bet ($1.25) returned to mariofcd
mariofcd collected $2.50 from pot
mariofcd: doesn't show hand 
*** SUMMARY ***
Total pot $2.50 | Rake $0 
Seat 1: mariofcd collected ($2.50)
Seat 2: Callan25 (button) folded before Flop (didn't bet)
Seat 3: SorinS28 (small blind) folded before Flop
Seat 4: sutata (big blind) folded before Flop
Seat 5: Gaita_toien folded before Flop (didn't bet)
Seat 6: lendogin folded before Flop (didn't bet)



PokerStars Hand #254646498203:  Hold'em No Limit ($0.50/$1.00 USD) - 2025/01/31 1:26:28 WET [2025/01/31 20:26:28 ET]
Table 'Maritima' 6-max Seat #3 is the button
Seat 1: mariofcd ($101.50 in chips) 
Seat 2: Callan25 ($55.73 in chips) 
Seat 3: SorinS28 ($112.12 in chips) 
Seat 4: sutata ($130.74 in chips) 
Seat 5: Gaita_toien ($116.82 in chips) 
Seat 6: lendogin ($27.69 in chips) 
sutata: posts small blind $0.50
Gaita_toien: posts big blind $1
*** HOLE CARDS ***
lendogin: folds 
mariofcd: folds 
Callan25: raises $2 to $3
SorinS28: folds 
sutata: raises $8.10 to $11.10
Gaita_toien: folds 
Callan25: calls $8.10
*** FLOP *** [7c 3h 4s]
sutata: bets $5.51
Callan25: calls $5.51
*** TURN *** [7c 3h 4s] [9h]
sutata: checks 
Callan25: bets $39.12 and is all-in
sutata: calls $39.12
*** RIVER *** [7c 3h 4s 9h] [4d]
*** SHOW DOWN ***
sutata: shows [Ah Jd] (a pair of Fours)
Callan25: shows [4c 2c] (three of a kind, Fours)
Callan25 cashed out the hand for $93.06 | Cash Out Fee $1.90
*** SUMMARY ***
Total pot $112.46 | Rake $2.50 
Board [7c 3h 4s 9h 4d]
Seat 1: mariofcd folded before Flop (didn't bet)
Seat 2: Callan25 showed [4c 2c] and won ($109.96) with three of a kind, Fours (pot not awarded as player cashed out)
Seat 3: SorinS28 (button) folded before Flop (didn't bet)
Seat 4: sutata (small blind) showed [Ah Jd] and lost with a pair of Fours
Seat 5: Gaita_toien (big blind) folded before Flop
Seat 6: lendogin folded before Flop (didn't bet)



PokerStars Hand #254646509880:  Hold'em No Limit ($0.50/$1.00 USD) - 2025/01/31 1:27:30 WET [2025/01/31 20:27:30 ET]
Table 'Maritima' 6-max Seat #4 is the button
Seat 1: mariofcd ($101.50 in chips) 
Seat 2: Callan25 ($93.06 in chips) 
Seat 3: SorinS28 ($112.12 in chips) 
Seat 4: sutata ($100 in chips) 
Seat 5: Gaita_toien ($115.82 in chips) 
Seat 6: lendogin ($27.69 in chips) 
Gaita_toien: posts small blind $0.50
lendogin: posts big blind $1
*** HOLE CARDS ***
mariofcd: folds 
Callan25: raises $92.06 to $93.06 and is all-in
SorinS28: folds 
sutata: folds 
Gaita_toien: folds 
lendogin: calls $26.69 and is all-in
Uncalled bet ($65.37) returned to Callan25
*** FLOP *** [3d Tc 5c]
*** TURN *** [3d Tc 5c] [Ah]
*** RIVER *** [3d Tc 5c Ah] [6d]
*** SHOW DOWN ***
lendogin: shows [Ks Kc] (a pair of Kings)
Callan25: shows [Ad 7s] (a pair of Aces)
Callan25 collected $53.38 from pot
lendogin cashed out the hand for $37.48 | Cash Out Fee $0.76
*** SUMMARY ***
Total pot $55.88 | Rake $2.50 
Board [3d Tc 5c Ah 6d]
Seat 1: mariofcd folded before Flop (didn't bet)
Seat 2: Callan25 showed [Ad 7s] and won ($53.38) with a pair of Aces
Seat 3: SorinS28 folded before Flop (didn't bet)
Seat 4: sutata (button) folded before Flop (didn't bet)
Seat 5: Gaita_toien (small blind) folded before Flop
Seat 6: lendogin (big blind) showed [Ks Kc] and lost with a pair of Kings (cashed out).



PokerStars Hand #254646517628:  Hold'em No Limit ($0.50/$1.00 USD) - 2025/01/31 1:28:11 WET [2025/01/31 20:28:11 ET]
Table 'Maritima' 6-max Seat #5 is the button
Seat 1: mariofcd ($101.50 in chips) 
Seat 2: Callan25 ($118.75 in chips) 
Seat 3: SorinS28 ($112.12 in chips) 
Seat 4: sutata ($100 in chips) 
Seat 5: Gaita_toien ($115.32 in chips) 
Seat 6: lendogin ($37.48 in chips) 
lendogin: posts small blind $0.50
mariofcd: posts big blind $1
*** HOLE CARDS ***
Callan25: folds 
SorinS28: folds 
sutata: folds 
Callan25 leaves the table
Gaita_toien: raises $1.50 to $2.50
lendogin: folds 
sutata leaves the table
mariofcd: folds 
Uncalled bet ($1.50) returned to Gaita_toien
Gaita_toien collected $2.50 from pot
Gaita_toien: doesn't show hand 
*** SUMMARY ***
Total pot $2.50 | Rake $0 
Seat 1: mariofcd (big blind) folded before Flop
Seat 2: Callan25 folded before Flop (didn't bet)
Seat 3: SorinS28 folded before Flop (didn't bet)
Seat 4: sutata folded before Flop (didn't bet)
Seat 5: Gaita_toien (button) collected ($2.50)
Seat 6: lendogin (small blind) folded before Flop



PokerStars Hand #254646522895:  Hold'em No Limit ($0.50/$1.00 USD) - 2025/01/31 1:28:39 WET [2025/01/31 20:28:39 ET]
Table 'Maritima' 6-max Seat #6 is the button
Seat 1: mariofcd ($100.50 in chips) 
Seat 3: SorinS28 ($112.12 in chips) 
Seat 5: Gaita_toien ($116.82 in chips) 
Seat 6: lendogin ($36.98 in chips) 
mariofcd: posts small blind $0.50
SorinS28: posts big blind $1
*** HOLE CARDS ***
Gaita_toien: raises $1.50 to $2.50
lendogin: folds 
mariofcd: raises $8.70 to $11.20
SorinS28: folds 
Gaita_toien: folds 
Uncalled bet ($8.70) returned to mariofcd
mariofcd collected $6 from pot
mariofcd: doesn't show hand 
*** SUMMARY ***
Total pot $6 | Rake $0 
Seat 1: mariofcd (small blind) collected ($6)
Seat 3: SorinS28 (big blind) folded before Flop
Seat 5: Gaita_toien folded before Flop
Seat 6: lendogin (button) folded before Flop (didn't bet)



PokerStars Hand #254646527425:  Hold'em No Limit ($0.50/$1.00 USD) - 2025/01/31 1:29:03 WET [2025/01/31 20:29:03 ET]
Table 'Maritima' 6-max Seat #1 is the button
Seat 1: mariofcd ($104 in chips) 
Seat 3: SorinS28 ($111.12 in chips) 
Seat 5: Gaita_toien ($114.32 in chips) 
Seat 6: lendogin ($36.98 in chips) 
SorinS28: posts small blind $0.50
Gaita_toien: posts big blind $1
*** HOLE CARDS ***
lendogin: calls $1
mariofcd: raises $1.45 to $2.45
SorinS28: folds 
Gaita_toien: raises $11.05 to $13.50
lendogin: folds 
mariofcd: folds 
Uncalled bet ($11.05) returned to Gaita_toien
Gaita_toien collected $6.40 from pot
Gaita_toien: doesn't show hand 
*** SUMMARY ***
Total pot $6.40 | Rake $0 
Seat 1: mariofcd (button) folded before Flop
Seat 3: SorinS28 (small blind) folded before Flop
Seat 5: Gaita_toien (big blind) collected ($6.40)
Seat 6: lendogin folded before Flop



PokerStars Hand #254646533752:  Hold'em No Limit ($0.50/$1.00 USD) - 2025/01/31 1:29:36 WET [2025/01/31 20:29:36 ET]
Table 'Maritima' 6-max Seat #3 is the button
Seat 1: mariofcd ($101.55 in chips) 
Seat 3: SorinS28 ($110.62 in chips) 
Seat 5: Gaita_toien ($118.27 in chips) 
Seat 6: lendogin ($35.98 in chips) 
Gaita_toien: posts small blind $0.50
lendogin: posts big blind $1
*** HOLE CARDS ***
mariofcd: raises $1.25 to $2.25
SorinS28: folds 
Gaita_toien: folds 
lendogin: calls $1.25
*** FLOP *** [Js 9c 9s]
lendogin: bets $2.38
mariofcd: raises $7.13 to $9.51
lendogin: folds 
Uncalled bet ($7.13) returned to mariofcd
mariofcd collected $9.27 from pot
mariofcd: doesn't show hand 
*** SUMMARY ***
Total pot $9.76 | Rake $0.49 
Board [Js 9c 9s]
Seat 1: mariofcd collected ($9.27)
Seat 3: SorinS28 (button) folded before Flop (didn't bet)
Seat 5: Gaita_toien (small blind) folded before Flop
Seat 6: lendogin (big blind) folded on the Flop



PokerStars Hand #254646539081:  Hold'em No Limit ($0.50/$1.00 USD) - 2025/01/31 1:30:05 WET [2025/01/31 20:30:05 ET]
Table 'Maritima' 6-max Seat #6 is the button
Seat 1: mariofcd ($106.19 in chips) is sitting out
Seat 3: SorinS28 ($110.62 in chips) is sitting out
Seat 5: Gaita_toien ($117.77 in chips) 
Seat 6: lendogin ($31.35 in chips) 
lendogin: posts small blind $0.50
mariofcd: is sitting out 
SorinS28: is sitting out 
Gaita_toien: posts big blind $1
*** HOLE CARDS ***
SorinS28 leaves the table
mariofcd leaves the table
lendogin: calls $0.50
Gaita_toien: checks 
*** FLOP *** [2d 7h 2h]
Gaita_toien: checks 
lendogin: bets $1.90
Gaita_toien: raises $2.45 to $4.35
lendogin: calls $2.45
*** TURN *** [2d 7h 2h] [7s]
Gaita_toien: checks 
lendogin: checks 
*** RIVER *** [2d 7h 2h 7s] [3c]
Gaita_toien: checks 
lendogin: checks 
*** SHOW DOWN ***
Gaita_toien: shows [Kh 4d] (two pair, Sevens and Deuces)
lendogin: mucks hand 
Gaita_toien collected $10.16 from pot
*** SUMMARY ***
Total pot $10.70 | Rake $0.54 
Board [2d 7h 2h 7s 3c]
Seat 1: mariofcd
Seat 3: SorinS28
Seat 5: Gaita_toien (big blind) showed [Kh 4d] and won ($10.16) with two pair, Sevens and Deuces
Seat 6: lendogin (button) (small blind) mucked



PokerStars Hand #254646548388:  Hold'em No Limit ($0.50/$1.00 USD) - 2025/01/31 1:30:54 WET [2025/01/31 20:30:54 ET]
Table 'Maritima' 6-max Seat #5 is the button
Seat 5: Gaita_toien ($122.58 in chips) 
Seat 6: lendogin ($26 in chips) 
Gaita_toien: posts small blind $0.50
lendogin: posts big blind $1
*** HOLE CARDS ***
Gaita_toien: raises $1 to $2
lendogin: folds 
Uncalled bet ($1) returned to Gaita_toien
lendogin leaves the table
Gaita_toien collected $2 from pot
Gaita_toien: doesn't show hand 
*** SUMMARY ***
Total pot $2 | Rake $0 
Seat 5: Gaita_toien (button) (small blind) collected ($2)
Seat 6: lendogin (big blind) folded before Flop



