PokerStars Hand #254636530376:  Hold'em No Limit ($0.50/$1.00 USD) - 2025/01/31 14:01:14 WET [2025/01/31 9:01:14 ET]
Table 'Tombaugh' 6-max Seat #1 is the button
Seat 1: KarP93 ($100 in chips) 
Seat 2: Pippa83 ($101.38 in chips) 
Seat 3: Arhetipon ($10 in chips) 
Seat 4: erpaye ($100 in chips) 
Seat 5: iljot ($106.12 in chips) 
Seat 6: easy_sarcasm ($104 in chips) 
Pippa83: posts small blind $0.50
Arhetipon: posts big blind $1
*** HOLE CARDS ***
erpaye: raises $1.10 to $2.10
iljot: folds 
easy_sarcasm: raises $5.90 to $8
KarP93: folds 
Pippa83: folds 
Arhetipon: calls $7
erpaye: calls $5.90
*** FLOP *** [6c Qd 3c]
Arhetipon: checks 
erpaye: checks 
easy_sarcasm: checks 
*** TURN *** [6c Qd 3c] [4h]
Arhetipon: checks 
erpaye: bets $2.33
easy_sarcasm: raises $8.67 to $11
Arhetipon: folds 
erpaye: calls $8.67
*** RIVER *** [6c Qd 3c 4h] [Kh]
erpaye: checks 
easy_sarcasm: checks 
*** SHOW DOWN ***
erpaye: shows [6d 7d] (a pair of Sixes)
easy_sarcasm: shows [Jc Qc] (a pair of Queens)
easy_sarcasm collected $44.18 from pot
*** SUMMARY ***
Total pot $46.50 | Rake $2.32 
Board [6c Qd 3c 4h Kh]
Seat 1: KarP93 (button) folded before Flop (didn't bet)
Seat 2: Pippa83 (small blind) folded before Flop
Seat 3: Arhetipon (big blind) folded on the Turn
Seat 4: erpaye showed [6d 7d] and lost with a pair of Sixes
Seat 5: iljot folded before Flop (didn't bet)
Seat 6: easy_sarcasm showed [Jc Qc] and won ($44.18) with a pair of Queens



PokerStars Hand #254636544337:  Hold'em No Limit ($0.50/$1.00 USD) - 2025/01/31 14:02:38 WET [2025/01/31 9:02:38 ET]
Table 'Tombaugh' 6-max Seat #2 is the button
Seat 1: KarP93 ($100 in chips) 
Seat 2: Pippa83 ($100.88 in chips) 
Seat 3: Arhetipon ($2 in chips) 
Seat 4: erpaye ($100 in chips) 
Seat 5: iljot ($106.12 in chips) 
Seat 6: easy_sarcasm ($129.18 in chips) 
Arhetipon: posts small blind $0.50
erpaye: posts big blind $1
*** HOLE CARDS ***
iljot: folds 
easy_sarcasm: folds 
KarP93: folds 
Pippa83: folds 
Arhetipon: calls $0.50
erpaye: checks 
*** FLOP *** [5d Ts 6h]
Arhetipon: checks 
erpaye: bets $1
Arhetipon: calls $1 and is all-in
*** TURN *** [5d Ts 6h] [Qc]
*** RIVER *** [5d Ts 6h Qc] [3h]
*** SHOW DOWN ***
Arhetipon: shows [Ks 3s] (a pair of Threes)
erpaye: shows [Kd 9s] (high card King)
Arhetipon collected $3.80 from pot
*** SUMMARY ***
Total pot $4 | Rake $0.20 
Board [5d Ts 6h Qc 3h]
Seat 1: KarP93 folded before Flop (didn't bet)
Seat 2: Pippa83 (button) folded before Flop (didn't bet)
Seat 3: Arhetipon (small blind) showed [Ks 3s] and won ($3.80) with a pair of Threes
Seat 4: erpaye (big blind) showed [Kd 9s] and lost with high card King
Seat 5: iljot folded before Flop (didn't bet)
Seat 6: easy_sarcasm folded before Flop (didn't bet)



PokerStars Hand #254636552634:  Hold'em No Limit ($0.50/$1.00 USD) - 2025/01/31 14:03:28 WET [2025/01/31 9:03:28 ET]
Table 'Tombaugh' 6-max Seat #3 is the button
Seat 1: KarP93 ($100 in chips) 
Seat 2: Pippa83 ($100.88 in chips) 
Seat 3: Arhetipon ($3.80 in chips) 
Seat 4: erpaye ($100 in chips) 
Seat 5: iljot ($106.12 in chips) 
Seat 6: easy_sarcasm ($129.18 in chips) 
erpaye: posts small blind $0.50
iljot: posts big blind $1
*** HOLE CARDS ***
easy_sarcasm: folds 
KarP93: raises $1.50 to $2.50
Pippa83: folds 
Arhetipon: folds 
erpaye: folds 
iljot: folds 
Uncalled bet ($1.50) returned to KarP93
KarP93 collected $2.50 from pot
KarP93: doesn't show hand 
*** SUMMARY ***
Total pot $2.50 | Rake $0 
Seat 1: KarP93 collected ($2.50)
Seat 2: Pippa83 folded before Flop (didn't bet)
Seat 3: Arhetipon (button) folded before Flop (didn't bet)
Seat 4: erpaye (small blind) folded before Flop
Seat 5: iljot (big blind) folded before Flop
Seat 6: easy_sarcasm folded before Flop (didn't bet)



PokerStars Hand #254636559040:  Hold'em No Limit ($0.50/$1.00 USD) - 2025/01/31 14:04:07 WET [2025/01/31 9:04:07 ET]
Table 'Tombaugh' 6-max Seat #4 is the button
Seat 1: KarP93 ($101.50 in chips) 
Seat 2: Pippa83 ($100.88 in chips) 
Seat 3: Arhetipon ($3.80 in chips) 
Seat 4: erpaye ($100 in chips) 
Seat 5: iljot ($105.12 in chips) 
Seat 6: easy_sarcasm ($129.18 in chips) 
iljot: posts small blind $0.50
easy_sarcasm: posts big blind $1
*** HOLE CARDS ***
KarP93: folds 
Pippa83: raises $1.20 to $2.20
Arhetipon: folds 
erpaye: folds 
iljot: folds 
easy_sarcasm: folds 
Uncalled bet ($1.20) returned to Pippa83
Pippa83 collected $2.50 from pot
Pippa83: doesn't show hand 
*** SUMMARY ***
Total pot $2.50 | Rake $0 
Seat 1: KarP93 folded before Flop (didn't bet)
Seat 2: Pippa83 collected ($2.50)
Seat 3: Arhetipon folded before Flop (didn't bet)
Seat 4: erpaye (button) folded before Flop (didn't bet)
Seat 5: iljot (small blind) folded before Flop
Seat 6: easy_sarcasm (big blind) folded before Flop



PokerStars Hand #254636567486:  Hold'em No Limit ($0.50/$1.00 USD) - 2025/01/31 14:04:56 WET [2025/01/31 9:04:56 ET]
Table 'Tombaugh' 6-max Seat #5 is the button
Seat 1: KarP93 ($101.50 in chips) is sitting out
Seat 2: Pippa83 ($102.38 in chips) 
Seat 3: Arhetipon ($3.80 in chips) 
Seat 4: erpaye ($100 in chips) 
Seat 5: iljot ($104.62 in chips) 
Seat 6: easy_sarcasm ($128.18 in chips) 
easy_sarcasm: posts small blind $0.50
KarP93: is sitting out 
Pippa83: posts big blind $1
*** HOLE CARDS ***
Arhetipon: folds 
erpaye: raises $1.10 to $2.10
iljot: calls $2.10
easy_sarcasm: folds 
Pippa83: raises $10.90 to $13
erpaye: folds 
iljot: folds 
Uncalled bet ($10.90) returned to Pippa83
Pippa83 collected $6.80 from pot
Pippa83: doesn't show hand 
*** SUMMARY ***
Total pot $6.80 | Rake $0 
Seat 1: KarP93
Seat 2: Pippa83 (big blind) collected ($6.80)
Seat 3: Arhetipon folded before Flop (didn't bet)
Seat 4: erpaye folded before Flop
Seat 5: iljot (button) folded before Flop
Seat 6: easy_sarcasm (small blind) folded before Flop



PokerStars Hand #254636574840:  Hold'em No Limit ($0.50/$1.00 USD) - 2025/01/31 14:05:41 WET [2025/01/31 9:05:41 ET]
Table 'Tombaugh' 6-max Seat #6 is the button
Seat 1: KarP93 ($101.50 in chips) is sitting out
Seat 2: Pippa83 ($107.08 in chips) 
Seat 3: Arhetipon ($3.80 in chips) 
Seat 4: erpaye ($100 in chips) 
Seat 5: iljot ($102.52 in chips) 
Seat 6: easy_sarcasm ($127.68 in chips) 
Pippa83: posts small blind $0.50
Arhetipon: posts big blind $1
*** HOLE CARDS ***
erpaye: raises $2.30 to $3.30
iljot: folds 
easy_sarcasm: folds 
Pippa83: folds 
Arhetipon: calls $2.30
*** FLOP *** [Jh 4s 7h]
Arhetipon: checks 
erpaye: bets $1
Arhetipon: calls $0.50 and is all-in
Uncalled bet ($0.50) returned to erpaye
*** TURN *** [Jh 4s 7h] [2d]
*** RIVER *** [Jh 4s 7h 2d] [9s]
*** SHOW DOWN ***
Arhetipon: shows [5s Ac] (high card Ace)
erpaye: shows [9d 9h] (three of a kind, Nines)
erpaye collected $7.70 from pot
*** SUMMARY ***
Total pot $8.10 | Rake $0.40 
Board [Jh 4s 7h 2d 9s]
Seat 1: KarP93
Seat 2: Pippa83 (small blind) folded before Flop
Seat 3: Arhetipon (big blind) showed [5s Ac] and lost with high card Ace
Seat 4: erpaye showed [9d 9h] and won ($7.70) with three of a kind, Nines
Seat 5: iljot folded before Flop (didn't bet)
Seat 6: easy_sarcasm (button) folded before Flop (didn't bet)



PokerStars Hand #254636581917:  Hold'em No Limit ($0.50/$1.00 USD) - 2025/01/31 14:06:23 WET [2025/01/31 9:06:23 ET]
Table 'Tombaugh' 6-max Seat #2 is the button
Seat 1: KarP93 ($101.50 in chips) is sitting out
Seat 3: Arhetipon ($0 in chips) is sitting out
Seat 2: Pippa83 ($106.58 in chips) 
Seat 4: erpaye ($103.90 in chips) 
Seat 5: iljot ($102.52 in chips) 
Seat 6: easy_sarcasm ($127.68 in chips) 
erpaye: posts small blind $0.50
iljot: posts big blind $1
*** HOLE CARDS ***
Arhetipon leaves the table
easy_sarcasm: folds 
Pippa83: raises $1.50 to $2.50
erpaye: folds 
iljot: calls $1.50
*** FLOP *** [5c Jc Tc]
iljot: bets $3
Pippa83: calls $3
*** TURN *** [5c Jc Tc] [9s]
iljot: bets $5
Pippa83: folds 
Uncalled bet ($5) returned to iljot
value_ftw joins the table at seat #3 
iljot collected $10.92 from pot
*** SUMMARY ***
Total pot $11.50 | Rake $0.58 
Board [5c Jc Tc 9s]
Seat 1: KarP93
Seat 3: Arhetipon
Seat 2: Pippa83 (button) folded on the Turn
Seat 4: erpaye (small blind) folded before Flop
Seat 5: iljot (big blind) collected ($10.92)
Seat 6: easy_sarcasm folded before Flop (didn't bet)



PokerStars Hand #254636589229:  Hold'em No Limit ($0.50/$1.00 USD) - 2025/01/31 14:07:05 WET [2025/01/31 9:07:05 ET]
Table 'Tombaugh' 6-max Seat #4 is the button
Seat 1: KarP93 ($101.50 in chips) is sitting out
Seat 3: value_ftw ($100 in chips) is sitting out
Seat 2: Pippa83 ($101.08 in chips) 
Seat 4: erpaye ($103.40 in chips) 
Seat 5: iljot ($107.94 in chips) 
Seat 6: easy_sarcasm ($127.68 in chips) 
iljot: posts small blind $0.50
easy_sarcasm: posts big blind $1
value_ftw: sits out 
*** HOLE CARDS ***
Pippa83: folds 
erpaye: raises $1.20 to $2.20
iljot: folds 
easy_sarcasm: calls $1.20
*** FLOP *** [Qd 9d Js]
easy_sarcasm: checks 
erpaye: checks 
*** TURN *** [Qd 9d Js] [4h]
easy_sarcasm: bets $2.50
erpaye: calls $2.50
*** RIVER *** [Qd 9d Js 4h] [8h]
easy_sarcasm: checks 
erpaye: checks 
*** SHOW DOWN ***
easy_sarcasm: shows [9c Qc] (two pair, Queens and Nines)
erpaye: mucks hand 
easy_sarcasm collected $9.40 from pot
*** SUMMARY ***
Total pot $9.90 | Rake $0.50 
Board [Qd 9d Js 4h 8h]
Seat 1: KarP93
Seat 3: value_ftw
Seat 2: Pippa83 folded before Flop (didn't bet)
Seat 4: erpaye (button) mucked
Seat 5: iljot (small blind) folded before Flop
Seat 6: easy_sarcasm (big blind) showed [9c Qc] and won ($9.40) with two pair, Queens and Nines



PokerStars Hand #254636598093:  Hold'em No Limit ($0.50/$1.00 USD) - 2025/01/31 14:07:57 WET [2025/01/31 9:07:57 ET]
Table 'Tombaugh' 6-max Seat #5 is the button
Seat 1: KarP93 ($101.50 in chips) is sitting out
Seat 3: value_ftw ($100 in chips) is sitting out
Seat 2: Pippa83 ($101.08 in chips) 
Seat 4: erpaye ($100 in chips) 
Seat 5: iljot ($107.44 in chips) 
Seat 6: easy_sarcasm ($132.38 in chips) 
easy_sarcasm: posts small blind $0.50
Pippa83: posts big blind $1
value_ftw: sits out 
*** HOLE CARDS ***
erpaye: folds 
iljot: raises $2 to $3
easy_sarcasm: folds 
Pippa83: folds 
Uncalled bet ($2) returned to iljot
iljot collected $2.50 from pot
*** SUMMARY ***
Total pot $2.50 | Rake $0 
Seat 1: KarP93
Seat 3: value_ftw
Seat 2: Pippa83 (big blind) folded before Flop
Seat 4: erpaye folded before Flop (didn't bet)
Seat 5: iljot (button) collected ($2.50)
Seat 6: easy_sarcasm (small blind) folded before Flop



PokerStars Hand #254636601407:  Hold'em No Limit ($0.50/$1.00 USD) - 2025/01/31 14:08:16 WET [2025/01/31 9:08:16 ET]
Table 'Tombaugh' 6-max Seat #6 is the button
Seat 1: KarP93 ($101.50 in chips) is sitting out
Seat 2: Pippa83 ($100.08 in chips) 
Seat 3: value_ftw ($100 in chips) 
Seat 4: erpaye ($100 in chips) 
Seat 5: iljot ($108.94 in chips) 
Seat 6: easy_sarcasm ($131.88 in chips) 
Pippa83: posts small blind $0.50
value_ftw: posts big blind $1
*** HOLE CARDS ***
erpaye: raises $1.20 to $2.20
iljot: folds 
easy_sarcasm: raises $5.80 to $8
Pippa83: folds 
value_ftw: folds 
erpaye: raises $15.50 to $23.50
easy_sarcasm: calls $15.50
*** FLOP *** [2d 3h Th]
erpaye: checks 
easy_sarcasm: bets $16.50
erpaye: folds 
Uncalled bet ($16.50) returned to easy_sarcasm
easy_sarcasm collected $46.08 from pot
*** SUMMARY ***
Total pot $48.50 | Rake $2.42 
Board [2d 3h Th]
Seat 1: KarP93
Seat 2: Pippa83 (small blind) folded before Flop
Seat 3: value_ftw (big blind) folded before Flop
Seat 4: erpaye folded on the Flop
Seat 5: iljot folded before Flop (didn't bet)
Seat 6: easy_sarcasm (button) collected ($46.08)



PokerStars Hand #254636613130:  Hold'em No Limit ($0.50/$1.00 USD) - 2025/01/31 14:09:25 WET [2025/01/31 9:09:25 ET]
Table 'Tombaugh' 6-max Seat #2 is the button
Seat 1: KarP93 ($101.50 in chips) is sitting out
Seat 2: Pippa83 ($100 in chips) 
Seat 3: value_ftw ($100 in chips) 
Seat 4: erpaye ($100 in chips) 
Seat 5: iljot ($108.94 in chips) 
Seat 6: easy_sarcasm ($154.46 in chips) 
value_ftw: posts small blind $0.50
erpaye: posts big blind $1
*** HOLE CARDS ***
iljot: folds 
easy_sarcasm: folds 
Pippa83: folds 
value_ftw: folds 
Uncalled bet ($0.50) returned to erpaye
erpaye collected $1 from pot
erpaye: doesn't show hand 
*** SUMMARY ***
Total pot $1 | Rake $0 
Seat 1: KarP93
Seat 2: Pippa83 (button) folded before Flop (didn't bet)
Seat 3: value_ftw (small blind) folded before Flop
Seat 4: erpaye (big blind) collected ($1)
Seat 5: iljot folded before Flop (didn't bet)
Seat 6: easy_sarcasm folded before Flop (didn't bet)



PokerStars Hand #254636615196:  Hold'em No Limit ($0.50/$1.00 USD) - 2025/01/31 14:09:37 WET [2025/01/31 9:09:37 ET]
Table 'Tombaugh' 6-max Seat #3 is the button
Seat 1: KarP93 ($101.50 in chips) is sitting out
Seat 2: Pippa83 ($100 in chips) 
Seat 3: value_ftw ($100 in chips) 
Seat 4: erpaye ($100.50 in chips) 
Seat 5: iljot ($108.94 in chips) 
Seat 6: easy_sarcasm ($154.46 in chips) 
erpaye: posts small blind $0.50
iljot: posts big blind $1
*** HOLE CARDS ***
easy_sarcasm: raises $2 to $3
Pippa83: folds 
value_ftw: folds 
erpaye: folds 
iljot: calls $2
*** FLOP *** [Jh 3d 7h]
iljot: checks 
easy_sarcasm: bets $2
iljot: calls $2
*** TURN *** [Jh 3d 7h] [Qc]
iljot: checks 
easy_sarcasm: checks 
*** RIVER *** [Jh 3d 7h Qc] [4c]
iljot: bets $3
easy_sarcasm: folds 
Uncalled bet ($3) returned to iljot
iljot collected $9.98 from pot
*** SUMMARY ***
Total pot $10.50 | Rake $0.52 
Board [Jh 3d 7h Qc 4c]
Seat 1: KarP93
Seat 2: Pippa83 folded before Flop (didn't bet)
Seat 3: value_ftw (button) folded before Flop (didn't bet)
Seat 4: erpaye (small blind) folded before Flop
Seat 5: iljot (big blind) collected ($9.98)
Seat 6: easy_sarcasm folded on the River



PokerStars Hand #254636622108:  Hold'em No Limit ($0.50/$1.00 USD) - 2025/01/31 14:10:17 WET [2025/01/31 9:10:17 ET]
Table 'Tombaugh' 6-max Seat #4 is the button
Seat 1: KarP93 ($101.50 in chips) is sitting out
Seat 2: Pippa83 ($100 in chips) 
Seat 3: value_ftw ($100 in chips) 
Seat 4: erpaye ($100 in chips) 
Seat 5: iljot ($113.92 in chips) 
Seat 6: easy_sarcasm ($149.46 in chips) 
iljot: posts small blind $0.50
easy_sarcasm: posts big blind $1
*** HOLE CARDS ***
Pippa83: folds 
value_ftw: folds 
erpaye: raises $1.30 to $2.30
iljot: folds 
easy_sarcasm: folds 
Uncalled bet ($1.30) returned to erpaye
erpaye collected $2.50 from pot
erpaye: doesn't show hand 
*** SUMMARY ***
Total pot $2.50 | Rake $0 
Seat 1: KarP93
Seat 2: Pippa83 folded before Flop (didn't bet)
Seat 3: value_ftw folded before Flop (didn't bet)
Seat 4: erpaye (button) collected ($2.50)
Seat 5: iljot (small blind) folded before Flop
Seat 6: easy_sarcasm (big blind) folded before Flop



PokerStars Hand #254636625811:  Hold'em No Limit ($0.50/$1.00 USD) - 2025/01/31 14:10:38 WET [2025/01/31 9:10:38 ET]
Table 'Tombaugh' 6-max Seat #5 is the button
Seat 1: KarP93 ($101.50 in chips) is sitting out
Seat 2: Pippa83 ($100 in chips) 
Seat 3: value_ftw ($100 in chips) 
Seat 4: erpaye ($101.50 in chips) 
Seat 5: iljot ($113.42 in chips) 
Seat 6: easy_sarcasm ($148.46 in chips) 
easy_sarcasm: posts small blind $0.50
Pippa83: posts big blind $1
*** HOLE CARDS ***
value_ftw: raises $1.20 to $2.20
erpaye: folds 
iljot: calls $2.20
easy_sarcasm: folds 
Pippa83: calls $1.20
*** FLOP *** [6d Js 4d]
Pippa83: checks 
value_ftw: bets $2.22
iljot: calls $2.22
Pippa83: folds 
*** TURN *** [6d Js 4d] [Jh]
value_ftw: bets $3.62
iljot: folds 
Uncalled bet ($3.62) returned to value_ftw
value_ftw collected $10.96 from pot
value_ftw: doesn't show hand 
*** SUMMARY ***
Total pot $11.54 | Rake $0.58 
Board [6d Js 4d Jh]
Seat 1: KarP93
Seat 2: Pippa83 (big blind) folded on the Flop
Seat 3: value_ftw collected ($10.96)
Seat 4: erpaye folded before Flop (didn't bet)
Seat 5: iljot (button) folded on the Turn
Seat 6: easy_sarcasm (small blind) folded before Flop



PokerStars Hand #254636633741:  Hold'em No Limit ($0.50/$1.00 USD) - 2025/01/31 14:11:25 WET [2025/01/31 9:11:25 ET]
Table 'Tombaugh' 6-max Seat #6 is the button
Seat 1: KarP93 ($101.50 in chips) is sitting out
Seat 2: Pippa83 ($100 in chips) 
Seat 3: value_ftw ($106.54 in chips) 
Seat 4: erpaye ($101.50 in chips) 
Seat 5: iljot ($109 in chips) 
Seat 6: easy_sarcasm ($147.96 in chips) 
Pippa83: posts small blind $0.50
value_ftw: posts big blind $1
*** HOLE CARDS ***
erpaye: folds 
iljot: raises $2 to $3
easy_sarcasm: folds 
Pippa83: calls $2.50
value_ftw: folds 
*** FLOP *** [3d Th 6h]
Pippa83: checks 
iljot: bets $4
Pippa83: calls $4
*** TURN *** [3d Th 6h] [Qh]
Pippa83: checks 
iljot: bets $4
Pippa83: folds 
Uncalled bet ($4) returned to iljot
iljot collected $14.25 from pot
*** SUMMARY ***
Total pot $15 | Rake $0.75 
Board [3d Th 6h Qh]
Seat 1: KarP93
Seat 2: Pippa83 (small blind) folded on the Turn
Seat 3: value_ftw (big blind) folded before Flop
Seat 4: erpaye folded before Flop (didn't bet)
Seat 5: iljot collected ($14.25)
Seat 6: easy_sarcasm (button) folded before Flop (didn't bet)



PokerStars Hand #254636641708:  Hold'em No Limit ($0.50/$1.00 USD) - 2025/01/31 14:12:13 WET [2025/01/31 9:12:13 ET]
Table 'Tombaugh' 6-max Seat #2 is the button
Seat 1: KarP93 ($101.50 in chips) is sitting out
Seat 4: erpaye ($101.50 in chips) is sitting out
Seat 2: Pippa83 ($100 in chips) 
Seat 3: value_ftw ($105.54 in chips) 
Seat 5: iljot ($116.25 in chips) 
Seat 6: easy_sarcasm ($147.96 in chips) 
value_ftw: posts small blind $0.50
erpaye: is sitting out 
iljot: posts big blind $1
KarP93: sits out 
*** HOLE CARDS ***
easy_sarcasm: folds 
Pippa83: raises $1.50 to $2.50
value_ftw: folds 
erpaye leaves the table
iljot: folds 
Uncalled bet ($1.50) returned to Pippa83
Pippa83 collected $2.50 from pot
Pippa83: doesn't show hand 
*** SUMMARY ***
Total pot $2.50 | Rake $0 
Seat 1: KarP93
Seat 4: erpaye
Seat 2: Pippa83 (button) collected ($2.50)
Seat 3: value_ftw (small blind) folded before Flop
Seat 5: iljot (big blind) folded before Flop
Seat 6: easy_sarcasm folded before Flop (didn't bet)



PokerStars Hand #254636643675:  Hold'em No Limit ($0.50/$1.00 USD) - 2025/01/31 14:12:24 WET [2025/01/31 9:12:24 ET]
Table 'Tombaugh' 6-max Seat #3 is the button
Seat 1: KarP93 ($101.50 in chips) is sitting out
Seat 2: Pippa83 ($101.50 in chips) 
Seat 3: value_ftw ($105.04 in chips) 
Seat 5: iljot ($115.25 in chips) 
Seat 6: easy_sarcasm ($147.96 in chips) 
iljot: posts small blind $0.50
easy_sarcasm: posts big blind $1
KarP93: sits out 
*** HOLE CARDS ***
Pippa83: folds 
value_ftw: raises $1.50 to $2.50
iljot: folds 
easy_sarcasm: folds 
Uncalled bet ($1.50) returned to value_ftw
value_ftw collected $2.50 from pot
value_ftw: doesn't show hand 
*** SUMMARY ***
Total pot $2.50 | Rake $0 
Seat 1: KarP93
Seat 2: Pippa83 folded before Flop (didn't bet)
Seat 3: value_ftw (button) collected ($2.50)
Seat 5: iljot (small blind) folded before Flop
Seat 6: easy_sarcasm (big blind) folded before Flop



PokerStars Hand #254636646478:  Hold'em No Limit ($0.50/$1.00 USD) - 2025/01/31 14:12:41 WET [2025/01/31 9:12:41 ET]
Table 'Tombaugh' 6-max Seat #5 is the button
Seat 1: KarP93 ($101.50 in chips) 
Seat 2: Pippa83 ($101.50 in chips) 
Seat 3: value_ftw ($106.54 in chips) 
Seat 5: iljot ($114.75 in chips) 
Seat 6: easy_sarcasm ($146.96 in chips) 
easy_sarcasm: posts small blind $0.50
KarP93: posts big blind $1
*** HOLE CARDS ***
Pippa83: folds 
value_ftw: raises $1.20 to $2.20
iljot: folds 
Fold Your Cats joins the table at seat #4 
easy_sarcasm: folds 
KarP93: folds 
Uncalled bet ($1.20) returned to value_ftw
value_ftw collected $2.50 from pot
value_ftw: doesn't show hand 
*** SUMMARY ***
Total pot $2.50 | Rake $0 
Seat 1: KarP93 (big blind) folded before Flop
Seat 2: Pippa83 folded before Flop (didn't bet)
Seat 3: value_ftw collected ($2.50)
Seat 5: iljot (button) folded before Flop (didn't bet)
Seat 6: easy_sarcasm (small blind) folded before Flop



PokerStars Hand #254636650486:  Hold'em No Limit ($0.50/$1.00 USD) - 2025/01/31 14:13:04 WET [2025/01/31 9:13:04 ET]
Table 'Tombaugh' 6-max Seat #6 is the button
Seat 4: Fold Your Cats ($100 in chips) is sitting out
Seat 1: KarP93 ($100.50 in chips) 
Seat 2: Pippa83 ($101.50 in chips) 
Seat 3: value_ftw ($108.04 in chips) 
Seat 5: iljot ($114.75 in chips) 
Seat 6: easy_sarcasm ($146.46 in chips) 
KarP93: posts small blind $0.50
Pippa83: posts big blind $1
Fold Your Cats: sits out 
*** HOLE CARDS ***
value_ftw: raises $1.20 to $2.20
iljot: folds 
easy_sarcasm: folds 
KarP93: folds 
Pippa83: folds 
Uncalled bet ($1.20) returned to value_ftw
value_ftw collected $2.50 from pot
value_ftw: doesn't show hand 
*** SUMMARY ***
Total pot $2.50 | Rake $0 
Seat 4: Fold Your Cats
Seat 1: KarP93 (small blind) folded before Flop
Seat 2: Pippa83 (big blind) folded before Flop
Seat 3: value_ftw collected ($2.50)
Seat 5: iljot folded before Flop (didn't bet)
Seat 6: easy_sarcasm (button) folded before Flop (didn't bet)



PokerStars Hand #254636652316:  Hold'em No Limit ($0.50/$1.00 USD) - 2025/01/31 14:13:15 WET [2025/01/31 9:13:15 ET]
Table 'Tombaugh' 6-max Seat #1 is the button
Seat 4: Fold Your Cats ($100 in chips) is sitting out
Seat 1: KarP93 ($100 in chips) 
Seat 2: Pippa83 ($100.50 in chips) 
Seat 3: value_ftw ($109.54 in chips) 
Seat 5: iljot ($114.75 in chips) 
Seat 6: easy_sarcasm ($146.46 in chips) 
Pippa83: posts small blind $0.50
value_ftw: posts big blind $1
Fold Your Cats: sits out 
*** HOLE CARDS ***
iljot: folds 
easy_sarcasm: folds 
KarP93: raises $1.50 to $2.50
Pippa83: folds 
value_ftw: folds 
Uncalled bet ($1.50) returned to KarP93
KarP93 collected $2.50 from pot
KarP93: doesn't show hand 
*** SUMMARY ***
Total pot $2.50 | Rake $0 
Seat 4: Fold Your Cats
Seat 1: KarP93 (button) collected ($2.50)
Seat 2: Pippa83 (small blind) folded before Flop
Seat 3: value_ftw (big blind) folded before Flop
Seat 5: iljot folded before Flop (didn't bet)
Seat 6: easy_sarcasm folded before Flop (didn't bet)



PokerStars Hand #254636655520:  Hold'em No Limit ($0.50/$1.00 USD) - 2025/01/31 14:13:34 WET [2025/01/31 9:13:34 ET]
Table 'Tombaugh' 6-max Seat #2 is the button
Seat 1: KarP93 ($101.50 in chips) 
Seat 2: Pippa83 ($100 in chips) 
Seat 3: value_ftw ($108.54 in chips) 
Seat 4: Fold Your Cats ($100 in chips) 
Seat 5: iljot ($114.75 in chips) 
Seat 6: easy_sarcasm ($146.46 in chips) 
value_ftw: posts small blind $0.50
Fold Your Cats: posts big blind $1
*** HOLE CARDS ***
iljot: folds 
easy_sarcasm: folds 
KarP93: folds 
Pippa83: folds 
value_ftw: raises $2 to $3
Fold Your Cats: raises $6 to $9
value_ftw: folds 
Uncalled bet ($6) returned to Fold Your Cats
Fold Your Cats collected $6 from pot
Fold Your Cats: doesn't show hand 
*** SUMMARY ***
Total pot $6 | Rake $0 
Seat 1: KarP93 folded before Flop (didn't bet)
Seat 2: Pippa83 (button) folded before Flop (didn't bet)
Seat 3: value_ftw (small blind) folded before Flop
Seat 4: Fold Your Cats (big blind) collected ($6)
Seat 5: iljot folded before Flop (didn't bet)
Seat 6: easy_sarcasm folded before Flop (didn't bet)



PokerStars Hand #254636661330:  Hold'em No Limit ($0.50/$1.00 USD) - 2025/01/31 14:14:08 WET [2025/01/31 9:14:08 ET]
Table 'Tombaugh' 6-max Seat #3 is the button
Seat 1: KarP93 ($101.50 in chips) 
Seat 2: Pippa83 ($100 in chips) 
Seat 3: value_ftw ($105.54 in chips) 
Seat 4: Fold Your Cats ($103 in chips) 
Seat 5: iljot ($114.75 in chips) 
Seat 6: easy_sarcasm ($146.46 in chips) 
Fold Your Cats: posts small blind $0.50
iljot: posts big blind $1
*** HOLE CARDS ***
easy_sarcasm: folds 
KarP93: folds 
Pippa83: folds 
value_ftw: raises $1.50 to $2.50
Fold Your Cats: folds 
iljot: calls $1.50
*** FLOP *** [6d Kd 9c]
iljot: checks 
value_ftw: checks 
*** TURN *** [6d Kd 9c] [2s]
iljot: checks 
value_ftw: checks 
*** RIVER *** [6d Kd 9c 2s] [Qd]
iljot: checks 
value_ftw: checks 
*** SHOW DOWN ***
iljot: shows [Qh Js] (a pair of Queens)
value_ftw: mucks hand 
iljot collected $5.22 from pot
*** SUMMARY ***
Total pot $5.50 | Rake $0.28 
Board [6d Kd 9c 2s Qd]
Seat 1: KarP93 folded before Flop (didn't bet)
Seat 2: Pippa83 folded before Flop (didn't bet)
Seat 3: value_ftw (button) mucked
Seat 4: Fold Your Cats (small blind) folded before Flop
Seat 5: iljot (big blind) showed [Qh Js] and won ($5.22) with a pair of Queens
Seat 6: easy_sarcasm folded before Flop (didn't bet)



PokerStars Hand #254636672228:  Hold'em No Limit ($0.50/$1.00 USD) - 2025/01/31 14:15:11 WET [2025/01/31 9:15:11 ET]
Table 'Tombaugh' 6-max Seat #4 is the button
Seat 6: easy_sarcasm ($146.46 in chips) is sitting out
Seat 1: KarP93 ($101.50 in chips) 
Seat 2: Pippa83 ($100 in chips) 
Seat 3: value_ftw ($103.04 in chips) 
Seat 4: Fold Your Cats ($102.50 in chips) 
Seat 5: iljot ($117.47 in chips) 
iljot: posts small blind $0.50
easy_sarcasm: is sitting out 
KarP93: posts big blind $1
*** HOLE CARDS ***
Pippa83: folds 
easy_sarcasm leaves the table
value_ftw: folds 
Fold Your Cats: raises $1.50 to $2.50
magzi777 joins the table at seat #6 
iljot: folds 
KarP93: folds 
Uncalled bet ($1.50) returned to Fold Your Cats
Fold Your Cats collected $2.50 from pot
Fold Your Cats: doesn't show hand 
*** SUMMARY ***
Total pot $2.50 | Rake $0 
Seat 6: easy_sarcasm
Seat 1: KarP93 (big blind) folded before Flop
Seat 2: Pippa83 folded before Flop (didn't bet)
Seat 3: value_ftw folded before Flop (didn't bet)
Seat 4: Fold Your Cats (button) collected ($2.50)
Seat 5: iljot (small blind) folded before Flop



PokerStars Hand #254636676814:  Hold'em No Limit ($0.50/$1.00 USD) - 2025/01/31 14:15:38 WET [2025/01/31 9:15:38 ET]
Table 'Tombaugh' 6-max Seat #5 is the button
Seat 6: magzi777 ($100 in chips) is sitting out
Seat 1: KarP93 ($100.50 in chips) 
Seat 2: Pippa83 ($100 in chips) 
Seat 3: value_ftw ($103.04 in chips) 
Seat 4: Fold Your Cats ($104 in chips) 
Seat 5: iljot ($116.97 in chips) 
KarP93: posts small blind $0.50
Pippa83: posts big blind $1
*** HOLE CARDS ***
value_ftw: raises $1.20 to $2.20
Fold Your Cats: folds 
iljot: calls $2.20
KarP93: folds 
Pippa83: folds 
*** FLOP *** [3d Th Tc]
value_ftw: bets $1.85
iljot: calls $1.85
*** TURN *** [3d Th Tc] [2c]
value_ftw: bets $3.01
iljot: calls $3.01
*** RIVER *** [3d Th Tc 2c] [Qs]
value_ftw: checks 
iljot: checks 
*** SHOW DOWN ***
value_ftw: shows [Kc As] (a pair of Tens)
iljot: shows [4s 4c] (two pair, Tens and Fours)
iljot collected $14.84 from pot
*** SUMMARY ***
Total pot $15.62 | Rake $0.78 
Board [3d Th Tc 2c Qs]
Seat 6: magzi777
Seat 1: KarP93 (small blind) folded before Flop
Seat 2: Pippa83 (big blind) folded before Flop
Seat 3: value_ftw showed [Kc As] and lost with a pair of Tens
Seat 4: Fold Your Cats folded before Flop (didn't bet)
Seat 5: iljot (button) showed [4s 4c] and won ($14.84) with two pair, Tens and Fours



PokerStars Hand #254636685524:  Hold'em No Limit ($0.50/$1.00 USD) - 2025/01/31 14:16:29 WET [2025/01/31 9:16:29 ET]
Table 'Tombaugh' 6-max Seat #1 is the button
Seat 6: magzi777 ($100 in chips) is sitting out
Seat 1: KarP93 ($100 in chips) 
Seat 2: Pippa83 ($100 in chips) 
Seat 3: value_ftw ($100 in chips) 
Seat 4: Fold Your Cats ($104 in chips) 
Seat 5: iljot ($124.75 in chips) 
Pippa83: posts small blind $0.50
value_ftw: posts big blind $1
magzi777: sits out 
*** HOLE CARDS ***
Fold Your Cats: folds 
iljot: calls $1
KarP93: folds 
Pippa83: folds 
value_ftw: checks 
*** FLOP *** [8c 5h 6h]
value_ftw: checks 
iljot: bets $2
value_ftw: calls $2
*** TURN *** [8c 5h 6h] [2h]
value_ftw: bets $2
iljot: folds 
Uncalled bet ($2) returned to value_ftw
value_ftw collected $6.18 from pot
value_ftw: doesn't show hand 
*** SUMMARY ***
Total pot $6.50 | Rake $0.32 
Board [8c 5h 6h 2h]
Seat 6: magzi777
Seat 1: KarP93 (button) folded before Flop (didn't bet)
Seat 2: Pippa83 (small blind) folded before Flop
Seat 3: value_ftw (big blind) collected ($6.18)
Seat 4: Fold Your Cats folded before Flop (didn't bet)
Seat 5: iljot folded on the Turn



PokerStars Hand #254636690956:  Hold'em No Limit ($0.50/$1.00 USD) - 2025/01/31 14:17:00 WET [2025/01/31 9:17:00 ET]
Table 'Tombaugh' 6-max Seat #2 is the button
Seat 4: Fold Your Cats ($104 in chips) is sitting out
Seat 6: magzi777 ($100 in chips) is sitting out
Seat 1: KarP93 ($100 in chips) 
Seat 2: Pippa83 ($100 in chips) 
Seat 3: value_ftw ($103.18 in chips) 
Seat 5: iljot ($121.75 in chips) 
value_ftw: posts small blind $0.50
Fold Your Cats: is sitting out 
iljot: posts big blind $1
magzi777: sits out 
*** HOLE CARDS ***
KarP93: folds 
Fold Your Cats leaves the table
Pippa83: raises $1.50 to $2.50
value_ftw: raises $8 to $10.50
iljot: folds 
Pippa83: raises $12.50 to $23
mikel929292 joins the table at seat #4 
mikel929292 is disconnected 
value_ftw: calls $12.50
*** FLOP *** [7d Th Jc]
value_ftw: checks 
Pippa83: checks 
*** TURN *** [7d Th Jc] [Js]
value_ftw: bets $15.18
Pippa83: calls $15.18
*** RIVER *** [7d Th Jc Js] [7s]
value_ftw: bets $65 and is all-in
Pippa83: folds 
Uncalled bet ($65) returned to value_ftw
value_ftw collected $76.36 from pot
value_ftw: doesn't show hand 
*** SUMMARY ***
Total pot $77.36 | Rake $1 
Board [7d Th Jc Js 7s]
Seat 4: Fold Your Cats
Seat 6: magzi777
Seat 1: KarP93 folded before Flop (didn't bet)
Seat 2: Pippa83 (button) folded on the River
Seat 3: value_ftw (small blind) collected ($76.36)
Seat 5: iljot (big blind) folded before Flop



PokerStars Hand #254636706990:  Hold'em No Limit ($0.50/$1.00 USD) - 2025/01/31 14:18:33 WET [2025/01/31 9:18:33 ET]
Table 'Tombaugh' 6-max Seat #3 is the button
Seat 4: mikel929292 ($52.47 in chips) is sitting out
Seat 1: KarP93 ($100 in chips) 
Seat 2: Pippa83 ($100 in chips) 
Seat 3: value_ftw ($141.36 in chips) 
Seat 5: iljot ($120.75 in chips) 
Seat 6: magzi777 ($100 in chips) 
iljot: posts small blind $0.50
magzi777: posts big blind $1
*** HOLE CARDS ***
KarP93: folds 
Pippa83: raises $1.50 to $2.50
value_ftw: folds 
iljot: folds 
magzi777: folds 
Uncalled bet ($1.50) returned to Pippa83
Pippa83 collected $2.50 from pot
Pippa83: doesn't show hand 
*** SUMMARY ***
Total pot $2.50 | Rake $0 
Seat 4: mikel929292
Seat 1: KarP93 folded before Flop (didn't bet)
Seat 2: Pippa83 collected ($2.50)
Seat 3: value_ftw (button) folded before Flop (didn't bet)
Seat 5: iljot (small blind) folded before Flop
Seat 6: magzi777 (big blind) folded before Flop



PokerStars Hand #254636709363:  Hold'em No Limit ($0.50/$1.00 USD) - 2025/01/31 14:18:47 WET [2025/01/31 9:18:47 ET]
Table 'Tombaugh' 6-max Seat #5 is the button
Seat 1: KarP93 ($100 in chips) 
Seat 2: Pippa83 ($101.50 in chips) 
Seat 3: value_ftw ($141.36 in chips) 
Seat 4: mikel929292 ($52.47 in chips) 
Seat 5: iljot ($120.25 in chips) 
Seat 6: magzi777 ($100 in chips) 
magzi777: posts small blind $0.50
KarP93: posts big blind $1
mikel929292: posts big blind $1
*** HOLE CARDS ***
Pippa83: raises $2.50 to $3.50
value_ftw: folds 
mikel929292: calls $2.50
iljot: folds 
magzi777: folds 
KarP93: folds 
*** FLOP *** [2d 9h Kh]
Pippa83: bets $2.67
mikel929292: calls $2.67
*** TURN *** [2d 9h Kh] [2s]
Pippa83: bets $9.86
mikel929292: folds 
Uncalled bet ($9.86) returned to Pippa83
Pippa83 collected $13.15 from pot
Pippa83: doesn't show hand 
*** SUMMARY ***
Total pot $13.84 | Rake $0.69 
Board [2d 9h Kh 2s]
Seat 1: KarP93 (big blind) folded before Flop
Seat 2: Pippa83 collected ($13.15)
Seat 3: value_ftw folded before Flop (didn't bet)
Seat 4: mikel929292 folded on the Turn
Seat 5: iljot (button) folded before Flop (didn't bet)
Seat 6: magzi777 (small blind) folded before Flop



PokerStars Hand #254636716230:  Hold'em No Limit ($0.50/$1.00 USD) - 2025/01/31 14:19:27 WET [2025/01/31 9:19:27 ET]
Table 'Tombaugh' 6-max Seat #6 is the button
Seat 1: KarP93 ($100 in chips) 
Seat 2: Pippa83 ($108.48 in chips) 
Seat 3: value_ftw ($141.36 in chips) 
Seat 4: mikel929292 ($46.30 in chips) 
Seat 5: iljot ($120.25 in chips) 
Seat 6: magzi777 ($100 in chips) 
KarP93: posts small blind $0.50
Pippa83: posts big blind $1
*** HOLE CARDS ***
value_ftw: folds 
mikel929292: raises $1 to $2
iljot: calls $2
magzi777: folds 
KarP93: folds 
Pippa83: calls $1
*** FLOP *** [Kc 7c 6c]
Pippa83: checks 
mikel929292: checks 
iljot: checks 
*** TURN *** [Kc 7c 6c] [Ac]
Pippa83: checks 
mikel929292: checks 
iljot: checks 
*** RIVER *** [Kc 7c 6c Ac] [3d]
Pippa83: bets $2.04
mikel929292: calls $2.04
iljot: folds 
*** SHOW DOWN ***
Pippa83: shows [9c Kh] (a flush, Ace high)
mikel929292: mucks hand 
Pippa83 collected $10.05 from pot
*** SUMMARY ***
Total pot $10.58 | Rake $0.53 
Board [Kc 7c 6c Ac 3d]
Seat 1: KarP93 (small blind) folded before Flop
Seat 2: Pippa83 (big blind) showed [9c Kh] and won ($10.05) with a flush, Ace high
Seat 3: value_ftw folded before Flop (didn't bet)
Seat 4: mikel929292 mucked
Seat 5: iljot folded on the River
Seat 6: magzi777 (button) folded before Flop (didn't bet)



PokerStars Hand #254636724763:  Hold'em No Limit ($0.50/$1.00 USD) - 2025/01/31 14:20:16 WET [2025/01/31 9:20:16 ET]
Table 'Tombaugh' 6-max Seat #1 is the button
Seat 1: KarP93 ($100 in chips) 
Seat 2: Pippa83 ($114.49 in chips) 
Seat 3: value_ftw ($141.36 in chips) 
Seat 4: mikel929292 ($42.26 in chips) 
Seat 5: iljot ($118.25 in chips) 
Seat 6: magzi777 ($100 in chips) 
Pippa83: posts small blind $0.50
value_ftw: posts big blind $1
*** HOLE CARDS ***
mikel929292: raises $2 to $3
iljot: folds 
magzi777: folds 
KarP93: raises $6 to $9
Pippa83: folds 
value_ftw: folds 
mikel929292: calls $6
*** FLOP *** [3d Jd 5s]
mikel929292: checks 
KarP93: bets $6.11
mikel929292: calls $6.11
*** TURN *** [3d Jd 5s] [Th]
mikel929292: checks 
KarP93: checks 
*** RIVER *** [3d Jd 5s Th] [4h]
mikel929292: bets $15.07
KarP93: folds 
Uncalled bet ($15.07) returned to mikel929292
mikel929292 collected $29.73 from pot
*** SUMMARY ***
Total pot $31.72 | Rake $1.99 
Board [3d Jd 5s Th 4h]
Seat 1: KarP93 (button) folded on the River
Seat 2: Pippa83 (small blind) folded before Flop
Seat 3: value_ftw (big blind) folded before Flop
Seat 4: mikel929292 collected ($29.73)
Seat 5: iljot folded before Flop (didn't bet)
Seat 6: magzi777 folded before Flop (didn't bet)



PokerStars Hand #254636745565:  Hold'em No Limit ($0.50/$1.00 USD) - 2025/01/31 14:22:14 WET [2025/01/31 9:22:14 ET]
Table 'Tombaugh' 6-max Seat #2 is the button
Seat 1: KarP93 ($100 in chips) 
Seat 2: Pippa83 ($113.99 in chips) 
Seat 3: value_ftw ($140.36 in chips) 
Seat 4: mikel929292 ($56.88 in chips) 
Seat 5: iljot ($118.25 in chips) 
Seat 6: magzi777 ($100 in chips) 
value_ftw: posts small blind $0.50
mikel929292: posts big blind $1
*** HOLE CARDS ***
iljot: raises $2 to $3
magzi777: folds 
KarP93: raises $6 to $9
Pippa83: folds 
value_ftw: folds 
mikel929292: folds 
iljot: folds 
Uncalled bet ($6) returned to KarP93
KarP93 collected $7.50 from pot
KarP93: doesn't show hand 
*** SUMMARY ***
Total pot $7.50 | Rake $0 
Seat 1: KarP93 collected ($7.50)
Seat 2: Pippa83 (button) folded before Flop (didn't bet)
Seat 3: value_ftw (small blind) folded before Flop
Seat 4: mikel929292 (big blind) folded before Flop
Seat 5: iljot folded before Flop
Seat 6: magzi777 folded before Flop (didn't bet)



PokerStars Hand #254636750918:  Hold'em No Limit ($0.50/$1.00 USD) - 2025/01/31 14:22:45 WET [2025/01/31 9:22:45 ET]
Table 'Tombaugh' 6-max Seat #3 is the button
Seat 1: KarP93 ($104.50 in chips) 
Seat 2: Pippa83 ($113.99 in chips) 
Seat 3: value_ftw ($139.86 in chips) 
Seat 4: mikel929292 ($55.88 in chips) 
Seat 5: iljot ($115.25 in chips) 
Seat 6: magzi777 ($100 in chips) 
mikel929292: posts small blind $0.50
iljot: posts big blind $1
*** HOLE CARDS ***
magzi777: folds 
KarP93: raises $1.50 to $2.50
Pippa83: folds 
value_ftw: raises $5.28 to $7.78
mikel929292: folds 
iljot: folds 
KarP93: folds 
Uncalled bet ($5.28) returned to value_ftw
value_ftw collected $6.50 from pot
value_ftw: doesn't show hand 
*** SUMMARY ***
Total pot $6.50 | Rake $0 
Seat 1: KarP93 folded before Flop
Seat 2: Pippa83 folded before Flop (didn't bet)
Seat 3: value_ftw (button) collected ($6.50)
Seat 4: mikel929292 (small blind) folded before Flop
Seat 5: iljot (big blind) folded before Flop
Seat 6: magzi777 folded before Flop (didn't bet)



PokerStars Hand #254636756759:  Hold'em No Limit ($0.50/$1.00 USD) - 2025/01/31 14:23:19 WET [2025/01/31 9:23:19 ET]
Table 'Tombaugh' 6-max Seat #4 is the button
Seat 1: KarP93 ($102 in chips) 
Seat 2: Pippa83 ($113.99 in chips) 
Seat 3: value_ftw ($143.86 in chips) 
Seat 4: mikel929292 ($55.38 in chips) 
Seat 5: iljot ($114.25 in chips) 
Seat 6: magzi777 ($100 in chips) 
iljot: posts small blind $0.50
magzi777: posts big blind $1
*** HOLE CARDS ***
KarP93: raises $1.50 to $2.50
Pippa83: folds 
value_ftw: folds 
mikel929292: folds 
iljot: folds 
magzi777: raises $8.50 to $11
KarP93: folds 
Uncalled bet ($8.50) returned to magzi777
magzi777 collected $5.50 from pot
*** SUMMARY ***
Total pot $5.50 | Rake $0 
Seat 1: KarP93 folded before Flop
Seat 2: Pippa83 folded before Flop (didn't bet)
Seat 3: value_ftw folded before Flop (didn't bet)
Seat 4: mikel929292 (button) folded before Flop (didn't bet)
Seat 5: iljot (small blind) folded before Flop
Seat 6: magzi777 (big blind) collected ($5.50)



PokerStars Hand #254636765367:  Hold'em No Limit ($0.50/$1.00 USD) - 2025/01/31 14:24:08 WET [2025/01/31 9:24:08 ET]
Table 'Tombaugh' 6-max Seat #5 is the button
Seat 1: KarP93 ($100 in chips) is sitting out
Seat 2: Pippa83 ($113.99 in chips) 
Seat 3: value_ftw ($143.86 in chips) 
Seat 4: mikel929292 ($55.38 in chips) 
Seat 5: iljot ($113.75 in chips) 
Seat 6: magzi777 ($103 in chips) 
magzi777: posts small blind $0.50
KarP93: is sitting out 
Pippa83: posts big blind $1
*** HOLE CARDS ***
value_ftw: raises $1.20 to $2.20
mikel929292: folds 
iljot: folds 
KarP93 leaves the table
magzi777: folds 
Pippa83: folds 
Uncalled bet ($1.20) returned to value_ftw
value_ftw collected $2.50 from pot
value_ftw: doesn't show hand 
*** SUMMARY ***
Total pot $2.50 | Rake $0 
Seat 1: KarP93
Seat 2: Pippa83 (big blind) folded before Flop
Seat 3: value_ftw collected ($2.50)
Seat 4: mikel929292 folded before Flop (didn't bet)
Seat 5: iljot (button) folded before Flop (didn't bet)
Seat 6: magzi777 (small blind) folded before Flop



PokerStars Hand #254636767865:  Hold'em No Limit ($0.50/$1.00 USD) - 2025/01/31 14:24:22 WET [2025/01/31 9:24:22 ET]
Table 'Tombaugh' 6-max Seat #6 is the button
Seat 2: Pippa83 ($112.99 in chips) 
Seat 3: value_ftw ($145.36 in chips) 
Seat 4: mikel929292 ($55.38 in chips) 
Seat 5: iljot ($113.75 in chips) 
Seat 6: magzi777 ($102.50 in chips) 
Pippa83: posts small blind $0.50
value_ftw: posts big blind $1
*** HOLE CARDS ***
mikel929292: folds 
iljot: folds 
magzi777: folds 
Pippa83: folds 
Uncalled bet ($0.50) returned to value_ftw
janarr5 joins the table at seat #1 
value_ftw collected $1 from pot
value_ftw: doesn't show hand 
*** SUMMARY ***
Total pot $1 | Rake $0 
Seat 2: Pippa83 (small blind) folded before Flop
Seat 3: value_ftw (big blind) collected ($1)
Seat 4: mikel929292 folded before Flop (didn't bet)
Seat 5: iljot folded before Flop (didn't bet)
Seat 6: magzi777 (button) folded before Flop (didn't bet)



PokerStars Hand #254636769727:  Hold'em No Limit ($0.50/$1.00 USD) - 2025/01/31 14:24:33 WET [2025/01/31 9:24:33 ET]
Table 'Tombaugh' 6-max Seat #2 is the button
Seat 1: janarr5 ($100 in chips) is sitting out
Seat 2: Pippa83 ($112.49 in chips) 
Seat 3: value_ftw ($145.86 in chips) 
Seat 4: mikel929292 ($55.38 in chips) 
Seat 5: iljot ($113.75 in chips) 
Seat 6: magzi777 ($102.50 in chips) 
value_ftw: posts small blind $0.50
mikel929292: posts big blind $1
janarr5: sits out 
*** HOLE CARDS ***
iljot: folds 
magzi777: folds 
Pippa83: raises $1.50 to $2.50
value_ftw: folds 
mikel929292: calls $1.50
*** FLOP *** [9s Js Qh]
mikel929292: checks 
Pippa83: checks 
*** TURN *** [9s Js Qh] [7h]
mikel929292: bets $3.61
Pippa83: calls $3.61
*** RIVER *** [9s Js Qh 7h] [Qd]
mikel929292: bets $9.08
Pippa83: calls $9.08
*** SHOW DOWN ***
mikel929292: shows [7d 7c] (a full house, Sevens full of Queens)
Pippa83: mucks hand 
mikel929292 collected $28.96 from pot
*** SUMMARY ***
Total pot $30.88 | Rake $1.92 
Board [9s Js Qh 7h Qd]
Seat 1: janarr5
Seat 2: Pippa83 (button) mucked
Seat 3: value_ftw (small blind) folded before Flop
Seat 4: mikel929292 (big blind) showed [7d 7c] and won ($28.96) with a full house, Sevens full of Queens
Seat 5: iljot folded before Flop (didn't bet)
Seat 6: magzi777 folded before Flop (didn't bet)



PokerStars Hand #254636775349:  Hold'em No Limit ($0.50/$1.00 USD) - 2025/01/31 14:25:05 WET [2025/01/31 9:25:05 ET]
Table 'Tombaugh' 6-max Seat #3 is the button
Seat 1: janarr5 ($100 in chips) is sitting out
Seat 2: Pippa83 ($100 in chips) 
Seat 3: value_ftw ($145.36 in chips) 
Seat 4: mikel929292 ($69.15 in chips) 
Seat 5: iljot ($113.75 in chips) 
Seat 6: magzi777 ($102.50 in chips) 
mikel929292: posts small blind $0.50
iljot: posts big blind $1
janarr5: sits out 
*** HOLE CARDS ***
magzi777: folds 
Pippa83: folds 
value_ftw: raises $1.50 to $2.50
mikel929292: calls $2
iljot: folds 
*** FLOP *** [7s 8d Ts]
mikel929292: checks 
value_ftw: bets $2.85
mikel929292: calls $2.85
*** TURN *** [7s 8d Ts] [6c]
mikel929292: checks 
value_ftw: checks 
*** RIVER *** [7s 8d Ts 6c] [4c]
mikel929292: bets $4
value_ftw: folds 
Uncalled bet ($4) returned to mikel929292
mikel929292 collected $10.98 from pot
*** SUMMARY ***
Total pot $11.70 | Rake $0.72 
Board [7s 8d Ts 6c 4c]
Seat 1: janarr5
Seat 2: Pippa83 folded before Flop (didn't bet)
Seat 3: value_ftw (button) folded on the River
Seat 4: mikel929292 (small blind) collected ($10.98)
Seat 5: iljot (big blind) folded before Flop
Seat 6: magzi777 folded before Flop (didn't bet)



PokerStars Hand #254636783715:  Hold'em No Limit ($0.50/$1.00 USD) - 2025/01/31 14:25:53 WET [2025/01/31 9:25:53 ET]
Table 'Tombaugh' 6-max Seat #4 is the button
Seat 1: janarr5 ($100 in chips) is sitting out
Seat 2: Pippa83 ($100 in chips) 
Seat 3: value_ftw ($140.01 in chips) 
Seat 4: mikel929292 ($74.78 in chips) 
Seat 5: iljot ($112.75 in chips) 
Seat 6: magzi777 ($102.50 in chips) 
iljot: posts small blind $0.50
magzi777: posts big blind $1
janarr5: sits out 
*** HOLE CARDS ***
Pippa83: raises $1.20 to $2.20
value_ftw: folds 
mikel929292: calls $2.20
iljot: folds 
magzi777: folds 
*** FLOP *** [9h 7c Kh]
Pippa83: bets $1.85
mikel929292: calls $1.85
*** TURN *** [9h 7c Kh] [2c]
Pippa83: checks 
mikel929292: bets $5
Pippa83: folds 
Uncalled bet ($5) returned to mikel929292
mikel929292 collected $9 from pot
*** SUMMARY ***
Total pot $9.60 | Rake $0.60 
Board [9h 7c Kh 2c]
Seat 1: janarr5
Seat 2: Pippa83 folded on the Turn
Seat 3: value_ftw folded before Flop (didn't bet)
Seat 4: mikel929292 (button) collected ($9)
Seat 5: iljot (small blind) folded before Flop
Seat 6: magzi777 (big blind) folded before Flop



PokerStars Hand #254636791200:  Hold'em No Limit ($0.50/$1.00 USD) - 2025/01/31 14:26:36 WET [2025/01/31 9:26:36 ET]
Table 'Tombaugh' 6-max Seat #5 is the button
Seat 1: janarr5 ($100 in chips) 
Seat 2: Pippa83 ($100 in chips) 
Seat 3: value_ftw ($140.01 in chips) 
Seat 4: mikel929292 ($79.73 in chips) 
Seat 5: iljot ($112.25 in chips) 
Seat 6: magzi777 ($101.50 in chips) 
magzi777: posts small blind $0.50
janarr5: posts big blind $1
*** HOLE CARDS ***
Pippa83: raises $1.20 to $2.20
value_ftw: folds 
mikel929292: folds 
iljot: folds 
magzi777: folds 
janarr5: folds 
Uncalled bet ($1.20) returned to Pippa83
Pippa83 collected $2.50 from pot
Pippa83: doesn't show hand 
*** SUMMARY ***
Total pot $2.50 | Rake $0 
Seat 1: janarr5 (big blind) folded before Flop
Seat 2: Pippa83 collected ($2.50)
Seat 3: value_ftw folded before Flop (didn't bet)
Seat 4: mikel929292 folded before Flop (didn't bet)
Seat 5: iljot (button) folded before Flop (didn't bet)
Seat 6: magzi777 (small blind) folded before Flop



PokerStars Hand #254636793709:  Hold'em No Limit ($0.50/$1.00 USD) - 2025/01/31 14:26:50 WET [2025/01/31 9:26:50 ET]
Table 'Tombaugh' 6-max Seat #6 is the button
Seat 1: janarr5 ($100 in chips) 
Seat 2: Pippa83 ($101.50 in chips) 
Seat 3: value_ftw ($140.01 in chips) 
Seat 4: mikel929292 ($79.73 in chips) 
Seat 5: iljot ($112.25 in chips) 
Seat 6: magzi777 ($101 in chips) 
janarr5: posts small blind $0.50
Pippa83: posts big blind $1
*** HOLE CARDS ***
value_ftw: folds 
mikel929292: folds 
iljot: raises $2 to $3
magzi777: folds 
janarr5: folds 
Pippa83: calls $2
*** FLOP *** [8s 2h 8c]
Pippa83: checks 
iljot: bets $3.09
Pippa83: calls $3.09
*** TURN *** [8s 2h 8c] [Js]
Pippa83: checks 
iljot: bets $6.03
Pippa83: calls $6.03
*** RIVER *** [8s 2h 8c Js] [8d]
Pippa83: checks 
iljot: checks 
*** SHOW DOWN ***
Pippa83: shows [Qs As] (three of a kind, Eights)
iljot: mucks hand 
Pippa83 collected $23.50 from pot
*** SUMMARY ***
Total pot $24.74 | Rake $1.24 
Board [8s 2h 8c Js 8d]
Seat 1: janarr5 (small blind) folded before Flop
Seat 2: Pippa83 (big blind) showed [Qs As] and won ($23.50) with three of a kind, Eights
Seat 3: value_ftw folded before Flop (didn't bet)
Seat 4: mikel929292 folded before Flop (didn't bet)
Seat 5: iljot mucked
Seat 6: magzi777 (button) folded before Flop (didn't bet)



PokerStars Hand #254636803557:  Hold'em No Limit ($0.50/$1.00 USD) - 2025/01/31 14:27:46 WET [2025/01/31 9:27:46 ET]
Table 'Tombaugh' 6-max Seat #1 is the button
Seat 1: janarr5 ($100 in chips) 
Seat 2: Pippa83 ($112.88 in chips) 
Seat 3: value_ftw ($140.01 in chips) 
Seat 4: mikel929292 ($79.73 in chips) 
Seat 5: iljot ($100.13 in chips) 
Seat 6: magzi777 ($101 in chips) 
Pippa83: posts small blind $0.50
value_ftw: posts big blind $1
*** HOLE CARDS ***
mikel929292: folds 
iljot: raises $2.50 to $3.50
magzi777: folds 
janarr5: folds 
Pippa83: folds 
value_ftw: folds 
Uncalled bet ($2.50) returned to iljot
iljot collected $2.50 from pot
*** SUMMARY ***
Total pot $2.50 | Rake $0 
Seat 1: janarr5 (button) folded before Flop (didn't bet)
Seat 2: Pippa83 (small blind) folded before Flop
Seat 3: value_ftw (big blind) folded before Flop
Seat 4: mikel929292 folded before Flop (didn't bet)
Seat 5: iljot collected ($2.50)
Seat 6: magzi777 folded before Flop (didn't bet)



PokerStars Hand #254636806854:  Hold'em No Limit ($0.50/$1.00 USD) - 2025/01/31 14:28:05 WET [2025/01/31 9:28:05 ET]
Table 'Tombaugh' 6-max Seat #2 is the button
Seat 1: janarr5 ($100 in chips) 
Seat 2: Pippa83 ($112.38 in chips) 
Seat 3: value_ftw ($139.01 in chips) 
Seat 4: mikel929292 ($79.73 in chips) 
Seat 5: iljot ($101.63 in chips) 
Seat 6: magzi777 ($101 in chips) 
value_ftw: posts small blind $0.50
mikel929292: posts big blind $1
*** HOLE CARDS ***
iljot: calls $1
magzi777: folds 
janarr5: folds 
Pippa83: raises $2.50 to $3.50
value_ftw: folds 
mikel929292: calls $2.50
iljot: folds 
*** FLOP *** [Ad 2c 2s]
mikel929292: checks 
Pippa83: bets $2.02
mikel929292: folds 
Uncalled bet ($2.02) returned to Pippa83
Pippa83 collected $8.08 from pot
Pippa83: doesn't show hand 
*** SUMMARY ***
Total pot $8.50 | Rake $0.42 
Board [Ad 2c 2s]
Seat 1: janarr5 folded before Flop (didn't bet)
Seat 2: Pippa83 (button) collected ($8.08)
Seat 3: value_ftw (small blind) folded before Flop
Seat 4: mikel929292 (big blind) folded on the Flop
Seat 5: iljot folded before Flop
Seat 6: magzi777 folded before Flop (didn't bet)



PokerStars Hand #254636814769:  Hold'em No Limit ($0.50/$1.00 USD) - 2025/01/31 14:28:50 WET [2025/01/31 9:28:50 ET]
Table 'Tombaugh' 6-max Seat #3 is the button
Seat 1: janarr5 ($100 in chips) 
Seat 2: Pippa83 ($116.96 in chips) 
Seat 3: value_ftw ($138.51 in chips) 
Seat 4: mikel929292 ($76.23 in chips) 
Seat 5: iljot ($100.63 in chips) 
Seat 6: magzi777 ($101 in chips) 
mikel929292: posts small blind $0.50
iljot: posts big blind $1
*** HOLE CARDS ***
magzi777: raises $1.50 to $2.50
janarr5: folds 
Pippa83: folds 
value_ftw: folds 
mikel929292: calls $2
iljot: calls $1.50
*** FLOP *** [Tc 9s Kc]
mikel929292: checks 
iljot: bets $3
magzi777: raises $10 to $13
mikel929292: raises $13 to $26
iljot: folds 
magzi777: raises $72.50 to $98.50 and is all-in
mikel929292: calls $47.73 and is all-in
Uncalled bet ($24.77) returned to magzi777
*** TURN *** [Tc 9s Kc] [2h]
*** RIVER *** [Tc 9s Kc 2h] [6d]
*** SHOW DOWN ***
mikel929292: shows [Qh Jc] (a straight, Nine to King)
magzi777: shows [Qd Js] (a straight, Nine to King)
mikel929292 collected $77.42 from pot
magzi777 collected $77.73 from pot
*** SUMMARY ***
Total pot $157.96 | Rake $2.81 
Board [Tc 9s Kc 2h 6d]
Seat 1: janarr5 folded before Flop (didn't bet)
Seat 2: Pippa83 folded before Flop (didn't bet)
Seat 3: value_ftw (button) folded before Flop (didn't bet)
Seat 4: mikel929292 (small blind) showed [Qh Jc] and won ($77.42) with a straight, Nine to King
Seat 5: iljot (big blind) folded on the Flop
Seat 6: magzi777 showed [Qd Js] and won ($77.73) with a straight, Nine to King



PokerStars Hand #254636826960:  Hold'em No Limit ($0.50/$1.00 USD) - 2025/01/31 14:29:59 WET [2025/01/31 9:29:59 ET]
Table 'Tombaugh' 6-max Seat #4 is the button
Seat 1: janarr5 ($100 in chips) 
Seat 2: Pippa83 ($116.96 in chips) 
Seat 3: value_ftw ($138.51 in chips) 
Seat 4: mikel929292 ($77.42 in chips) 
Seat 5: iljot ($95.13 in chips) 
Seat 6: magzi777 ($102.50 in chips) 
iljot: posts small blind $0.50
magzi777: posts big blind $1
*** HOLE CARDS ***
janarr5: folds 
Pippa83: folds 
value_ftw: raises $1.20 to $2.20
mikel929292: folds 
iljot: folds 
magzi777: folds 
Uncalled bet ($1.20) returned to value_ftw
value_ftw collected $2.50 from pot
value_ftw: doesn't show hand 
*** SUMMARY ***
Total pot $2.50 | Rake $0 
Seat 1: janarr5 folded before Flop (didn't bet)
Seat 2: Pippa83 folded before Flop (didn't bet)
Seat 3: value_ftw collected ($2.50)
Seat 4: mikel929292 (button) folded before Flop (didn't bet)
Seat 5: iljot (small blind) folded before Flop
Seat 6: magzi777 (big blind) folded before Flop



PokerStars Hand #254636830404:  Hold'em No Limit ($0.50/$1.00 USD) - 2025/01/31 14:30:19 WET [2025/01/31 9:30:19 ET]
Table 'Tombaugh' 6-max Seat #5 is the button
Seat 1: janarr5 ($100 in chips) 
Seat 2: Pippa83 ($116.96 in chips) 
Seat 3: value_ftw ($140.01 in chips) 
Seat 4: mikel929292 ($77.42 in chips) 
Seat 5: iljot ($94.63 in chips) 
Seat 6: magzi777 ($101.50 in chips) 
magzi777: posts small blind $0.50
janarr5: posts big blind $1
*** HOLE CARDS ***
Pippa83: folds 
value_ftw: folds 
mikel929292: raises $2 to $3
iljot: raises $4 to $7
magzi777: folds 
janarr5: folds 
mikel929292: calls $4
*** FLOP *** [5d 2s 8s]
mikel929292: checks 
iljot: bets $9.36
mikel929292: folds 
Uncalled bet ($9.36) returned to iljot
iljot collected $14.72 from pot
*** SUMMARY ***
Total pot $15.50 | Rake $0.78 
Board [5d 2s 8s]
Seat 1: janarr5 (big blind) folded before Flop
Seat 2: Pippa83 folded before Flop (didn't bet)
Seat 3: value_ftw folded before Flop (didn't bet)
Seat 4: mikel929292 folded on the Flop
Seat 5: iljot (button) collected ($14.72)
Seat 6: magzi777 (small blind) folded before Flop



PokerStars Hand #254636837720:  Hold'em No Limit ($0.50/$1.00 USD) - 2025/01/31 14:30:59 WET [2025/01/31 9:30:59 ET]
Table 'Tombaugh' 6-max Seat #6 is the button
Seat 1: janarr5 ($100 in chips) 
Seat 2: Pippa83 ($116.96 in chips) 
Seat 3: value_ftw ($140.01 in chips) 
Seat 4: mikel929292 ($70.42 in chips) 
Seat 5: iljot ($102.35 in chips) 
Seat 6: magzi777 ($101 in chips) 
janarr5: posts small blind $0.50
Pippa83: posts big blind $1
*** HOLE CARDS ***
value_ftw: folds 
mikel929292: raises $2 to $3
iljot: folds 
magzi777: folds 
janarr5: folds 
Pippa83: calls $2
*** FLOP *** [8h Jd 9h]
Pippa83: checks 
mikel929292: bets $4.09
Pippa83: folds 
Uncalled bet ($4.09) returned to mikel929292
mikel929292 collected $6.10 from pot
*** SUMMARY ***
Total pot $6.50 | Rake $0.40 
Board [8h Jd 9h]
Seat 1: janarr5 (small blind) folded before Flop
Seat 2: Pippa83 (big blind) folded on the Flop
Seat 3: value_ftw folded before Flop (didn't bet)
Seat 4: mikel929292 collected ($6.10)
Seat 5: iljot folded before Flop (didn't bet)
Seat 6: magzi777 (button) folded before Flop (didn't bet)



PokerStars Hand #254636842612:  Hold'em No Limit ($0.50/$1.00 USD) - 2025/01/31 14:31:27 WET [2025/01/31 9:31:27 ET]
Table 'Tombaugh' 6-max Seat #1 is the button
Seat 1: janarr5 ($100 in chips) 
Seat 2: Pippa83 ($113.96 in chips) 
Seat 3: value_ftw ($140.01 in chips) 
Seat 4: mikel929292 ($73.52 in chips) 
Seat 5: iljot ($102.35 in chips) 
Seat 6: magzi777 ($101 in chips) 
Pippa83: posts small blind $0.50
value_ftw: posts big blind $1
*** HOLE CARDS ***
mikel929292: raises $2 to $3
iljot: calls $3
magzi777: folds 
janarr5: folds 
Pippa83: folds 
value_ftw: folds 
*** FLOP *** [Jd 3d 5d]
mikel929292: checks 
iljot: bets $7.12
mikel929292: folds 
Uncalled bet ($7.12) returned to iljot
iljot collected $7.12 from pot
*** SUMMARY ***
Total pot $7.50 | Rake $0.38 
Board [Jd 3d 5d]
Seat 1: janarr5 (button) folded before Flop (didn't bet)
Seat 2: Pippa83 (small blind) folded before Flop
Seat 3: value_ftw (big blind) folded before Flop
Seat 4: mikel929292 folded on the Flop
Seat 5: iljot collected ($7.12)
Seat 6: magzi777 folded before Flop (didn't bet)



PokerStars Hand #254636847529:  Hold'em No Limit ($0.50/$1.00 USD) - 2025/01/31 14:31:54 WET [2025/01/31 9:31:54 ET]
Table 'Tombaugh' 6-max Seat #2 is the button
Seat 1: janarr5 ($100 in chips) 
Seat 2: Pippa83 ($113.46 in chips) 
Seat 3: value_ftw ($139.01 in chips) 
Seat 4: mikel929292 ($70.52 in chips) 
Seat 5: iljot ($106.47 in chips) 
Seat 6: magzi777 ($101 in chips) 
value_ftw: posts small blind $0.50
mikel929292: posts big blind $1
*** HOLE CARDS ***
iljot: raises $2 to $3
magzi777: folds 
janarr5: folds 
Pippa83: folds 
value_ftw: folds 
mikel929292: folds 
Uncalled bet ($2) returned to iljot
mikel929292 leaves the table
iljot collected $2.50 from pot
*** SUMMARY ***
Total pot $2.50 | Rake $0 
Seat 1: janarr5 folded before Flop (didn't bet)
Seat 2: Pippa83 (button) folded before Flop (didn't bet)
Seat 3: value_ftw (small blind) folded before Flop
Seat 4: mikel929292 (big blind) folded before Flop
Seat 5: iljot collected ($2.50)
Seat 6: magzi777 folded before Flop (didn't bet)



PokerStars Hand #254636850369:  Hold'em No Limit ($0.50/$1.00 USD) - 2025/01/31 14:32:10 WET [2025/01/31 9:32:10 ET]
Table 'Tombaugh' 6-max Seat #3 is the button
Seat 1: janarr5 ($100 in chips) 
Seat 2: Pippa83 ($113.46 in chips) 
Seat 3: value_ftw ($138.51 in chips) 
Seat 5: iljot ($107.97 in chips) 
Seat 6: magzi777 ($101 in chips) 
iljot: posts small blind $0.50
magzi777: posts big blind $1
*** HOLE CARDS ***
janarr5: folds 
Pippa83: raises $1.50 to $2.50
value_ftw: folds 
iljot: calls $2
magzi777: folds 
*** FLOP *** [3h Ks Ts]
iljot: checks 
Pippa83: bets $1.88
iljot: calls $1.88
*** TURN *** [3h Ks Ts] [Qs]
iljot: checks 
Pippa83: checks 
*** RIVER *** [3h Ks Ts Qs] [2s]
iljot: checks 
YeeesMan joins the table at seat #4 
Pippa83: checks 
*** SHOW DOWN ***
iljot: shows [Jd Jh] (a pair of Jacks)
Pippa83: mucks hand 
iljot collected $9.27 from pot
*** SUMMARY ***
Total pot $9.76 | Rake $0.49 
Board [3h Ks Ts Qs 2s]
Seat 1: janarr5 folded before Flop (didn't bet)
Seat 2: Pippa83 mucked
Seat 3: value_ftw (button) folded before Flop (didn't bet)
Seat 5: iljot (small blind) showed [Jd Jh] and won ($9.27) with a pair of Jacks
Seat 6: magzi777 (big blind) folded before Flop



PokerStars Hand #254636856138:  Hold'em No Limit ($0.50/$1.00 USD) - 2025/01/31 14:32:42 WET [2025/01/31 9:32:42 ET]
Table 'Tombaugh' 6-max Seat #5 is the button
Seat 4: YeeesMan ($100 in chips) is sitting out
Seat 1: janarr5 ($100 in chips) 
Seat 2: Pippa83 ($109.08 in chips) 
Seat 3: value_ftw ($138.51 in chips) 
Seat 5: iljot ($112.86 in chips) 
Seat 6: magzi777 ($100 in chips) 
magzi777: posts small blind $0.50
janarr5: posts big blind $1
YeeesMan: sits out 
*** HOLE CARDS ***
Pippa83: folds 
value_ftw: raises $1.20 to $2.20
iljot: folds 
magzi777: folds 
janarr5: folds 
Uncalled bet ($1.20) returned to value_ftw
value_ftw collected $2.50 from pot
value_ftw: doesn't show hand 
*** SUMMARY ***
Total pot $2.50 | Rake $0 
Seat 4: YeeesMan
Seat 1: janarr5 (big blind) folded before Flop
Seat 2: Pippa83 folded before Flop (didn't bet)
Seat 3: value_ftw collected ($2.50)
Seat 5: iljot (button) folded before Flop (didn't bet)
Seat 6: magzi777 (small blind) folded before Flop



PokerStars Hand #254636858194:  Hold'em No Limit ($0.50/$1.00 USD) - 2025/01/31 14:32:54 WET [2025/01/31 9:32:54 ET]
Table 'Tombaugh' 6-max Seat #6 is the button
Seat 4: YeeesMan ($100 in chips) is sitting out
Seat 1: janarr5 ($100 in chips) 
Seat 2: Pippa83 ($109.08 in chips) 
Seat 3: value_ftw ($140.01 in chips) 
Seat 5: iljot ($112.86 in chips) 
Seat 6: magzi777 ($100 in chips) 
janarr5: posts small blind $0.50
Pippa83: posts big blind $1
YeeesMan: sits out 
*** HOLE CARDS ***
value_ftw: folds 
iljot: folds 
magzi777: folds 
janarr5: folds 
Uncalled bet ($0.50) returned to Pippa83
Pippa83 collected $1 from pot
Pippa83: doesn't show hand 
*** SUMMARY ***
Total pot $1 | Rake $0 
Seat 4: YeeesMan
Seat 1: janarr5 (small blind) folded before Flop
Seat 2: Pippa83 (big blind) collected ($1)
Seat 3: value_ftw folded before Flop (didn't bet)
Seat 5: iljot folded before Flop (didn't bet)
Seat 6: magzi777 (button) folded before Flop (didn't bet)



PokerStars Hand #254636861075:  Hold'em No Limit ($0.50/$1.00 USD) - 2025/01/31 14:33:10 WET [2025/01/31 9:33:10 ET]
Table 'Tombaugh' 6-max Seat #1 is the button
Seat 4: YeeesMan ($100 in chips) is sitting out
Seat 1: janarr5 ($100 in chips) 
Seat 2: Pippa83 ($109.58 in chips) 
Seat 3: value_ftw ($140.01 in chips) 
Seat 5: iljot ($112.86 in chips) 
Seat 6: magzi777 ($100 in chips) 
Pippa83: posts small blind $0.50
value_ftw: posts big blind $1
YeeesMan: sits out 
*** HOLE CARDS ***
iljot: calls $1
magzi777: folds 
janarr5: raises $2.50 to $3.50
Pippa83: folds 
value_ftw: calls $2.50
iljot: folds 
*** FLOP *** [2s Kd Td]
value_ftw: checks 
janarr5: bets $2.67
value_ftw: raises $8.33 to $11
janarr5: calls $8.33
*** TURN *** [2s Kd Td] [Kc]
value_ftw: bets $23.57
janarr5: calls $23.57
*** RIVER *** [2s Kd Td Kc] [5s]
value_ftw: checks 
janarr5: checks 
*** SHOW DOWN ***
value_ftw: shows [9c Jc] (a pair of Kings)
janarr5: shows [Qs Ts] (two pair, Kings and Tens)
janarr5 collected $75.14 from pot
*** SUMMARY ***
Total pot $77.64 | Rake $2.50 
Board [2s Kd Td Kc 5s]
Seat 4: YeeesMan
Seat 1: janarr5 (button) showed [Qs Ts] and won ($75.14) with two pair, Kings and Tens
Seat 2: Pippa83 (small blind) folded before Flop
Seat 3: value_ftw (big blind) showed [9c Jc] and lost with a pair of Kings
Seat 5: iljot folded before Flop
Seat 6: magzi777 folded before Flop (didn't bet)



PokerStars Hand #254636873338:  Hold'em No Limit ($0.50/$1.00 USD) - 2025/01/31 14:34:19 WET [2025/01/31 9:34:19 ET]
Table 'Tombaugh' 6-max Seat #2 is the button
Seat 1: janarr5 ($137.07 in chips) 
Seat 2: Pippa83 ($109.08 in chips) 
Seat 3: value_ftw ($101.94 in chips) 
Seat 4: YeeesMan ($100 in chips) 
Seat 5: iljot ($111.86 in chips) 
Seat 6: magzi777 ($100 in chips) 
value_ftw: posts small blind $0.50
YeeesMan: posts big blind $1
*** HOLE CARDS ***
iljot: calls $1
magzi777: folds 
janarr5: folds 
Pippa83: raises $2.50 to $3.50
value_ftw: raises $9.50 to $13
YeeesMan: folds 
iljot: folds 
Pippa83: folds 
Uncalled bet ($9.50) returned to value_ftw
value_ftw collected $9 from pot
value_ftw: doesn't show hand 
*** SUMMARY ***
Total pot $9 | Rake $0 
Seat 1: janarr5 folded before Flop (didn't bet)
Seat 2: Pippa83 (button) folded before Flop
Seat 3: value_ftw (small blind) collected ($9)
Seat 4: YeeesMan (big blind) folded before Flop
Seat 5: iljot folded before Flop
Seat 6: magzi777 folded before Flop (didn't bet)



PokerStars Hand #254636879890:  Hold'em No Limit ($0.50/$1.00 USD) - 2025/01/31 14:34:56 WET [2025/01/31 9:34:56 ET]
Table 'Tombaugh' 6-max Seat #3 is the button
Seat 1: janarr5 ($137.07 in chips) 
Seat 2: Pippa83 ($105.58 in chips) 
Seat 3: value_ftw ($107.44 in chips) 
Seat 4: YeeesMan ($100 in chips) 
Seat 5: iljot ($110.86 in chips) 
Seat 6: magzi777 ($100 in chips) 
YeeesMan: posts small blind $0.50
iljot: posts big blind $1
*** HOLE CARDS ***
magzi777: raises $1.50 to $2.50
janarr5: folds 
Pippa83: folds 
value_ftw: folds 
YeeesMan: folds 
iljot: calls $1.50
*** FLOP *** [8h 2c 9c]
iljot: checks 
magzi777: bets $1.50
iljot: calls $1.50
*** TURN *** [8h 2c 9c] [4d]
iljot: checks 
magzi777: checks 
*** RIVER *** [8h 2c 9c 4d] [6s]
iljot: checks 
magzi777: checks 
*** SHOW DOWN ***
iljot: shows [Ah Th] (high card Ace)
magzi777: shows [Qs As] (high card Ace - Queen kicker)
magzi777 collected $8.08 from pot
*** SUMMARY ***
Total pot $8.50 | Rake $0.42 
Board [8h 2c 9c 4d 6s]
Seat 1: janarr5 folded before Flop (didn't bet)
Seat 2: Pippa83 folded before Flop (didn't bet)
Seat 3: value_ftw (button) folded before Flop (didn't bet)
Seat 4: YeeesMan (small blind) folded before Flop
Seat 5: iljot (big blind) showed [Ah Th] and lost with high card Ace
Seat 6: magzi777 showed [Qs As] and won ($8.08) with high card Ace



PokerStars Hand #254636888471:  Hold'em No Limit ($0.50/$1.00 USD) - 2025/01/31 14:35:43 WET [2025/01/31 9:35:43 ET]
Table 'Tombaugh' 6-max Seat #4 is the button
Seat 1: janarr5 ($137.07 in chips) 
Seat 2: Pippa83 ($105.58 in chips) 
Seat 3: value_ftw ($107.44 in chips) 
Seat 4: YeeesMan ($100 in chips) 
Seat 5: iljot ($106.86 in chips) 
Seat 6: magzi777 ($104.08 in chips) 
iljot: posts small blind $0.50
magzi777: posts big blind $1
*** HOLE CARDS ***
janarr5: raises $1.25 to $2.25
Pippa83: folds 
value_ftw: folds 
YeeesMan: folds 
iljot: calls $1.75
magzi777: calls $1.25
*** FLOP *** [6c 5c 4h]
iljot: checks 
magzi777: checks 
janarr5: checks 
*** TURN *** [6c 5c 4h] [4c]
iljot: checks 
magzi777: bets $4.81
janarr5: calls $4.81
iljot: folds 
*** RIVER *** [6c 5c 4h 4c] [2s]
magzi777: bets $23.33
janarr5: folds 
Uncalled bet ($23.33) returned to magzi777
magzi777 collected $15.55 from pot
*** SUMMARY ***
Total pot $16.37 | Rake $0.82 
Board [6c 5c 4h 4c 2s]
Seat 1: janarr5 folded on the River
Seat 2: Pippa83 folded before Flop (didn't bet)
Seat 3: value_ftw folded before Flop (didn't bet)
Seat 4: YeeesMan (button) folded before Flop (didn't bet)
Seat 5: iljot (small blind) folded on the Turn
Seat 6: magzi777 (big blind) collected ($15.55)



PokerStars Hand #254636898235:  Hold'em No Limit ($0.50/$1.00 USD) - 2025/01/31 14:36:38 WET [2025/01/31 9:36:38 ET]
Table 'Tombaugh' 6-max Seat #5 is the button
Seat 1: janarr5 ($130.01 in chips) 
Seat 2: Pippa83 ($105.58 in chips) 
Seat 3: value_ftw ($107.44 in chips) 
Seat 4: YeeesMan ($100 in chips) 
Seat 5: iljot ($104.61 in chips) 
Seat 6: magzi777 ($112.57 in chips) 
magzi777: posts small blind $0.50
janarr5: posts big blind $1
*** HOLE CARDS ***
Pippa83: folds 
value_ftw: folds 
YeeesMan: folds 
iljot: folds 
magzi777: folds 
Uncalled bet ($0.50) returned to janarr5
janarr5 collected $1 from pot
janarr5: doesn't show hand 
*** SUMMARY ***
Total pot $1 | Rake $0 
Seat 1: janarr5 (big blind) collected ($1)
Seat 2: Pippa83 folded before Flop (didn't bet)
Seat 3: value_ftw folded before Flop (didn't bet)
Seat 4: YeeesMan folded before Flop (didn't bet)
Seat 5: iljot (button) folded before Flop (didn't bet)
Seat 6: magzi777 (small blind) folded before Flop



PokerStars Hand #254636900958:  Hold'em No Limit ($0.50/$1.00 USD) - 2025/01/31 14:36:52 WET [2025/01/31 9:36:52 ET]
Table 'Tombaugh' 6-max Seat #6 is the button
Seat 1: janarr5 ($130.51 in chips) 
Seat 2: Pippa83 ($105.58 in chips) 
Seat 3: value_ftw ($107.44 in chips) 
Seat 4: YeeesMan ($100 in chips) 
Seat 5: iljot ($104.61 in chips) 
Seat 6: magzi777 ($112.07 in chips) 
janarr5: posts small blind $0.50
Pippa83: posts big blind $1
*** HOLE CARDS ***
value_ftw: folds 
YeeesMan: folds 
iljot: folds 
magzi777: folds 
janarr5: raises $2 to $3
Pippa83: folds 
Uncalled bet ($2) returned to janarr5
janarr5 collected $2 from pot
janarr5: doesn't show hand 
*** SUMMARY ***
Total pot $2 | Rake $0 
Seat 1: janarr5 (small blind) collected ($2)
Seat 2: Pippa83 (big blind) folded before Flop
Seat 3: value_ftw folded before Flop (didn't bet)
Seat 4: YeeesMan folded before Flop (didn't bet)
Seat 5: iljot folded before Flop (didn't bet)
Seat 6: magzi777 (button) folded before Flop (didn't bet)



PokerStars Hand #254636903082:  Hold'em No Limit ($0.50/$1.00 USD) - 2025/01/31 14:37:04 WET [2025/01/31 9:37:04 ET]
Table 'Tombaugh' 6-max Seat #1 is the button
Seat 1: janarr5 ($131.51 in chips) 
Seat 2: Pippa83 ($104.58 in chips) 
Seat 3: value_ftw ($107.44 in chips) 
Seat 4: YeeesMan ($100 in chips) 
Seat 5: iljot ($104.61 in chips) 
Seat 6: magzi777 ($112.07 in chips) 
Pippa83: posts small blind $0.50
value_ftw: posts big blind $1
*** HOLE CARDS ***
YeeesMan: folds 
iljot: raises $2.50 to $3.50
magzi777: folds 
janarr5: folds 
Pippa83: folds 
value_ftw: calls $2.50
*** FLOP *** [5h Qh 3h]
value_ftw: checks 
iljot: bets $3.56
value_ftw: raises $10.68 to $14.24
iljot: folds 
Uncalled bet ($10.68) returned to value_ftw
value_ftw collected $13.89 from pot
value_ftw: doesn't show hand 
*** SUMMARY ***
Total pot $14.62 | Rake $0.73 
Board [5h Qh 3h]
Seat 1: janarr5 (button) folded before Flop (didn't bet)
Seat 2: Pippa83 (small blind) folded before Flop
Seat 3: value_ftw (big blind) collected ($13.89)
Seat 4: YeeesMan folded before Flop (didn't bet)
Seat 5: iljot folded on the Flop
Seat 6: magzi777 folded before Flop (didn't bet)



PokerStars Hand #254636911053:  Hold'em No Limit ($0.50/$1.00 USD) - 2025/01/31 14:37:48 WET [2025/01/31 9:37:48 ET]
Table 'Tombaugh' 6-max Seat #2 is the button
Seat 1: janarr5 ($131.51 in chips) is sitting out
Seat 2: Pippa83 ($104.08 in chips) 
Seat 3: value_ftw ($114.27 in chips) 
Seat 4: YeeesMan ($100 in chips) 
Seat 5: iljot ($97.55 in chips) 
Seat 6: magzi777 ($112.07 in chips) 
value_ftw: posts small blind $0.50
YeeesMan: posts big blind $1
*** HOLE CARDS ***
iljot: calls $1
magzi777: folds 
Pippa83: raises $2.50 to $3.50
value_ftw: folds 
YeeesMan: folds 
iljot: calls $2.50
*** FLOP *** [3h Jh 7h]
iljot: checks 
Pippa83: bets $2.02
iljot: folds 
Uncalled bet ($2.02) returned to Pippa83
Pippa83 collected $8.08 from pot
Pippa83: doesn't show hand 
*** SUMMARY ***
Total pot $8.50 | Rake $0.42 
Board [3h Jh 7h]
Seat 1: janarr5
Seat 2: Pippa83 (button) collected ($8.08)
Seat 3: value_ftw (small blind) folded before Flop
Seat 4: YeeesMan (big blind) folded before Flop
Seat 5: iljot folded on the Flop
Seat 6: magzi777 folded before Flop (didn't bet)



PokerStars Hand #254636915550:  Hold'em No Limit ($0.50/$1.00 USD) - 2025/01/31 14:38:14 WET [2025/01/31 9:38:14 ET]
Table 'Tombaugh' 6-max Seat #3 is the button
Seat 1: janarr5 ($131.51 in chips) is sitting out
Seat 2: Pippa83 ($108.66 in chips) 
Seat 3: value_ftw ($113.77 in chips) 
Seat 4: YeeesMan ($100 in chips) 
Seat 5: iljot ($94.05 in chips) 
Seat 6: magzi777 ($112.07 in chips) 
YeeesMan: posts small blind $0.50
iljot: posts big blind $1
*** HOLE CARDS ***
magzi777: folds 
Pippa83: folds 
value_ftw: raises $1.50 to $2.50
YeeesMan: folds 
iljot: raises $2.50 to $5
value_ftw: calls $2.50
*** FLOP *** [6s 2s Ks]
iljot: checks 
value_ftw: checks 
*** TURN *** [6s 2s Ks] [3d]
iljot: checks 
value_ftw: bets $9.98
iljot: folds 
Uncalled bet ($9.98) returned to value_ftw
value_ftw collected $9.98 from pot
value_ftw: doesn't show hand 
*** SUMMARY ***
Total pot $10.50 | Rake $0.52 
Board [6s 2s Ks 3d]
Seat 1: janarr5
Seat 2: Pippa83 folded before Flop (didn't bet)
Seat 3: value_ftw (button) collected ($9.98)
Seat 4: YeeesMan (small blind) folded before Flop
Seat 5: iljot (big blind) folded on the Turn
Seat 6: magzi777 folded before Flop (didn't bet)



PokerStars Hand #254636922147:  Hold'em No Limit ($0.50/$1.00 USD) - 2025/01/31 14:38:50 WET [2025/01/31 9:38:50 ET]
Table 'Tombaugh' 6-max Seat #4 is the button
Seat 1: janarr5 ($131.51 in chips) is sitting out
Seat 2: Pippa83 ($108.66 in chips) 
Seat 3: value_ftw ($118.75 in chips) 
Seat 4: YeeesMan ($100 in chips) 
Seat 5: iljot ($89.05 in chips) 
Seat 6: magzi777 ($112.07 in chips) 
iljot: posts small blind $0.50
magzi777: posts big blind $1
*** HOLE CARDS ***
Pippa83: raises $1.20 to $2.20
value_ftw: raises $5.30 to $7.50
YeeesMan: folds 
iljot: folds 
magzi777: folds 
Pippa83: folds 
Uncalled bet ($5.30) returned to value_ftw
value_ftw collected $5.90 from pot
value_ftw: doesn't show hand 
*** SUMMARY ***
Total pot $5.90 | Rake $0 
Seat 1: janarr5
Seat 2: Pippa83 folded before Flop
Seat 3: value_ftw collected ($5.90)
Seat 4: YeeesMan (button) folded before Flop (didn't bet)
Seat 5: iljot (small blind) folded before Flop
Seat 6: magzi777 (big blind) folded before Flop



PokerStars Hand #254636925571:  Hold'em No Limit ($0.50/$1.00 USD) - 2025/01/31 14:39:09 WET [2025/01/31 9:39:09 ET]
Table 'Tombaugh' 6-max Seat #5 is the button
Seat 1: janarr5 ($131.51 in chips) is sitting out
Seat 2: Pippa83 ($106.46 in chips) 
Seat 3: value_ftw ($122.45 in chips) 
Seat 4: YeeesMan ($100 in chips) 
Seat 5: iljot ($88.55 in chips) 
Seat 6: magzi777 ($111.07 in chips) 
magzi777: posts small blind $0.50
Pippa83: posts big blind $1
*** HOLE CARDS ***
value_ftw: folds 
YeeesMan: folds 
iljot: folds 
magzi777: folds 
Uncalled bet ($0.50) returned to Pippa83
Pippa83 collected $1 from pot
Pippa83: doesn't show hand 
*** SUMMARY ***
Total pot $1 | Rake $0 
Seat 1: janarr5
Seat 2: Pippa83 (big blind) collected ($1)
Seat 3: value_ftw folded before Flop (didn't bet)
Seat 4: YeeesMan folded before Flop (didn't bet)
Seat 5: iljot (button) folded before Flop (didn't bet)
Seat 6: magzi777 (small blind) folded before Flop



PokerStars Hand #254636928009:  Hold'em No Limit ($0.50/$1.00 USD) - 2025/01/31 14:39:23 WET [2025/01/31 9:39:23 ET]
Table 'Tombaugh' 6-max Seat #6 is the button
Seat 1: janarr5 ($131.51 in chips) is sitting out
Seat 2: Pippa83 ($106.96 in chips) 
Seat 3: value_ftw ($122.45 in chips) 
Seat 4: YeeesMan ($100 in chips) 
Seat 5: iljot ($88.55 in chips) 
Seat 6: magzi777 ($110.57 in chips) 
Pippa83: posts small blind $0.50
value_ftw: posts big blind $1
*** HOLE CARDS ***
YeeesMan: folds 
iljot: calls $1
magzi777: folds 
Pippa83: calls $0.50
value_ftw: checks 
*** FLOP *** [2h 5h Ad]
Pippa83: checks 
value_ftw: checks 
iljot: checks 
*** TURN *** [2h 5h Ad] [9s]
Pippa83: checks 
value_ftw: checks 
iljot: checks 
*** RIVER *** [2h 5h Ad 9s] [2c]
Pippa83: bets $1.50
value_ftw: raises $14 to $15.50
iljot: folds 
Pippa83: folds 
Uncalled bet ($14) returned to value_ftw
value_ftw collected $5.70 from pot
value_ftw: doesn't show hand 
*** SUMMARY ***
Total pot $6 | Rake $0.30 
Board [2h 5h Ad 9s 2c]
Seat 1: janarr5
Seat 2: Pippa83 (small blind) folded on the River
Seat 3: value_ftw (big blind) collected ($5.70)
Seat 4: YeeesMan folded before Flop (didn't bet)
Seat 5: iljot folded on the River
Seat 6: magzi777 (button) folded before Flop (didn't bet)



PokerStars Hand #254636937460:  Hold'em No Limit ($0.50/$1.00 USD) - 2025/01/31 14:40:15 WET [2025/01/31 9:40:15 ET]
Table 'Tombaugh' 6-max Seat #2 is the button
Seat 1: janarr5 ($131.51 in chips) is sitting out
Seat 2: Pippa83 ($104.46 in chips) 
Seat 3: value_ftw ($125.65 in chips) 
Seat 4: YeeesMan ($100 in chips) 
Seat 5: iljot ($87.55 in chips) 
Seat 6: magzi777 ($110.57 in chips) 
value_ftw: posts small blind $0.50
YeeesMan: posts big blind $1
*** HOLE CARDS ***
iljot: raises $2 to $3
magzi777: folds 
Pippa83: folds 
value_ftw: folds 
YeeesMan: calls $2
*** FLOP *** [Qc Td 6s]
YeeesMan: checks 
iljot: checks 
*** TURN *** [Qc Td 6s] [5c]
YeeesMan: bets $2.04
iljot: calls $2.04
*** RIVER *** [Qc Td 6s 5c] [8c]
YeeesMan: bets $10.05
iljot: folds 
Uncalled bet ($10.05) returned to YeeesMan
YeeesMan collected $10.05 from pot
YeeesMan: doesn't show hand 
*** SUMMARY ***
Total pot $10.58 | Rake $0.53 
Board [Qc Td 6s 5c 8c]
Seat 1: janarr5
Seat 2: Pippa83 (button) folded before Flop (didn't bet)
Seat 3: value_ftw (small blind) folded before Flop
Seat 4: YeeesMan (big blind) collected ($10.05)
Seat 5: iljot folded on the River
Seat 6: magzi777 folded before Flop (didn't bet)



PokerStars Hand #254636945415:  Hold'em No Limit ($0.50/$1.00 USD) - 2025/01/31 14:40:57 WET [2025/01/31 9:40:57 ET]
Table 'Tombaugh' 6-max Seat #3 is the button
Seat 1: janarr5 ($131.51 in chips) is sitting out
Seat 2: Pippa83 ($104.46 in chips) 
Seat 3: value_ftw ($125.15 in chips) 
Seat 4: YeeesMan ($105.01 in chips) 
Seat 5: iljot ($82.51 in chips) 
Seat 6: magzi777 ($110.57 in chips) 
YeeesMan: posts small blind $0.50
iljot: posts big blind $1
janarr5: sits out 
*** HOLE CARDS ***
magzi777: folds 
Pippa83: folds 
value_ftw: folds 
YeeesMan: folds 
Uncalled bet ($0.50) returned to iljot
iljot collected $1 from pot
*** SUMMARY ***
Total pot $1 | Rake $0 
Seat 1: janarr5
Seat 2: Pippa83 folded before Flop (didn't bet)
Seat 3: value_ftw (button) folded before Flop (didn't bet)
Seat 4: YeeesMan (small blind) folded before Flop
Seat 5: iljot (big blind) collected ($1)
Seat 6: magzi777 folded before Flop (didn't bet)



PokerStars Hand #254636947571:  Hold'em No Limit ($0.50/$1.00 USD) - 2025/01/31 14:41:09 WET [2025/01/31 9:41:09 ET]
Table 'Tombaugh' 6-max Seat #4 is the button
Seat 1: janarr5 ($131.51 in chips) is sitting out
Seat 2: Pippa83 ($104.46 in chips) 
Seat 3: value_ftw ($125.15 in chips) 
Seat 4: YeeesMan ($104.51 in chips) 
Seat 5: iljot ($83.01 in chips) 
Seat 6: magzi777 ($110.57 in chips) 
iljot: posts small blind $0.50
magzi777: posts big blind $1
janarr5: sits out 
*** HOLE CARDS ***
Pippa83: folds 
Pippa83 leaves the table
value_ftw: folds 
YeeesMan: folds 
iljot: folds 
Uncalled bet ($0.50) returned to magzi777
magzi777 collected $1 from pot
*** SUMMARY ***
Total pot $1 | Rake $0 
Seat 1: janarr5
Seat 2: Pippa83 folded before Flop (didn't bet)
Seat 3: value_ftw folded before Flop (didn't bet)
Seat 4: YeeesMan (button) folded before Flop (didn't bet)
Seat 5: iljot (small blind) folded before Flop
Seat 6: magzi777 (big blind) collected ($1)



PokerStars Hand #254636949432:  Hold'em No Limit ($0.50/$1.00 USD) - 2025/01/31 14:41:19 WET [2025/01/31 9:41:19 ET]
Table 'Tombaugh' 6-max Seat #5 is the button
Seat 1: janarr5 ($131.51 in chips) 
Seat 3: value_ftw ($125.15 in chips) 
Seat 4: YeeesMan ($104.51 in chips) 
Seat 5: iljot ($82.51 in chips) 
Seat 6: magzi777 ($111.07 in chips) 
magzi777: posts small blind $0.50
janarr5: posts big blind $1
*** HOLE CARDS ***
value_ftw: folds 
YeeesMan: folds 
iljot: raises $3.50 to $4.50
magzi777: folds 
janarr5: folds 
Uncalled bet ($3.50) returned to iljot
iljot collected $2.50 from pot
*** SUMMARY ***
Total pot $2.50 | Rake $0 
Seat 1: janarr5 (big blind) folded before Flop
Seat 3: value_ftw folded before Flop (didn't bet)
Seat 4: YeeesMan folded before Flop (didn't bet)
Seat 5: iljot (button) collected ($2.50)
Seat 6: magzi777 (small blind) folded before Flop



PokerStars Hand #254636951487:  Hold'em No Limit ($0.50/$1.00 USD) - 2025/01/31 14:41:30 WET [2025/01/31 9:41:30 ET]
Table 'Tombaugh' 6-max Seat #6 is the button
Seat 1: janarr5 ($130.51 in chips) 
Seat 3: value_ftw ($125.15 in chips) 
Seat 4: YeeesMan ($104.51 in chips) 
Seat 5: iljot ($84.01 in chips) 
Seat 6: magzi777 ($110.57 in chips) 
janarr5: posts small blind $0.50
value_ftw: posts big blind $1
*** HOLE CARDS ***
YeeesMan: raises $1.50 to $2.50
iljot: folds 
magzi777: folds 
janarr5: folds 
value_ftw: folds 
Uncalled bet ($1.50) returned to YeeesMan
YeeesMan collected $2.50 from pot
YeeesMan: doesn't show hand 
*** SUMMARY ***
Total pot $2.50 | Rake $0 
Seat 1: janarr5 (small blind) folded before Flop
Seat 3: value_ftw (big blind) folded before Flop
Seat 4: YeeesMan collected ($2.50)
Seat 5: iljot folded before Flop (didn't bet)
Seat 6: magzi777 (button) folded before Flop (didn't bet)



PokerStars Hand #254636954410:  Hold'em No Limit ($0.50/$1.00 USD) - 2025/01/31 14:41:46 WET [2025/01/31 9:41:46 ET]
Table 'Tombaugh' 6-max Seat #1 is the button
Seat 1: janarr5 ($130.01 in chips) 
Seat 3: value_ftw ($124.15 in chips) 
Seat 4: YeeesMan ($106.01 in chips) 
Seat 5: iljot ($84.01 in chips) 
Seat 6: magzi777 ($110.57 in chips) 
value_ftw: posts small blind $0.50
YeeesMan: posts big blind $1
*** HOLE CARDS ***
iljot: folds 
magzi777: raises $1.50 to $2.50
janarr5: folds 
value_ftw: folds 
YeeesMan is disconnected 
YeeesMan has timed out while disconnected
YeeesMan: folds 
Uncalled bet ($1.50) returned to magzi777
magzi777 collected $2.50 from pot
*** SUMMARY ***
Total pot $2.50 | Rake $0 
Seat 1: janarr5 (button) folded before Flop (didn't bet)
Seat 3: value_ftw (small blind) folded before Flop
Seat 4: YeeesMan (big blind) folded before Flop
Seat 5: iljot folded before Flop (didn't bet)
Seat 6: magzi777 collected ($2.50)



PokerStars Hand #254636962940:  Hold'em No Limit ($0.50/$1.00 USD) - 2025/01/31 14:42:33 WET [2025/01/31 9:42:33 ET]
Table 'Tombaugh' 6-max Seat #3 is the button
Seat 4: YeeesMan ($105.01 in chips) is sitting out
Seat 1: janarr5 ($130.01 in chips) 
Seat 3: value_ftw ($123.65 in chips) 
Seat 5: iljot ($84.01 in chips) 
Seat 6: magzi777 ($112.07 in chips) 
iljot: posts small blind $0.50
magzi777: posts big blind $1
*** HOLE CARDS ***
janarr5: folds 
value_ftw: folds 
iljot: raises $2 to $3
magzi777: calls $2
*** FLOP *** [Js Th 5c]
Pon4uk.ua joins the table at seat #2 
iljot: bets $2.85
magzi777: calls $2.85
*** TURN *** [Js Th 5c] [7c]
iljot: bets $3
magzi777: raises $5 to $8
iljot: calls $5
*** RIVER *** [Js Th 5c 7c] [9c]
iljot: checks 
magzi777: checks 
*** SHOW DOWN ***
iljot: shows [Tc Ks] (a pair of Tens)
magzi777: shows [Ah Td] (a pair of Tens - Ace kicker)
magzi777 collected $26.70 from pot
*** SUMMARY ***
Total pot $27.70 | Rake $1 
Board [Js Th 5c 7c 9c]
Seat 4: YeeesMan
Seat 1: janarr5 folded before Flop (didn't bet)
Seat 3: value_ftw (button) folded before Flop (didn't bet)
Seat 5: iljot (small blind) showed [Tc Ks] and lost with a pair of Tens
Seat 6: magzi777 (big blind) showed [Ah Td] and won ($26.70) with a pair of Tens



PokerStars Hand #254636972133:  Hold'em No Limit ($0.50/$1.00 USD) - 2025/01/31 14:43:23 WET [2025/01/31 9:43:23 ET]
Table 'Tombaugh' 6-max Seat #5 is the button
Seat 2: Pon4uk.ua ($100 in chips) is sitting out
Seat 4: YeeesMan ($105.01 in chips) is sitting out
Seat 1: janarr5 ($130.01 in chips) 
Seat 3: value_ftw ($123.65 in chips) 
Seat 5: iljot ($70.16 in chips) 
Seat 6: magzi777 ($124.92 in chips) 
magzi777: posts small blind $0.50
janarr5: posts big blind $1
Pon4uk.ua: sits out 
YeeesMan: sits out 
*** HOLE CARDS ***
value_ftw: folds 
iljot: calls $1
magzi777: raises $4.50 to $5.50
janarr5: folds 
iljot: folds 
Uncalled bet ($4.50) returned to magzi777
magzi777 collected $3 from pot
*** SUMMARY ***
Total pot $3 | Rake $0 
Seat 2: Pon4uk.ua
Seat 4: YeeesMan
Seat 1: janarr5 (big blind) folded before Flop
Seat 3: value_ftw folded before Flop (didn't bet)
Seat 5: iljot (button) folded before Flop
Seat 6: magzi777 (small blind) collected ($3)



PokerStars Hand #254636975698:  Hold'em No Limit ($0.50/$1.00 USD) - 2025/01/31 14:43:42 WET [2025/01/31 9:43:42 ET]
Table 'Tombaugh' 6-max Seat #6 is the button
Seat 4: YeeesMan ($105.01 in chips) is sitting out
Seat 1: janarr5 ($129.01 in chips) 
Seat 2: Pon4uk.ua ($100 in chips) 
Seat 3: value_ftw ($123.65 in chips) 
Seat 5: iljot ($69.16 in chips) 
Seat 6: magzi777 ($126.92 in chips) 
janarr5: posts small blind $0.50
Pon4uk.ua: posts big blind $1
YeeesMan: sits out 
*** HOLE CARDS ***
value_ftw: folds 
iljot: raises $2.50 to $3.50
magzi777: raises $7 to $10.50
janarr5: folds 
Pon4uk.ua: folds 
iljot: calls $7
*** FLOP *** [Tc 7d 9d]
iljot: checks 
magzi777: bets $16.04
iljot: folds 
Uncalled bet ($16.04) returned to magzi777
magzi777 collected $21.38 from pot
*** SUMMARY ***
Total pot $22.50 | Rake $1.12 
Board [Tc 7d 9d]
Seat 4: YeeesMan
Seat 1: janarr5 (small blind) folded before Flop
Seat 2: Pon4uk.ua (big blind) folded before Flop
Seat 3: value_ftw folded before Flop (didn't bet)
Seat 5: iljot folded on the Flop
Seat 6: magzi777 (button) collected ($21.38)



PokerStars Hand #254636984739:  Hold'em No Limit ($0.50/$1.00 USD) - 2025/01/31 14:44:31 WET [2025/01/31 9:44:31 ET]
Table 'Tombaugh' 6-max Seat #1 is the button
Seat 4: YeeesMan ($105.01 in chips) is sitting out
Seat 1: janarr5 ($128.51 in chips) 
Seat 2: Pon4uk.ua ($100 in chips) 
Seat 3: value_ftw ($123.65 in chips) 
Seat 5: iljot ($58.66 in chips) 
Seat 6: magzi777 ($137.80 in chips) 
Pon4uk.ua: posts small blind $0.50
value_ftw: posts big blind $1
YeeesMan: sits out 
*** HOLE CARDS ***
iljot: folds 
magzi777: folds 
janarr5: folds 
Pon4uk.ua: folds 
Uncalled bet ($0.50) returned to value_ftw
value_ftw collected $1 from pot
value_ftw: doesn't show hand 
*** SUMMARY ***
Total pot $1 | Rake $0 
Seat 4: YeeesMan
Seat 1: janarr5 (button) folded before Flop (didn't bet)
Seat 2: Pon4uk.ua (small blind) folded before Flop
Seat 3: value_ftw (big blind) collected ($1)
Seat 5: iljot folded before Flop (didn't bet)
Seat 6: magzi777 folded before Flop (didn't bet)



PokerStars Hand #254636986466:  Hold'em No Limit ($0.50/$1.00 USD) - 2025/01/31 14:44:41 WET [2025/01/31 9:44:41 ET]
Table 'Tombaugh' 6-max Seat #2 is the button
Seat 1: janarr5 ($128.51 in chips) 
Seat 2: Pon4uk.ua ($100 in chips) 
Seat 3: value_ftw ($124.15 in chips) 
Seat 4: YeeesMan ($105.01 in chips) 
Seat 5: iljot ($58.66 in chips) 
Seat 6: magzi777 ($137.80 in chips) 
value_ftw: posts small blind $0.50
YeeesMan: posts big blind $1
*** HOLE CARDS ***
iljot: calls $1
magzi777: folds 
janarr5: folds 
Pon4uk.ua: raises $3 to $4
value_ftw: folds 
YeeesMan: folds 
iljot: calls $3
*** FLOP *** [2s 9c Jd]
iljot: bets $4.51
Pon4uk.ua: calls $4.51
*** TURN *** [2s 9c Jd] [3s]
iljot: bets $8.80
Pon4uk.ua: folds 
Uncalled bet ($8.80) returned to iljot
iljot collected $17.59 from pot
*** SUMMARY ***
Total pot $18.52 | Rake $0.93 
Board [2s 9c Jd 3s]
Seat 1: janarr5 folded before Flop (didn't bet)
Seat 2: Pon4uk.ua (button) folded on the Turn
Seat 3: value_ftw (small blind) folded before Flop
Seat 4: YeeesMan (big blind) folded before Flop
Seat 5: iljot collected ($17.59)
Seat 6: magzi777 folded before Flop (didn't bet)



PokerStars Hand #254636991968:  Hold'em No Limit ($0.50/$1.00 USD) - 2025/01/31 14:45:10 WET [2025/01/31 9:45:10 ET]
Table 'Tombaugh' 6-max Seat #3 is the button
Seat 1: janarr5 ($128.51 in chips) 
Seat 2: Pon4uk.ua ($100 in chips) 
Seat 3: value_ftw ($123.65 in chips) 
Seat 4: YeeesMan ($104.01 in chips) 
Seat 5: iljot ($67.74 in chips) 
Seat 6: magzi777 ($137.80 in chips) 
YeeesMan: posts small blind $0.50
iljot: posts big blind $1
*** HOLE CARDS ***
magzi777: folds 
janarr5: raises $1.25 to $2.25
Pon4uk.ua: folds 
value_ftw: folds 
YeeesMan: folds 
iljot: folds 
Uncalled bet ($1.25) returned to janarr5
janarr5 collected $2.50 from pot
janarr5: doesn't show hand 
*** SUMMARY ***
Total pot $2.50 | Rake $0 
Seat 1: janarr5 collected ($2.50)
Seat 2: Pon4uk.ua folded before Flop (didn't bet)
Seat 3: value_ftw (button) folded before Flop (didn't bet)
Seat 4: YeeesMan (small blind) folded before Flop
Seat 5: iljot (big blind) folded before Flop
Seat 6: magzi777 folded before Flop (didn't bet)



PokerStars Hand #254636995461:  Hold'em No Limit ($0.50/$1.00 USD) - 2025/01/31 14:45:29 WET [2025/01/31 9:45:29 ET]
Table 'Tombaugh' 6-max Seat #4 is the button
Seat 1: janarr5 ($130.01 in chips) 
Seat 2: Pon4uk.ua ($100 in chips) 
Seat 3: value_ftw ($123.65 in chips) 
Seat 4: YeeesMan ($103.51 in chips) 
Seat 5: iljot ($66.74 in chips) 
Seat 6: magzi777 ($137.80 in chips) 
iljot: posts small blind $0.50
magzi777: posts big blind $1
*** HOLE CARDS ***
janarr5: folds 
Pon4uk.ua: folds 
value_ftw: raises $1.20 to $2.20
YeeesMan: folds 
iljot: folds 
magzi777: folds 
Uncalled bet ($1.20) returned to value_ftw
value_ftw collected $2.50 from pot
value_ftw: doesn't show hand 
*** SUMMARY ***
Total pot $2.50 | Rake $0 
Seat 1: janarr5 folded before Flop (didn't bet)
Seat 2: Pon4uk.ua folded before Flop (didn't bet)
Seat 3: value_ftw collected ($2.50)
Seat 4: YeeesMan (button) folded before Flop (didn't bet)
Seat 5: iljot (small blind) folded before Flop
Seat 6: magzi777 (big blind) folded before Flop



PokerStars Hand #254636998496:  Hold'em No Limit ($0.50/$1.00 USD) - 2025/01/31 14:45:46 WET [2025/01/31 9:45:46 ET]
Table 'Tombaugh' 6-max Seat #5 is the button
Seat 1: janarr5 ($130.01 in chips) 
Seat 2: Pon4uk.ua ($100 in chips) 
Seat 3: value_ftw ($125.15 in chips) 
Seat 4: YeeesMan ($103.51 in chips) 
Seat 5: iljot ($66.24 in chips) 
Seat 6: magzi777 ($136.80 in chips) 
magzi777: posts small blind $0.50
janarr5: posts big blind $1
*** HOLE CARDS ***
Pon4uk.ua: folds 
value_ftw: folds 
YeeesMan: folds 
iljot: calls $1
magzi777: folds 
janarr5: checks 
*** FLOP *** [Kd 8s Tc]
janarr5: checks 
iljot: checks 
*** TURN *** [Kd 8s Tc] [Ac]
janarr5: checks 
iljot: checks 
*** RIVER *** [Kd 8s Tc Ac] [Th]
janarr5: bets $1
iljot: calls $1
*** SHOW DOWN ***
janarr5: shows [Kc 7s] (two pair, Kings and Tens)
iljot: shows [Ad 7d] (two pair, Aces and Tens)
iljot collected $4.28 from pot
*** SUMMARY ***
Total pot $4.50 | Rake $0.22 
Board [Kd 8s Tc Ac Th]
Seat 1: janarr5 (big blind) showed [Kc 7s] and lost with two pair, Kings and Tens
Seat 2: Pon4uk.ua folded before Flop (didn't bet)
Seat 3: value_ftw folded before Flop (didn't bet)
Seat 4: YeeesMan folded before Flop (didn't bet)
Seat 5: iljot (button) showed [Ad 7d] and won ($4.28) with two pair, Aces and Tens
Seat 6: magzi777 (small blind) folded before Flop



PokerStars Hand #254637004786:  Hold'em No Limit ($0.50/$1.00 USD) - 2025/01/31 14:46:20 WET [2025/01/31 9:46:20 ET]
Table 'Tombaugh' 6-max Seat #6 is the button
Seat 1: janarr5 ($128.01 in chips) 
Seat 2: Pon4uk.ua ($100 in chips) 
Seat 3: value_ftw ($125.15 in chips) 
Seat 4: YeeesMan ($103.51 in chips) 
Seat 5: iljot ($68.52 in chips) 
Seat 6: magzi777 ($136.30 in chips) 
janarr5: posts small blind $0.50
Pon4uk.ua: posts big blind $1
*** HOLE CARDS ***
value_ftw: folds 
YeeesMan: folds 
iljot: folds 
magzi777: folds 
janarr5: folds 
Uncalled bet ($0.50) returned to Pon4uk.ua
Pon4uk.ua collected $1 from pot
Pon4uk.ua: doesn't show hand 
*** SUMMARY ***
Total pot $1 | Rake $0 
Seat 1: janarr5 (small blind) folded before Flop
Seat 2: Pon4uk.ua (big blind) collected ($1)
Seat 3: value_ftw folded before Flop (didn't bet)
Seat 4: YeeesMan folded before Flop (didn't bet)
Seat 5: iljot folded before Flop (didn't bet)
Seat 6: magzi777 (button) folded before Flop (didn't bet)



PokerStars Hand #254637006618:  Hold'em No Limit ($0.50/$1.00 USD) - 2025/01/31 14:46:30 WET [2025/01/31 9:46:30 ET]
Table 'Tombaugh' 6-max Seat #1 is the button
Seat 1: janarr5 ($127.51 in chips) 
Seat 2: Pon4uk.ua ($100.50 in chips) 
Seat 3: value_ftw ($125.15 in chips) 
Seat 4: YeeesMan ($103.51 in chips) 
Seat 5: iljot ($68.52 in chips) 
Seat 6: magzi777 ($136.30 in chips) 
Pon4uk.ua: posts small blind $0.50
value_ftw: posts big blind $1
*** HOLE CARDS ***
YeeesMan: folds 
iljot: folds 
magzi777: folds 
janarr5: raises $1.50 to $2.50
Pon4uk.ua: folds 
value_ftw: folds 
Uncalled bet ($1.50) returned to janarr5
janarr5 collected $2.50 from pot
janarr5: doesn't show hand 
*** SUMMARY ***
Total pot $2.50 | Rake $0 
Seat 1: janarr5 (button) collected ($2.50)
Seat 2: Pon4uk.ua (small blind) folded before Flop
Seat 3: value_ftw (big blind) folded before Flop
Seat 4: YeeesMan folded before Flop (didn't bet)
Seat 5: iljot folded before Flop (didn't bet)
Seat 6: magzi777 folded before Flop (didn't bet)



PokerStars Hand #254637009097:  Hold'em No Limit ($0.50/$1.00 USD) - 2025/01/31 14:46:43 WET [2025/01/31 9:46:43 ET]
Table 'Tombaugh' 6-max Seat #2 is the button
Seat 1: janarr5 ($129.01 in chips) 
Seat 2: Pon4uk.ua ($100 in chips) 
Seat 3: value_ftw ($124.15 in chips) 
Seat 4: YeeesMan ($103.51 in chips) 
Seat 5: iljot ($68.52 in chips) 
Seat 6: magzi777 ($136.30 in chips) 
value_ftw: posts small blind $0.50
YeeesMan: posts big blind $1
*** HOLE CARDS ***
iljot: folds 
magzi777: folds 
janarr5: folds 
Pon4uk.ua: raises $1.50 to $2.50
value_ftw: raises $8 to $10.50
YeeesMan: folds 
Pon4uk.ua: folds 
Uncalled bet ($8) returned to value_ftw
value_ftw collected $6 from pot
value_ftw: doesn't show hand 
*** SUMMARY ***
Total pot $6 | Rake $0 
Seat 1: janarr5 folded before Flop (didn't bet)
Seat 2: Pon4uk.ua (button) folded before Flop
Seat 3: value_ftw (small blind) collected ($6)
Seat 4: YeeesMan (big blind) folded before Flop
Seat 5: iljot folded before Flop (didn't bet)
Seat 6: magzi777 folded before Flop (didn't bet)



PokerStars Hand #254637013846:  Hold'em No Limit ($0.50/$1.00 USD) - 2025/01/31 14:47:09 WET [2025/01/31 9:47:09 ET]
Table 'Tombaugh' 6-max Seat #3 is the button
Seat 1: janarr5 ($129.01 in chips) 
Seat 2: Pon4uk.ua ($100 in chips) 
Seat 3: value_ftw ($127.65 in chips) 
Seat 4: YeeesMan ($102.51 in chips) 
Seat 5: iljot ($68.52 in chips) 
Seat 6: magzi777 ($136.30 in chips) 
YeeesMan: posts small blind $0.50
iljot: posts big blind $1
*** HOLE CARDS ***
magzi777: folds 
janarr5: raises $1.25 to $2.25
Pon4uk.ua: folds 
value_ftw: folds 
YeeesMan: folds 
iljot: folds 
Uncalled bet ($1.25) returned to janarr5
janarr5 collected $2.50 from pot
janarr5: doesn't show hand 
*** SUMMARY ***
Total pot $2.50 | Rake $0 
Seat 1: janarr5 collected ($2.50)
Seat 2: Pon4uk.ua folded before Flop (didn't bet)
Seat 3: value_ftw (button) folded before Flop (didn't bet)
Seat 4: YeeesMan (small blind) folded before Flop
Seat 5: iljot (big blind) folded before Flop
Seat 6: magzi777 folded before Flop (didn't bet)



PokerStars Hand #254637016298:  Hold'em No Limit ($0.50/$1.00 USD) - 2025/01/31 14:47:22 WET [2025/01/31 9:47:22 ET]
Table 'Tombaugh' 6-max Seat #4 is the button
Seat 1: janarr5 ($130.51 in chips) 
Seat 2: Pon4uk.ua ($100 in chips) 
Seat 3: value_ftw ($127.65 in chips) 
Seat 4: YeeesMan ($102.01 in chips) 
Seat 5: iljot ($67.52 in chips) 
Seat 6: magzi777 ($136.30 in chips) 
iljot: posts small blind $0.50
magzi777: posts big blind $1
*** HOLE CARDS ***
janarr5: folds 
Pon4uk.ua: folds 
value_ftw: folds 
YeeesMan: folds 
iljot: calls $0.50
magzi777: raises $3 to $4
iljot: folds 
Uncalled bet ($3) returned to magzi777
magzi777 collected $2 from pot
*** SUMMARY ***
Total pot $2 | Rake $0 
Seat 1: janarr5 folded before Flop (didn't bet)
Seat 2: Pon4uk.ua folded before Flop (didn't bet)
Seat 3: value_ftw folded before Flop (didn't bet)
Seat 4: YeeesMan (button) folded before Flop (didn't bet)
Seat 5: iljot (small blind) folded before Flop
Seat 6: magzi777 (big blind) collected ($2)



PokerStars Hand #254637019842:  Hold'em No Limit ($0.50/$1.00 USD) - 2025/01/31 14:47:41 WET [2025/01/31 9:47:41 ET]
Table 'Tombaugh' 6-max Seat #5 is the button
Seat 1: janarr5 ($130.51 in chips) 
Seat 2: Pon4uk.ua ($100 in chips) 
Seat 3: value_ftw ($127.65 in chips) 
Seat 4: YeeesMan ($102.01 in chips) 
Seat 5: iljot ($66.52 in chips) 
Seat 6: magzi777 ($137.30 in chips) 
magzi777: posts small blind $0.50
janarr5: posts big blind $1
*** HOLE CARDS ***
Pon4uk.ua: folds 
value_ftw: folds 
YeeesMan: raises $1.50 to $2.50
iljot: folds 
magzi777: folds 
janarr5: folds 
Uncalled bet ($1.50) returned to YeeesMan
YeeesMan collected $2.50 from pot
YeeesMan: doesn't show hand 
*** SUMMARY ***
Total pot $2.50 | Rake $0 
Seat 1: janarr5 (big blind) folded before Flop
Seat 2: Pon4uk.ua folded before Flop (didn't bet)
Seat 3: value_ftw folded before Flop (didn't bet)
Seat 4: YeeesMan collected ($2.50)
Seat 5: iljot (button) folded before Flop (didn't bet)
Seat 6: magzi777 (small blind) folded before Flop



PokerStars Hand #254637023790:  Hold'em No Limit ($0.50/$1.00 USD) - 2025/01/31 14:48:03 WET [2025/01/31 9:48:03 ET]
Table 'Tombaugh' 6-max Seat #6 is the button
Seat 1: janarr5 ($129.51 in chips) 
Seat 2: Pon4uk.ua ($100 in chips) 
Seat 3: value_ftw ($127.65 in chips) 
Seat 4: YeeesMan ($103.51 in chips) 
Seat 5: iljot ($66.52 in chips) 
Seat 6: magzi777 ($136.80 in chips) 
janarr5: posts small blind $0.50
Pon4uk.ua: posts big blind $1
*** HOLE CARDS ***
value_ftw: folds 
YeeesMan: folds 
iljot: raises $2.50 to $3.50
magzi777: folds 
janarr5: folds 
Pon4uk.ua: folds 
Uncalled bet ($2.50) returned to iljot
iljot collected $2.50 from pot
*** SUMMARY ***
Total pot $2.50 | Rake $0 
Seat 1: janarr5 (small blind) folded before Flop
Seat 2: Pon4uk.ua (big blind) folded before Flop
Seat 3: value_ftw folded before Flop (didn't bet)
Seat 4: YeeesMan folded before Flop (didn't bet)
Seat 5: iljot collected ($2.50)
Seat 6: magzi777 (button) folded before Flop (didn't bet)



PokerStars Hand #254637028099:  Hold'em No Limit ($0.50/$1.00 USD) - 2025/01/31 14:48:27 WET [2025/01/31 9:48:27 ET]
Table 'Tombaugh' 6-max Seat #1 is the button
Seat 1: janarr5 ($129.01 in chips) 
Seat 2: Pon4uk.ua ($100 in chips) 
Seat 3: value_ftw ($127.65 in chips) 
Seat 4: YeeesMan ($103.51 in chips) 
Seat 5: iljot ($68.02 in chips) 
Seat 6: magzi777 ($136.80 in chips) 
Pon4uk.ua: posts small blind $0.50
value_ftw: posts big blind $1
*** HOLE CARDS ***
YeeesMan: folds 
iljot: folds 
magzi777: folds 
janarr5: folds 
Pon4uk.ua: folds 
Uncalled bet ($0.50) returned to value_ftw
value_ftw collected $1 from pot
value_ftw: doesn't show hand 
*** SUMMARY ***
Total pot $1 | Rake $0 
Seat 1: janarr5 (button) folded before Flop (didn't bet)
Seat 2: Pon4uk.ua (small blind) folded before Flop
Seat 3: value_ftw (big blind) collected ($1)
Seat 4: YeeesMan folded before Flop (didn't bet)
Seat 5: iljot folded before Flop (didn't bet)
Seat 6: magzi777 folded before Flop (didn't bet)



PokerStars Hand #254637031546:  Hold'em No Limit ($0.50/$1.00 USD) - 2025/01/31 14:48:46 WET [2025/01/31 9:48:46 ET]
Table 'Tombaugh' 6-max Seat #2 is the button
Seat 1: janarr5 ($129.01 in chips) 
Seat 2: Pon4uk.ua ($100 in chips) 
Seat 3: value_ftw ($128.15 in chips) 
Seat 4: YeeesMan ($103.51 in chips) 
Seat 5: iljot ($68.02 in chips) 
Seat 6: magzi777 ($136.80 in chips) 
value_ftw: posts small blind $0.50
YeeesMan: posts big blind $1
*** HOLE CARDS ***
iljot: folds 
magzi777: folds 
janarr5: folds 
Pon4uk.ua: folds 
value_ftw: folds 
Uncalled bet ($0.50) returned to YeeesMan
YeeesMan collected $1 from pot
YeeesMan: doesn't show hand 
*** SUMMARY ***
Total pot $1 | Rake $0 
Seat 1: janarr5 folded before Flop (didn't bet)
Seat 2: Pon4uk.ua (button) folded before Flop (didn't bet)
Seat 3: value_ftw (small blind) folded before Flop
Seat 4: YeeesMan (big blind) collected ($1)
Seat 5: iljot folded before Flop (didn't bet)
Seat 6: magzi777 folded before Flop (didn't bet)



PokerStars Hand #254637035349:  Hold'em No Limit ($0.50/$1.00 USD) - 2025/01/31 14:49:07 WET [2025/01/31 9:49:07 ET]
Table 'Tombaugh' 6-max Seat #3 is the button
Seat 1: janarr5 ($129.01 in chips) 
Seat 2: Pon4uk.ua ($100 in chips) 
Seat 3: value_ftw ($127.65 in chips) 
Seat 4: YeeesMan ($104.01 in chips) 
Seat 5: iljot ($68.02 in chips) 
Seat 6: magzi777 ($136.80 in chips) 
YeeesMan: posts small blind $0.50
iljot: posts big blind $1
*** HOLE CARDS ***
magzi777: folds 
janarr5: folds 
Pon4uk.ua: raises $1.50 to $2.50
value_ftw: folds 
YeeesMan: folds 
iljot: calls $1.50
*** FLOP *** [Ac 2h Kc]
iljot: bets $2
Pon4uk.ua: calls $2
*** TURN *** [Ac 2h Kc] [Kd]
iljot: bets $3
Pon4uk.ua: calls $3
*** RIVER *** [Ac 2h Kc Kd] [3d]
iljot: bets $3
Pon4uk.ua: folds 
Uncalled bet ($3) returned to iljot
iljot collected $14.72 from pot
*** SUMMARY ***
Total pot $15.50 | Rake $0.78 
Board [Ac 2h Kc Kd 3d]
Seat 1: janarr5 folded before Flop (didn't bet)
Seat 2: Pon4uk.ua folded on the River
Seat 3: value_ftw (button) folded before Flop (didn't bet)
Seat 4: YeeesMan (small blind) folded before Flop
Seat 5: iljot (big blind) collected ($14.72)
Seat 6: magzi777 folded before Flop (didn't bet)



PokerStars Hand #254637044196:  Hold'em No Limit ($0.50/$1.00 USD) - 2025/01/31 14:49:55 WET [2025/01/31 9:49:55 ET]
Table 'Tombaugh' 6-max Seat #4 is the button
Seat 1: janarr5 ($129.01 in chips) 
Seat 2: Pon4uk.ua ($100 in chips) 
Seat 3: value_ftw ($127.65 in chips) 
Seat 4: YeeesMan ($103.51 in chips) 
Seat 5: iljot ($75.24 in chips) 
Seat 6: magzi777 ($136.80 in chips) 
iljot: posts small blind $0.50
magzi777: posts big blind $1
*** HOLE CARDS ***
janarr5: folds 
Pon4uk.ua: folds 
value_ftw: folds 
YeeesMan: raises $1.50 to $2.50
iljot: folds 
magzi777: calls $1.50
*** FLOP *** [8h Ad 6d]
magzi777: checks 
YeeesMan: checks 
*** TURN *** [8h Ad 6d] [Qh]
magzi777: checks 
YeeesMan: bets $3.92
magzi777: calls $3.92
*** RIVER *** [8h Ad 6d Qh] [3c]
magzi777: checks 
YeeesMan: checks 
*** SHOW DOWN ***
magzi777: shows [Qs Kh] (a pair of Queens)
YeeesMan: mucks hand 
magzi777 collected $12.67 from pot
*** SUMMARY ***
Total pot $13.34 | Rake $0.67 
Board [8h Ad 6d Qh 3c]
Seat 1: janarr5 folded before Flop (didn't bet)
Seat 2: Pon4uk.ua folded before Flop (didn't bet)
Seat 3: value_ftw folded before Flop (didn't bet)
Seat 4: YeeesMan (button) mucked
Seat 5: iljot (small blind) folded before Flop
Seat 6: magzi777 (big blind) showed [Qs Kh] and won ($12.67) with a pair of Queens



PokerStars Hand #254637057765:  Hold'em No Limit ($0.50/$1.00 USD) - 2025/01/31 14:51:08 WET [2025/01/31 9:51:08 ET]
Table 'Tombaugh' 6-max Seat #5 is the button
Seat 1: janarr5 ($129.01 in chips) 
Seat 2: Pon4uk.ua ($100 in chips) 
Seat 3: value_ftw ($127.65 in chips) 
Seat 4: YeeesMan ($100 in chips) 
Seat 5: iljot ($74.74 in chips) 
Seat 6: magzi777 ($143.05 in chips) 
magzi777: posts small blind $0.50
janarr5: posts big blind $1
*** HOLE CARDS ***
Pon4uk.ua: folds 
value_ftw: folds 
YeeesMan: raises $1.50 to $2.50
iljot: folds 
magzi777: folds 
janarr5: raises $9.50 to $12
YeeesMan: folds 
Uncalled bet ($9.50) returned to janarr5
janarr5 collected $5.50 from pot
janarr5: doesn't show hand 
*** SUMMARY ***
Total pot $5.50 | Rake $0 
Seat 1: janarr5 (big blind) collected ($5.50)
Seat 2: Pon4uk.ua folded before Flop (didn't bet)
Seat 3: value_ftw folded before Flop (didn't bet)
Seat 4: YeeesMan folded before Flop
Seat 5: iljot (button) folded before Flop (didn't bet)
Seat 6: magzi777 (small blind) folded before Flop



PokerStars Hand #254637064379:  Hold'em No Limit ($0.50/$1.00 USD) - 2025/01/31 14:51:44 WET [2025/01/31 9:51:44 ET]
Table 'Tombaugh' 6-max Seat #6 is the button
Seat 1: janarr5 ($132.01 in chips) 
Seat 2: Pon4uk.ua ($100 in chips) 
Seat 3: value_ftw ($127.65 in chips) 
Seat 4: YeeesMan ($100 in chips) 
Seat 5: iljot ($74.74 in chips) 
Seat 6: magzi777 ($142.55 in chips) 
janarr5: posts small blind $0.50
Pon4uk.ua: posts big blind $1
*** HOLE CARDS ***
value_ftw: raises $1.20 to $2.20
YeeesMan: folds 
iljot: folds 
magzi777: folds 
janarr5: folds 
Pon4uk.ua: raises $8.30 to $10.50
value_ftw: calls $8.30
*** FLOP *** [8c 5c 5s]
Pon4uk.ua: bets $10.21
value_ftw: calls $10.21
*** TURN *** [8c 5c 5s] [2d]
Pon4uk.ua: bets $19.91
value_ftw: calls $19.91
*** RIVER *** [8c 5c 5s 2d] [Kh]
Pon4uk.ua: bets $8
value_ftw: raises $79.03 to $87.03 and is all-in
Pon4uk.ua: folds 
Uncalled bet ($79.03) returned to value_ftw
value_ftw collected $95.24 from pot
value_ftw: doesn't show hand 
*** SUMMARY ***
Total pot $97.74 | Rake $2.50 
Board [8c 5c 5s 2d Kh]
Seat 1: janarr5 (small blind) folded before Flop
Seat 2: Pon4uk.ua (big blind) folded on the River
Seat 3: value_ftw collected ($95.24)
Seat 4: YeeesMan folded before Flop (didn't bet)
Seat 5: iljot folded before Flop (didn't bet)
Seat 6: magzi777 (button) folded before Flop (didn't bet)



PokerStars Hand #254637087823:  Hold'em No Limit ($0.50/$1.00 USD) - 2025/01/31 14:53:50 WET [2025/01/31 9:53:50 ET]
Table 'Tombaugh' 6-max Seat #2 is the button
Seat 1: janarr5 ($131.51 in chips) is sitting out
Seat 2: Pon4uk.ua ($100 in chips) 
Seat 3: value_ftw ($174.27 in chips) 
Seat 4: YeeesMan ($100 in chips) 
Seat 5: iljot ($74.74 in chips) 
Seat 6: magzi777 ($142.55 in chips) 
value_ftw: posts small blind $0.50
YeeesMan: posts big blind $1
*** HOLE CARDS ***
iljot: folds 
magzi777: folds 
Pon4uk.ua: folds 
value_ftw: raises $2 to $3
YeeesMan: folds 
Uncalled bet ($2) returned to value_ftw
value_ftw collected $2 from pot
value_ftw: doesn't show hand 
*** SUMMARY ***
Total pot $2 | Rake $0 
Seat 1: janarr5
Seat 2: Pon4uk.ua (button) folded before Flop (didn't bet)
Seat 3: value_ftw (small blind) collected ($2)
Seat 4: YeeesMan (big blind) folded before Flop
Seat 5: iljot folded before Flop (didn't bet)
Seat 6: magzi777 folded before Flop (didn't bet)



PokerStars Hand #254637089818:  Hold'em No Limit ($0.50/$1.00 USD) - 2025/01/31 14:54:01 WET [2025/01/31 9:54:01 ET]
Table 'Tombaugh' 6-max Seat #3 is the button
Seat 1: janarr5 ($131.51 in chips) is sitting out
Seat 2: Pon4uk.ua ($100 in chips) 
Seat 3: value_ftw ($175.27 in chips) 
Seat 4: YeeesMan ($100 in chips) 
Seat 5: iljot ($74.74 in chips) 
Seat 6: magzi777 ($142.55 in chips) 
YeeesMan: posts small blind $0.50
iljot: posts big blind $1
*** HOLE CARDS ***
magzi777: folds 
Pon4uk.ua: raises $1.50 to $2.50
value_ftw: folds 
YeeesMan: folds 
iljot: calls $1.50
*** FLOP *** [2s Ac 8c]
iljot: bets $2.61
Pon4uk.ua: raises $5.22 to $7.83
iljot: calls $5.22
*** TURN *** [2s Ac 8c] [Qc]
iljot: checks 
Pon4uk.ua: checks 
*** RIVER *** [2s Ac 8c Qc] [Kh]
iljot: checks 
Pon4uk.ua: bets $15.08
iljot: calls $15.08
*** SHOW DOWN ***
Pon4uk.ua: shows [8s 8d] (three of a kind, Eights)
iljot: mucks hand 
Pon4uk.ua collected $48.82 from pot
*** SUMMARY ***
Total pot $51.32 | Rake $2.50 
Board [2s Ac 8c Qc Kh]
Seat 1: janarr5
Seat 2: Pon4uk.ua showed [8s 8d] and won ($48.82) with three of a kind, Eights
Seat 3: value_ftw (button) folded before Flop (didn't bet)
Seat 4: YeeesMan (small blind) folded before Flop
Seat 5: iljot (big blind) mucked
Seat 6: magzi777 folded before Flop (didn't bet)



PokerStars Hand #254637097656:  Hold'em No Limit ($0.50/$1.00 USD) - 2025/01/31 14:54:42 WET [2025/01/31 9:54:42 ET]
Table 'Tombaugh' 6-max Seat #4 is the button
Seat 1: janarr5 ($131.51 in chips) is sitting out
Seat 2: Pon4uk.ua ($123.41 in chips) 
Seat 3: value_ftw ($175.27 in chips) 
Seat 4: YeeesMan ($100 in chips) 
Seat 5: iljot ($49.33 in chips) 
Seat 6: magzi777 ($142.55 in chips) 
iljot: posts small blind $0.50
magzi777: posts big blind $1
*** HOLE CARDS ***
Pon4uk.ua: folds 
value_ftw: folds 
YeeesMan: folds 
iljot: folds 
Uncalled bet ($0.50) returned to magzi777
magzi777 collected $1 from pot
*** SUMMARY ***
Total pot $1 | Rake $0 
Seat 1: janarr5
Seat 2: Pon4uk.ua folded before Flop (didn't bet)
Seat 3: value_ftw folded before Flop (didn't bet)
Seat 4: YeeesMan (button) folded before Flop (didn't bet)
Seat 5: iljot (small blind) folded before Flop
Seat 6: magzi777 (big blind) collected ($1)



PokerStars Hand #254637099985:  Hold'em No Limit ($0.50/$1.00 USD) - 2025/01/31 14:54:55 WET [2025/01/31 9:54:55 ET]
Table 'Tombaugh' 6-max Seat #5 is the button
Seat 1: janarr5 ($131.51 in chips) is sitting out
Seat 2: Pon4uk.ua ($123.41 in chips) 
Seat 3: value_ftw ($175.27 in chips) 
Seat 4: YeeesMan ($100 in chips) 
Seat 5: iljot ($48.83 in chips) 
Seat 6: magzi777 ($143.05 in chips) 
magzi777: posts small blind $0.50
Pon4uk.ua: posts big blind $1
*** HOLE CARDS ***
value_ftw: folds 
YeeesMan: folds 
iljot: folds 
magzi777: raises $2 to $3
Pon4uk.ua: folds 
Uncalled bet ($2) returned to magzi777
magzi777 collected $2 from pot
*** SUMMARY ***
Total pot $2 | Rake $0 
Seat 1: janarr5
Seat 2: Pon4uk.ua (big blind) folded before Flop
Seat 3: value_ftw folded before Flop (didn't bet)
Seat 4: YeeesMan folded before Flop (didn't bet)
Seat 5: iljot (button) folded before Flop (didn't bet)
Seat 6: magzi777 (small blind) collected ($2)



PokerStars Hand #254637101874:  Hold'em No Limit ($0.50/$1.00 USD) - 2025/01/31 14:55:05 WET [2025/01/31 9:55:05 ET]
Table 'Tombaugh' 6-max Seat #6 is the button
Seat 1: janarr5 ($131.51 in chips) is sitting out
Seat 2: Pon4uk.ua ($122.41 in chips) 
Seat 3: value_ftw ($175.27 in chips) 
Seat 4: YeeesMan ($100 in chips) 
Seat 5: iljot ($48.83 in chips) 
Seat 6: magzi777 ($144.05 in chips) 
Pon4uk.ua: posts small blind $0.50
value_ftw: posts big blind $1
*** HOLE CARDS ***
YeeesMan: folds 
iljot: folds 
magzi777: raises $1.50 to $2.50
Pon4uk.ua: folds 
value_ftw: folds 
Uncalled bet ($1.50) returned to magzi777
magzi777 collected $2.50 from pot
*** SUMMARY ***
Total pot $2.50 | Rake $0 
Seat 1: janarr5
Seat 2: Pon4uk.ua (small blind) folded before Flop
Seat 3: value_ftw (big blind) folded before Flop
Seat 4: YeeesMan folded before Flop (didn't bet)
Seat 5: iljot folded before Flop (didn't bet)
Seat 6: magzi777 (button) collected ($2.50)



PokerStars Hand #254637104891:  Hold'em No Limit ($0.50/$1.00 USD) - 2025/01/31 14:55:23 WET [2025/01/31 9:55:23 ET]
Table 'Tombaugh' 6-max Seat #2 is the button
Seat 1: janarr5 ($131.51 in chips) is sitting out
Seat 4: YeeesMan ($100 in chips) is sitting out
Seat 5: iljot ($48.83 in chips) is sitting out
Seat 2: Pon4uk.ua ($121.91 in chips) 
Seat 3: value_ftw ($174.27 in chips) 
Seat 6: magzi777 ($145.55 in chips) 
value_ftw: posts small blind $0.50
YeeesMan: is sitting out 
magzi777: posts big blind $1
*** HOLE CARDS ***
YeeesMan leaves the table
Pon4uk.ua: raises $1.50 to $2.50
value_ftw: folds 
magzi777: calls $1.50
*** FLOP *** [6c Ts 9d]
magzi777: checks 
Pon4uk.ua: bets $2.61
reiyser joins the table at seat #4 
magzi777: calls $2.61
*** TURN *** [6c Ts 9d] [3d]
magzi777: checks 
Pon4uk.ua: bets $7.64
magzi777: folds 
Uncalled bet ($7.64) returned to Pon4uk.ua
Pon4uk.ua collected $10.18 from pot
Pon4uk.ua: doesn't show hand 
*** SUMMARY ***
Total pot $10.72 | Rake $0.54 
Board [6c Ts 9d 3d]
Seat 1: janarr5
Seat 4: YeeesMan
Seat 5: iljot
Seat 2: Pon4uk.ua (button) collected ($10.18)
Seat 3: value_ftw (small blind) folded before Flop
Seat 6: magzi777 (big blind) folded on the Turn



PokerStars Hand #254637110761:  Hold'em No Limit ($0.50/$1.00 USD) - 2025/01/31 14:56:04 WET [2025/01/31 9:56:04 ET]
Table 'Tombaugh' 6-max Seat #3 is the button
Seat 1: janarr5 ($131.51 in chips) is sitting out
Seat 4: reiyser ($100 in chips) is sitting out
Seat 5: iljot ($48.83 in chips) is sitting out
Seat 2: Pon4uk.ua ($126.98 in chips) 
Seat 3: value_ftw ($173.77 in chips) 
Seat 6: magzi777 ($140.44 in chips) 
magzi777: posts small blind $0.50
Pon4uk.ua: posts big blind $1
*** HOLE CARDS ***
value_ftw: raises $1.50 to $2.50
magzi777: folds 
Pon4uk.ua: raises $9.50 to $12
value_ftw: folds 
Uncalled bet ($9.50) returned to Pon4uk.ua
Pon4uk.ua collected $5.50 from pot
Pon4uk.ua: doesn't show hand 
iljot is disconnected 
*** SUMMARY ***
Total pot $5.50 | Rake $0 
Seat 1: janarr5
Seat 4: reiyser
Seat 5: iljot
Seat 2: Pon4uk.ua (big blind) collected ($5.50)
Seat 3: value_ftw (button) folded before Flop
Seat 6: magzi777 (small blind) folded before Flop



PokerStars Hand #254637113240:  Hold'em No Limit ($0.50/$1.00 USD) - 2025/01/31 14:56:21 WET [2025/01/31 9:56:21 ET]
Table 'Tombaugh' 6-max Seat #6 is the button
Seat 1: janarr5 ($131.51 in chips) is sitting out
Seat 3: value_ftw ($171.27 in chips) is sitting out
Seat 5: iljot ($48.83 in chips) is sitting out
Seat 2: Pon4uk.ua ($129.98 in chips) 
Seat 4: reiyser ($100 in chips) 
Seat 6: magzi777 ($139.94 in chips) 
Pon4uk.ua: posts small blind $0.50
reiyser: posts big blind $1
*** HOLE CARDS ***
value_ftw leaves the table
magzi777: folds 
TheAveiro joins the table at seat #3 
Pon4uk.ua: folds 
Uncalled bet ($0.50) returned to reiyser
reiyser collected $1 from pot
reiyser: doesn't show hand 
*** SUMMARY ***
Total pot $1 | Rake $0 
Seat 1: janarr5
Seat 3: value_ftw
Seat 5: iljot
Seat 2: Pon4uk.ua (small blind) folded before Flop
Seat 4: reiyser (big blind) collected ($1)
Seat 6: magzi777 (button) folded before Flop (didn't bet)



PokerStars Hand #254637114948:  Hold'em No Limit ($0.50/$1.00 USD) - 2025/01/31 14:56:33 WET [2025/01/31 9:56:33 ET]
Table 'Tombaugh' 6-max Seat #2 is the button
Seat 1: janarr5 ($131.51 in chips) is sitting out
Seat 3: TheAveiro ($10 in chips) is sitting out
Seat 5: iljot ($48.83 in chips) is sitting out
Seat 2: Pon4uk.ua ($129.48 in chips) 
Seat 4: reiyser ($100.50 in chips) 
Seat 6: magzi777 ($139.94 in chips) 
reiyser: posts small blind $0.50
magzi777: posts big blind $1
*** HOLE CARDS ***
Pon4uk.ua: folds 
reiyser: folds 
Uncalled bet ($0.50) returned to magzi777
magzi777 collected $1 from pot
*** SUMMARY ***
Total pot $1 | Rake $0 
Seat 1: janarr5
Seat 3: TheAveiro
Seat 5: iljot
Seat 2: Pon4uk.ua (button) folded before Flop (didn't bet)
Seat 4: reiyser (small blind) folded before Flop
Seat 6: magzi777 (big blind) collected ($1)



PokerStars Hand #254637116758:  Hold'em No Limit ($0.50/$1.00 USD) - 2025/01/31 14:56:45 WET [2025/01/31 9:56:45 ET]
Table 'Tombaugh' 6-max Seat #4 is the button
Seat 3: TheAveiro ($10 in chips) is sitting out
Seat 5: iljot ($48.83 in chips) is sitting out
Seat 1: janarr5 ($131.51 in chips) 
Seat 2: Pon4uk.ua ($129.48 in chips) 
Seat 4: reiyser ($100 in chips) 
Seat 6: magzi777 ($140.44 in chips) 
magzi777: posts small blind $0.50
janarr5: posts big blind $1
TheAveiro: sits out 
*** HOLE CARDS ***
Pon4uk.ua: raises $1.50 to $2.50
reiyser: folds 
magzi777: folds 
janarr5: folds 
Uncalled bet ($1.50) returned to Pon4uk.ua
Pon4uk.ua collected $2.50 from pot
Pon4uk.ua: doesn't show hand 
*** SUMMARY ***
Total pot $2.50 | Rake $0 
Seat 3: TheAveiro
Seat 5: iljot
Seat 1: janarr5 (big blind) folded before Flop
Seat 2: Pon4uk.ua collected ($2.50)
Seat 4: reiyser (button) folded before Flop (didn't bet)
Seat 6: magzi777 (small blind) folded before Flop



PokerStars Hand #254637118831:  Hold'em No Limit ($0.50/$1.00 USD) - 2025/01/31 14:56:59 WET [2025/01/31 9:56:59 ET]
Table 'Tombaugh' 6-max Seat #6 is the button
Seat 3: TheAveiro ($10 in chips) is sitting out
Seat 5: iljot ($48.83 in chips) is sitting out
Seat 1: janarr5 ($130.51 in chips) 
Seat 2: Pon4uk.ua ($130.98 in chips) 
Seat 4: reiyser ($100 in chips) 
Seat 6: magzi777 ($139.94 in chips) 
janarr5: posts small blind $0.50
Pon4uk.ua: posts big blind $1
TheAveiro: sits out 
*** HOLE CARDS ***
reiyser: raises $1.23 to $2.23
magzi777: folds 
janarr5: folds 
Pon4uk.ua: raises $8.77 to $11
reiyser: calls $8.77
*** FLOP *** [7h 7d Jd]
Pon4uk.ua: bets $6
reiyser: calls $6
*** TURN *** [7h 7d Jd] [6d]
Pon4uk.ua: checks 
reiyser: checks 
*** RIVER *** [7h 7d Jd 6d] [2c]
Pon4uk.ua: bets $11.06
reiyser: folds 
Uncalled bet ($11.06) returned to Pon4uk.ua
Pon4uk.ua collected $33.50 from pot
Pon4uk.ua: doesn't show hand 
*** SUMMARY ***
Total pot $34.50 | Rake $1 
Board [7h 7d Jd 6d 2c]
Seat 3: TheAveiro
Seat 5: iljot
Seat 1: janarr5 (small blind) folded before Flop
Seat 2: Pon4uk.ua (big blind) collected ($33.50)
Seat 4: reiyser folded on the River
Seat 6: magzi777 (button) folded before Flop (didn't bet)



PokerStars Hand #254637131070:  Hold'em No Limit ($0.50/$1.00 USD) - 2025/01/31 14:58:23 WET [2025/01/31 9:58:23 ET]
Table 'Tombaugh' 6-max Seat #1 is the button
Seat 5: iljot ($48.83 in chips) is sitting out
Seat 1: janarr5 ($130.01 in chips) 
Seat 2: Pon4uk.ua ($147.48 in chips) 
Seat 3: TheAveiro ($10 in chips) 
Seat 4: reiyser ($100 in chips) 
Seat 6: magzi777 ($139.94 in chips) 
Pon4uk.ua: posts small blind $0.50
TheAveiro: posts big blind $1
*** HOLE CARDS ***
reiyser: folds 
magzi777: folds 
janarr5: raises $1.50 to $2.50
Pon4uk.ua: folds 
TheAveiro: folds 
Uncalled bet ($1.50) returned to janarr5
janarr5 collected $2.50 from pot
janarr5: doesn't show hand 
*** SUMMARY ***
Total pot $2.50 | Rake $0 
Seat 5: iljot
Seat 1: janarr5 (button) collected ($2.50)
Seat 2: Pon4uk.ua (small blind) folded before Flop
Seat 3: TheAveiro (big blind) folded before Flop
Seat 4: reiyser folded before Flop (didn't bet)
Seat 6: magzi777 folded before Flop (didn't bet)



PokerStars Hand #254637133545:  Hold'em No Limit ($0.50/$1.00 USD) - 2025/01/31 14:58:40 WET [2025/01/31 9:58:40 ET]
Table 'Tombaugh' 6-max Seat #2 is the button
Seat 5: iljot ($48.83 in chips) is sitting out
Seat 1: janarr5 ($131.51 in chips) 
Seat 2: Pon4uk.ua ($146.98 in chips) 
Seat 3: TheAveiro ($10 in chips) 
Seat 4: reiyser ($100 in chips) 
Seat 6: magzi777 ($139.94 in chips) 
TheAveiro: posts small blind $0.50
reiyser: posts big blind $1
*** HOLE CARDS ***
magzi777: folds 
janarr5: folds 
Pon4uk.ua: folds 
TheAveiro: folds 
Uncalled bet ($0.50) returned to reiyser
reiyser collected $1 from pot
reiyser: doesn't show hand 
*** SUMMARY ***
Total pot $1 | Rake $0 
Seat 5: iljot
Seat 1: janarr5 folded before Flop (didn't bet)
Seat 2: Pon4uk.ua (button) folded before Flop (didn't bet)
Seat 3: TheAveiro (small blind) folded before Flop
Seat 4: reiyser (big blind) collected ($1)
Seat 6: magzi777 folded before Flop (didn't bet)



PokerStars Hand #254637135441:  Hold'em No Limit ($0.50/$1.00 USD) - 2025/01/31 14:58:52 WET [2025/01/31 9:58:52 ET]
Table 'Tombaugh' 6-max Seat #3 is the button
Seat 5: iljot ($48.83 in chips) is sitting out
Seat 1: janarr5 ($131.51 in chips) 
Seat 2: Pon4uk.ua ($146.98 in chips) 
Seat 3: TheAveiro ($10 in chips) 
Seat 4: reiyser ($100.50 in chips) 
Seat 6: magzi777 ($139.94 in chips) 
reiyser: posts small blind $0.50
magzi777: posts big blind $1
*** HOLE CARDS ***
janarr5: raises $1.25 to $2.25
Pon4uk.ua: folds 
TheAveiro: folds 
reiyser: folds 
magzi777: folds 
Uncalled bet ($1.25) returned to janarr5
janarr5 collected $2.50 from pot
janarr5: doesn't show hand 
*** SUMMARY ***
Total pot $2.50 | Rake $0 
Seat 5: iljot
Seat 1: janarr5 collected ($2.50)
Seat 2: Pon4uk.ua folded before Flop (didn't bet)
Seat 3: TheAveiro (button) folded before Flop (didn't bet)
Seat 4: reiyser (small blind) folded before Flop
Seat 6: magzi777 (big blind) folded before Flop



PokerStars Hand #254637137410:  Hold'em No Limit ($0.50/$1.00 USD) - 2025/01/31 14:59:06 WET [2025/01/31 9:59:06 ET]
Table 'Tombaugh' 6-max Seat #4 is the button
Seat 5: iljot ($48.83 in chips) is sitting out
Seat 1: janarr5 ($133.01 in chips) 
Seat 2: Pon4uk.ua ($146.98 in chips) 
Seat 3: TheAveiro ($10 in chips) 
Seat 4: reiyser ($100 in chips) 
Seat 6: magzi777 ($138.94 in chips) 
magzi777: posts small blind $0.50
janarr5: posts big blind $1
*** HOLE CARDS ***
Pon4uk.ua: folds 
TheAveiro: folds 
reiyser: folds 
magzi777: folds 
Uncalled bet ($0.50) returned to janarr5
janarr5 collected $1 from pot
janarr5: doesn't show hand 
*** SUMMARY ***
Total pot $1 | Rake $0 
Seat 5: iljot
Seat 1: janarr5 (big blind) collected ($1)
Seat 2: Pon4uk.ua folded before Flop (didn't bet)
Seat 3: TheAveiro folded before Flop (didn't bet)
Seat 4: reiyser (button) folded before Flop (didn't bet)
Seat 6: magzi777 (small blind) folded before Flop



PokerStars Hand #254637138600:  Hold'em No Limit ($0.50/$1.00 USD) - 2025/01/31 14:59:14 WET [2025/01/31 9:59:14 ET]
Table 'Tombaugh' 6-max Seat #6 is the button
Seat 5: iljot ($48.83 in chips) is sitting out
Seat 1: janarr5 ($133.51 in chips) 
Seat 2: Pon4uk.ua ($146.98 in chips) 
Seat 3: TheAveiro ($10 in chips) 
Seat 4: reiyser ($100 in chips) 
Seat 6: magzi777 ($138.44 in chips) 
janarr5: posts small blind $0.50
Pon4uk.ua: posts big blind $1
iljot: sits out 
*** HOLE CARDS ***
TheAveiro: folds 
reiyser: folds 
magzi777: raises $1.50 to $2.50
janarr5: folds 
Pon4uk.ua: calls $1.50
*** FLOP *** [8h 9h 6s]
Pon4uk.ua: checks 
magzi777: checks 
*** TURN *** [8h 9h 6s] [3h]
Pon4uk.ua: bets $3.92
magzi777: folds 
Uncalled bet ($3.92) returned to Pon4uk.ua
Pon4uk.ua collected $5.22 from pot
Pon4uk.ua: doesn't show hand 
*** SUMMARY ***
Total pot $5.50 | Rake $0.28 
Board [8h 9h 6s 3h]
Seat 5: iljot
Seat 1: janarr5 (small blind) folded before Flop
Seat 2: Pon4uk.ua (big blind) collected ($5.22)
Seat 3: TheAveiro folded before Flop (didn't bet)
Seat 4: reiyser folded before Flop (didn't bet)
Seat 6: magzi777 (button) folded on the Turn



PokerStars Hand #254637143340:  Hold'em No Limit ($0.50/$1.00 USD) - 2025/01/31 14:59:47 WET [2025/01/31 9:59:47 ET]
Table 'Tombaugh' 6-max Seat #1 is the button
Seat 5: iljot ($48.83 in chips) is sitting out
Seat 1: janarr5 ($133.01 in chips) 
Seat 2: Pon4uk.ua ($149.70 in chips) 
Seat 3: TheAveiro ($10 in chips) 
Seat 4: reiyser ($100 in chips) 
Seat 6: magzi777 ($135.94 in chips) 
Pon4uk.ua: posts small blind $0.50
TheAveiro: posts big blind $1
iljot: sits out 
*** HOLE CARDS ***
reiyser: folds 
magzi777: raises $1.50 to $2.50
janarr5: folds 
Pon4uk.ua: folds 
TheAveiro: folds 
Uncalled bet ($1.50) returned to magzi777
magzi777 collected $2.50 from pot
*** SUMMARY ***
Total pot $2.50 | Rake $0 
Seat 5: iljot
Seat 1: janarr5 (button) folded before Flop (didn't bet)
Seat 2: Pon4uk.ua (small blind) folded before Flop
Seat 3: TheAveiro (big blind) folded before Flop
Seat 4: reiyser folded before Flop (didn't bet)
Seat 6: magzi777 collected ($2.50)



PokerStars Hand #254637145193:  Hold'em No Limit ($0.50/$1.00 USD) - 2025/01/31 15:00:00 WET [2025/01/31 10:00:00 ET]
Table 'Tombaugh' 6-max Seat #2 is the button
Seat 5: iljot ($48.83 in chips) is sitting out
Seat 1: janarr5 ($133.01 in chips) 
Seat 2: Pon4uk.ua ($149.20 in chips) 
Seat 3: TheAveiro ($10 in chips) 
Seat 4: reiyser ($100 in chips) 
Seat 6: magzi777 ($137.44 in chips) 
TheAveiro: posts small blind $0.50
reiyser: posts big blind $1
iljot: sits out 
*** HOLE CARDS ***
magzi777: folds 
janarr5: folds 
Pon4uk.ua: folds 
TheAveiro: folds 
Uncalled bet ($0.50) returned to reiyser
reiyser collected $1 from pot
reiyser: doesn't show hand 
*** SUMMARY ***
Total pot $1 | Rake $0 
Seat 5: iljot
Seat 1: janarr5 folded before Flop (didn't bet)
Seat 2: Pon4uk.ua (button) folded before Flop (didn't bet)
Seat 3: TheAveiro (small blind) folded before Flop
Seat 4: reiyser (big blind) collected ($1)
Seat 6: magzi777 folded before Flop (didn't bet)



PokerStars Hand #254637146733:  Hold'em No Limit ($0.50/$1.00 USD) - 2025/01/31 15:00:10 WET [2025/01/31 10:00:10 ET]
Table 'Tombaugh' 6-max Seat #3 is the button
Seat 1: janarr5 ($133.01 in chips) 
Seat 2: Pon4uk.ua ($149.20 in chips) 
Seat 3: TheAveiro ($10 in chips) 
Seat 4: reiyser ($100.50 in chips) 
Seat 5: iljot ($48.83 in chips) 
Seat 6: magzi777 ($137.44 in chips) 
reiyser: posts small blind $0.50
iljot: posts big blind $1
*** HOLE CARDS ***
magzi777: folds 
janarr5: folds 
Pon4uk.ua: raises $1.50 to $2.50
TheAveiro: folds 
reiyser: folds 
iljot: folds 
Uncalled bet ($1.50) returned to Pon4uk.ua
Pon4uk.ua collected $2.50 from pot
Pon4uk.ua: doesn't show hand 
*** SUMMARY ***
Total pot $2.50 | Rake $0 
Seat 1: janarr5 folded before Flop (didn't bet)
Seat 2: Pon4uk.ua collected ($2.50)
Seat 3: TheAveiro (button) folded before Flop (didn't bet)
Seat 4: reiyser (small blind) folded before Flop
Seat 5: iljot (big blind) folded before Flop
Seat 6: magzi777 folded before Flop (didn't bet)



PokerStars Hand #254637148965:  Hold'em No Limit ($0.50/$1.00 USD) - 2025/01/31 15:00:25 WET [2025/01/31 10:00:25 ET]
Table 'Tombaugh' 6-max Seat #4 is the button
Seat 1: janarr5 ($133.01 in chips) 
Seat 2: Pon4uk.ua ($150.70 in chips) 
Seat 3: TheAveiro ($10 in chips) 
Seat 4: reiyser ($100 in chips) 
Seat 5: iljot ($47.83 in chips) 
Seat 6: magzi777 ($137.44 in chips) 
iljot: posts small blind $0.50
magzi777: posts big blind $1
*** HOLE CARDS ***
janarr5: folds 
Pon4uk.ua: raises $1 to $2
TheAveiro: raises $8 to $10 and is all-in
reiyser: folds 
iljot: folds 
magzi777: folds 
Pon4uk.ua: calls $8
*** FLOP *** [6s 9s 5c]
*** TURN *** [6s 9s 5c] [4d]
*** RIVER *** [6s 9s 5c 4d] [6c]
*** SHOW DOWN ***
Pon4uk.ua: shows [7h 8h] (a straight, Five to Nine)
TheAveiro: shows [Ac Kh] (a pair of Sixes)
Pon4uk.ua collected $20.42 from pot
*** SUMMARY ***
Total pot $21.50 | Rake $1.08 
Board [6s 9s 5c 4d 6c]
Seat 1: janarr5 folded before Flop (didn't bet)
Seat 2: Pon4uk.ua showed [7h 8h] and won ($20.42) with a straight, Five to Nine
Seat 3: TheAveiro showed [Ac Kh] and lost with a pair of Sixes
Seat 4: reiyser (button) folded before Flop (didn't bet)
Seat 5: iljot (small blind) folded before Flop
Seat 6: magzi777 (big blind) folded before Flop



PokerStars Hand #254637153065:  Hold'em No Limit ($0.50/$1.00 USD) - 2025/01/31 15:00:52 WET [2025/01/31 10:00:52 ET]
Table 'Tombaugh' 6-max Seat #5 is the button
Seat 1: janarr5 ($133.01 in chips) 
Seat 2: Pon4uk.ua ($161.12 in chips) 
Seat 3: TheAveiro ($10 in chips) 
Seat 4: reiyser ($100 in chips) 
Seat 5: iljot ($47.33 in chips) 
Seat 6: magzi777 ($136.44 in chips) 
magzi777: posts small blind $0.50
janarr5: posts big blind $1
*** HOLE CARDS ***
Pon4uk.ua: folds 
TheAveiro: folds 
reiyser: raises $1.23 to $2.23
iljot: calls $2.23
magzi777: folds 
janarr5: folds 
*** FLOP *** [8d 8c 4h]
reiyser: checks 
iljot: checks 
*** TURN *** [8d 8c 4h] [5s]
reiyser: checks 
iljot: checks 
*** RIVER *** [8d 8c 4h 5s] [Js]
reiyser: checks 
iljot: bets $4.66
reiyser: folds 
Uncalled bet ($4.66) returned to iljot
iljot collected $5.66 from pot
*** SUMMARY ***
Total pot $5.96 | Rake $0.30 
Board [8d 8c 4h 5s Js]
Seat 1: janarr5 (big blind) folded before Flop
Seat 2: Pon4uk.ua folded before Flop (didn't bet)
Seat 3: TheAveiro folded before Flop (didn't bet)
Seat 4: reiyser folded on the River
Seat 5: iljot (button) collected ($5.66)
Seat 6: magzi777 (small blind) folded before Flop



PokerStars Hand #254637160528:  Hold'em No Limit ($0.50/$1.00 USD) - 2025/01/31 15:01:37 WET [2025/01/31 10:01:37 ET]
Table 'Tombaugh' 6-max Seat #6 is the button
Seat 1: janarr5 ($132.01 in chips) 
Seat 2: Pon4uk.ua ($161.12 in chips) 
Seat 3: TheAveiro ($10 in chips) 
Seat 4: reiyser ($100 in chips) 
Seat 5: iljot ($50.76 in chips) 
Seat 6: magzi777 ($135.94 in chips) 
janarr5: posts small blind $0.50
Pon4uk.ua: posts big blind $1
*** HOLE CARDS ***
TheAveiro: folds 
reiyser: folds 
iljot: calls $1
magzi777: folds 
janarr5: raises $3 to $4
Pon4uk.ua: folds 
iljot: folds 
Uncalled bet ($3) returned to janarr5
janarr5 collected $3 from pot
janarr5: doesn't show hand 
*** SUMMARY ***
Total pot $3 | Rake $0 
Seat 1: janarr5 (small blind) collected ($3)
Seat 2: Pon4uk.ua (big blind) folded before Flop
Seat 3: TheAveiro folded before Flop (didn't bet)
Seat 4: reiyser folded before Flop (didn't bet)
Seat 5: iljot folded before Flop
Seat 6: magzi777 (button) folded before Flop (didn't bet)



PokerStars Hand #254637164073:  Hold'em No Limit ($0.50/$1.00 USD) - 2025/01/31 15:01:56 WET [2025/01/31 10:01:56 ET]
Table 'Tombaugh' 6-max Seat #1 is the button
Seat 1: janarr5 ($134.01 in chips) 
Seat 2: Pon4uk.ua ($160.12 in chips) 
Seat 3: TheAveiro ($10 in chips) 
Seat 4: reiyser ($100 in chips) 
Seat 5: iljot ($49.76 in chips) 
Seat 6: magzi777 ($135.94 in chips) 
Pon4uk.ua: posts small blind $0.50
TheAveiro: posts big blind $1
*** HOLE CARDS ***
reiyser: folds 
iljot: folds 
magzi777: folds 
janarr5: raises $1.50 to $2.50
Pon4uk.ua: folds 
TheAveiro: raises $7.50 to $10 and is all-in
janarr5: calls $7.50
*** FLOP *** [9s Jc Ad]
*** TURN *** [9s Jc Ad] [Qd]
*** RIVER *** [9s Jc Ad Qd] [7c]
*** SHOW DOWN ***
TheAveiro: shows [Kh Kd] (a pair of Kings)
janarr5: shows [Ks Jd] (a pair of Jacks)
TheAveiro collected $19.48 from pot
*** SUMMARY ***
Total pot $20.50 | Rake $1.02 
Board [9s Jc Ad Qd 7c]
Seat 1: janarr5 (button) showed [Ks Jd] and lost with a pair of Jacks
Seat 2: Pon4uk.ua (small blind) folded before Flop
Seat 3: TheAveiro (big blind) showed [Kh Kd] and won ($19.48) with a pair of Kings
Seat 4: reiyser folded before Flop (didn't bet)
Seat 5: iljot folded before Flop (didn't bet)
Seat 6: magzi777 folded before Flop (didn't bet)



PokerStars Hand #254637170743:  Hold'em No Limit ($0.50/$1.00 USD) - 2025/01/31 15:02:33 WET [2025/01/31 10:02:33 ET]
Table 'Tombaugh' 6-max Seat #2 is the button
Seat 1: janarr5 ($124.01 in chips) 
Seat 2: Pon4uk.ua ($159.62 in chips) 
Seat 3: TheAveiro ($19.48 in chips) 
Seat 4: reiyser ($100 in chips) 
Seat 5: iljot ($49.76 in chips) 
Seat 6: magzi777 ($135.94 in chips) 
TheAveiro: posts small blind $0.50
reiyser: posts big blind $1
*** HOLE CARDS ***
iljot: folds 
magzi777: folds 
janarr5: folds 
Pon4uk.ua: folds 
TheAveiro: folds 
Uncalled bet ($0.50) returned to reiyser
reiyser collected $1 from pot
reiyser: doesn't show hand 
*** SUMMARY ***
Total pot $1 | Rake $0 
Seat 1: janarr5 folded before Flop (didn't bet)
Seat 2: Pon4uk.ua (button) folded before Flop (didn't bet)
Seat 3: TheAveiro (small blind) folded before Flop
Seat 4: reiyser (big blind) collected ($1)
Seat 5: iljot folded before Flop (didn't bet)
Seat 6: magzi777 folded before Flop (didn't bet)



PokerStars Hand #254637173802:  Hold'em No Limit ($0.50/$1.00 USD) - 2025/01/31 15:02:50 WET [2025/01/31 10:02:50 ET]
Table 'Tombaugh' 6-max Seat #3 is the button
Seat 1: janarr5 ($124.01 in chips) 
Seat 2: Pon4uk.ua ($159.62 in chips) 
Seat 3: TheAveiro ($18.98 in chips) 
Seat 4: reiyser ($100.50 in chips) 
Seat 5: iljot ($49.76 in chips) 
Seat 6: magzi777 ($135.94 in chips) 
reiyser: posts small blind $0.50
iljot: posts big blind $1
*** HOLE CARDS ***
magzi777: folds 
janarr5: folds 
Pon4uk.ua: folds 
TheAveiro: folds 
reiyser: raises $1.80 to $2.80
iljot: folds 
Uncalled bet ($1.80) returned to reiyser
reiyser collected $2 from pot
reiyser: doesn't show hand 
*** SUMMARY ***
Total pot $2 | Rake $0 
Seat 1: janarr5 folded before Flop (didn't bet)
Seat 2: Pon4uk.ua folded before Flop (didn't bet)
Seat 3: TheAveiro (button) folded before Flop (didn't bet)
Seat 4: reiyser (small blind) collected ($2)
Seat 5: iljot (big blind) folded before Flop
Seat 6: magzi777 folded before Flop (didn't bet)



PokerStars Hand #254637176079:  Hold'em No Limit ($0.50/$1.00 USD) - 2025/01/31 15:03:03 WET [2025/01/31 10:03:03 ET]
Table 'Tombaugh' 6-max Seat #4 is the button
Seat 1: janarr5 ($124.01 in chips) 
Seat 2: Pon4uk.ua ($159.62 in chips) 
Seat 3: TheAveiro ($18.98 in chips) 
Seat 4: reiyser ($101.50 in chips) 
Seat 5: iljot ($48.76 in chips) 
Seat 6: magzi777 ($135.94 in chips) 
iljot: posts small blind $0.50
magzi777: posts big blind $1
*** HOLE CARDS ***
janarr5: folds 
Pon4uk.ua: folds 
TheAveiro: folds 
reiyser: folds 
iljot: folds 
Uncalled bet ($0.50) returned to magzi777
magzi777 collected $1 from pot
*** SUMMARY ***
Total pot $1 | Rake $0 
Seat 1: janarr5 folded before Flop (didn't bet)
Seat 2: Pon4uk.ua folded before Flop (didn't bet)
Seat 3: TheAveiro folded before Flop (didn't bet)
Seat 4: reiyser (button) folded before Flop (didn't bet)
Seat 5: iljot (small blind) folded before Flop
Seat 6: magzi777 (big blind) collected ($1)



PokerStars Hand #254637178917:  Hold'em No Limit ($0.50/$1.00 USD) - 2025/01/31 15:03:18 WET [2025/01/31 10:03:18 ET]
Table 'Tombaugh' 6-max Seat #5 is the button
Seat 1: janarr5 ($124.01 in chips) 
Seat 2: Pon4uk.ua ($159.62 in chips) 
Seat 3: TheAveiro ($18.98 in chips) 
Seat 4: reiyser ($101.50 in chips) 
Seat 5: iljot ($48.26 in chips) 
Seat 6: magzi777 ($136.44 in chips) 
magzi777: posts small blind $0.50
janarr5: posts big blind $1
*** HOLE CARDS ***
Pon4uk.ua: folds 
TheAveiro: raises $17.98 to $18.98 and is all-in
reiyser: folds 
iljot: folds 
magzi777: folds 
janarr5: folds 
Uncalled bet ($17.98) returned to TheAveiro
TheAveiro collected $2.50 from pot
TheAveiro: doesn't show hand 
*** SUMMARY ***
Total pot $2.50 | Rake $0 
Seat 1: janarr5 (big blind) folded before Flop
Seat 2: Pon4uk.ua folded before Flop (didn't bet)
Seat 3: TheAveiro collected ($2.50)
Seat 4: reiyser folded before Flop (didn't bet)
Seat 5: iljot (button) folded before Flop (didn't bet)
Seat 6: magzi777 (small blind) folded before Flop



PokerStars Hand #254637182164:  Hold'em No Limit ($0.50/$1.00 USD) - 2025/01/31 15:03:36 WET [2025/01/31 10:03:36 ET]
Table 'Tombaugh' 6-max Seat #6 is the button
Seat 1: janarr5 ($123.01 in chips) 
Seat 2: Pon4uk.ua ($159.62 in chips) 
Seat 3: TheAveiro ($20.48 in chips) 
Seat 4: reiyser ($101.50 in chips) 
Seat 5: iljot ($48.26 in chips) 
Seat 6: magzi777 ($135.94 in chips) 
janarr5: posts small blind $0.50
Pon4uk.ua: posts big blind $1
*** HOLE CARDS ***
TheAveiro: folds 
TheAveiro leaves the table
reiyser: folds 
iljot: folds 
magzi777: raises $1.50 to $2.50
janarr5: folds 
Joe_Li7 joins the table at seat #3 
Pon4uk.ua: folds 
Uncalled bet ($1.50) returned to magzi777
magzi777 collected $2.50 from pot
*** SUMMARY ***
Total pot $2.50 | Rake $0 
Seat 1: janarr5 (small blind) folded before Flop
Seat 2: Pon4uk.ua (big blind) folded before Flop
Seat 3: TheAveiro folded before Flop (didn't bet)
Seat 4: reiyser folded before Flop (didn't bet)
Seat 5: iljot folded before Flop (didn't bet)
Seat 6: magzi777 (button) collected ($2.50)



PokerStars Hand #254637185470:  Hold'em No Limit ($0.50/$1.00 USD) - 2025/01/31 15:03:55 WET [2025/01/31 10:03:55 ET]
Table 'Tombaugh' 6-max Seat #1 is the button
Seat 1: janarr5 ($122.51 in chips) 
Seat 2: Pon4uk.ua ($158.62 in chips) 
Seat 3: Joe_Li7 ($100 in chips) 
Seat 4: reiyser ($101.50 in chips) 
Seat 5: iljot ($48.26 in chips) 
Seat 6: magzi777 ($137.44 in chips) 
Pon4uk.ua: posts small blind $0.50
Joe_Li7: posts big blind $1
*** HOLE CARDS ***
reiyser: raises $1.23 to $2.23
iljot: folds 
magzi777: folds 
janarr5: folds 
Pon4uk.ua: folds 
Joe_Li7: folds 
Uncalled bet ($1.23) returned to reiyser
reiyser collected $2.50 from pot
reiyser: doesn't show hand 
*** SUMMARY ***
Total pot $2.50 | Rake $0 
Seat 1: janarr5 (button) folded before Flop (didn't bet)
Seat 2: Pon4uk.ua (small blind) folded before Flop
Seat 3: Joe_Li7 (big blind) folded before Flop
Seat 4: reiyser collected ($2.50)
Seat 5: iljot folded before Flop (didn't bet)
Seat 6: magzi777 folded before Flop (didn't bet)



PokerStars Hand #254637188183:  Hold'em No Limit ($0.50/$1.00 USD) - 2025/01/31 15:04:09 WET [2025/01/31 10:04:09 ET]
Table 'Tombaugh' 6-max Seat #2 is the button
Seat 1: janarr5 ($122.51 in chips) 
Seat 2: Pon4uk.ua ($158.12 in chips) 
Seat 3: Joe_Li7 ($100 in chips) 
Seat 4: reiyser ($103 in chips) 
Seat 5: iljot ($48.26 in chips) 
Seat 6: magzi777 ($137.44 in chips) 
Joe_Li7: posts small blind $0.50
reiyser: posts big blind $1
*** HOLE CARDS ***
iljot: calls $1
magzi777: folds 
janarr5: folds 
Pon4uk.ua: raises $3 to $4
Joe_Li7: folds 
reiyser: folds 
iljot: calls $3
*** FLOP *** [Jd 6c 6d]
iljot: checks 
Pon4uk.ua: checks 
*** TURN *** [Jd 6c 6d] [7d]
iljot: checks 
Pon4uk.ua: bets $4.51
iljot: folds 
Uncalled bet ($4.51) returned to Pon4uk.ua
Pon4uk.ua collected $9.02 from pot
Pon4uk.ua: doesn't show hand 
*** SUMMARY ***
Total pot $9.50 | Rake $0.48 
Board [Jd 6c 6d 7d]
Seat 1: janarr5 folded before Flop (didn't bet)
Seat 2: Pon4uk.ua (button) collected ($9.02)
Seat 3: Joe_Li7 (small blind) folded before Flop
Seat 4: reiyser (big blind) folded before Flop
Seat 5: iljot folded on the Turn
Seat 6: magzi777 folded before Flop (didn't bet)



PokerStars Hand #254637193932:  Hold'em No Limit ($0.50/$1.00 USD) - 2025/01/31 15:04:41 WET [2025/01/31 10:04:41 ET]
Table 'Tombaugh' 6-max Seat #3 is the button
Seat 1: janarr5 ($122.51 in chips) 
Seat 2: Pon4uk.ua ($163.14 in chips) 
Seat 3: Joe_Li7 ($100 in chips) 
Seat 4: reiyser ($102 in chips) 
Seat 5: iljot ($44.26 in chips) 
Seat 6: magzi777 ($137.44 in chips) 
reiyser: posts small blind $0.50
iljot: posts big blind $1
*** HOLE CARDS ***
magzi777: folds 
janarr5: folds 
Pon4uk.ua has timed out
Pon4uk.ua: folds 
Joe_Li7: folds 
reiyser: raises $1.80 to $2.80
iljot: calls $1.80
*** FLOP *** [7s 6c Jh]
reiyser: checks 
iljot: bets $3
reiyser: calls $3
*** TURN *** [7s 6c Jh] [9h]
reiyser: checks 
iljot: checks 
*** RIVER *** [7s 6c Jh 9h] [2h]
reiyser: checks 
iljot: bets $11.02
reiyser: folds 
Uncalled bet ($11.02) returned to iljot
iljot collected $11.02 from pot
*** SUMMARY ***
Total pot $11.60 | Rake $0.58 
Board [7s 6c Jh 9h 2h]
Seat 1: janarr5 folded before Flop (didn't bet)
Seat 2: Pon4uk.ua folded before Flop (didn't bet)
Seat 3: Joe_Li7 (button) folded before Flop (didn't bet)
Seat 4: reiyser (small blind) folded on the River
Seat 5: iljot (big blind) collected ($11.02)
Seat 6: magzi777 folded before Flop (didn't bet)



PokerStars Hand #254637204958:  Hold'em No Limit ($0.50/$1.00 USD) - 2025/01/31 15:05:40 WET [2025/01/31 10:05:40 ET]
Table 'Tombaugh' 6-max Seat #4 is the button
Seat 1: janarr5 ($122.51 in chips) 
Seat 2: Pon4uk.ua ($163.14 in chips) 
Seat 3: Joe_Li7 ($100 in chips) 
Seat 4: reiyser ($100 in chips) 
Seat 5: iljot ($49.48 in chips) 
Seat 6: magzi777 ($137.44 in chips) 
iljot: posts small blind $0.50
magzi777: posts big blind $1
*** HOLE CARDS ***
janarr5: folds 
Pon4uk.ua: folds 
Joe_Li7: folds 
reiyser: raises $1.23 to $2.23
iljot: folds 
magzi777: folds 
Uncalled bet ($1.23) returned to reiyser
reiyser collected $2.50 from pot
reiyser: doesn't show hand 
*** SUMMARY ***
Total pot $2.50 | Rake $0 
Seat 1: janarr5 folded before Flop (didn't bet)
Seat 2: Pon4uk.ua folded before Flop (didn't bet)
Seat 3: Joe_Li7 folded before Flop (didn't bet)
Seat 4: reiyser (button) collected ($2.50)
Seat 5: iljot (small blind) folded before Flop
Seat 6: magzi777 (big blind) folded before Flop



PokerStars Hand #254637209723:  Hold'em No Limit ($0.50/$1.00 USD) - 2025/01/31 15:06:06 WET [2025/01/31 10:06:06 ET]
Table 'Tombaugh' 6-max Seat #5 is the button
Seat 1: janarr5 ($122.51 in chips) 
Seat 2: Pon4uk.ua ($163.14 in chips) 
Seat 3: Joe_Li7 ($100 in chips) 
Seat 4: reiyser ($101.50 in chips) 
Seat 5: iljot ($48.98 in chips) 
Seat 6: magzi777 ($136.44 in chips) 
magzi777: posts small blind $0.50
janarr5: posts big blind $1
*** HOLE CARDS ***
Pon4uk.ua: folds 
Joe_Li7: folds 
reiyser: folds 
iljot: raises $2.50 to $3.50
magzi777: folds 
janarr5: calls $2.50
*** FLOP *** [3s 4h As]
janarr5: checks 
iljot: bets $3.56
janarr5: folds 
Uncalled bet ($3.56) returned to iljot
iljot collected $7.12 from pot
*** SUMMARY ***
Total pot $7.50 | Rake $0.38 
Board [3s 4h As]
Seat 1: janarr5 (big blind) folded on the Flop
Seat 2: Pon4uk.ua folded before Flop (didn't bet)
Seat 3: Joe_Li7 folded before Flop (didn't bet)
Seat 4: reiyser folded before Flop (didn't bet)
Seat 5: iljot (button) collected ($7.12)
Seat 6: magzi777 (small blind) folded before Flop



PokerStars Hand #254637217228:  Hold'em No Limit ($0.50/$1.00 USD) - 2025/01/31 15:06:46 WET [2025/01/31 10:06:46 ET]
Table 'Tombaugh' 6-max Seat #6 is the button
Seat 1: janarr5 ($119.01 in chips) 
Seat 2: Pon4uk.ua ($163.14 in chips) 
Seat 3: Joe_Li7 ($100 in chips) 
Seat 4: reiyser ($101.50 in chips) 
Seat 5: iljot ($52.60 in chips) 
Seat 6: magzi777 ($135.94 in chips) 
janarr5: posts small blind $0.50
Pon4uk.ua: posts big blind $1
*** HOLE CARDS ***
Joe_Li7: folds 
reiyser: raises $1.23 to $2.23
iljot: folds 
magzi777: folds 
janarr5: folds 
Pon4uk.ua: folds 
Uncalled bet ($1.23) returned to reiyser
reiyser collected $2.50 from pot
reiyser: doesn't show hand 
*** SUMMARY ***
Total pot $2.50 | Rake $0 
Seat 1: janarr5 (small blind) folded before Flop
Seat 2: Pon4uk.ua (big blind) folded before Flop
Seat 3: Joe_Li7 folded before Flop (didn't bet)
Seat 4: reiyser collected ($2.50)
Seat 5: iljot folded before Flop (didn't bet)
Seat 6: magzi777 (button) folded before Flop (didn't bet)



PokerStars Hand #254637221953:  Hold'em No Limit ($0.50/$1.00 USD) - 2025/01/31 15:07:12 WET [2025/01/31 10:07:12 ET]
Table 'Tombaugh' 6-max Seat #1 is the button
Seat 1: janarr5 ($118.51 in chips) 
Seat 2: Pon4uk.ua ($162.14 in chips) 
Seat 3: Joe_Li7 ($100 in chips) 
Seat 4: reiyser ($103 in chips) 
Seat 5: iljot ($52.60 in chips) 
Seat 6: magzi777 ($135.94 in chips) 
Pon4uk.ua: posts small blind $0.50
Joe_Li7: posts big blind $1
*** HOLE CARDS ***
reiyser: folds 
iljot: folds 
magzi777: folds 
janarr5: folds 
Pon4uk.ua: raises $1.75 to $2.75
Joe_Li7: folds 
Uncalled bet ($1.75) returned to Pon4uk.ua
Pon4uk.ua collected $2 from pot
Pon4uk.ua: doesn't show hand 
*** SUMMARY ***
Total pot $2 | Rake $0 
Seat 1: janarr5 (button) folded before Flop (didn't bet)
Seat 2: Pon4uk.ua (small blind) collected ($2)
Seat 3: Joe_Li7 (big blind) folded before Flop
Seat 4: reiyser folded before Flop (didn't bet)
Seat 5: iljot folded before Flop (didn't bet)
Seat 6: magzi777 folded before Flop (didn't bet)



PokerStars Hand #254637225358:  Hold'em No Limit ($0.50/$1.00 USD) - 2025/01/31 15:07:30 WET [2025/01/31 10:07:30 ET]
Table 'Tombaugh' 6-max Seat #2 is the button
Seat 1: janarr5 ($118.51 in chips) 
Seat 2: Pon4uk.ua ($163.14 in chips) 
Seat 3: Joe_Li7 ($100 in chips) 
Seat 4: reiyser ($103 in chips) 
Seat 5: iljot ($52.60 in chips) 
Seat 6: magzi777 ($135.94 in chips) 
Joe_Li7: posts small blind $0.50
reiyser: posts big blind $1
*** HOLE CARDS ***
iljot: folds 
magzi777: folds 
janarr5: folds 
Pon4uk.ua: raises $1.50 to $2.50
Joe_Li7: folds 
reiyser: folds 
Uncalled bet ($1.50) returned to Pon4uk.ua
Pon4uk.ua collected $2.50 from pot
Pon4uk.ua: doesn't show hand 
*** SUMMARY ***
Total pot $2.50 | Rake $0 
Seat 1: janarr5 folded before Flop (didn't bet)
Seat 2: Pon4uk.ua (button) collected ($2.50)
Seat 3: Joe_Li7 (small blind) folded before Flop
Seat 4: reiyser (big blind) folded before Flop
Seat 5: iljot folded before Flop (didn't bet)
Seat 6: magzi777 folded before Flop (didn't bet)



PokerStars Hand #254637229683:  Hold'em No Limit ($0.50/$1.00 USD) - 2025/01/31 15:07:54 WET [2025/01/31 10:07:54 ET]
Table 'Tombaugh' 6-max Seat #3 is the button
Seat 1: janarr5 ($118.51 in chips) 
Seat 2: Pon4uk.ua ($164.64 in chips) 
Seat 3: Joe_Li7 ($100 in chips) 
Seat 4: reiyser ($102 in chips) 
Seat 5: iljot ($52.60 in chips) 
Seat 6: magzi777 ($135.94 in chips) 
reiyser: posts small blind $0.50
iljot: posts big blind $1
*** HOLE CARDS ***
magzi777: folds 
janarr5: folds 
Pon4uk.ua: folds 
Joe_Li7: raises $1.50 to $2.50
reiyser: folds 
iljot: calls $1.50
*** FLOP *** [7d 6c Ts]
iljot: checks 
Joe_Li7: checks 
*** TURN *** [7d 6c Ts] [Qd]
iljot: checks 
Joe_Li7: checks 
*** RIVER *** [7d 6c Ts Qd] [As]
iljot: checks 
Joe_Li7: bets $3.65
iljot: folds 
Uncalled bet ($3.65) returned to Joe_Li7
Joe_Li7 collected $5.22 from pot
*** SUMMARY ***
Total pot $5.50 | Rake $0.28 
Board [7d 6c Ts Qd As]
Seat 1: janarr5 folded before Flop (didn't bet)
Seat 2: Pon4uk.ua folded before Flop (didn't bet)
Seat 3: Joe_Li7 (button) collected ($5.22)
Seat 4: reiyser (small blind) folded before Flop
Seat 5: iljot (big blind) folded on the River
Seat 6: magzi777 folded before Flop (didn't bet)



PokerStars Hand #254637241629:  Hold'em No Limit ($0.50/$1.00 USD) - 2025/01/31 15:08:59 WET [2025/01/31 10:08:59 ET]
Table 'Tombaugh' 6-max Seat #4 is the button
Seat 6: magzi777 ($135.94 in chips) is sitting out
Seat 1: janarr5 ($118.51 in chips) 
Seat 2: Pon4uk.ua ($164.64 in chips) 
Seat 3: Joe_Li7 ($102.72 in chips) 
Seat 4: reiyser ($101.50 in chips) 
Seat 5: iljot ($50.10 in chips) 
iljot: posts small blind $0.50
magzi777: is sitting out 
janarr5: posts big blind $1
*** HOLE CARDS ***
magzi777 leaves the table
Pon4uk.ua: folds 
Joe_Li7: raises $1.20 to $2.20
reiyser: folds 
iljot: folds 
janarr5: folds 
Uncalled bet ($1.20) returned to Joe_Li7
Joe_Li7 collected $2.50 from pot
*** SUMMARY ***
Total pot $2.50 | Rake $0 
Seat 6: magzi777
Seat 1: janarr5 (big blind) folded before Flop
Seat 2: Pon4uk.ua folded before Flop (didn't bet)
Seat 3: Joe_Li7 collected ($2.50)
Seat 4: reiyser (button) folded before Flop (didn't bet)
Seat 5: iljot (small blind) folded before Flop



PokerStars Hand #254637245009:  Hold'em No Limit ($0.50/$1.00 USD) - 2025/01/31 15:09:16 WET [2025/01/31 10:09:16 ET]
Table 'Tombaugh' 6-max Seat #5 is the button
Seat 1: janarr5 ($117.51 in chips) 
Seat 2: Pon4uk.ua ($164.64 in chips) 
Seat 3: Joe_Li7 ($104.22 in chips) 
Seat 4: reiyser ($101.50 in chips) 
Seat 5: iljot ($49.60 in chips) 
janarr5: posts small blind $0.50
Pon4uk.ua: posts big blind $1
*** HOLE CARDS ***
Joe_Li7: folds 
reiyser: folds 
iljot: folds 
IKnowThatFel joins the table at seat #6 
janarr5: raises $2 to $3
Pon4uk.ua: folds 
Uncalled bet ($2) returned to janarr5
janarr5 collected $2 from pot
janarr5: doesn't show hand 
*** SUMMARY ***
Total pot $2 | Rake $0 
Seat 1: janarr5 (small blind) collected ($2)
Seat 2: Pon4uk.ua (big blind) folded before Flop
Seat 3: Joe_Li7 folded before Flop (didn't bet)
Seat 4: reiyser folded before Flop (didn't bet)
Seat 5: iljot (button) folded before Flop (didn't bet)



PokerStars Hand #254637247566:  Hold'em No Limit ($0.50/$1.00 USD) - 2025/01/31 15:09:30 WET [2025/01/31 10:09:30 ET]
Table 'Tombaugh' 6-max Seat #1 is the button
Seat 6: IKnowThatFel ($100 in chips) is sitting out
Seat 1: janarr5 ($118.51 in chips) 
Seat 2: Pon4uk.ua ($163.64 in chips) 
Seat 3: Joe_Li7 ($104.22 in chips) 
Seat 4: reiyser ($101.50 in chips) 
Seat 5: iljot ($49.60 in chips) 
Pon4uk.ua: posts small blind $0.50
Joe_Li7: posts big blind $1
IKnowThatFel: sits out 
*** HOLE CARDS ***
reiyser: raises $1.23 to $2.23
iljot: folds 
iljot leaves the table
janarr5: folds 
Pon4uk.ua: folds 
Joe_Li7: folds 
Uncalled bet ($1.23) returned to reiyser
reiyser collected $2.50 from pot
reiyser: doesn't show hand 
*** SUMMARY ***
Total pot $2.50 | Rake $0 
Seat 6: IKnowThatFel
Seat 1: janarr5 (button) folded before Flop (didn't bet)
Seat 2: Pon4uk.ua (small blind) folded before Flop
Seat 3: Joe_Li7 (big blind) folded before Flop
Seat 4: reiyser collected ($2.50)
Seat 5: iljot folded before Flop (didn't bet)



PokerStars Hand #254637250210:  Hold'em No Limit ($0.50/$1.00 USD) - 2025/01/31 15:09:45 WET [2025/01/31 10:09:45 ET]
Table 'Tombaugh' 6-max Seat #2 is the button
Seat 4: reiyser ($103 in chips) is sitting out
Seat 1: janarr5 ($118.51 in chips) 
Seat 2: Pon4uk.ua ($163.14 in chips) 
Seat 3: Joe_Li7 ($103.22 in chips) 
Seat 6: IKnowThatFel ($100 in chips) 
Joe_Li7: posts small blind $0.50
reiyser: is sitting out 
IKnowThatFel: posts big blind $1
*** HOLE CARDS ***
janarr5: raises $1.25 to $2.25
Pon4uk.ua: folds 
Joe_Li7: folds 
reiyser leaves the table
IKnowThatFel: folds 
Uncalled bet ($1.25) returned to janarr5
janarr5 collected $2.50 from pot
janarr5: doesn't show hand 
*** SUMMARY ***
Total pot $2.50 | Rake $0 
Seat 4: reiyser
Seat 1: janarr5 collected ($2.50)
Seat 2: Pon4uk.ua (button) folded before Flop (didn't bet)
Seat 3: Joe_Li7 (small blind) folded before Flop
Seat 6: IKnowThatFel (big blind) folded before Flop



PokerStars Hand #254637253949:  Hold'em No Limit ($0.50/$1.00 USD) - 2025/01/31 15:10:05 WET [2025/01/31 10:10:05 ET]
Table 'Tombaugh' 6-max Seat #3 is the button
Seat 1: janarr5 ($120.01 in chips) 
Seat 2: Pon4uk.ua ($163.14 in chips) 
Seat 3: Joe_Li7 ($102.72 in chips) 
Seat 6: IKnowThatFel ($100 in chips) 
IKnowThatFel: posts small blind $0.50
janarr5: posts big blind $1
*** HOLE CARDS ***
Pon4uk.ua: folds 
Joe_Li7: folds 
IKnowThatFel: raises $2 to $3
janarr5: raises $6 to $9
IKnowThatFel: raises $15 to $24
janarr5: folds 
Uncalled bet ($15) returned to IKnowThatFel
IKnowThatFel collected $18 from pot
IKnowThatFel: doesn't show hand 
*** SUMMARY ***
Total pot $18 | Rake $0 
Seat 1: janarr5 (big blind) folded before Flop
Seat 2: Pon4uk.ua folded before Flop (didn't bet)
Seat 3: Joe_Li7 (button) folded before Flop (didn't bet)
Seat 6: IKnowThatFel (small blind) collected ($18)



