PokerStars Hand #254639205930:  Hold'em No Limit ($0.50/$1.00 USD) - 2025/01/31 17:40:26 WET [2025/01/31 12:40:26 ET]
Table 'Maartje' 6-max Seat #6 is the button
Seat 1: S3MPR3IGUAL ($100 in chips) 
Seat 2: ARCTlCkiss ($111.50 in chips) 
Seat 3: sebi9999105 ($53.25 in chips) 
Seat 4: paramourx ($105.40 in chips) 
Seat 5: worker0k ($100 in chips) 
Seat 6: AlexPinsk1 ($113.20 in chips) 
S3MPR3IGUAL: posts small blind $0.50
ARCTlCkiss: posts big blind $1
*** HOLE CARDS ***
sebi9999105: calls $1
paramourx: folds 
worker0k: folds 
AlexPinsk1: folds 
S3MPR3IGUAL: calls $0.50
ARCTlCkiss: checks 
*** FLOP *** [8d Ad 4s]
S3MPR3IGUAL: checks 
ARCTlCkiss: checks 
sebi9999105: bets $4
S3MPR3IGUAL: folds 
ARCTlCkiss: folds 
Uncalled bet ($4) returned to sebi9999105
sebi9999105 collected $2.85 from pot
*** SUMMARY ***
Total pot $3 | Rake $0.15 
Board [8d Ad 4s]
Seat 1: S3MPR3IGUAL (small blind) folded on the Flop
Seat 2: ARCTlCkiss (big blind) folded on the Flop
Seat 3: sebi9999105 collected ($2.85)
Seat 4: paramourx folded before Flop (didn't bet)
Seat 5: worker0k folded before Flop (didn't bet)
Seat 6: AlexPinsk1 (button) folded before Flop (didn't bet)



PokerStars Hand #254639214694:  Hold'em No Limit ($0.50/$1.00 USD) - 2025/01/31 17:41:01 WET [2025/01/31 12:41:01 ET]
Table 'Maartje' 6-max Seat #1 is the button
Seat 1: S3MPR3IGUAL ($100 in chips) 
Seat 2: ARCTlCkiss ($110.50 in chips) 
Seat 3: sebi9999105 ($55.10 in chips) 
Seat 4: paramourx ($105.40 in chips) 
Seat 5: worker0k ($100 in chips) 
Seat 6: AlexPinsk1 ($113.20 in chips) 
ARCTlCkiss: posts small blind $0.50
sebi9999105: posts big blind $1
*** HOLE CARDS ***
paramourx: raises $2 to $3
worker0k: folds 
AlexPinsk1: folds 
S3MPR3IGUAL: folds 
ARCTlCkiss: folds 
sebi9999105: folds 
Uncalled bet ($2) returned to paramourx
paramourx collected $2.50 from pot
paramourx: doesn't show hand 
*** SUMMARY ***
Total pot $2.50 | Rake $0 
Seat 1: S3MPR3IGUAL (button) folded before Flop (didn't bet)
Seat 2: ARCTlCkiss (small blind) folded before Flop
Seat 3: sebi9999105 (big blind) folded before Flop
Seat 4: paramourx collected ($2.50)
Seat 5: worker0k folded before Flop (didn't bet)
Seat 6: AlexPinsk1 folded before Flop (didn't bet)



PokerStars Hand #254639219412:  Hold'em No Limit ($0.50/$1.00 USD) - 2025/01/31 17:41:20 WET [2025/01/31 12:41:20 ET]
Table 'Maartje' 6-max Seat #2 is the button
Seat 1: S3MPR3IGUAL ($100 in chips) 
Seat 2: ARCTlCkiss ($110 in chips) 
Seat 3: sebi9999105 ($54.10 in chips) 
Seat 4: paramourx ($106.90 in chips) 
Seat 5: worker0k ($100 in chips) 
Seat 6: AlexPinsk1 ($113.20 in chips) 
sebi9999105: posts small blind $0.50
paramourx: posts big blind $1
*** HOLE CARDS ***
worker0k: folds 
AlexPinsk1: folds 
S3MPR3IGUAL: raises $1.20 to $2.20
ARCTlCkiss: folds 
sebi9999105: folds 
paramourx: folds 
Uncalled bet ($1.20) returned to S3MPR3IGUAL
S3MPR3IGUAL collected $2.50 from pot
S3MPR3IGUAL: doesn't show hand 
*** SUMMARY ***
Total pot $2.50 | Rake $0 
Seat 1: S3MPR3IGUAL collected ($2.50)
Seat 2: ARCTlCkiss (button) folded before Flop (didn't bet)
Seat 3: sebi9999105 (small blind) folded before Flop
Seat 4: paramourx (big blind) folded before Flop
Seat 5: worker0k folded before Flop (didn't bet)
Seat 6: AlexPinsk1 folded before Flop (didn't bet)



PokerStars Hand #254639222517:  Hold'em No Limit ($0.50/$1.00 USD) - 2025/01/31 17:41:33 WET [2025/01/31 12:41:33 ET]
Table 'Maartje' 6-max Seat #3 is the button
Seat 1: S3MPR3IGUAL ($101.50 in chips) 
Seat 2: ARCTlCkiss ($110 in chips) 
Seat 3: sebi9999105 ($53.60 in chips) 
Seat 4: paramourx ($105.90 in chips) 
Seat 5: worker0k ($100 in chips) 
Seat 6: AlexPinsk1 ($113.20 in chips) 
paramourx: posts small blind $0.50
worker0k: posts big blind $1
*** HOLE CARDS ***
AlexPinsk1: folds 
S3MPR3IGUAL: raises $1.20 to $2.20
ARCTlCkiss: folds 
sebi9999105: folds 
paramourx: folds 
worker0k: folds 
Uncalled bet ($1.20) returned to S3MPR3IGUAL
S3MPR3IGUAL collected $2.50 from pot
S3MPR3IGUAL: doesn't show hand 
*** SUMMARY ***
Total pot $2.50 | Rake $0 
Seat 1: S3MPR3IGUAL collected ($2.50)
Seat 2: ARCTlCkiss folded before Flop (didn't bet)
Seat 3: sebi9999105 (button) folded before Flop (didn't bet)
Seat 4: paramourx (small blind) folded before Flop
Seat 5: worker0k (big blind) folded before Flop
Seat 6: AlexPinsk1 folded before Flop (didn't bet)



PokerStars Hand #254639225767:  Hold'em No Limit ($0.50/$1.00 USD) - 2025/01/31 17:41:47 WET [2025/01/31 12:41:47 ET]
Table 'Maartje' 6-max Seat #4 is the button
Seat 1: S3MPR3IGUAL ($103 in chips) 
Seat 2: ARCTlCkiss ($110 in chips) 
Seat 3: sebi9999105 ($53.60 in chips) 
Seat 4: paramourx ($105.40 in chips) 
Seat 5: worker0k ($100 in chips) 
Seat 6: AlexPinsk1 ($113.20 in chips) 
worker0k: posts small blind $0.50
AlexPinsk1: posts big blind $1
*** HOLE CARDS ***
S3MPR3IGUAL: folds 
ARCTlCkiss: folds 
sebi9999105: folds 
paramourx: folds 
worker0k: folds 
Uncalled bet ($0.50) returned to AlexPinsk1
AlexPinsk1 collected $1 from pot
AlexPinsk1: doesn't show hand 
*** SUMMARY ***
Total pot $1 | Rake $0 
Seat 1: S3MPR3IGUAL folded before Flop (didn't bet)
Seat 2: ARCTlCkiss folded before Flop (didn't bet)
Seat 3: sebi9999105 folded before Flop (didn't bet)
Seat 4: paramourx (button) folded before Flop (didn't bet)
Seat 5: worker0k (small blind) folded before Flop
Seat 6: AlexPinsk1 (big blind) collected ($1)



PokerStars Hand #254639228728:  Hold'em No Limit ($0.50/$1.00 USD) - 2025/01/31 17:41:59 WET [2025/01/31 12:41:59 ET]
Table 'Maartje' 6-max Seat #5 is the button
Seat 1: S3MPR3IGUAL ($103 in chips) 
Seat 2: ARCTlCkiss ($110 in chips) 
Seat 3: sebi9999105 ($53.60 in chips) 
Seat 4: paramourx ($105.40 in chips) 
Seat 5: worker0k ($100 in chips) 
Seat 6: AlexPinsk1 ($113.70 in chips) 
AlexPinsk1: posts small blind $0.50
S3MPR3IGUAL: posts big blind $1
*** HOLE CARDS ***
ARCTlCkiss: folds 
sebi9999105: calls $1
paramourx: folds 
worker0k: folds 
AlexPinsk1: folds 
S3MPR3IGUAL: checks 
*** FLOP *** [4c As Qd]
S3MPR3IGUAL: checks 
sebi9999105: checks 
*** TURN *** [4c As Qd] [2d]
S3MPR3IGUAL: checks 
sebi9999105: bets $2
S3MPR3IGUAL: calls $2
*** RIVER *** [4c As Qd 2d] [5d]
S3MPR3IGUAL: checks 
sebi9999105: bets $5
S3MPR3IGUAL: calls $5
*** SHOW DOWN ***
sebi9999105: shows [8d Td] (a flush, Queen high)
S3MPR3IGUAL: mucks hand 
sebi9999105 collected $15.68 from pot
*** SUMMARY ***
Total pot $16.50 | Rake $0.82 
Board [4c As Qd 2d 5d]
Seat 1: S3MPR3IGUAL (big blind) mucked
Seat 2: ARCTlCkiss folded before Flop (didn't bet)
Seat 3: sebi9999105 showed [8d Td] and won ($15.68) with a flush, Queen high
Seat 4: paramourx folded before Flop (didn't bet)
Seat 5: worker0k (button) folded before Flop (didn't bet)
Seat 6: AlexPinsk1 (small blind) folded before Flop



PokerStars Hand #254639235642:  Hold'em No Limit ($0.50/$1.00 USD) - 2025/01/31 17:42:27 WET [2025/01/31 12:42:27 ET]
Table 'Maartje' 6-max Seat #6 is the button
Seat 1: S3MPR3IGUAL ($100 in chips) 
Seat 2: ARCTlCkiss ($110 in chips) 
Seat 3: sebi9999105 ($61.28 in chips) 
Seat 4: paramourx ($105.40 in chips) 
Seat 5: worker0k ($100 in chips) 
Seat 6: AlexPinsk1 ($113.20 in chips) 
S3MPR3IGUAL: posts small blind $0.50
ARCTlCkiss: posts big blind $1
*** HOLE CARDS ***
sebi9999105: calls $1
paramourx: folds 
worker0k: folds 
AlexPinsk1: folds 
S3MPR3IGUAL: folds 
ARCTlCkiss: checks 
*** FLOP *** [7d Ts 8c]
ARCTlCkiss: checks 
sebi9999105: checks 
*** TURN *** [7d Ts 8c] [9c]
ARCTlCkiss: checks 
sebi9999105: checks 
*** RIVER *** [7d Ts 8c 9c] [Th]
ARCTlCkiss: checks 
sebi9999105: checks 
*** SHOW DOWN ***
ARCTlCkiss: shows [2c 2h] (two pair, Tens and Deuces)
sebi9999105: mucks hand 
ARCTlCkiss collected $2.38 from pot
*** SUMMARY ***
Total pot $2.50 | Rake $0.12 
Board [7d Ts 8c 9c Th]
Seat 1: S3MPR3IGUAL (small blind) folded before Flop
Seat 2: ARCTlCkiss (big blind) showed [2c 2h] and won ($2.38) with two pair, Tens and Deuces
Seat 3: sebi9999105 mucked
Seat 4: paramourx folded before Flop (didn't bet)
Seat 5: worker0k folded before Flop (didn't bet)
Seat 6: AlexPinsk1 (button) folded before Flop (didn't bet)



PokerStars Hand #254639245047:  Hold'em No Limit ($0.50/$1.00 USD) - 2025/01/31 17:43:06 WET [2025/01/31 12:43:06 ET]
Table 'Maartje' 6-max Seat #1 is the button
Seat 1: S3MPR3IGUAL ($100 in chips) 
Seat 2: ARCTlCkiss ($111.38 in chips) 
Seat 3: sebi9999105 ($60.28 in chips) 
Seat 4: paramourx ($105.40 in chips) 
Seat 5: worker0k ($100 in chips) 
Seat 6: AlexPinsk1 ($113.20 in chips) 
ARCTlCkiss: posts small blind $0.50
sebi9999105: posts big blind $1
*** HOLE CARDS ***
paramourx: folds 
worker0k: raises $1.30 to $2.30
AlexPinsk1: folds 
S3MPR3IGUAL: folds 
ARCTlCkiss: folds 
sebi9999105: folds 
Uncalled bet ($1.30) returned to worker0k
worker0k collected $2.50 from pot
*** SUMMARY ***
Total pot $2.50 | Rake $0 
Seat 1: S3MPR3IGUAL (button) folded before Flop (didn't bet)
Seat 2: ARCTlCkiss (small blind) folded before Flop
Seat 3: sebi9999105 (big blind) folded before Flop
Seat 4: paramourx folded before Flop (didn't bet)
Seat 5: worker0k collected ($2.50)
Seat 6: AlexPinsk1 folded before Flop (didn't bet)



PokerStars Hand #254639248697:  Hold'em No Limit ($0.50/$1.00 USD) - 2025/01/31 17:43:21 WET [2025/01/31 12:43:21 ET]
Table 'Maartje' 6-max Seat #2 is the button
Seat 1: S3MPR3IGUAL ($100 in chips) 
Seat 2: ARCTlCkiss ($110.88 in chips) 
Seat 3: sebi9999105 ($59.28 in chips) 
Seat 4: paramourx ($105.40 in chips) 
Seat 5: worker0k ($101.50 in chips) 
Seat 6: AlexPinsk1 ($113.20 in chips) 
sebi9999105: posts small blind $0.50
paramourx: posts big blind $1
*** HOLE CARDS ***
worker0k: folds 
AlexPinsk1: folds 
S3MPR3IGUAL: raises $1.20 to $2.20
ARCTlCkiss: folds 
sebi9999105: calls $1.70
paramourx: folds 
*** FLOP *** [9s Qd 7s]
sebi9999105: checks 
S3MPR3IGUAL: checks 
*** TURN *** [9s Qd 7s] [5s]
sebi9999105: bets $3
S3MPR3IGUAL: calls $3
*** RIVER *** [9s Qd 7s 5s] [Ac]
sebi9999105: bets $5
S3MPR3IGUAL: calls $5
*** SHOW DOWN ***
sebi9999105: shows [Qc Qs] (three of a kind, Queens)
S3MPR3IGUAL: mucks hand 
sebi9999105 collected $20.33 from pot
*** SUMMARY ***
Total pot $21.40 | Rake $1.07 
Board [9s Qd 7s 5s Ac]
Seat 1: S3MPR3IGUAL mucked
Seat 2: ARCTlCkiss (button) folded before Flop (didn't bet)
Seat 3: sebi9999105 (small blind) showed [Qc Qs] and won ($20.33) with three of a kind, Queens
Seat 4: paramourx (big blind) folded before Flop
Seat 5: worker0k folded before Flop (didn't bet)
Seat 6: AlexPinsk1 folded before Flop (didn't bet)



PokerStars Hand #254639255527:  Hold'em No Limit ($0.50/$1.00 USD) - 2025/01/31 17:43:49 WET [2025/01/31 12:43:49 ET]
Table 'Maartje' 6-max Seat #3 is the button
Seat 1: S3MPR3IGUAL ($100 in chips) 
Seat 2: ARCTlCkiss ($110.88 in chips) 
Seat 3: sebi9999105 ($69.41 in chips) 
Seat 4: paramourx ($104.40 in chips) 
Seat 5: worker0k ($101.50 in chips) 
Seat 6: AlexPinsk1 ($113.20 in chips) 
paramourx: posts small blind $0.50
worker0k: posts big blind $1
*** HOLE CARDS ***
AlexPinsk1: folds 
S3MPR3IGUAL: folds 
ARCTlCkiss: folds 
sebi9999105: calls $1
paramourx: raises $4 to $5
worker0k: folds 
sebi9999105: folds 
Uncalled bet ($4) returned to paramourx
paramourx collected $3 from pot
paramourx: doesn't show hand 
*** SUMMARY ***
Total pot $3 | Rake $0 
Seat 1: S3MPR3IGUAL folded before Flop (didn't bet)
Seat 2: ARCTlCkiss folded before Flop (didn't bet)
Seat 3: sebi9999105 (button) folded before Flop
Seat 4: paramourx (small blind) collected ($3)
Seat 5: worker0k (big blind) folded before Flop
Seat 6: AlexPinsk1 folded before Flop (didn't bet)



PokerStars Hand #254639260744:  Hold'em No Limit ($0.50/$1.00 USD) - 2025/01/31 17:44:11 WET [2025/01/31 12:44:11 ET]
Table 'Maartje' 6-max Seat #4 is the button
Seat 1: S3MPR3IGUAL ($100 in chips) 
Seat 2: ARCTlCkiss ($110.88 in chips) 
Seat 3: sebi9999105 ($68.41 in chips) 
Seat 4: paramourx ($106.40 in chips) 
Seat 5: worker0k ($100.50 in chips) 
Seat 6: AlexPinsk1 ($113.20 in chips) 
worker0k: posts small blind $0.50
AlexPinsk1: posts big blind $1
*** HOLE CARDS ***
S3MPR3IGUAL: folds 
ARCTlCkiss: folds 
sebi9999105: folds 
paramourx: raises $2 to $3
worker0k: folds 
sebi9999105 leaves the table
AlexPinsk1: folds 
Uncalled bet ($2) returned to paramourx
paramourx collected $2.50 from pot
paramourx: doesn't show hand 
*** SUMMARY ***
Total pot $2.50 | Rake $0 
Seat 1: S3MPR3IGUAL folded before Flop (didn't bet)
Seat 2: ARCTlCkiss folded before Flop (didn't bet)
Seat 3: sebi9999105 folded before Flop (didn't bet)
Seat 4: paramourx (button) collected ($2.50)
Seat 5: worker0k (small blind) folded before Flop
Seat 6: AlexPinsk1 (big blind) folded before Flop



PokerStars Hand #254639263285:  Hold'em No Limit ($0.50/$1.00 USD) - 2025/01/31 17:44:21 WET [2025/01/31 12:44:21 ET]
Table 'Maartje' 6-max Seat #5 is the button
Seat 1: S3MPR3IGUAL ($100 in chips) 
Seat 2: ARCTlCkiss ($110.88 in chips) 
Seat 4: paramourx ($107.90 in chips) 
Seat 5: worker0k ($100 in chips) 
Seat 6: AlexPinsk1 ($112.20 in chips) 
AlexPinsk1: posts small blind $0.50
S3MPR3IGUAL: posts big blind $1
*** HOLE CARDS ***
ARCTlCkiss: folds 
paramourx: folds 
worker0k: folds 
AlexPinsk1: folds 
Uncalled bet ($0.50) returned to S3MPR3IGUAL
S3MPR3IGUAL collected $1 from pot
S3MPR3IGUAL: doesn't show hand 
*** SUMMARY ***
Total pot $1 | Rake $0 
Seat 1: S3MPR3IGUAL (big blind) collected ($1)
Seat 2: ARCTlCkiss folded before Flop (didn't bet)
Seat 4: paramourx folded before Flop (didn't bet)
Seat 5: worker0k (button) folded before Flop (didn't bet)
Seat 6: AlexPinsk1 (small blind) folded before Flop



PokerStars Hand #254639266378:  Hold'em No Limit ($0.50/$1.00 USD) - 2025/01/31 17:44:34 WET [2025/01/31 12:44:34 ET]
Table 'Maartje' 6-max Seat #6 is the button
Seat 2: ARCTlCkiss ($110.88 in chips) is sitting out
Seat 1: S3MPR3IGUAL ($100.50 in chips) 
Seat 4: paramourx ($107.90 in chips) 
Seat 5: worker0k ($100 in chips) 
Seat 6: AlexPinsk1 ($111.70 in chips) 
S3MPR3IGUAL: posts small blind $0.50
ARCTlCkiss: is sitting out 
paramourx: posts big blind $1
*** HOLE CARDS ***
worker0k: folds 
AlexPinsk1: folds 
S3MPR3IGUAL: raises $2 to $3
ARCTlCkiss leaves the table
Kristo 914 joins the table at seat #2 
paramourx: folds 
Uncalled bet ($2) returned to S3MPR3IGUAL
S3MPR3IGUAL collected $2 from pot
S3MPR3IGUAL: doesn't show hand 
Kristo 914 leaves the table
*** SUMMARY ***
Total pot $2 | Rake $0 
Seat 2: ARCTlCkiss
Seat 1: S3MPR3IGUAL (small blind) collected ($2)
Seat 4: paramourx (big blind) folded before Flop
Seat 5: worker0k folded before Flop (didn't bet)
Seat 6: AlexPinsk1 (button) folded before Flop (didn't bet)



