PokerStars Hand #254634247541:  Hold'em No Limit ($0.50/$1.00 USD) - 2025/01/31 8:46:37 WET [2025/01/31 3:46:37 ET]
Table 'Vanadis' 6-max Seat #1 is the button
Seat 1: NOTfishON ($100 in chips) 
Seat 2: Poker9803 ($100 in chips) 
Seat 6: HeisenbergC10 ($24.85 in chips) 
Poker9803: posts small blind $0.50
HeisenbergC10: posts big blind $1
*** HOLE CARDS ***
Y_19 joins the table at seat #4 
NOTfishON: raises $1.50 to $2.50
peak joker33 joins the table at seat #3 
Poker9803: raises $9 to $11.50
HeisenbergC10: raises $13.35 to $24.85 and is all-in
NOTfishON: folds 
Poker9803: calls $13.35
*** FLOP *** [2c 4s 9c]
*** TURN *** [2c 4s 9c] [Ad]
*** RIVER *** [2c 4s 9c Ad] [4h]
*** SHOW DOWN ***
Poker9803: shows [6h 6d] (two pair, Sixes and Fours)
HeisenbergC10: shows [Ks As] (two pair, Aces and Fours)
HeisenbergC10 collected $51.20 from pot
*** SUMMARY ***
Total pot $52.20 | Rake $1 
Board [2c 4s 9c Ad 4h]
Seat 1: NOTfishON (button) folded before Flop
Seat 2: Poker9803 (small blind) showed [6h 6d] and lost with two pair, Sixes and Fours
Seat 6: HeisenbergC10 (big blind) showed [Ks As] and won ($51.20) with two pair, Aces and Fours



PokerStars Hand #254634251181:  Hold'em No Limit ($0.50/$1.00 USD) - 2025/01/31 8:47:21 WET [2025/01/31 3:47:21 ET]
Table 'Vanadis' 6-max Seat #2 is the button
Seat 3: peak joker33 ($100 in chips) is sitting out
Seat 4: Y_19 ($100 in chips) is sitting out
Seat 1: NOTfishON ($100 in chips) 
Seat 2: Poker9803 ($100 in chips) 
Seat 6: HeisenbergC10 ($51.20 in chips) 
HeisenbergC10: posts small blind $0.50
NOTfishON: posts big blind $1
*** HOLE CARDS ***
Poker9803: folds 
HeisenbergC10: calls $0.50
NOTfishON: checks 
*** FLOP *** [Ah 3s 9s]
HeisenbergC10: bets $1
NOTfishON: folds 
Uncalled bet ($1) returned to HeisenbergC10
HeisenbergC10 collected $1.90 from pot
*** SUMMARY ***
Total pot $2 | Rake $0.10 
Board [Ah 3s 9s]
Seat 3: peak joker33
Seat 4: Y_19
Seat 1: NOTfishON (big blind) folded on the Flop
Seat 2: Poker9803 (button) folded before Flop (didn't bet)
Seat 6: HeisenbergC10 (small blind) collected ($1.90)



PokerStars Hand #254634253591:  Hold'em No Limit ($0.50/$1.00 USD) - 2025/01/31 8:47:50 WET [2025/01/31 3:47:50 ET]
Table 'Vanadis' 6-max Seat #6 is the button
Seat 3: peak joker33 ($100 in chips) is sitting out
Seat 4: Y_19 ($100 in chips) is sitting out
Seat 1: NOTfishON ($100 in chips) 
Seat 2: Poker9803 ($100 in chips) 
Seat 6: HeisenbergC10 ($52.10 in chips) 
NOTfishON: posts small blind $0.50
Poker9803: posts big blind $1
peak joker33: sits out 
Y_19: sits out 
*** HOLE CARDS ***
HeisenbergC10: folds 
NOTfishON: raises $2 to $3
fedor0f joins the table at seat #5 
Poker9803: calls $2
*** FLOP *** [6c 6s 4c]
NOTfishON: checks 
Poker9803: checks 
*** TURN *** [6c 6s 4c] [6h]
NOTfishON: bets $1.77
Poker9803: folds 
Uncalled bet ($1.77) returned to NOTfishON
NOTfishON collected $5.70 from pot
*** SUMMARY ***
Total pot $6 | Rake $0.30 
Board [6c 6s 4c 6h]
Seat 3: peak joker33
Seat 4: Y_19
Seat 1: NOTfishON (small blind) collected ($5.70)
Seat 2: Poker9803 (big blind) folded on the Turn
Seat 6: HeisenbergC10 (button) folded before Flop (didn't bet)



PokerStars Hand #254634258055:  Hold'em No Limit ($0.50/$1.00 USD) - 2025/01/31 8:48:44 WET [2025/01/31 3:48:44 ET]
Table 'Vanadis' 6-max Seat #1 is the button
Seat 4: Y_19 ($100 in chips) is sitting out
Seat 5: fedor0f ($100 in chips) is sitting out
Seat 1: NOTfishON ($102.70 in chips) 
Seat 2: Poker9803 ($100 in chips) 
Seat 3: peak joker33 ($100 in chips) 
Seat 6: HeisenbergC10 ($52.10 in chips) 
Poker9803: posts small blind $0.50
peak joker33: posts big blind $1
Y_19: sits out 
fedor0f: sits out 
*** HOLE CARDS ***
HeisenbergC10: folds 
NOTfishON: folds 
Poker9803: raises $2 to $3
peak joker33: folds 
Uncalled bet ($2) returned to Poker9803
Poker9803 collected $2 from pot
Poker9803: doesn't show hand 
*** SUMMARY ***
Total pot $2 | Rake $0 
Seat 4: Y_19
Seat 5: fedor0f
Seat 1: NOTfishON (button) folded before Flop (didn't bet)
Seat 2: Poker9803 (small blind) collected ($2)
Seat 3: peak joker33 (big blind) folded before Flop
Seat 6: HeisenbergC10 folded before Flop (didn't bet)



PokerStars Hand #254634259927:  Hold'em No Limit ($0.50/$1.00 USD) - 2025/01/31 8:49:07 WET [2025/01/31 3:49:07 ET]
Table 'Vanadis' 6-max Seat #2 is the button
Seat 5: fedor0f ($100 in chips) is sitting out
Seat 1: NOTfishON ($102.70 in chips) 
Seat 2: Poker9803 ($101 in chips) 
Seat 3: peak joker33 ($100 in chips) 
Seat 4: Y_19 ($100 in chips) 
Seat 6: HeisenbergC10 ($52.10 in chips) 
peak joker33: posts small blind $0.50
Y_19: posts big blind $1
fedor0f: sits out 
*** HOLE CARDS ***
HeisenbergC10: folds 
NOTfishON: folds 
Poker9803: folds 
peak joker33: folds 
Uncalled bet ($0.50) returned to Y_19
Y_19 collected $1 from pot
Y_19: doesn't show hand 
*** SUMMARY ***
Total pot $1 | Rake $0 
Seat 5: fedor0f
Seat 1: NOTfishON folded before Flop (didn't bet)
Seat 2: Poker9803 (button) folded before Flop (didn't bet)
Seat 3: peak joker33 (small blind) folded before Flop
Seat 4: Y_19 (big blind) collected ($1)
Seat 6: HeisenbergC10 folded before Flop (didn't bet)



PokerStars Hand #254634260891:  Hold'em No Limit ($0.50/$1.00 USD) - 2025/01/31 8:49:18 WET [2025/01/31 3:49:18 ET]
Table 'Vanadis' 6-max Seat #3 is the button
Seat 1: NOTfishON ($102.70 in chips) 
Seat 2: Poker9803 ($101 in chips) 
Seat 3: peak joker33 ($100 in chips) 
Seat 4: Y_19 ($100.50 in chips) 
Seat 5: fedor0f ($100 in chips) 
Seat 6: HeisenbergC10 ($52.10 in chips) 
Y_19: posts small blind $0.50
fedor0f: posts big blind $1
*** HOLE CARDS ***
HeisenbergC10: folds 
NOTfishON: folds 
Poker9803: folds 
peak joker33: raises $1.50 to $2.50
Y_19: raises $9 to $11.50
fedor0f: folds 
peak joker33: calls $9
*** FLOP *** [3d 7c Qs]
Y_19: checks 
peak joker33: bets $7.52
Y_19: folds 
Uncalled bet ($7.52) returned to peak joker33
peak joker33 collected $22.80 from pot
peak joker33: doesn't show hand 
*** SUMMARY ***
Total pot $24 | Rake $1.20 
Board [3d 7c Qs]
Seat 1: NOTfishON folded before Flop (didn't bet)
Seat 2: Poker9803 folded before Flop (didn't bet)
Seat 3: peak joker33 (button) collected ($22.80)
Seat 4: Y_19 (small blind) folded on the Flop
Seat 5: fedor0f (big blind) folded before Flop
Seat 6: HeisenbergC10 folded before Flop (didn't bet)



PokerStars Hand #254634266890:  Hold'em No Limit ($0.50/$1.00 USD) - 2025/01/31 8:50:31 WET [2025/01/31 3:50:31 ET]
Table 'Vanadis' 6-max Seat #4 is the button
Seat 1: NOTfishON ($102.70 in chips) 
Seat 2: Poker9803 ($101 in chips) 
Seat 3: peak joker33 ($111.30 in chips) 
Seat 4: Y_19 ($100 in chips) 
Seat 5: fedor0f ($100 in chips) 
Seat 6: HeisenbergC10 ($52.10 in chips) 
fedor0f: posts small blind $0.50
HeisenbergC10: posts big blind $1
*** HOLE CARDS ***
NOTfishON: folds 
Poker9803: folds 
peak joker33: raises $1.50 to $2.50
Y_19: folds 
fedor0f: calls $2
HeisenbergC10: calls $1.50
*** FLOP *** [4d Jc 8h]
fedor0f: checks 
HeisenbergC10: checks 
peak joker33: bets $2.35
fedor0f: raises $5.91 to $8.26
HeisenbergC10: folds 
peak joker33: calls $5.91
*** TURN *** [4d Jc 8h] [Jd]
fedor0f: bets $28.53
peak joker33: calls $28.53
*** RIVER *** [4d Jc 8h Jd] [3d]
fedor0f: checks 
peak joker33: bets $72.01 and is all-in
fedor0f: folds 
Uncalled bet ($72.01) returned to peak joker33
peak joker33 collected $78.58 from pot
peak joker33: doesn't show hand 
*** SUMMARY ***
Total pot $81.08 | Rake $2.50 
Board [4d Jc 8h Jd 3d]
Seat 1: NOTfishON folded before Flop (didn't bet)
Seat 2: Poker9803 folded before Flop (didn't bet)
Seat 3: peak joker33 collected ($78.58)
Seat 4: Y_19 (button) folded before Flop (didn't bet)
Seat 5: fedor0f (small blind) folded on the River
Seat 6: HeisenbergC10 (big blind) folded on the Flop



PokerStars Hand #254634276533:  Hold'em No Limit ($0.50/$1.00 USD) - 2025/01/31 8:52:29 WET [2025/01/31 3:52:29 ET]
Table 'Vanadis' 6-max Seat #5 is the button
Seat 1: NOTfishON ($102.70 in chips) 
Seat 2: Poker9803 ($101 in chips) 
Seat 3: peak joker33 ($150.59 in chips) 
Seat 4: Y_19 ($100 in chips) 
Seat 5: fedor0f ($100 in chips) 
Seat 6: HeisenbergC10 ($49.60 in chips) 
HeisenbergC10: posts small blind $0.50
NOTfishON: posts big blind $1
*** HOLE CARDS ***
Poker9803: folds 
peak joker33: folds 
Y_19: raises $1.23 to $2.23
fedor0f: folds 
HeisenbergC10: calls $1.73
NOTfishON: folds 
*** FLOP *** [As 9d Kh]
HeisenbergC10: checks 
Y_19: bets $1.71
HeisenbergC10: calls $1.71
*** TURN *** [As 9d Kh] [6c]
HeisenbergC10: checks 
Y_19: checks 
*** RIVER *** [As 9d Kh 6c] [Jc]
HeisenbergC10: checks 
Y_19: bets $6.33
HeisenbergC10: folds 
Uncalled bet ($6.33) returned to Y_19
Y_19 collected $8.44 from pot
Y_19: doesn't show hand 
*** SUMMARY ***
Total pot $8.88 | Rake $0.44 
Board [As 9d Kh 6c Jc]
Seat 1: NOTfishON (big blind) folded before Flop
Seat 2: Poker9803 folded before Flop (didn't bet)
Seat 3: peak joker33 folded before Flop (didn't bet)
Seat 4: Y_19 collected ($8.44)
Seat 5: fedor0f (button) folded before Flop (didn't bet)
Seat 6: HeisenbergC10 (small blind) folded on the River



PokerStars Hand #254634282087:  Hold'em No Limit ($0.50/$1.00 USD) - 2025/01/31 8:53:36 WET [2025/01/31 3:53:36 ET]
Table 'Vanadis' 6-max Seat #6 is the button
Seat 1: NOTfishON ($101.70 in chips) 
Seat 2: Poker9803 ($101 in chips) 
Seat 3: peak joker33 ($150.59 in chips) 
Seat 4: Y_19 ($104.50 in chips) 
Seat 5: fedor0f ($100 in chips) 
Seat 6: HeisenbergC10 ($45.66 in chips) 
NOTfishON: posts small blind $0.50
Poker9803: posts big blind $1
*** HOLE CARDS ***
peak joker33: folds 
Y_19: folds 
fedor0f: folds 
HeisenbergC10: folds 
NOTfishON: raises $2 to $3
Poker9803: folds 
Uncalled bet ($2) returned to NOTfishON
NOTfishON collected $2 from pot
*** SUMMARY ***
Total pot $2 | Rake $0 
Seat 1: NOTfishON (small blind) collected ($2)
Seat 2: Poker9803 (big blind) folded before Flop
Seat 3: peak joker33 folded before Flop (didn't bet)
Seat 4: Y_19 folded before Flop (didn't bet)
Seat 5: fedor0f folded before Flop (didn't bet)
Seat 6: HeisenbergC10 (button) folded before Flop (didn't bet)



PokerStars Hand #254634284106:  Hold'em No Limit ($0.50/$1.00 USD) - 2025/01/31 8:54:00 WET [2025/01/31 3:54:00 ET]
Table 'Vanadis' 6-max Seat #1 is the button
Seat 1: NOTfishON ($102.70 in chips) 
Seat 2: Poker9803 ($100 in chips) 
Seat 3: peak joker33 ($150.59 in chips) 
Seat 4: Y_19 ($104.50 in chips) 
Seat 5: fedor0f ($100 in chips) 
Seat 6: HeisenbergC10 ($45.66 in chips) 
Poker9803: posts small blind $0.50
peak joker33: posts big blind $1
*** HOLE CARDS ***
Y_19: raises $1.23 to $2.23
fedor0f: folds 
HeisenbergC10: calls $2.23
NOTfishON: folds 
Poker9803: folds 
peak joker33: calls $1.23
*** FLOP *** [5h 2s Qs]
peak joker33: checks 
Y_19: bets $2.25
HeisenbergC10: calls $2.25
peak joker33: folds 
*** TURN *** [5h 2s Qs] [Tc]
Y_19: bets $10
HeisenbergC10: calls $10
*** RIVER *** [5h 2s Qs Tc] [3c]
Y_19: bets $38.84
HeisenbergC10: calls $31.18 and is all-in
Uncalled bet ($7.66) returned to Y_19
*** SHOW DOWN ***
Y_19: shows [Ks Kc] (a pair of Kings)
HeisenbergC10: shows [Qh 9d] (a pair of Queens)
Y_19 collected $91.55 from pot
*** SUMMARY ***
Total pot $94.05 | Rake $2.50 
Board [5h 2s Qs Tc 3c]
Seat 1: NOTfishON (button) folded before Flop (didn't bet)
Seat 2: Poker9803 (small blind) folded before Flop
Seat 3: peak joker33 (big blind) folded on the Flop
Seat 4: Y_19 showed [Ks Kc] and won ($91.55) with a pair of Kings
Seat 5: fedor0f folded before Flop (didn't bet)
Seat 6: HeisenbergC10 showed [Qh 9d] and lost with a pair of Queens



PokerStars Hand #254634290924:  Hold'em No Limit ($0.50/$1.00 USD) - 2025/01/31 8:55:23 WET [2025/01/31 3:55:23 ET]
Table 'Vanadis' 6-max Seat #2 is the button
Seat 6: HeisenbergC10 ($0 in chips) is sitting out
Seat 1: NOTfishON ($102.70 in chips) 
Seat 2: Poker9803 ($100 in chips) 
Seat 3: peak joker33 ($148.36 in chips) 
Seat 4: Y_19 ($150.39 in chips) 
Seat 5: fedor0f ($100 in chips) 
peak joker33: posts small blind $0.50
Y_19: posts big blind $1
*** HOLE CARDS ***
fedor0f: folds 
NOTfishON: raises $1.30 to $2.30
Poker9803: folds 
peak joker33: folds 
HeisenbergC10 is disconnected 
Y_19: folds 
Uncalled bet ($1.30) returned to NOTfishON
NOTfishON collected $2.50 from pot
*** SUMMARY ***
Total pot $2.50 | Rake $0 
Seat 6: HeisenbergC10
Seat 1: NOTfishON collected ($2.50)
Seat 2: Poker9803 (button) folded before Flop (didn't bet)
Seat 3: peak joker33 (small blind) folded before Flop
Seat 4: Y_19 (big blind) folded before Flop
Seat 5: fedor0f folded before Flop (didn't bet)



PokerStars Hand #254634292417:  Hold'em No Limit ($0.50/$1.00 USD) - 2025/01/31 8:55:44 WET [2025/01/31 3:55:44 ET]
Table 'Vanadis' 6-max Seat #4 is the button
Seat 1: NOTfishON ($104.20 in chips) is sitting out
Seat 2: Poker9803 ($100 in chips) is sitting out
Seat 5: fedor0f ($100 in chips) is sitting out
Seat 6: HeisenbergC10 ($0 in chips) is sitting out
Seat 3: peak joker33 ($147.86 in chips) 
Seat 4: Y_19 ($149.39 in chips) 
Y_19: posts small blind $0.50
fedor0f: is sitting out 
NOTfishON: is sitting out 
Poker9803: is sitting out 
peak joker33: posts big blind $1
*** HOLE CARDS ***
NOTfishON leaves the table
Poker9803 leaves the table
fedor0f leaves the table
Y_19: raises $1.23 to $2.23
peak joker33: calls $1.23
*** FLOP *** [As Ah 9h]
peak joker33: checks 
Y_19: bets $1.40
peak joker33: calls $1.40
*** TURN *** [As Ah 9h] [Qs]
peak joker33: checks 
Y_19: checks 
*** RIVER *** [As Ah 9h Qs] [5h]
HeisenbergC10 is disconnected 
peak joker33: bets $8.97
Y_19: folds 
Uncalled bet ($8.97) returned to peak joker33
peak joker33 collected $6.90 from pot
peak joker33: doesn't show hand 
*** SUMMARY ***
Total pot $7.26 | Rake $0.36 
Board [As Ah 9h Qs 5h]
Seat 1: NOTfishON
Seat 2: Poker9803
Seat 5: fedor0f
Seat 6: HeisenbergC10
Seat 3: peak joker33 (big blind) collected ($6.90)
Seat 4: Y_19 (button) (small blind) folded on the River



PokerStars Hand #254644050994:  Hold'em No Limit ($0.50/$1.00 USD) - 2025/01/31 22:32:57 WET [2025/01/31 17:32:57 ET]
Table 'Vanadis' 6-max Seat #6 is the button
Seat 1: aoish30 ($100 in chips) 
Seat 2: CichiChanMarian ($100 in chips) 
Seat 5: jav94 ($24.05 in chips) 
Seat 6: SorinS28 ($100 in chips) 
aoish30: posts small blind $0.50
CichiChanMarian: posts big blind $1
*** HOLE CARDS ***
jav94: folds 
XneferX joins the table at seat #3 
SorinS28: raises $1.50 to $2.50
aoish30: raises $9.50 to $12
Mojestic43 joins the table at seat #4 
Mojestic43 is disconnected 
CichiChanMarian: folds 
SorinS28: folds 
Uncalled bet ($9.50) returned to aoish30
aoish30 collected $6 from pot
aoish30: doesn't show hand 
*** SUMMARY ***
Total pot $6 | Rake $0 
Seat 1: aoish30 (small blind) collected ($6)
Seat 2: CichiChanMarian (big blind) folded before Flop
Seat 5: jav94 folded before Flop (didn't bet)
Seat 6: SorinS28 (button) folded before Flop



PokerStars Hand #254644062910:  Hold'em No Limit ($0.50/$1.00 USD) - 2025/01/31 22:33:38 WET [2025/01/31 17:33:38 ET]
Table 'Vanadis' 6-max Seat #1 is the button
Seat 1: aoish30 ($103.50 in chips) 
Seat 2: CichiChanMarian ($100 in chips) 
Seat 3: XneferX ($100 in chips) 
Seat 4: Mojestic43 ($50.94 in chips) 
Seat 5: jav94 ($24.05 in chips) 
Seat 6: SorinS28 ($100 in chips) 
CichiChanMarian: posts small blind $0.50
XneferX: posts big blind $1
Mojestic43: posts big blind $1
*** HOLE CARDS ***
Mojestic43: folds 
jav94: raises $1 to $2
SorinS28: raises $5 to $7
aoish30: folds 
CichiChanMarian: folds 
XneferX: folds 
jav94: folds 
Uncalled bet ($5) returned to SorinS28
Mojestic43 leaves the table
SorinS28 collected $6.50 from pot
SorinS28: doesn't show hand 
*** SUMMARY ***
Total pot $6.50 | Rake $0 
Seat 1: aoish30 (button) folded before Flop (didn't bet)
Seat 2: CichiChanMarian (small blind) folded before Flop
Seat 3: XneferX (big blind) folded before Flop
Seat 4: Mojestic43 folded before Flop (didn't bet)
Seat 5: jav94 folded before Flop
Seat 6: SorinS28 collected ($6.50)



PokerStars Hand #254644068460:  Hold'em No Limit ($0.50/$1.00 USD) - 2025/01/31 22:33:57 WET [2025/01/31 17:33:57 ET]
Table 'Vanadis' 6-max Seat #2 is the button
Seat 1: aoish30 ($103.50 in chips) 
Seat 2: CichiChanMarian ($100 in chips) 
Seat 3: XneferX ($100 in chips) 
Seat 5: jav94 ($22.05 in chips) 
Seat 6: SorinS28 ($104.50 in chips) 
XneferX: posts small blind $0.50
jav94: posts big blind $1
*** HOLE CARDS ***
SorinS28: folds 
aoish30: raises $1.50 to $2.50
CichiChanMarian: folds 
XneferX: folds 
jav94: folds 
Uncalled bet ($1.50) returned to aoish30
aoish30 collected $2.50 from pot
aoish30: doesn't show hand 
*** SUMMARY ***
Total pot $2.50 | Rake $0 
Seat 1: aoish30 collected ($2.50)
Seat 2: CichiChanMarian (button) folded before Flop (didn't bet)
Seat 3: XneferX (small blind) folded before Flop
Seat 5: jav94 (big blind) folded before Flop
Seat 6: SorinS28 folded before Flop (didn't bet)



PokerStars Hand #254644076540:  Hold'em No Limit ($0.50/$1.00 USD) - 2025/01/31 22:34:25 WET [2025/01/31 17:34:25 ET]
Table 'Vanadis' 6-max Seat #3 is the button
Seat 1: aoish30 ($105 in chips) 
Seat 2: CichiChanMarian ($100 in chips) 
Seat 3: XneferX ($100 in chips) 
Seat 5: jav94 ($21.05 in chips) 
Seat 6: SorinS28 ($104.50 in chips) 
jav94: posts small blind $0.50
SorinS28: posts big blind $1
*** HOLE CARDS ***
aoish30: folds 
CichiChanMarian: folds 
XneferX: folds 
jav94: raises $2 to $3
SorinS28: raises $29 to $32
jav94: folds 
Uncalled bet ($29) returned to SorinS28
SorinS28 collected $6 from pot
SorinS28: doesn't show hand 
*** SUMMARY ***
Total pot $6 | Rake $0 
Seat 1: aoish30 folded before Flop (didn't bet)
Seat 2: CichiChanMarian folded before Flop (didn't bet)
Seat 3: XneferX (button) folded before Flop (didn't bet)
Seat 5: jav94 (small blind) folded before Flop
Seat 6: SorinS28 (big blind) collected ($6)



PokerStars Hand #254644085262:  Hold'em No Limit ($0.50/$1.00 USD) - 2025/01/31 22:34:55 WET [2025/01/31 17:34:55 ET]
Table 'Vanadis' 6-max Seat #5 is the button
Seat 1: aoish30 ($105 in chips) 
Seat 2: CichiChanMarian ($100 in chips) 
Seat 3: XneferX ($100 in chips) 
Seat 5: jav94 ($18.05 in chips) 
Seat 6: SorinS28 ($107.50 in chips) 
SorinS28: posts small blind $0.50
aoish30: posts big blind $1
*** HOLE CARDS ***
CichiChanMarian: raises $1.50 to $2.50
XneferX: folds 
jav94: folds 
SorinS28: folds 
aoish30: calls $1.50
*** FLOP *** [Kh 2s 4h]
aoish30: checks 
CichiChanMarian: checks 
*** TURN *** [Kh 2s 4h] [3h]
aoish30: bets $3.92
CichiChanMarian: folds 
Uncalled bet ($3.92) returned to aoish30
SorinS28 leaves the table
aoish30 collected $5.22 from pot
aoish30: doesn't show hand 
*** SUMMARY ***
Total pot $5.50 | Rake $0.28 
Board [Kh 2s 4h 3h]
Seat 1: aoish30 (big blind) collected ($5.22)
Seat 2: CichiChanMarian folded on the Turn
Seat 3: XneferX folded before Flop (didn't bet)
Seat 5: jav94 (button) folded before Flop (didn't bet)
Seat 6: SorinS28 (small blind) folded before Flop



PokerStars Hand #254644097796:  Hold'em No Limit ($0.50/$1.00 USD) - 2025/01/31 22:35:38 WET [2025/01/31 17:35:38 ET]
Table 'Vanadis' 6-max Seat #1 is the button
Seat 1: aoish30 ($107.72 in chips) 
Seat 2: CichiChanMarian ($100 in chips) 
Seat 3: XneferX ($100 in chips) 
Seat 5: jav94 ($18.05 in chips) 
CichiChanMarian: posts small blind $0.50
XneferX: posts big blind $1
*** HOLE CARDS ***
jav94: calls $1
aoish30: folds 
Magnodive joins the table at seat #6 
CichiChanMarian: raises $4 to $5
XneferX: folds 
jav94: raises $13.05 to $18.05 and is all-in
CichiChanMarian: calls $13.05
*** FLOP *** [3d 3h Qh]
*** TURN *** [3d 3h Qh] [8d]
*** RIVER *** [3d 3h Qh 8d] [4s]
*** SHOW DOWN ***
CichiChanMarian: shows [Qd Kd] (two pair, Queens and Threes)
jav94: shows [Kc Qs] (two pair, Queens and Threes)
CichiChanMarian collected $18.05 from pot
jav94 collected $18.05 from pot
*** SUMMARY ***
Total pot $37.10 | Rake $1 
Board [3d 3h Qh 8d 4s]
Seat 1: aoish30 (button) folded before Flop (didn't bet)
Seat 2: CichiChanMarian (small blind) showed [Qd Kd] and won ($18.05) with two pair, Queens and Threes
Seat 3: XneferX (big blind) folded before Flop
Seat 5: jav94 showed [Kc Qs] and won ($18.05) with two pair, Queens and Threes



PokerStars Hand #254644106788:  Hold'em No Limit ($0.50/$1.00 USD) - 2025/01/31 22:36:09 WET [2025/01/31 17:36:09 ET]
Table 'Vanadis' 6-max Seat #2 is the button
Seat 6: Magnodive ($100 in chips) is sitting out
Seat 1: aoish30 ($107.72 in chips) 
Seat 2: CichiChanMarian ($100 in chips) 
Seat 3: XneferX ($100 in chips) 
Seat 5: jav94 ($18.05 in chips) 
XneferX: posts small blind $0.50
jav94: posts big blind $1
Magnodive: sits out 
*** HOLE CARDS ***
aoish30: raises $1.50 to $2.50
CichiChanMarian: folds 
XneferX: folds 
jav94: folds 
Uncalled bet ($1.50) returned to aoish30
aoish30 collected $2.50 from pot
aoish30: doesn't show hand 
*** SUMMARY ***
Total pot $2.50 | Rake $0 
Seat 6: Magnodive
Seat 1: aoish30 collected ($2.50)
Seat 2: CichiChanMarian (button) folded before Flop (didn't bet)
Seat 3: XneferX (small blind) folded before Flop
Seat 5: jav94 (big blind) folded before Flop



PokerStars Hand #254644110494:  Hold'em No Limit ($0.50/$1.00 USD) - 2025/01/31 22:36:22 WET [2025/01/31 17:36:22 ET]
Table 'Vanadis' 6-max Seat #3 is the button
Seat 1: aoish30 ($109.22 in chips) 
Seat 2: CichiChanMarian ($100 in chips) 
Seat 3: XneferX ($100 in chips) 
Seat 5: jav94 ($17.05 in chips) 
Seat 6: Magnodive ($100 in chips) 
jav94: posts small blind $0.50
Magnodive: posts big blind $1
*** HOLE CARDS ***
aoish30: folds 
CichiChanMarian: raises $1.50 to $2.50
XneferX: folds 
jav94: folds 
Magnodive: folds 
Uncalled bet ($1.50) returned to CichiChanMarian
CichiChanMarian collected $2.50 from pot
CichiChanMarian: doesn't show hand 
*** SUMMARY ***
Total pot $2.50 | Rake $0 
Seat 1: aoish30 folded before Flop (didn't bet)
Seat 2: CichiChanMarian collected ($2.50)
Seat 3: XneferX (button) folded before Flop (didn't bet)
Seat 5: jav94 (small blind) folded before Flop
Seat 6: Magnodive (big blind) folded before Flop



PokerStars Hand #254644113639:  Hold'em No Limit ($0.50/$1.00 USD) - 2025/01/31 22:36:33 WET [2025/01/31 17:36:33 ET]
Table 'Vanadis' 6-max Seat #5 is the button
Seat 1: aoish30 ($109.22 in chips) 
Seat 2: CichiChanMarian ($101.50 in chips) 
Seat 3: XneferX ($100 in chips) 
Seat 5: jav94 ($16.55 in chips) 
Seat 6: Magnodive ($100 in chips) 
Magnodive: posts small blind $0.50
aoish30: posts big blind $1
*** HOLE CARDS ***
CichiChanMarian: folds 
XneferX: folds 
jav94: folds 
Magnodive: folds 
Uncalled bet ($0.50) returned to aoish30
aoish30 collected $1 from pot
aoish30: doesn't show hand 
*** SUMMARY ***
Total pot $1 | Rake $0 
Seat 1: aoish30 (big blind) collected ($1)
Seat 2: CichiChanMarian folded before Flop (didn't bet)
Seat 3: XneferX folded before Flop (didn't bet)
Seat 5: jav94 (button) folded before Flop (didn't bet)
Seat 6: Magnodive (small blind) folded before Flop



PokerStars Hand #254644116326:  Hold'em No Limit ($0.50/$1.00 USD) - 2025/01/31 22:36:42 WET [2025/01/31 17:36:42 ET]
Table 'Vanadis' 6-max Seat #6 is the button
Seat 1: aoish30 ($109.72 in chips) 
Seat 2: CichiChanMarian ($101.50 in chips) 
Seat 3: XneferX ($100 in chips) 
Seat 5: jav94 ($16.55 in chips) 
Seat 6: Magnodive ($100 in chips) 
aoish30: posts small blind $0.50
CichiChanMarian: posts big blind $1
*** HOLE CARDS ***
XneferX: folds 
jav94: folds 
Magnodive: raises $1.50 to $2.50
aoish30: folds 
CichiChanMarian: calls $1.50
*** FLOP *** [2d 2s Td]
CichiChanMarian: checks 
Magnodive: checks 
*** TURN *** [2d 2s Td] [Qd]
CichiChanMarian: checks 
Magnodive: bets $3.92
CichiChanMarian: folds 
Uncalled bet ($3.92) returned to Magnodive
Magnodive collected $5.22 from pot
Magnodive: doesn't show hand 
*** SUMMARY ***
Total pot $5.50 | Rake $0.28 
Board [2d 2s Td Qd]
Seat 1: aoish30 (small blind) folded before Flop
Seat 2: CichiChanMarian (big blind) folded on the Turn
Seat 3: XneferX folded before Flop (didn't bet)
Seat 5: jav94 folded before Flop (didn't bet)
Seat 6: Magnodive (button) collected ($5.22)



PokerStars Hand #254644131259:  Hold'em No Limit ($0.50/$1.00 USD) - 2025/01/31 22:37:34 WET [2025/01/31 17:37:34 ET]
Table 'Vanadis' 6-max Seat #1 is the button
Seat 1: aoish30 ($109.22 in chips) 
Seat 2: CichiChanMarian ($100 in chips) 
Seat 3: XneferX ($100 in chips) 
Seat 5: jav94 ($16.55 in chips) 
Seat 6: Magnodive ($102.72 in chips) 
CichiChanMarian: posts small blind $0.50
XneferX: posts big blind $1
*** HOLE CARDS ***
jav94: folds 
Magnodive: folds 
aoish30: raises $1.50 to $2.50
CichiChanMarian: folds 
XneferX: folds 
Uncalled bet ($1.50) returned to aoish30
BGS013 joins the table at seat #4 
aoish30 collected $2.50 from pot
aoish30: doesn't show hand 
*** SUMMARY ***
Total pot $2.50 | Rake $0 
Seat 1: aoish30 (button) collected ($2.50)
Seat 2: CichiChanMarian (small blind) folded before Flop
Seat 3: XneferX (big blind) folded before Flop
Seat 5: jav94 folded before Flop (didn't bet)
Seat 6: Magnodive folded before Flop (didn't bet)



PokerStars Hand #254644135792:  Hold'em No Limit ($0.50/$1.00 USD) - 2025/01/31 22:37:50 WET [2025/01/31 17:37:50 ET]
Table 'Vanadis' 6-max Seat #2 is the button
Seat 1: aoish30 ($110.72 in chips) 
Seat 2: CichiChanMarian ($100 in chips) 
Seat 3: XneferX ($100 in chips) 
Seat 4: BGS013 ($100 in chips) 
Seat 5: jav94 ($16.55 in chips) 
Seat 6: Magnodive ($102.72 in chips) 
XneferX: posts small blind $0.50
BGS013: posts big blind $1
*** HOLE CARDS ***
jav94: folds 
Magnodive: folds 
aoish30: folds 
CichiChanMarian: folds 
XneferX: folds 
Uncalled bet ($0.50) returned to BGS013
BGS013 collected $1 from pot
BGS013: doesn't show hand 
*** SUMMARY ***
Total pot $1 | Rake $0 
Seat 1: aoish30 folded before Flop (didn't bet)
Seat 2: CichiChanMarian (button) folded before Flop (didn't bet)
Seat 3: XneferX (small blind) folded before Flop
Seat 4: BGS013 (big blind) collected ($1)
Seat 5: jav94 folded before Flop (didn't bet)
Seat 6: Magnodive folded before Flop (didn't bet)



PokerStars Hand #254644182810:  Hold'em No Limit ($0.50/$1.00 USD) - 2025/01/31 22:40:35 WET [2025/01/31 17:40:35 ET]
Table 'Vanadis' 6-max Seat #5 is the button
Seat 1: aoish30 ($110.72 in chips) 
Seat 2: CichiChanMarian ($100 in chips) 
Seat 3: XneferX ($100 in chips) 
Seat 4: BGS013 ($100 in chips) 
Seat 5: jav94 ($29.21 in chips) 
Seat 6: Magnodive ($101.72 in chips) 
Magnodive: posts small blind $0.50
aoish30: posts big blind $1
*** HOLE CARDS ***
CichiChanMarian: folds 
XneferX: folds 
BGS013: raises $1.50 to $2.50
jav94: folds 
Magnodive: folds 
aoish30: folds 
Uncalled bet ($1.50) returned to BGS013
BGS013 collected $2.50 from pot
BGS013: doesn't show hand 
*** SUMMARY ***
Total pot $2.50 | Rake $0 
Seat 1: aoish30 (big blind) folded before Flop
Seat 2: CichiChanMarian folded before Flop (didn't bet)
Seat 3: XneferX folded before Flop (didn't bet)
Seat 4: BGS013 collected ($2.50)
Seat 5: jav94 (button) folded before Flop (didn't bet)
Seat 6: Magnodive (small blind) folded before Flop



PokerStars Hand #254644188393:  Hold'em No Limit ($0.50/$1.00 USD) - 2025/01/31 22:40:54 WET [2025/01/31 17:40:54 ET]
Table 'Vanadis' 6-max Seat #6 is the button
Seat 1: aoish30 ($109.72 in chips) 
Seat 2: CichiChanMarian ($100 in chips) 
Seat 3: XneferX ($100 in chips) 
Seat 4: BGS013 ($101.50 in chips) 
Seat 5: jav94 ($29.21 in chips) 
Seat 6: Magnodive ($101.22 in chips) 
aoish30: posts small blind $0.50
CichiChanMarian: posts big blind $1
*** HOLE CARDS ***
XneferX: folds 
BGS013: folds 
jav94: folds 
Magnodive: folds 
aoish30: raises $2 to $3
CichiChanMarian: folds 
Uncalled bet ($2) returned to aoish30
aoish30 collected $2 from pot
aoish30: doesn't show hand 
*** SUMMARY ***
Total pot $2 | Rake $0 
Seat 1: aoish30 (small blind) collected ($2)
Seat 2: CichiChanMarian (big blind) folded before Flop
Seat 3: XneferX folded before Flop (didn't bet)
Seat 4: BGS013 folded before Flop (didn't bet)
Seat 5: jav94 folded before Flop (didn't bet)
Seat 6: Magnodive (button) folded before Flop (didn't bet)



PokerStars Hand #254644193099:  Hold'em No Limit ($0.50/$1.00 USD) - 2025/01/31 22:41:11 WET [2025/01/31 17:41:11 ET]
Table 'Vanadis' 6-max Seat #1 is the button
Seat 1: aoish30 ($110.72 in chips) 
Seat 2: CichiChanMarian ($100 in chips) 
Seat 3: XneferX ($100 in chips) 
Seat 4: BGS013 ($101.50 in chips) 
Seat 5: jav94 ($29.21 in chips) 
Seat 6: Magnodive ($101.22 in chips) 
CichiChanMarian: posts small blind $0.50
XneferX: posts big blind $1
*** HOLE CARDS ***
BGS013: folds 
jav94: calls $1
Magnodive: folds 
aoish30: folds 
CichiChanMarian: folds 
XneferX: checks 
*** FLOP *** [Jc 4s Qs]
XneferX: checks 
jav94: checks 
*** TURN *** [Jc 4s Qs] [5h]
XneferX: checks 
jav94: checks 
*** RIVER *** [Jc 4s Qs 5h] [Ac]
XneferX: checks 
jav94: bets $1
XneferX: folds 
Uncalled bet ($1) returned to jav94
jav94 collected $2.38 from pot
*** SUMMARY ***
Total pot $2.50 | Rake $0.12 
Board [Jc 4s Qs 5h Ac]
Seat 1: aoish30 (button) folded before Flop (didn't bet)
Seat 2: CichiChanMarian (small blind) folded before Flop
Seat 3: XneferX (big blind) folded on the River
Seat 4: BGS013 folded before Flop (didn't bet)
Seat 5: jav94 collected ($2.38)
Seat 6: Magnodive folded before Flop (didn't bet)



PokerStars Hand #254644216566:  Hold'em No Limit ($0.50/$1.00 USD) - 2025/01/31 22:42:34 WET [2025/01/31 17:42:34 ET]
Table 'Vanadis' 6-max Seat #2 is the button
Seat 1: aoish30 ($110.72 in chips) 
Seat 2: CichiChanMarian ($100 in chips) 
Seat 3: XneferX ($100 in chips) 
Seat 4: BGS013 ($101.50 in chips) 
Seat 5: jav94 ($30.59 in chips) 
Seat 6: Magnodive ($101.22 in chips) 
XneferX: posts small blind $0.50
BGS013: posts big blind $1
*** HOLE CARDS ***
jav94: folds 
Magnodive: folds 
aoish30: raises $1.50 to $2.50
CichiChanMarian: folds 
XneferX: folds 
BGS013: folds 
Uncalled bet ($1.50) returned to aoish30
aoish30 collected $2.50 from pot
aoish30: doesn't show hand 
*** SUMMARY ***
Total pot $2.50 | Rake $0 
Seat 1: aoish30 collected ($2.50)
Seat 2: CichiChanMarian (button) folded before Flop (didn't bet)
Seat 3: XneferX (small blind) folded before Flop
Seat 4: BGS013 (big blind) folded before Flop
Seat 5: jav94 folded before Flop (didn't bet)
Seat 6: Magnodive folded before Flop (didn't bet)



PokerStars Hand #254644221985:  Hold'em No Limit ($0.50/$1.00 USD) - 2025/01/31 22:42:54 WET [2025/01/31 17:42:54 ET]
Table 'Vanadis' 6-max Seat #3 is the button
Seat 1: aoish30 ($112.22 in chips) 
Seat 2: CichiChanMarian ($100 in chips) 
Seat 3: XneferX ($100 in chips) 
Seat 4: BGS013 ($100.50 in chips) 
Seat 5: jav94 ($30.59 in chips) 
Seat 6: Magnodive ($101.22 in chips) 
BGS013: posts small blind $0.50
jav94: posts big blind $1
*** HOLE CARDS ***
Magnodive: raises $1.50 to $2.50
aoish30: folds 
CichiChanMarian: folds 
XneferX: folds 
BGS013: folds 
jav94: folds 
Uncalled bet ($1.50) returned to Magnodive
Magnodive collected $2.50 from pot
Magnodive: doesn't show hand 
*** SUMMARY ***
Total pot $2.50 | Rake $0 
Seat 1: aoish30 folded before Flop (didn't bet)
Seat 2: CichiChanMarian folded before Flop (didn't bet)
Seat 3: XneferX (button) folded before Flop (didn't bet)
Seat 4: BGS013 (small blind) folded before Flop
Seat 5: jav94 (big blind) folded before Flop
Seat 6: Magnodive collected ($2.50)



PokerStars Hand #254644230704:  Hold'em No Limit ($0.50/$1.00 USD) - 2025/01/31 22:43:24 WET [2025/01/31 17:43:24 ET]
Table 'Vanadis' 6-max Seat #4 is the button
Seat 1: aoish30 ($112.22 in chips) 
Seat 2: CichiChanMarian ($100 in chips) 
Seat 3: XneferX ($100 in chips) 
Seat 4: BGS013 ($100 in chips) 
Seat 5: jav94 ($29.59 in chips) 
Seat 6: Magnodive ($102.72 in chips) 
jav94: posts small blind $0.50
Magnodive: posts big blind $1
*** HOLE CARDS ***
aoish30: folds 
CichiChanMarian: folds 
XneferX: folds 
BGS013: raises $1.50 to $2.50
jav94: calls $2
Magnodive: folds 
*** FLOP *** [4c Jc Qh]
jav94: checks 
BGS013: bets $1.48
jav94: calls $1.48
*** TURN *** [4c Jc Qh] [Qc]
jav94: checks 
BGS013: checks 
*** RIVER *** [4c Jc Qh Qc] [Ah]
jav94: bets $6.26
BGS013: folds 
Uncalled bet ($6.26) returned to jav94
jav94 collected $8.51 from pot
*** SUMMARY ***
Total pot $8.96 | Rake $0.45 
Board [4c Jc Qh Qc Ah]
Seat 1: aoish30 folded before Flop (didn't bet)
Seat 2: CichiChanMarian folded before Flop (didn't bet)
Seat 3: XneferX folded before Flop (didn't bet)
Seat 4: BGS013 (button) folded on the River
Seat 5: jav94 (small blind) collected ($8.51)
Seat 6: Magnodive (big blind) folded before Flop



PokerStars Hand #254644245053:  Hold'em No Limit ($0.50/$1.00 USD) - 2025/01/31 22:44:15 WET [2025/01/31 17:44:15 ET]
Table 'Vanadis' 6-max Seat #5 is the button
Seat 1: aoish30 ($112.22 in chips) 
Seat 2: CichiChanMarian ($100 in chips) 
Seat 3: XneferX ($100 in chips) 
Seat 4: BGS013 ($100 in chips) 
Seat 5: jav94 ($34.12 in chips) 
Seat 6: Magnodive ($101.72 in chips) 
Magnodive: posts small blind $0.50
aoish30: posts big blind $1
*** HOLE CARDS ***
CichiChanMarian: raises $1.50 to $2.50
XneferX: folds 
BGS013: folds 
jav94: folds 
Magnodive: folds 
aoish30: folds 
Uncalled bet ($1.50) returned to CichiChanMarian
CichiChanMarian collected $2.50 from pot
CichiChanMarian: doesn't show hand 
*** SUMMARY ***
Total pot $2.50 | Rake $0 
Seat 1: aoish30 (big blind) folded before Flop
Seat 2: CichiChanMarian collected ($2.50)
Seat 3: XneferX folded before Flop (didn't bet)
Seat 4: BGS013 folded before Flop (didn't bet)
Seat 5: jav94 (button) folded before Flop (didn't bet)
Seat 6: Magnodive (small blind) folded before Flop



PokerStars Hand #254644249164:  Hold'em No Limit ($0.50/$1.00 USD) - 2025/01/31 22:44:30 WET [2025/01/31 17:44:30 ET]
Table 'Vanadis' 6-max Seat #6 is the button
Seat 1: aoish30 ($111.22 in chips) 
Seat 2: CichiChanMarian ($101.50 in chips) 
Seat 3: XneferX ($100 in chips) 
Seat 4: BGS013 ($100 in chips) 
Seat 5: jav94 ($34.12 in chips) 
Seat 6: Magnodive ($101.22 in chips) 
aoish30: posts small blind $0.50
CichiChanMarian: posts big blind $1
*** HOLE CARDS ***
XneferX: folds 
BGS013: folds 
jav94: calls $1
Magnodive: folds 
aoish30: folds 
CichiChanMarian: checks 
*** FLOP *** [5c 2h Jd]
CichiChanMarian: checks 
jav94: checks 
*** TURN *** [5c 2h Jd] [8d]
CichiChanMarian: checks 
jav94: bets $1
CichiChanMarian: folds 
Uncalled bet ($1) returned to jav94
jav94 collected $2.38 from pot
*** SUMMARY ***
Total pot $2.50 | Rake $0.12 
Board [5c 2h Jd 8d]
Seat 1: aoish30 (small blind) folded before Flop
Seat 2: CichiChanMarian (big blind) folded on the Turn
Seat 3: XneferX folded before Flop (didn't bet)
Seat 4: BGS013 folded before Flop (didn't bet)
Seat 5: jav94 collected ($2.38)
Seat 6: Magnodive (button) folded before Flop (didn't bet)



PokerStars Hand #254644259881:  Hold'em No Limit ($0.50/$1.00 USD) - 2025/01/31 22:45:08 WET [2025/01/31 17:45:08 ET]
Table 'Vanadis' 6-max Seat #1 is the button
Seat 1: aoish30 ($110.72 in chips) 
Seat 2: CichiChanMarian ($100.50 in chips) 
Seat 3: XneferX ($100 in chips) 
Seat 4: BGS013 ($100 in chips) 
Seat 5: jav94 ($35.50 in chips) 
Seat 6: Magnodive ($101.22 in chips) 
CichiChanMarian: posts small blind $0.50
XneferX: posts big blind $1
*** HOLE CARDS ***
BGS013: folds 
jav94: folds 
Magnodive: folds 
aoish30: folds 
CichiChanMarian: raises $2 to $3
XneferX: calls $2
*** FLOP *** [Qd Jd Ks]
CichiChanMarian: bets $1.88
XneferX: folds 
Uncalled bet ($1.88) returned to CichiChanMarian
CichiChanMarian collected $5.70 from pot
CichiChanMarian: doesn't show hand 
*** SUMMARY ***
Total pot $6 | Rake $0.30 
Board [Qd Jd Ks]
Seat 1: aoish30 (button) folded before Flop (didn't bet)
Seat 2: CichiChanMarian (small blind) collected ($5.70)
Seat 3: XneferX (big blind) folded on the Flop
Seat 4: BGS013 folded before Flop (didn't bet)
Seat 5: jav94 folded before Flop (didn't bet)
Seat 6: Magnodive folded before Flop (didn't bet)



PokerStars Hand #254644273732:  Hold'em No Limit ($0.50/$1.00 USD) - 2025/01/31 22:45:56 WET [2025/01/31 17:45:56 ET]
Table 'Vanadis' 6-max Seat #2 is the button
Seat 1: aoish30 ($110.72 in chips) 
Seat 2: CichiChanMarian ($103.20 in chips) 
Seat 3: XneferX ($100 in chips) 
Seat 4: BGS013 ($100 in chips) 
Seat 5: jav94 ($35.50 in chips) 
Seat 6: Magnodive ($101.22 in chips) 
XneferX: posts small blind $0.50
BGS013: posts big blind $1
*** HOLE CARDS ***
jav94: folds 
Magnodive: folds 
aoish30: folds 
CichiChanMarian: folds 
XneferX: folds 
Uncalled bet ($0.50) returned to BGS013
BGS013 collected $1 from pot
BGS013: doesn't show hand 
*** SUMMARY ***
Total pot $1 | Rake $0 
Seat 1: aoish30 folded before Flop (didn't bet)
Seat 2: CichiChanMarian (button) folded before Flop (didn't bet)
Seat 3: XneferX (small blind) folded before Flop
Seat 4: BGS013 (big blind) collected ($1)
Seat 5: jav94 folded before Flop (didn't bet)
Seat 6: Magnodive folded before Flop (didn't bet)



PokerStars Hand #254644279830:  Hold'em No Limit ($0.50/$1.00 USD) - 2025/01/31 22:46:18 WET [2025/01/31 17:46:18 ET]
Table 'Vanadis' 6-max Seat #3 is the button
Seat 1: aoish30 ($110.72 in chips) 
Seat 2: CichiChanMarian ($103.20 in chips) 
Seat 3: XneferX ($100 in chips) 
Seat 4: BGS013 ($100.50 in chips) 
Seat 5: jav94 ($35.50 in chips) 
Seat 6: Magnodive ($101.22 in chips) 
BGS013: posts small blind $0.50
jav94: posts big blind $1
*** HOLE CARDS ***
Magnodive: folds 
aoish30: folds 
Magnodive leaves the table
CichiChanMarian: folds 
XneferX: raises $1.77 to $2.77
BGS013: folds 
jav94: folds 
Uncalled bet ($1.77) returned to XneferX
IREQO joins the table at seat #6 
XneferX collected $2.50 from pot
XneferX: doesn't show hand 
*** SUMMARY ***
Total pot $2.50 | Rake $0 
Seat 1: aoish30 folded before Flop (didn't bet)
Seat 2: CichiChanMarian folded before Flop (didn't bet)
Seat 3: XneferX (button) collected ($2.50)
Seat 4: BGS013 (small blind) folded before Flop
Seat 5: jav94 (big blind) folded before Flop
Seat 6: Magnodive folded before Flop (didn't bet)



PokerStars Hand #254644285581:  Hold'em No Limit ($0.50/$1.00 USD) - 2025/01/31 22:46:38 WET [2025/01/31 17:46:38 ET]
Table 'Vanadis' 6-max Seat #4 is the button
Seat 1: aoish30 ($110.72 in chips) 
Seat 2: CichiChanMarian ($103.20 in chips) 
Seat 3: XneferX ($101.50 in chips) 
Seat 4: BGS013 ($100 in chips) 
Seat 5: jav94 ($34.50 in chips) 
Seat 6: IREQO ($100 in chips) 
jav94: posts small blind $0.50
IREQO: posts big blind $1
*** HOLE CARDS ***
aoish30: folds 
CichiChanMarian: raises $1.50 to $2.50
XneferX: folds 
BGS013: folds 
jav94: folds 
IREQO: folds 
Uncalled bet ($1.50) returned to CichiChanMarian
CichiChanMarian collected $2.50 from pot
CichiChanMarian: doesn't show hand 
*** SUMMARY ***
Total pot $2.50 | Rake $0 
Seat 1: aoish30 folded before Flop (didn't bet)
Seat 2: CichiChanMarian collected ($2.50)
Seat 3: XneferX folded before Flop (didn't bet)
Seat 4: BGS013 (button) folded before Flop (didn't bet)
Seat 5: jav94 (small blind) folded before Flop
Seat 6: IREQO (big blind) folded before Flop



PokerStars Hand #254644290193:  Hold'em No Limit ($0.50/$1.00 USD) - 2025/01/31 22:46:54 WET [2025/01/31 17:46:54 ET]
Table 'Vanadis' 6-max Seat #5 is the button
Seat 1: aoish30 ($110.72 in chips) is sitting out
Seat 2: CichiChanMarian ($104.70 in chips) 
Seat 3: XneferX ($101.50 in chips) 
Seat 4: BGS013 ($100 in chips) 
Seat 5: jav94 ($34 in chips) 
Seat 6: IREQO ($100 in chips) 
IREQO: posts small blind $0.50
aoish30: is sitting out 
CichiChanMarian: posts big blind $1
*** HOLE CARDS ***
aoish30 leaves the table
z00mba joins the table at seat #1 
XneferX: raises $1.10 to $2.10
BGS013: folds 
jav94: raises $3.10 to $5.20
IREQO: folds 
CichiChanMarian: folds 
XneferX: folds 
Uncalled bet ($3.10) returned to jav94
jav94 collected $5.70 from pot
*** SUMMARY ***
Total pot $5.70 | Rake $0 
Seat 1: aoish30
Seat 2: CichiChanMarian (big blind) folded before Flop
Seat 3: XneferX folded before Flop
Seat 4: BGS013 folded before Flop (didn't bet)
Seat 5: jav94 (button) collected ($5.70)
Seat 6: IREQO (small blind) folded before Flop



PokerStars Hand #254644303545:  Hold'em No Limit ($0.50/$1.00 USD) - 2025/01/31 22:47:42 WET [2025/01/31 17:47:42 ET]
Table 'Vanadis' 6-max Seat #6 is the button
Seat 1: z00mba ($100 in chips) is sitting out
Seat 2: CichiChanMarian ($103.70 in chips) 
Seat 3: XneferX ($100 in chips) 
Seat 4: BGS013 ($100 in chips) 
Seat 5: jav94 ($37.60 in chips) 
Seat 6: IREQO ($100 in chips) 
CichiChanMarian: posts small blind $0.50
XneferX: posts big blind $1
*** HOLE CARDS ***
BGS013: folds 
jav94: folds 
IREQO: raises $1.50 to $2.50
CichiChanMarian: folds 
XneferX: raises $10.50 to $13
IREQO: folds 
Uncalled bet ($10.50) returned to XneferX
XneferX collected $5.50 from pot
XneferX: doesn't show hand 
*** SUMMARY ***
Total pot $5.50 | Rake $0 
Seat 1: z00mba
Seat 2: CichiChanMarian (small blind) folded before Flop
Seat 3: XneferX (big blind) collected ($5.50)
Seat 4: BGS013 folded before Flop (didn't bet)
Seat 5: jav94 folded before Flop (didn't bet)
Seat 6: IREQO (button) folded before Flop



PokerStars Hand #254644315027:  Hold'em No Limit ($0.50/$1.00 USD) - 2025/01/31 22:48:22 WET [2025/01/31 17:48:22 ET]
Table 'Vanadis' 6-max Seat #2 is the button
Seat 1: z00mba ($100 in chips) is sitting out
Seat 2: CichiChanMarian ($103.20 in chips) 
Seat 3: XneferX ($103 in chips) 
Seat 4: BGS013 ($100 in chips) 
Seat 5: jav94 ($37.60 in chips) 
Seat 6: IREQO ($100 in chips) 
XneferX: posts small blind $0.50
BGS013: posts big blind $1
z00mba: sits out 
*** HOLE CARDS ***
jav94: calls $1
IREQO: folds 
CichiChanMarian: folds 
XneferX: folds 
BGS013: checks 
*** FLOP *** [Jc 6h 7c]
BGS013: bets $1
jav94: folds 
Uncalled bet ($1) returned to BGS013
BGS013 collected $2.38 from pot
BGS013: doesn't show hand 
*** SUMMARY ***
Total pot $2.50 | Rake $0.12 
Board [Jc 6h 7c]
Seat 1: z00mba
Seat 2: CichiChanMarian (button) folded before Flop (didn't bet)
Seat 3: XneferX (small blind) folded before Flop
Seat 4: BGS013 (big blind) collected ($2.38)
Seat 5: jav94 folded on the Flop
Seat 6: IREQO folded before Flop (didn't bet)



PokerStars Hand #254644322487:  Hold'em No Limit ($0.50/$1.00 USD) - 2025/01/31 22:48:49 WET [2025/01/31 17:48:49 ET]
Table 'Vanadis' 6-max Seat #3 is the button
Seat 1: z00mba ($100 in chips) is sitting out
Seat 2: CichiChanMarian ($103.20 in chips) 
Seat 3: XneferX ($102.50 in chips) 
Seat 4: BGS013 ($101.38 in chips) 
Seat 5: jav94 ($36.60 in chips) 
Seat 6: IREQO ($100 in chips) 
BGS013: posts small blind $0.50
jav94: posts big blind $1
z00mba: sits out 
*** HOLE CARDS ***
IREQO: folds 
CichiChanMarian: folds 
XneferX: raises $1.77 to $2.77
BGS013: folds 
jav94: calls $1.77
*** FLOP *** [Js Ks 9c]
jav94: checks 
XneferX: checks 
*** TURN *** [Js Ks 9c] [Td]
jav94: checks 
XneferX: checks 
*** RIVER *** [Js Ks 9c Td] [Qc]
jav94: bets $1
BGS013 leaves the table
XneferX: raises $5.96 to $6.96
jav94: folds 
Uncalled bet ($5.96) returned to XneferX
XneferX collected $7.64 from pot
XneferX: doesn't show hand 
*** SUMMARY ***
Total pot $8.04 | Rake $0.40 
Board [Js Ks 9c Td Qc]
Seat 1: z00mba
Seat 2: CichiChanMarian folded before Flop (didn't bet)
Seat 3: XneferX (button) collected ($7.64)
Seat 4: BGS013 (small blind) folded before Flop
Seat 5: jav94 (big blind) folded on the River
Seat 6: IREQO folded before Flop (didn't bet)



PokerStars Hand #254644346896:  Hold'em No Limit ($0.50/$1.00 USD) - 2025/01/31 22:50:14 WET [2025/01/31 17:50:14 ET]
Table 'Vanadis' 6-max Seat #5 is the button
Seat 1: z00mba ($100 in chips) 
Seat 2: CichiChanMarian ($103.20 in chips) 
Seat 3: XneferX ($106.37 in chips) 
Seat 5: jav94 ($32.83 in chips) 
Seat 6: IREQO ($100 in chips) 
IREQO: posts small blind $0.50
z00mba: posts big blind $1
*** HOLE CARDS ***
CichiChanMarian: folds 
XneferX: folds 
jav94: calls $1
mariofcd joins the table at seat #4 
IREQO: calls $0.50
z00mba: checks 
*** FLOP *** [Ks 6c Td]
IREQO: checks 
z00mba: bets $2
jav94: folds 
IREQO: folds 
Uncalled bet ($2) returned to z00mba
z00mba collected $2.85 from pot
z00mba: doesn't show hand 
*** SUMMARY ***
Total pot $3 | Rake $0.15 
Board [Ks 6c Td]
Seat 1: z00mba (big blind) collected ($2.85)
Seat 2: CichiChanMarian folded before Flop (didn't bet)
Seat 3: XneferX folded before Flop (didn't bet)
Seat 5: jav94 (button) folded on the Flop
Seat 6: IREQO (small blind) folded on the Flop



PokerStars Hand #254644361426:  Hold'em No Limit ($0.50/$1.00 USD) - 2025/01/31 22:51:06 WET [2025/01/31 17:51:06 ET]
Table 'Vanadis' 6-max Seat #6 is the button
Seat 4: mariofcd ($100 in chips) is sitting out
Seat 1: z00mba ($101.85 in chips) 
Seat 2: CichiChanMarian ($103.20 in chips) 
Seat 3: XneferX ($106.37 in chips) 
Seat 5: jav94 ($31.83 in chips) 
Seat 6: IREQO ($100 in chips) 
z00mba: posts small blind $0.50
CichiChanMarian: posts big blind $1
mariofcd: sits out 
*** HOLE CARDS ***
XneferX: raises $1.10 to $2.10
jav94: folds 
IREQO: folds 
z00mba: folds 
CichiChanMarian: folds 
Uncalled bet ($1.10) returned to XneferX
XneferX collected $2.50 from pot
XneferX: doesn't show hand 
*** SUMMARY ***
Total pot $2.50 | Rake $0 
Seat 4: mariofcd
Seat 1: z00mba (small blind) folded before Flop
Seat 2: CichiChanMarian (big blind) folded before Flop
Seat 3: XneferX collected ($2.50)
Seat 5: jav94 folded before Flop (didn't bet)
Seat 6: IREQO (button) folded before Flop (didn't bet)



PokerStars Hand #254644368229:  Hold'em No Limit ($0.50/$1.00 USD) - 2025/01/31 22:51:30 WET [2025/01/31 17:51:30 ET]
Table 'Vanadis' 6-max Seat #1 is the button
Seat 4: mariofcd ($100 in chips) is sitting out
Seat 1: z00mba ($101.35 in chips) 
Seat 2: CichiChanMarian ($102.20 in chips) 
Seat 3: XneferX ($107.87 in chips) 
Seat 5: jav94 ($31.83 in chips) 
Seat 6: IREQO ($100 in chips) 
CichiChanMarian: posts small blind $0.50
XneferX: posts big blind $1
mariofcd: sits out 
*** HOLE CARDS ***
jav94: calls $1
IREQO: folds 
z00mba: folds 
CichiChanMarian: folds 
XneferX: checks 
*** FLOP *** [7s 2d 6s]
XneferX: checks 
jav94: bets $1
XneferX: calls $1
*** TURN *** [7s 2d 6s] [8d]
XneferX: checks 
jav94: checks 
*** RIVER *** [7s 2d 6s 8d] [5h]
XneferX: checks 
jav94: bets $1
XneferX: calls $1
*** SHOW DOWN ***
jav94: shows [7h 8s] (two pair, Eights and Sevens)
XneferX: shows [4c 8h] (a straight, Four to Eight)
XneferX collected $6.18 from pot
*** SUMMARY ***
Total pot $6.50 | Rake $0.32 
Board [7s 2d 6s 8d 5h]
Seat 4: mariofcd
Seat 1: z00mba (button) folded before Flop (didn't bet)
Seat 2: CichiChanMarian (small blind) folded before Flop
Seat 3: XneferX (big blind) showed [4c 8h] and won ($6.18) with a straight, Four to Eight
Seat 5: jav94 showed [7h 8s] and lost with two pair, Eights and Sevens
Seat 6: IREQO folded before Flop (didn't bet)



PokerStars Hand #254644389169:  Hold'em No Limit ($0.50/$1.00 USD) - 2025/01/31 22:52:44 WET [2025/01/31 17:52:44 ET]
Table 'Vanadis' 6-max Seat #2 is the button
Seat 1: z00mba ($101.35 in chips) 
Seat 2: CichiChanMarian ($101.70 in chips) 
Seat 3: XneferX ($111.05 in chips) 
Seat 4: mariofcd ($100 in chips) 
Seat 5: jav94 ($28.83 in chips) 
Seat 6: IREQO ($100 in chips) 
XneferX: posts small blind $0.50
mariofcd: posts big blind $1
*** HOLE CARDS ***
jav94: calls $1
IREQO: folds 
z00mba: folds 
CichiChanMarian: folds 
XneferX: folds 
mariofcd: checks 
*** FLOP *** [9h Td 4s]
mariofcd: checks 
jav94: bets $1
mariofcd: folds 
Uncalled bet ($1) returned to jav94
jav94 collected $2.38 from pot
jav94: doesn't show hand 
*** SUMMARY ***
Total pot $2.50 | Rake $0.12 
Board [9h Td 4s]
Seat 1: z00mba folded before Flop (didn't bet)
Seat 2: CichiChanMarian (button) folded before Flop (didn't bet)
Seat 3: XneferX (small blind) folded before Flop
Seat 4: mariofcd (big blind) folded on the Flop
Seat 5: jav94 collected ($2.38)
Seat 6: IREQO folded before Flop (didn't bet)



PokerStars Hand #254644398736:  Hold'em No Limit ($0.50/$1.00 USD) - 2025/01/31 22:53:18 WET [2025/01/31 17:53:18 ET]
Table 'Vanadis' 6-max Seat #3 is the button
Seat 1: z00mba ($101.35 in chips) 
Seat 2: CichiChanMarian ($101.70 in chips) 
Seat 3: XneferX ($110.55 in chips) 
Seat 4: mariofcd ($100 in chips) 
Seat 5: jav94 ($30.21 in chips) 
Seat 6: IREQO ($100 in chips) 
mariofcd: posts small blind $0.50
jav94: posts big blind $1
*** HOLE CARDS ***
IREQO: folds 
z00mba: folds 
CichiChanMarian: folds 
XneferX: raises $1.77 to $2.77
mariofcd: folds 
jav94: calls $1.77
*** FLOP *** [Ac 4h Td]
jav94: checks 
XneferX: bets $1.20
jav94: calls $1.20
*** TURN *** [Ac 4h Td] [Qh]
jav94: checks 
XneferX: checks 
*** RIVER *** [Ac 4h Td Qh] [2d]
jav94: bets $6.01
XneferX: folds 
Uncalled bet ($6.01) returned to jav94
jav94 collected $8.02 from pot
*** SUMMARY ***
Total pot $8.44 | Rake $0.42 
Board [Ac 4h Td Qh 2d]
Seat 1: z00mba folded before Flop (didn't bet)
Seat 2: CichiChanMarian folded before Flop (didn't bet)
Seat 3: XneferX (button) folded on the River
Seat 4: mariofcd (small blind) folded before Flop
Seat 5: jav94 (big blind) collected ($8.02)
Seat 6: IREQO folded before Flop (didn't bet)



PokerStars Hand #254644426372:  Hold'em No Limit ($0.50/$1.00 USD) - 2025/01/31 22:54:57 WET [2025/01/31 17:54:57 ET]
Table 'Vanadis' 6-max Seat #4 is the button
Seat 1: z00mba ($101.35 in chips) 
Seat 2: CichiChanMarian ($101.70 in chips) 
Seat 3: XneferX ($106.58 in chips) 
Seat 4: mariofcd ($100 in chips) 
Seat 5: jav94 ($34.26 in chips) 
Seat 6: IREQO ($100 in chips) 
jav94: posts small blind $0.50
IREQO: posts big blind $1
*** HOLE CARDS ***
z00mba: raises $1.50 to $2.50
CichiChanMarian: folds 
XneferX: folds 
mariofcd: calls $2.50
jav94: folds 
IREQO: folds 
*** FLOP *** [Qd Qs 3h]
z00mba: checks 
mariofcd: bets $1.85
z00mba: calls $1.85
*** TURN *** [Qd Qs 3h] [9d]
z00mba: checks 
mariofcd: checks 
*** RIVER *** [Qd Qs 3h 9d] [2s]
z00mba: bets $4.75
mariofcd: calls $4.75
*** SHOW DOWN ***
z00mba: shows [Ac Ad] (two pair, Aces and Queens)
mariofcd: mucks hand 
z00mba collected $18.72 from pot
*** SUMMARY ***
Total pot $19.70 | Rake $0.98 
Board [Qd Qs 3h 9d 2s]
Seat 1: z00mba showed [Ac Ad] and won ($18.72) with two pair, Aces and Queens
Seat 2: CichiChanMarian folded before Flop (didn't bet)
Seat 3: XneferX folded before Flop (didn't bet)
Seat 4: mariofcd (button) mucked
Seat 5: jav94 (small blind) folded before Flop
Seat 6: IREQO (big blind) folded before Flop



PokerStars Hand #254644435648:  Hold'em No Limit ($0.50/$1.00 USD) - 2025/01/31 22:55:36 WET [2025/01/31 17:55:36 ET]
Table 'Vanadis' 6-max Seat #5 is the button
Seat 1: z00mba ($110.97 in chips) 
Seat 2: CichiChanMarian ($101.70 in chips) 
Seat 3: XneferX ($106.58 in chips) 
Seat 4: mariofcd ($100 in chips) 
Seat 5: jav94 ($33.76 in chips) 
Seat 6: IREQO ($100 in chips) 
IREQO: posts small blind $0.50
z00mba: posts big blind $1
*** HOLE CARDS ***
CichiChanMarian: folds 
XneferX: folds 
mariofcd: folds 
jav94: raises $1.50 to $2.50
IREQO: calls $2
z00mba: calls $1.50
*** FLOP *** [Js 2c 3s]
IREQO: checks 
z00mba: checks 
jav94: bets $6.56
IREQO: folds 
z00mba: folds 
Uncalled bet ($6.56) returned to jav94
jav94 collected $7.12 from pot
*** SUMMARY ***
Total pot $7.50 | Rake $0.38 
Board [Js 2c 3s]
Seat 1: z00mba (big blind) folded on the Flop
Seat 2: CichiChanMarian folded before Flop (didn't bet)
Seat 3: XneferX folded before Flop (didn't bet)
Seat 4: mariofcd folded before Flop (didn't bet)
Seat 5: jav94 (button) collected ($7.12)
Seat 6: IREQO (small blind) folded on the Flop



PokerStars Hand #254644448762:  Hold'em No Limit ($0.50/$1.00 USD) - 2025/01/31 22:56:41 WET [2025/01/31 17:56:41 ET]
Table 'Vanadis' 6-max Seat #6 is the button
Seat 1: z00mba ($108.47 in chips) 
Seat 2: CichiChanMarian ($101.70 in chips) 
Seat 3: XneferX ($106.58 in chips) 
Seat 4: mariofcd ($100 in chips) 
Seat 5: jav94 ($38.38 in chips) 
Seat 6: IREQO ($100 in chips) 
z00mba: posts small blind $0.50
CichiChanMarian: posts big blind $1
*** HOLE CARDS ***
XneferX: folds 
mariofcd: raises $1.20 to $2.20
jav94: folds 
IREQO: folds 
z00mba: folds 
CichiChanMarian: folds 
Uncalled bet ($1.20) returned to mariofcd
mariofcd collected $2.50 from pot
mariofcd: doesn't show hand 
*** SUMMARY ***
Total pot $2.50 | Rake $0 
Seat 1: z00mba (small blind) folded before Flop
Seat 2: CichiChanMarian (big blind) folded before Flop
Seat 3: XneferX folded before Flop (didn't bet)
Seat 4: mariofcd collected ($2.50)
Seat 5: jav94 folded before Flop (didn't bet)
Seat 6: IREQO (button) folded before Flop (didn't bet)



PokerStars Hand #254644454564:  Hold'em No Limit ($0.50/$1.00 USD) - 2025/01/31 22:57:10 WET [2025/01/31 17:57:10 ET]
Table 'Vanadis' 6-max Seat #1 is the button
Seat 1: z00mba ($107.97 in chips) 
Seat 2: CichiChanMarian ($100.70 in chips) 
Seat 3: XneferX ($106.58 in chips) 
Seat 4: mariofcd ($101.50 in chips) 
Seat 5: jav94 ($38.38 in chips) 
Seat 6: IREQO ($100 in chips) 
CichiChanMarian: posts small blind $0.50
XneferX: posts big blind $1
*** HOLE CARDS ***
mariofcd: raises $1.20 to $2.20
jav94: folds 
IREQO: folds 
z00mba: folds 
CichiChanMarian: folds 
XneferX: folds 
Uncalled bet ($1.20) returned to mariofcd
mariofcd collected $2.50 from pot
mariofcd: doesn't show hand 
*** SUMMARY ***
Total pot $2.50 | Rake $0 
Seat 1: z00mba (button) folded before Flop (didn't bet)
Seat 2: CichiChanMarian (small blind) folded before Flop
Seat 3: XneferX (big blind) folded before Flop
Seat 4: mariofcd collected ($2.50)
Seat 5: jav94 folded before Flop (didn't bet)
Seat 6: IREQO folded before Flop (didn't bet)



PokerStars Hand #254644463988:  Hold'em No Limit ($0.50/$1.00 USD) - 2025/01/31 22:57:56 WET [2025/01/31 17:57:56 ET]
Table 'Vanadis' 6-max Seat #2 is the button
Seat 4: mariofcd ($103 in chips) is sitting out
Seat 1: z00mba ($107.97 in chips) 
Seat 2: CichiChanMarian ($100.20 in chips) 
Seat 3: XneferX ($105.58 in chips) 
Seat 5: jav94 ($38.38 in chips) 
Seat 6: IREQO ($100 in chips) 
XneferX: posts small blind $0.50
mariofcd: is sitting out 
jav94: posts big blind $1
*** HOLE CARDS ***
IREQO: raises $1.50 to $2.50
z00mba: folds 
mariofcd leaves the table
CichiChanMarian: folds 
XneferX: calls $2
jav94: folds 
*** FLOP *** [Kc 8h 2c]
XneferX: checks 
IREQO: checks 
*** TURN *** [Kc 8h 2c] [5d]
XneferX: bets $3.82
IREQO: folds 
Uncalled bet ($3.82) returned to XneferX
XneferX collected $5.70 from pot
XneferX: doesn't show hand 
*** SUMMARY ***
Total pot $6 | Rake $0.30 
Board [Kc 8h 2c 5d]
Seat 4: mariofcd
Seat 1: z00mba folded before Flop (didn't bet)
Seat 2: CichiChanMarian (button) folded before Flop (didn't bet)
Seat 3: XneferX (small blind) collected ($5.70)
Seat 5: jav94 (big blind) folded before Flop
Seat 6: IREQO folded on the Turn



PokerStars Hand #254644483055:  Hold'em No Limit ($0.50/$1.00 USD) - 2025/01/31 22:59:28 WET [2025/01/31 17:59:28 ET]
Table 'Vanadis' 6-max Seat #3 is the button
Seat 1: z00mba ($107.97 in chips) 
Seat 2: CichiChanMarian ($100.20 in chips) 
Seat 3: XneferX ($108.78 in chips) 
Seat 5: jav94 ($37.38 in chips) 
Seat 6: IREQO ($100 in chips) 
jav94: posts small blind $0.50
IREQO: posts big blind $1
*** HOLE CARDS ***
z00mba: folds 
CichiChanMarian: raises $1.50 to $2.50
XneferX: folds 
jav94: folds 
IREQO: raises $8.50 to $11
avstero joins the table at seat #4 
CichiChanMarian: calls $8.50
*** FLOP *** [Jc 6c 8c]
IREQO: bets $6
CichiChanMarian: raises $11.02 to $17.02
IREQO: folds 
Uncalled bet ($11.02) returned to CichiChanMarian
CichiChanMarian collected $32.78 from pot
CichiChanMarian: doesn't show hand 
*** SUMMARY ***
Total pot $34.50 | Rake $1.72 
Board [Jc 6c 8c]
Seat 1: z00mba folded before Flop (didn't bet)
Seat 2: CichiChanMarian collected ($32.78)
Seat 3: XneferX (button) folded before Flop (didn't bet)
Seat 5: jav94 (small blind) folded before Flop
Seat 6: IREQO (big blind) folded on the Flop



PokerStars Hand #254644499938:  Hold'em No Limit ($0.50/$1.00 USD) - 2025/01/31 23:00:48 WET [2025/01/31 18:00:48 ET]
Table 'Vanadis' 6-max Seat #5 is the button
Seat 4: avstero ($100 in chips) is sitting out
Seat 1: z00mba ($107.97 in chips) 
Seat 2: CichiChanMarian ($115.98 in chips) 
Seat 3: XneferX ($108.78 in chips) 
Seat 5: jav94 ($36.88 in chips) 
Seat 6: IREQO ($99.91 in chips) 
IREQO: posts small blind $0.50
z00mba: posts big blind $1
avstero: sits out 
*** HOLE CARDS ***
CichiChanMarian: folds 
XneferX: folds 
jav94: folds 
IREQO: raises $1.50 to $2.50
z00mba: folds 
Uncalled bet ($1.50) returned to IREQO
IREQO collected $2 from pot
IREQO: doesn't show hand 
*** SUMMARY ***
Total pot $2 | Rake $0 
Seat 4: avstero
Seat 1: z00mba (big blind) folded before Flop
Seat 2: CichiChanMarian folded before Flop (didn't bet)
Seat 3: XneferX folded before Flop (didn't bet)
Seat 5: jav94 (button) folded before Flop (didn't bet)
Seat 6: IREQO (small blind) collected ($2)



PokerStars Hand #254644506333:  Hold'em No Limit ($0.50/$1.00 USD) - 2025/01/31 23:01:15 WET [2025/01/31 18:01:15 ET]
Table 'Vanadis' 6-max Seat #6 is the button
Seat 4: avstero ($100 in chips) is sitting out
Seat 1: z00mba ($106.97 in chips) 
Seat 2: CichiChanMarian ($115.98 in chips) 
Seat 3: XneferX ($108.78 in chips) 
Seat 5: jav94 ($36.88 in chips) 
Seat 6: IREQO ($100.91 in chips) 
z00mba: posts small blind $0.50
CichiChanMarian: posts big blind $1
avstero: sits out 
*** HOLE CARDS ***
XneferX: raises $1.10 to $2.10
jav94: folds 
IREQO: raises $4.90 to $7
z00mba: folds 
CichiChanMarian: folds 
XneferX: folds 
Uncalled bet ($4.90) returned to IREQO
IREQO collected $5.70 from pot
IREQO: doesn't show hand 
*** SUMMARY ***
Total pot $5.70 | Rake $0 
Seat 4: avstero
Seat 1: z00mba (small blind) folded before Flop
Seat 2: CichiChanMarian (big blind) folded before Flop
Seat 3: XneferX folded before Flop
Seat 5: jav94 folded before Flop (didn't bet)
Seat 6: IREQO (button) collected ($5.70)



PokerStars Hand #254644513694:  Hold'em No Limit ($0.50/$1.00 USD) - 2025/01/31 23:01:44 WET [2025/01/31 18:01:44 ET]
Table 'Vanadis' 6-max Seat #1 is the button
Seat 4: avstero ($100 in chips) is sitting out
Seat 1: z00mba ($106.47 in chips) 
Seat 2: CichiChanMarian ($114.98 in chips) 
Seat 3: XneferX ($106.68 in chips) 
Seat 5: jav94 ($36.88 in chips) 
Seat 6: IREQO ($104.51 in chips) 
CichiChanMarian: posts small blind $0.50
XneferX: posts big blind $1
avstero: sits out 
*** HOLE CARDS ***
jav94: folds 
IREQO: folds 
z00mba: folds 
CichiChanMarian: folds 
Uncalled bet ($0.50) returned to XneferX
XneferX collected $1 from pot
XneferX: doesn't show hand 
*** SUMMARY ***
Total pot $1 | Rake $0 
Seat 4: avstero
Seat 1: z00mba (button) folded before Flop (didn't bet)
Seat 2: CichiChanMarian (small blind) folded before Flop
Seat 3: XneferX (big blind) collected ($1)
Seat 5: jav94 folded before Flop (didn't bet)
Seat 6: IREQO folded before Flop (didn't bet)



PokerStars Hand #254644516455:  Hold'em No Limit ($0.50/$1.00 USD) - 2025/01/31 23:01:54 WET [2025/01/31 18:01:54 ET]
Table 'Vanadis' 6-max Seat #2 is the button
Seat 1: z00mba ($106.47 in chips) 
Seat 2: CichiChanMarian ($114.48 in chips) 
Seat 3: XneferX ($107.18 in chips) 
Seat 4: avstero ($100 in chips) 
Seat 5: jav94 ($36.88 in chips) 
Seat 6: IREQO ($104.51 in chips) 
XneferX: posts small blind $0.50
avstero: posts big blind $1
*** HOLE CARDS ***
jav94: folds 
IREQO: raises $1.50 to $2.50
z00mba: folds 
CichiChanMarian: folds 
XneferX: folds 
avstero: folds 
Uncalled bet ($1.50) returned to IREQO
IREQO collected $2.50 from pot
IREQO: doesn't show hand 
*** SUMMARY ***
Total pot $2.50 | Rake $0 
Seat 1: z00mba folded before Flop (didn't bet)
Seat 2: CichiChanMarian (button) folded before Flop (didn't bet)
Seat 3: XneferX (small blind) folded before Flop
Seat 4: avstero (big blind) folded before Flop
Seat 5: jav94 folded before Flop (didn't bet)
Seat 6: IREQO collected ($2.50)



PokerStars Hand #254644522698:  Hold'em No Limit ($0.50/$1.00 USD) - 2025/01/31 23:02:17 WET [2025/01/31 18:02:17 ET]
Table 'Vanadis' 6-max Seat #3 is the button
Seat 1: z00mba ($106.47 in chips) 
Seat 2: CichiChanMarian ($114.48 in chips) 
Seat 3: XneferX ($106.68 in chips) 
Seat 4: avstero ($99 in chips) 
Seat 5: jav94 ($36.88 in chips) 
Seat 6: IREQO ($106.01 in chips) 
avstero: posts small blind $0.50
jav94: posts big blind $1
*** HOLE CARDS ***
IREQO: folds 
z00mba: folds 
CichiChanMarian: folds 
XneferX: folds 
avstero: raises $1.20 to $2.20
jav94: calls $1.20
*** FLOP *** [Ad Qc 5s]
avstero: bets $1.29
jav94: calls $1.29
*** TURN *** [Ad Qc 5s] [7h]
avstero: checks 
jav94: bets $4.32
avstero: folds 
Uncalled bet ($4.32) returned to jav94
jav94 collected $6.63 from pot
jav94: doesn't show hand 
*** SUMMARY ***
Total pot $6.98 | Rake $0.35 
Board [Ad Qc 5s 7h]
Seat 1: z00mba folded before Flop (didn't bet)
Seat 2: CichiChanMarian folded before Flop (didn't bet)
Seat 3: XneferX (button) folded before Flop (didn't bet)
Seat 4: avstero (small blind) folded on the Turn
Seat 5: jav94 (big blind) collected ($6.63)
Seat 6: IREQO folded before Flop (didn't bet)



PokerStars Hand #254644540590:  Hold'em No Limit ($0.50/$1.00 USD) - 2025/01/31 23:03:24 WET [2025/01/31 18:03:24 ET]
Table 'Vanadis' 6-max Seat #4 is the button
Seat 1: z00mba ($106.47 in chips) 
Seat 2: CichiChanMarian ($114.48 in chips) 
Seat 3: XneferX ($106.68 in chips) 
Seat 4: avstero ($100 in chips) 
Seat 5: jav94 ($40.02 in chips) 
Seat 6: IREQO ($106.01 in chips) 
jav94: posts small blind $0.50
IREQO: posts big blind $1
*** HOLE CARDS ***
z00mba: folds 
CichiChanMarian: folds 
XneferX: folds 
avstero: raises $1.20 to $2.20
jav94: calls $1.70
IREQO: folds 
*** FLOP *** [7c Jh Ad]
jav94: checks 
avstero: bets $2.55
jav94: folds 
Uncalled bet ($2.55) returned to avstero
avstero collected $5.13 from pot
avstero: doesn't show hand 
*** SUMMARY ***
Total pot $5.40 | Rake $0.27 
Board [7c Jh Ad]
Seat 1: z00mba folded before Flop (didn't bet)
Seat 2: CichiChanMarian folded before Flop (didn't bet)
Seat 3: XneferX folded before Flop (didn't bet)
Seat 4: avstero (button) collected ($5.13)
Seat 5: jav94 (small blind) folded on the Flop
Seat 6: IREQO (big blind) folded before Flop



PokerStars Hand #254644551174:  Hold'em No Limit ($0.50/$1.00 USD) - 2025/01/31 23:04:03 WET [2025/01/31 18:04:03 ET]
Table 'Vanadis' 6-max Seat #5 is the button
Seat 1: z00mba ($106.47 in chips) 
Seat 2: CichiChanMarian ($114.48 in chips) 
Seat 3: XneferX ($106.68 in chips) 
Seat 4: avstero ($102.93 in chips) 
Seat 5: jav94 ($37.82 in chips) 
Seat 6: IREQO ($105.01 in chips) 
IREQO: posts small blind $0.50
z00mba: posts big blind $1
*** HOLE CARDS ***
CichiChanMarian: folds 
XneferX: folds 
avstero: folds 
jav94: calls $1
IREQO: folds 
z00mba: checks 
*** FLOP *** [8c 4c Tc]
z00mba: checks 
jav94: bets $1
z00mba: folds 
Uncalled bet ($1) returned to jav94
jav94 collected $2.38 from pot
*** SUMMARY ***
Total pot $2.50 | Rake $0.12 
Board [8c 4c Tc]
Seat 1: z00mba (big blind) folded on the Flop
Seat 2: CichiChanMarian folded before Flop (didn't bet)
Seat 3: XneferX folded before Flop (didn't bet)
Seat 4: avstero folded before Flop (didn't bet)
Seat 5: jav94 (button) collected ($2.38)
Seat 6: IREQO (small blind) folded before Flop



PokerStars Hand #254644557410:  Hold'em No Limit ($0.50/$1.00 USD) - 2025/01/31 23:04:26 WET [2025/01/31 18:04:26 ET]
Table 'Vanadis' 6-max Seat #6 is the button
Seat 1: z00mba ($105.47 in chips) 
Seat 2: CichiChanMarian ($114.48 in chips) 
Seat 3: XneferX ($106.68 in chips) 
Seat 4: avstero ($102.93 in chips) 
Seat 5: jav94 ($39.20 in chips) 
Seat 6: IREQO ($104.51 in chips) 
z00mba: posts small blind $0.50
CichiChanMarian: posts big blind $1
*** HOLE CARDS ***
XneferX: folds 
avstero: folds 
jav94: calls $1
IREQO: raises $4 to $5
z00mba: folds 
CichiChanMarian: raises $10 to $15
jav94: folds 
IREQO: folds 
Uncalled bet ($10) returned to CichiChanMarian
CichiChanMarian collected $11.50 from pot
CichiChanMarian: doesn't show hand 
*** SUMMARY ***
Total pot $11.50 | Rake $0 
Seat 1: z00mba (small blind) folded before Flop
Seat 2: CichiChanMarian (big blind) collected ($11.50)
Seat 3: XneferX folded before Flop (didn't bet)
Seat 4: avstero folded before Flop (didn't bet)
Seat 5: jav94 folded before Flop
Seat 6: IREQO (button) folded before Flop



PokerStars Hand #254644571060:  Hold'em No Limit ($0.50/$1.00 USD) - 2025/01/31 23:05:16 WET [2025/01/31 18:05:16 ET]
Table 'Vanadis' 6-max Seat #1 is the button
Seat 1: z00mba ($104.97 in chips) 
Seat 2: CichiChanMarian ($120.98 in chips) 
Seat 3: XneferX ($106.68 in chips) 
Seat 4: avstero ($102.93 in chips) 
Seat 5: jav94 ($38.20 in chips) 
Seat 6: IREQO ($99.51 in chips) 
CichiChanMarian: posts small blind $0.50
XneferX: posts big blind $1
*** HOLE CARDS ***
avstero: folds 
jav94: folds 
IREQO: folds 
z00mba: raises $1.50 to $2.50
CichiChanMarian: folds 
XneferX: folds 
Uncalled bet ($1.50) returned to z00mba
z00mba collected $2.50 from pot
z00mba: doesn't show hand 
*** SUMMARY ***
Total pot $2.50 | Rake $0 
Seat 1: z00mba (button) collected ($2.50)
Seat 2: CichiChanMarian (small blind) folded before Flop
Seat 3: XneferX (big blind) folded before Flop
Seat 4: avstero folded before Flop (didn't bet)
Seat 5: jav94 folded before Flop (didn't bet)
Seat 6: IREQO folded before Flop (didn't bet)



PokerStars Hand #254644575005:  Hold'em No Limit ($0.50/$1.00 USD) - 2025/01/31 23:05:31 WET [2025/01/31 18:05:31 ET]
Table 'Vanadis' 6-max Seat #2 is the button
Seat 1: z00mba ($106.47 in chips) 
Seat 2: CichiChanMarian ($120.48 in chips) 
Seat 3: XneferX ($105.68 in chips) 
Seat 4: avstero ($102.93 in chips) 
Seat 5: jav94 ($38.20 in chips) 
Seat 6: IREQO ($99.51 in chips) 
XneferX: posts small blind $0.50
avstero: posts big blind $1
*** HOLE CARDS ***
jav94: folds 
IREQO: folds 
z00mba: folds 
CichiChanMarian: raises $1.50 to $2.50
XneferX: folds 
avstero: calls $1.50
*** FLOP *** [Jc Ks Jh]
avstero: checks 
CichiChanMarian: bets $1.72
avstero: calls $1.72
*** TURN *** [Jc Ks Jh] [9d]
avstero: checks 
CichiChanMarian: checks 
*** RIVER *** [Jc Ks Jh 9d] [3d]
avstero: bets $4.40
CichiChanMarian: folds 
Uncalled bet ($4.40) returned to avstero
avstero collected $8.49 from pot
avstero: doesn't show hand 
*** SUMMARY ***
Total pot $8.94 | Rake $0.45 
Board [Jc Ks Jh 9d 3d]
Seat 1: z00mba folded before Flop (didn't bet)
Seat 2: CichiChanMarian (button) folded on the River
Seat 3: XneferX (small blind) folded before Flop
Seat 4: avstero (big blind) collected ($8.49)
Seat 5: jav94 folded before Flop (didn't bet)
Seat 6: IREQO folded before Flop (didn't bet)



PokerStars Hand #254644609069:  Hold'em No Limit ($0.50/$1.00 USD) - 2025/01/31 23:07:37 WET [2025/01/31 18:07:37 ET]
Table 'Vanadis' 6-max Seat #3 is the button
Seat 1: z00mba ($106.47 in chips) 
Seat 2: CichiChanMarian ($116.26 in chips) 
Seat 3: XneferX ($105.18 in chips) 
Seat 4: avstero ($107.20 in chips) 
Seat 5: jav94 ($38.20 in chips) 
Seat 6: IREQO ($99.51 in chips) 
avstero: posts small blind $0.50
jav94: posts big blind $1
*** HOLE CARDS ***
IREQO: folds 
z00mba: folds 
CichiChanMarian: folds 
XneferX: folds 
avstero: folds 
Uncalled bet ($0.50) returned to jav94
jav94 collected $1 from pot
*** SUMMARY ***
Total pot $1 | Rake $0 
Seat 1: z00mba folded before Flop (didn't bet)
Seat 2: CichiChanMarian folded before Flop (didn't bet)
Seat 3: XneferX (button) folded before Flop (didn't bet)
Seat 4: avstero (small blind) folded before Flop
Seat 5: jav94 (big blind) collected ($1)
Seat 6: IREQO folded before Flop (didn't bet)



PokerStars Hand #254644612840:  Hold'em No Limit ($0.50/$1.00 USD) - 2025/01/31 23:07:51 WET [2025/01/31 18:07:51 ET]
Table 'Vanadis' 6-max Seat #4 is the button
Seat 1: z00mba ($106.47 in chips) 
Seat 2: CichiChanMarian ($116.26 in chips) 
Seat 3: XneferX ($105.18 in chips) 
Seat 4: avstero ($106.70 in chips) 
Seat 5: jav94 ($38.70 in chips) 
Seat 6: IREQO ($99.51 in chips) 
jav94: posts small blind $0.50
IREQO: posts big blind $1
*** HOLE CARDS ***
z00mba: folds 
CichiChanMarian: raises $1.50 to $2.50
XneferX: folds 
avstero: folds 
jav94: folds 
IREQO: folds 
Uncalled bet ($1.50) returned to CichiChanMarian
CichiChanMarian collected $2.50 from pot
CichiChanMarian: doesn't show hand 
*** SUMMARY ***
Total pot $2.50 | Rake $0 
Seat 1: z00mba folded before Flop (didn't bet)
Seat 2: CichiChanMarian collected ($2.50)
Seat 3: XneferX folded before Flop (didn't bet)
Seat 4: avstero (button) folded before Flop (didn't bet)
Seat 5: jav94 (small blind) folded before Flop
Seat 6: IREQO (big blind) folded before Flop



PokerStars Hand #254644617438:  Hold'em No Limit ($0.50/$1.00 USD) - 2025/01/31 23:08:08 WET [2025/01/31 18:08:08 ET]
Table 'Vanadis' 6-max Seat #5 is the button
Seat 1: z00mba ($106.47 in chips) 
Seat 2: CichiChanMarian ($117.76 in chips) 
Seat 3: XneferX ($105.18 in chips) 
Seat 4: avstero ($106.70 in chips) 
Seat 5: jav94 ($38.20 in chips) 
Seat 6: IREQO ($98.51 in chips) 
IREQO: posts small blind $0.50
z00mba: posts big blind $1
*** HOLE CARDS ***
CichiChanMarian: folds 
XneferX: folds 
avstero: folds 
jav94: calls $1
IREQO: folds 
z00mba: checks 
*** FLOP *** [Jh 8c Qh]
z00mba: checks 
jav94: bets $2
z00mba: folds 
Uncalled bet ($2) returned to jav94
jav94 collected $2.38 from pot
jav94: doesn't show hand 
*** SUMMARY ***
Total pot $2.50 | Rake $0.12 
Board [Jh 8c Qh]
Seat 1: z00mba (big blind) folded on the Flop
Seat 2: CichiChanMarian folded before Flop (didn't bet)
Seat 3: XneferX folded before Flop (didn't bet)
Seat 4: avstero folded before Flop (didn't bet)
Seat 5: jav94 (button) collected ($2.38)
Seat 6: IREQO (small blind) folded before Flop



PokerStars Hand #254644625644:  Hold'em No Limit ($0.50/$1.00 USD) - 2025/01/31 23:08:38 WET [2025/01/31 18:08:38 ET]
Table 'Vanadis' 6-max Seat #6 is the button
Seat 1: z00mba ($105.47 in chips) 
Seat 2: CichiChanMarian ($117.76 in chips) 
Seat 3: XneferX ($105.18 in chips) 
Seat 4: avstero ($106.70 in chips) 
Seat 5: jav94 ($39.58 in chips) 
Seat 6: IREQO ($98.01 in chips) 
z00mba: posts small blind $0.50
CichiChanMarian: posts big blind $1
*** HOLE CARDS ***
XneferX: folds 
avstero: folds 
jav94: folds 
IREQO: folds 
z00mba: folds 
Uncalled bet ($0.50) returned to CichiChanMarian
CichiChanMarian collected $1 from pot
CichiChanMarian: doesn't show hand 
*** SUMMARY ***
Total pot $1 | Rake $0 
Seat 1: z00mba (small blind) folded before Flop
Seat 2: CichiChanMarian (big blind) collected ($1)
Seat 3: XneferX folded before Flop (didn't bet)
Seat 4: avstero folded before Flop (didn't bet)
Seat 5: jav94 folded before Flop (didn't bet)
Seat 6: IREQO (button) folded before Flop (didn't bet)



PokerStars Hand #254644628246:  Hold'em No Limit ($0.50/$1.00 USD) - 2025/01/31 23:08:47 WET [2025/01/31 18:08:47 ET]
Table 'Vanadis' 6-max Seat #1 is the button
Seat 1: z00mba ($104.97 in chips) 
Seat 2: CichiChanMarian ($118.26 in chips) 
Seat 3: XneferX ($105.18 in chips) 
Seat 4: avstero ($106.70 in chips) 
Seat 5: jav94 ($39.58 in chips) 
Seat 6: IREQO ($98.01 in chips) 
CichiChanMarian: posts small blind $0.50
XneferX: posts big blind $1
*** HOLE CARDS ***
avstero: folds 
jav94: calls $1
IREQO: folds 
z00mba: raises $3 to $4
CichiChanMarian: folds 
XneferX: raises $8 to $12
jav94: folds 
z00mba: calls $8
*** FLOP *** [4s Qh 5h]
XneferX: checks 
z00mba: bets $7.75
XneferX: calls $7.75
*** TURN *** [4s Qh 5h] [9s]
XneferX: checks 
z00mba: bets $29.60
XneferX: calls $29.60
*** RIVER *** [4s Qh 5h 9s] [Qs]
XneferX: checks 
z00mba: checks 
*** SHOW DOWN ***
XneferX: shows [Qd Ks] (three of a kind, Queens)
z00mba: mucks hand 
XneferX collected $97.70 from pot
*** SUMMARY ***
Total pot $100.20 | Rake $2.50 
Board [4s Qh 5h 9s Qs]
Seat 1: z00mba (button) mucked
Seat 2: CichiChanMarian (small blind) folded before Flop
Seat 3: XneferX (big blind) showed [Qd Ks] and won ($97.70) with three of a kind, Queens
Seat 4: avstero folded before Flop (didn't bet)
Seat 5: jav94 folded before Flop
Seat 6: IREQO folded before Flop (didn't bet)



PokerStars Hand #254644655315:  Hold'em No Limit ($0.50/$1.00 USD) - 2025/01/31 23:10:26 WET [2025/01/31 18:10:26 ET]
Table 'Vanadis' 6-max Seat #2 is the button
Seat 1: z00mba ($100 in chips) 
Seat 2: CichiChanMarian ($117.76 in chips) 
Seat 3: XneferX ($153.53 in chips) 
Seat 4: avstero ($106.70 in chips) 
Seat 5: jav94 ($38.58 in chips) 
Seat 6: IREQO ($98.01 in chips) 
XneferX: posts small blind $0.50
avstero: posts big blind $1
*** HOLE CARDS ***
jav94: calls $1
IREQO: folds 
z00mba: folds 
CichiChanMarian: folds 
XneferX: folds 
avstero: checks 
*** FLOP *** [7c 4d 9d]
avstero: checks 
jav94: bets $1
avstero: calls $1
*** TURN *** [7c 4d 9d] [7h]
avstero: bets $2.87
jav94: calls $2.87
*** RIVER *** [7c 4d 9d 7h] [5c]
avstero: checks 
jav94: checks 
*** SHOW DOWN ***
avstero: shows [Kd 2d] (a pair of Sevens)
jav94: shows [6h 5h] (two pair, Sevens and Fives)
jav94 collected $9.73 from pot
*** SUMMARY ***
Total pot $10.24 | Rake $0.51 
Board [7c 4d 9d 7h 5c]
Seat 1: z00mba folded before Flop (didn't bet)
Seat 2: CichiChanMarian (button) folded before Flop (didn't bet)
Seat 3: XneferX (small blind) folded before Flop
Seat 4: avstero (big blind) showed [Kd 2d] and lost with a pair of Sevens
Seat 5: jav94 showed [6h 5h] and won ($9.73) with two pair, Sevens and Fives
Seat 6: IREQO folded before Flop (didn't bet)



PokerStars Hand #254644678821:  Hold'em No Limit ($0.50/$1.00 USD) - 2025/01/31 23:11:52 WET [2025/01/31 18:11:52 ET]
Table 'Vanadis' 6-max Seat #3 is the button
Seat 1: z00mba ($100 in chips) 
Seat 2: CichiChanMarian ($117.76 in chips) 
Seat 3: XneferX ($153.03 in chips) 
Seat 4: avstero ($101.83 in chips) 
Seat 5: jav94 ($43.44 in chips) 
Seat 6: IREQO ($98.01 in chips) 
avstero: posts small blind $0.50
jav94: posts big blind $1
*** HOLE CARDS ***
IREQO: folds 
z00mba: raises $1.50 to $2.50
CichiChanMarian: raises $5.50 to $8
XneferX: folds 
avstero: folds 
jav94: folds 
z00mba: raises $13.50 to $21.50
CichiChanMarian: folds 
Uncalled bet ($13.50) returned to z00mba
z00mba collected $17.50 from pot
z00mba: doesn't show hand 
*** SUMMARY ***
Total pot $17.50 | Rake $0 
Seat 1: z00mba collected ($17.50)
Seat 2: CichiChanMarian folded before Flop
Seat 3: XneferX (button) folded before Flop (didn't bet)
Seat 4: avstero (small blind) folded before Flop
Seat 5: jav94 (big blind) folded before Flop
Seat 6: IREQO folded before Flop (didn't bet)



PokerStars Hand #254644688076:  Hold'em No Limit ($0.50/$1.00 USD) - 2025/01/31 23:12:26 WET [2025/01/31 18:12:26 ET]
Table 'Vanadis' 6-max Seat #4 is the button
Seat 1: z00mba ($109.50 in chips) 
Seat 2: CichiChanMarian ($109.76 in chips) 
Seat 3: XneferX ($153.03 in chips) 
Seat 4: avstero ($101.33 in chips) 
Seat 5: jav94 ($42.44 in chips) 
Seat 6: IREQO ($98.01 in chips) 
jav94: posts small blind $0.50
IREQO: posts big blind $1
*** HOLE CARDS ***
z00mba: folds 
CichiChanMarian: folds 
XneferX: folds 
avstero: raises $1.20 to $2.20
jav94: folds 
IREQO: folds 
Uncalled bet ($1.20) returned to avstero
avstero collected $2.50 from pot
avstero: doesn't show hand 
*** SUMMARY ***
Total pot $2.50 | Rake $0 
Seat 1: z00mba folded before Flop (didn't bet)
Seat 2: CichiChanMarian folded before Flop (didn't bet)
Seat 3: XneferX folded before Flop (didn't bet)
Seat 4: avstero (button) collected ($2.50)
Seat 5: jav94 (small blind) folded before Flop
Seat 6: IREQO (big blind) folded before Flop



PokerStars Hand #254644694055:  Hold'em No Limit ($0.50/$1.00 USD) - 2025/01/31 23:12:47 WET [2025/01/31 18:12:47 ET]
Table 'Vanadis' 6-max Seat #5 is the button
Seat 1: z00mba ($109.50 in chips) 
Seat 2: CichiChanMarian ($109.76 in chips) 
Seat 3: XneferX ($153.03 in chips) 
Seat 4: avstero ($102.83 in chips) 
Seat 5: jav94 ($41.94 in chips) 
Seat 6: IREQO ($97.01 in chips) 
IREQO: posts small blind $0.50
z00mba: posts big blind $1
*** HOLE CARDS ***
CichiChanMarian: raises $1.50 to $2.50
XneferX: folds 
avstero: folds 
jav94: folds 
IREQO: folds 
z00mba: calls $1.50
*** FLOP *** [Ad 5c 5s]
z00mba: checks 
CichiChanMarian: checks 
*** TURN *** [Ad 5c 5s] [6d]
z00mba: checks 
CichiChanMarian: bets $1.72
z00mba: folds 
Uncalled bet ($1.72) returned to CichiChanMarian
CichiChanMarian collected $5.22 from pot
CichiChanMarian: doesn't show hand 
*** SUMMARY ***
Total pot $5.50 | Rake $0.28 
Board [Ad 5c 5s 6d]
Seat 1: z00mba (big blind) folded on the Turn
Seat 2: CichiChanMarian collected ($5.22)
Seat 3: XneferX folded before Flop (didn't bet)
Seat 4: avstero folded before Flop (didn't bet)
Seat 5: jav94 (button) folded before Flop (didn't bet)
Seat 6: IREQO (small blind) folded before Flop



PokerStars Hand #254644704990:  Hold'em No Limit ($0.50/$1.00 USD) - 2025/01/31 23:13:27 WET [2025/01/31 18:13:27 ET]
Table 'Vanadis' 6-max Seat #6 is the button
Seat 1: z00mba ($107 in chips) 
Seat 2: CichiChanMarian ($112.48 in chips) 
Seat 3: XneferX ($153.03 in chips) 
Seat 4: avstero ($102.83 in chips) 
Seat 5: jav94 ($41.94 in chips) 
Seat 6: IREQO ($96.51 in chips) 
z00mba: posts small blind $0.50
CichiChanMarian: posts big blind $1
*** HOLE CARDS ***
XneferX: folds 
avstero: folds 
jav94: calls $1
IREQO: folds 
z00mba: folds 
CichiChanMarian: raises $4 to $5
jav94: calls $4
*** FLOP *** [Ts 7c 8s]
CichiChanMarian: bets $3.29
jav94: calls $3.29
*** TURN *** [Ts 7c 8s] [Kh]
CichiChanMarian: bets $5.36
jav94: calls $5.36
*** RIVER *** [Ts 7c 8s Kh] [6s]
CichiChanMarian: checks 
jav94: checks 
*** SHOW DOWN ***
CichiChanMarian: shows [Ah 2h] (high card Ace)
jav94: shows [Jh Kd] (a pair of Kings)
jav94 collected $26.41 from pot
*** SUMMARY ***
Total pot $27.80 | Rake $1.39 
Board [Ts 7c 8s Kh 6s]
Seat 1: z00mba (small blind) folded before Flop
Seat 2: CichiChanMarian (big blind) showed [Ah 2h] and lost with high card Ace
Seat 3: XneferX folded before Flop (didn't bet)
Seat 4: avstero folded before Flop (didn't bet)
Seat 5: jav94 showed [Jh Kd] and won ($26.41) with a pair of Kings
Seat 6: IREQO (button) folded before Flop (didn't bet)



PokerStars Hand #254644713767:  Hold'em No Limit ($0.50/$1.00 USD) - 2025/01/31 23:14:00 WET [2025/01/31 18:14:00 ET]
Table 'Vanadis' 6-max Seat #1 is the button
Seat 1: z00mba ($106.50 in chips) 
Seat 2: CichiChanMarian ($100 in chips) 
Seat 3: XneferX ($153.03 in chips) 
Seat 4: avstero ($102.83 in chips) 
Seat 5: jav94 ($54.70 in chips) 
Seat 6: IREQO ($96.51 in chips) 
CichiChanMarian: posts small blind $0.50
XneferX: posts big blind $1
*** HOLE CARDS ***
avstero: folds 
jav94: folds 
IREQO: folds 
z00mba: folds 
CichiChanMarian: raises $2 to $3
XneferX: calls $2
*** FLOP *** [7c Qc 2h]
CichiChanMarian: bets $1.88
XneferX: calls $1.88
*** TURN *** [7c Qc 2h] [Ts]
CichiChanMarian: bets $12.33
XneferX: raises $26.13 to $38.46
CichiChanMarian: folds 
Uncalled bet ($26.13) returned to XneferX
XneferX collected $32.70 from pot
XneferX: doesn't show hand 
*** SUMMARY ***
Total pot $34.42 | Rake $1.72 
Board [7c Qc 2h Ts]
Seat 1: z00mba (button) folded before Flop (didn't bet)
Seat 2: CichiChanMarian (small blind) folded on the Turn
Seat 3: XneferX (big blind) collected ($32.70)
Seat 4: avstero folded before Flop (didn't bet)
Seat 5: jav94 folded before Flop (didn't bet)
Seat 6: IREQO folded before Flop (didn't bet)



PokerStars Hand #254644731497:  Hold'em No Limit ($0.50/$1.00 USD) - 2025/01/31 23:15:05 WET [2025/01/31 18:15:05 ET]
Table 'Vanadis' 6-max Seat #2 is the button
Seat 1: z00mba ($106.50 in chips) 
Seat 2: CichiChanMarian ($100 in chips) 
Seat 3: XneferX ($168.52 in chips) 
Seat 4: avstero ($102.83 in chips) 
Seat 5: jav94 ($54.70 in chips) 
Seat 6: IREQO ($96.51 in chips) 
XneferX: posts small blind $0.50
avstero: posts big blind $1
*** HOLE CARDS ***
jav94: folds 
IREQO: raises $1.50 to $2.50
z00mba: folds 
CichiChanMarian: folds 
XneferX: folds 
avstero: folds 
Uncalled bet ($1.50) returned to IREQO
IREQO collected $2.50 from pot
IREQO: doesn't show hand 
*** SUMMARY ***
Total pot $2.50 | Rake $0 
Seat 1: z00mba folded before Flop (didn't bet)
Seat 2: CichiChanMarian (button) folded before Flop (didn't bet)
Seat 3: XneferX (small blind) folded before Flop
Seat 4: avstero (big blind) folded before Flop
Seat 5: jav94 folded before Flop (didn't bet)
Seat 6: IREQO collected ($2.50)



PokerStars Hand #254644739574:  Hold'em No Limit ($0.50/$1.00 USD) - 2025/01/31 23:15:35 WET [2025/01/31 18:15:35 ET]
Table 'Vanadis' 6-max Seat #3 is the button
Seat 1: z00mba ($106.50 in chips) 
Seat 2: CichiChanMarian ($100 in chips) 
Seat 3: XneferX ($168.02 in chips) 
Seat 4: avstero ($101.83 in chips) 
Seat 5: jav94 ($54.70 in chips) 
Seat 6: IREQO ($98.01 in chips) 
avstero: posts small blind $0.50
jav94: posts big blind $1
*** HOLE CARDS ***
IREQO: folds 
z00mba: folds 
IREQO leaves the table
CichiChanMarian: folds 
XneferX: folds 
BGS013 joins the table at seat #6 
avstero: raises $1.20 to $2.20
jav94: calls $1.20
*** FLOP *** [Jc 8h Qs]
avstero: checks 
jav94: checks 
*** TURN *** [Jc 8h Qs] [Kd]
avstero: checks 
jav94: bets $3.09
avstero: calls $3.09
*** RIVER *** [Jc 8h Qs Kd] [4s]
avstero: checks 
jav94: bets $12.03
avstero: folds 
Uncalled bet ($12.03) returned to jav94
jav94 collected $10.05 from pot
*** SUMMARY ***
Total pot $10.58 | Rake $0.53 
Board [Jc 8h Qs Kd 4s]
Seat 1: z00mba folded before Flop (didn't bet)
Seat 2: CichiChanMarian folded before Flop (didn't bet)
Seat 3: XneferX (button) folded before Flop (didn't bet)
Seat 4: avstero (small blind) folded on the River
Seat 5: jav94 (big blind) collected ($10.05)
Seat 6: IREQO folded before Flop (didn't bet)



PokerStars Hand #254644765698:  Hold'em No Limit ($0.50/$1.00 USD) - 2025/01/31 23:17:13 WET [2025/01/31 18:17:13 ET]
Table 'Vanadis' 6-max Seat #4 is the button
Seat 1: z00mba ($106.50 in chips) 
Seat 2: CichiChanMarian ($100 in chips) 
Seat 3: XneferX ($168.02 in chips) 
Seat 4: avstero ($100 in chips) 
Seat 5: jav94 ($59.46 in chips) 
Seat 6: BGS013 ($100.88 in chips) 
jav94: posts small blind $0.50
BGS013: posts big blind $1
*** HOLE CARDS ***
z00mba: folds 
CichiChanMarian: raises $1.50 to $2.50
XneferX: folds 
avstero: folds 
jav94: calls $2
BGS013: calls $1.50
*** FLOP *** [Th 2s 3h]
jav94: checks 
BGS013: checks 
CichiChanMarian: checks 
*** TURN *** [Th 2s 3h] [9s]
jav94: checks 
BGS013: checks 
CichiChanMarian: checks 
*** RIVER *** [Th 2s 3h 9s] [Ks]
jav94: checks 
BGS013: checks 
CichiChanMarian: bets $5.34
jav94: calls $5.34
BGS013: folds 
*** SHOW DOWN ***
CichiChanMarian: shows [3d Kd] (two pair, Kings and Threes)
jav94: shows [Qs Jd] (a straight, Nine to King)
jav94 collected $17.27 from pot
*** SUMMARY ***
Total pot $18.18 | Rake $0.91 
Board [Th 2s 3h 9s Ks]
Seat 1: z00mba folded before Flop (didn't bet)
Seat 2: CichiChanMarian showed [3d Kd] and lost with two pair, Kings and Threes
Seat 3: XneferX folded before Flop (didn't bet)
Seat 4: avstero (button) folded before Flop (didn't bet)
Seat 5: jav94 (small blind) showed [Qs Jd] and won ($17.27) with a straight, Nine to King
Seat 6: BGS013 (big blind) folded on the River



PokerStars Hand #254644787421:  Hold'em No Limit ($0.50/$1.00 USD) - 2025/01/31 23:18:34 WET [2025/01/31 18:18:34 ET]
Table 'Vanadis' 6-max Seat #5 is the button
Seat 1: z00mba ($106.50 in chips) 
Seat 2: CichiChanMarian ($100 in chips) 
Seat 3: XneferX ($168.02 in chips) 
Seat 4: avstero ($100 in chips) 
Seat 5: jav94 ($68.89 in chips) 
Seat 6: BGS013 ($100 in chips) 
BGS013: posts small blind $0.50
z00mba: posts big blind $1
*** HOLE CARDS ***
CichiChanMarian: folds 
XneferX: folds 
avstero: folds 
jav94: calls $1
BGS013: raises $4 to $5
z00mba: folds 
jav94: folds 
Uncalled bet ($4) returned to BGS013
BGS013 collected $3 from pot
BGS013: doesn't show hand 
*** SUMMARY ***
Total pot $3 | Rake $0 
Seat 1: z00mba (big blind) folded before Flop
Seat 2: CichiChanMarian folded before Flop (didn't bet)
Seat 3: XneferX folded before Flop (didn't bet)
Seat 4: avstero folded before Flop (didn't bet)
Seat 5: jav94 (button) folded before Flop
Seat 6: BGS013 (small blind) collected ($3)



PokerStars Hand #254644799551:  Hold'em No Limit ($0.50/$1.00 USD) - 2025/01/31 23:19:19 WET [2025/01/31 18:19:19 ET]
Table 'Vanadis' 6-max Seat #6 is the button
Seat 1: z00mba ($105.50 in chips) 
Seat 2: CichiChanMarian ($100 in chips) 
Seat 3: XneferX ($168.02 in chips) 
Seat 4: avstero ($100 in chips) 
Seat 5: jav94 ($67.89 in chips) 
Seat 6: BGS013 ($102 in chips) 
z00mba: posts small blind $0.50
CichiChanMarian: posts big blind $1
*** HOLE CARDS ***
XneferX: folds 
avstero: raises $1.20 to $2.20
jav94: folds 
BGS013: folds 
z00mba: folds 
CichiChanMarian: calls $1.20
*** FLOP *** [9s 7h Th]
CichiChanMarian: checks 
avstero: bets $3.12
CichiChanMarian: folds 
Uncalled bet ($3.12) returned to avstero
avstero collected $4.66 from pot
avstero: doesn't show hand 
*** SUMMARY ***
Total pot $4.90 | Rake $0.24 
Board [9s 7h Th]
Seat 1: z00mba (small blind) folded before Flop
Seat 2: CichiChanMarian (big blind) folded on the Flop
Seat 3: XneferX folded before Flop (didn't bet)
Seat 4: avstero collected ($4.66)
Seat 5: jav94 folded before Flop (didn't bet)
Seat 6: BGS013 (button) folded before Flop (didn't bet)



PokerStars Hand #254644809724:  Hold'em No Limit ($0.50/$1.00 USD) - 2025/01/31 23:19:56 WET [2025/01/31 18:19:56 ET]
Table 'Vanadis' 6-max Seat #1 is the button
Seat 1: z00mba ($105 in chips) 
Seat 2: CichiChanMarian ($100 in chips) 
Seat 3: XneferX ($168.02 in chips) 
Seat 4: avstero ($102.46 in chips) 
Seat 5: jav94 ($67.89 in chips) 
Seat 6: BGS013 ($102 in chips) 
CichiChanMarian: posts small blind $0.50
XneferX: posts big blind $1
*** HOLE CARDS ***
avstero: folds 
jav94: calls $1
BGS013: folds 
z00mba: folds 
CichiChanMarian: folds 
XneferX: checks 
*** FLOP *** [7h Js Ac]
XneferX: checks 
jav94: checks 
*** TURN *** [7h Js Ac] [2h]
XneferX: checks 
jav94: bets $1
XneferX: folds 
Uncalled bet ($1) returned to jav94
jav94 collected $2.38 from pot
*** SUMMARY ***
Total pot $2.50 | Rake $0.12 
Board [7h Js Ac 2h]
Seat 1: z00mba (button) folded before Flop (didn't bet)
Seat 2: CichiChanMarian (small blind) folded before Flop
Seat 3: XneferX (big blind) folded on the Turn
Seat 4: avstero folded before Flop (didn't bet)
Seat 5: jav94 collected ($2.38)
Seat 6: BGS013 folded before Flop (didn't bet)



PokerStars Hand #254644818479:  Hold'em No Limit ($0.50/$1.00 USD) - 2025/01/31 23:20:28 WET [2025/01/31 18:20:28 ET]
Table 'Vanadis' 6-max Seat #2 is the button
Seat 1: z00mba ($105 in chips) 
Seat 2: CichiChanMarian ($100 in chips) 
Seat 3: XneferX ($167.02 in chips) 
Seat 4: avstero ($102.46 in chips) 
Seat 5: jav94 ($69.27 in chips) 
Seat 6: BGS013 ($102 in chips) 
XneferX: posts small blind $0.50
avstero: posts big blind $1
*** HOLE CARDS ***
jav94: folds 
BGS013: folds 
z00mba: folds 
CichiChanMarian: folds 
XneferX: folds 
Uncalled bet ($0.50) returned to avstero
avstero collected $1 from pot
avstero: doesn't show hand 
*** SUMMARY ***
Total pot $1 | Rake $0 
Seat 1: z00mba folded before Flop (didn't bet)
Seat 2: CichiChanMarian (button) folded before Flop (didn't bet)
Seat 3: XneferX (small blind) folded before Flop
Seat 4: avstero (big blind) collected ($1)
Seat 5: jav94 folded before Flop (didn't bet)
Seat 6: BGS013 folded before Flop (didn't bet)



PokerStars Hand #254644821602:  Hold'em No Limit ($0.50/$1.00 USD) - 2025/01/31 23:20:40 WET [2025/01/31 18:20:40 ET]
Table 'Vanadis' 6-max Seat #3 is the button
Seat 1: z00mba ($105 in chips) 
Seat 2: CichiChanMarian ($100 in chips) 
Seat 3: XneferX ($166.52 in chips) 
Seat 4: avstero ($102.96 in chips) 
Seat 5: jav94 ($69.27 in chips) 
Seat 6: BGS013 ($102 in chips) 
avstero: posts small blind $0.50
jav94: posts big blind $1
*** HOLE CARDS ***
BGS013: folds 
z00mba: folds 
CichiChanMarian: folds 
XneferX: folds 
avstero: raises $1.20 to $2.20
jav94: calls $1.20
*** FLOP *** [2s 9d 8c]
avstero: checks 
jav94: bets $2.09
avstero: folds 
Uncalled bet ($2.09) returned to jav94
jav94 collected $4.18 from pot
jav94: doesn't show hand 
*** SUMMARY ***
Total pot $4.40 | Rake $0.22 
Board [2s 9d 8c]
Seat 1: z00mba folded before Flop (didn't bet)
Seat 2: CichiChanMarian folded before Flop (didn't bet)
Seat 3: XneferX (button) folded before Flop (didn't bet)
Seat 4: avstero (small blind) folded on the Flop
Seat 5: jav94 (big blind) collected ($4.18)
Seat 6: BGS013 folded before Flop (didn't bet)



PokerStars Hand #254644835970:  Hold'em No Limit ($0.50/$1.00 USD) - 2025/01/31 23:21:33 WET [2025/01/31 18:21:33 ET]
Table 'Vanadis' 6-max Seat #4 is the button
Seat 1: z00mba ($105 in chips) 
Seat 2: CichiChanMarian ($100 in chips) 
Seat 3: XneferX ($166.52 in chips) 
Seat 4: avstero ($100.76 in chips) 
Seat 5: jav94 ($71.25 in chips) 
Seat 6: BGS013 ($102 in chips) 
jav94: posts small blind $0.50
BGS013: posts big blind $1
*** HOLE CARDS ***
z00mba: folds 
CichiChanMarian: folds 
XneferX: folds 
avstero: raises $1.20 to $2.20
jav94: folds 
BGS013: folds 
Uncalled bet ($1.20) returned to avstero
avstero collected $2.50 from pot
avstero: doesn't show hand 
*** SUMMARY ***
Total pot $2.50 | Rake $0 
Seat 1: z00mba folded before Flop (didn't bet)
Seat 2: CichiChanMarian folded before Flop (didn't bet)
Seat 3: XneferX folded before Flop (didn't bet)
Seat 4: avstero (button) collected ($2.50)
Seat 5: jav94 (small blind) folded before Flop
Seat 6: BGS013 (big blind) folded before Flop



PokerStars Hand #254644840417:  Hold'em No Limit ($0.50/$1.00 USD) - 2025/01/31 23:21:49 WET [2025/01/31 18:21:49 ET]
Table 'Vanadis' 6-max Seat #5 is the button
Seat 1: z00mba ($105 in chips) 
Seat 2: CichiChanMarian ($100 in chips) 
Seat 3: XneferX ($166.52 in chips) 
Seat 4: avstero ($102.26 in chips) 
Seat 5: jav94 ($70.75 in chips) 
Seat 6: BGS013 ($101 in chips) 
BGS013: posts small blind $0.50
z00mba: posts big blind $1
*** HOLE CARDS ***
CichiChanMarian: folds 
XneferX: folds 
avstero: folds 
jav94: calls $1
BGS013: raises $3.50 to $4.50
z00mba: folds 
jav94: calls $3.50
*** FLOP *** [4s 9s 8s]
BGS013: checks 
jav94: checks 
*** TURN *** [4s 9s 8s] [Js]
BGS013: checks 
jav94: checks 
*** RIVER *** [4s 9s 8s Js] [6d]
BGS013: checks 
jav94: bets $1
BGS013: calls $1
*** SHOW DOWN ***
jav94: shows [Jd 9d] (two pair, Jacks and Nines)
BGS013: mucks hand 
jav94 collected $11.40 from pot
*** SUMMARY ***
Total pot $12 | Rake $0.60 
Board [4s 9s 8s Js 6d]
Seat 1: z00mba (big blind) folded before Flop
Seat 2: CichiChanMarian folded before Flop (didn't bet)
Seat 3: XneferX folded before Flop (didn't bet)
Seat 4: avstero folded before Flop (didn't bet)
Seat 5: jav94 (button) showed [Jd 9d] and won ($11.40) with two pair, Jacks and Nines
Seat 6: BGS013 (small blind) mucked



PokerStars Hand #254644853519:  Hold'em No Limit ($0.50/$1.00 USD) - 2025/01/31 23:22:37 WET [2025/01/31 18:22:37 ET]
Table 'Vanadis' 6-max Seat #6 is the button
Seat 1: z00mba ($104 in chips) 
Seat 2: CichiChanMarian ($100 in chips) 
Seat 3: XneferX ($166.52 in chips) 
Seat 4: avstero ($102.26 in chips) 
Seat 5: jav94 ($76.65 in chips) 
Seat 6: BGS013 ($100 in chips) 
z00mba: posts small blind $0.50
CichiChanMarian: posts big blind $1
*** HOLE CARDS ***
XneferX: folds 
avstero: folds 
jav94: folds 
BGS013: raises $1.50 to $2.50
z00mba: folds 
CichiChanMarian: folds 
Uncalled bet ($1.50) returned to BGS013
BGS013 collected $2.50 from pot
BGS013: doesn't show hand 
*** SUMMARY ***
Total pot $2.50 | Rake $0 
Seat 1: z00mba (small blind) folded before Flop
Seat 2: CichiChanMarian (big blind) folded before Flop
Seat 3: XneferX folded before Flop (didn't bet)
Seat 4: avstero folded before Flop (didn't bet)
Seat 5: jav94 folded before Flop (didn't bet)
Seat 6: BGS013 (button) collected ($2.50)



PokerStars Hand #254644859278:  Hold'em No Limit ($0.50/$1.00 USD) - 2025/01/31 23:22:58 WET [2025/01/31 18:22:58 ET]
Table 'Vanadis' 6-max Seat #1 is the button
Seat 1: z00mba ($103.50 in chips) 
Seat 2: CichiChanMarian ($100 in chips) 
Seat 3: XneferX ($166.52 in chips) 
Seat 4: avstero ($102.26 in chips) 
Seat 5: jav94 ($76.65 in chips) 
Seat 6: BGS013 ($101.50 in chips) 
CichiChanMarian: posts small blind $0.50
XneferX: posts big blind $1
*** HOLE CARDS ***
avstero: raises $1.20 to $2.20
jav94: folds 
BGS013: folds 
z00mba: folds 
CichiChanMarian: folds 
XneferX: folds 
Uncalled bet ($1.20) returned to avstero
avstero collected $2.50 from pot
avstero: doesn't show hand 
*** SUMMARY ***
Total pot $2.50 | Rake $0 
Seat 1: z00mba (button) folded before Flop (didn't bet)
Seat 2: CichiChanMarian (small blind) folded before Flop
Seat 3: XneferX (big blind) folded before Flop
Seat 4: avstero collected ($2.50)
Seat 5: jav94 folded before Flop (didn't bet)
Seat 6: BGS013 folded before Flop (didn't bet)



PokerStars Hand #254644892688:  Hold'em No Limit ($0.50/$1.00 USD) - 2025/01/31 23:25:02 WET [2025/01/31 18:25:02 ET]
Table 'Vanadis' 6-max Seat #5 is the button
Seat 1: z00mba ($103.50 in chips) 
Seat 2: CichiChanMarian ($100 in chips) 
Seat 3: XneferX ($165.02 in chips) 
Seat 4: avstero ($102.26 in chips) 
Seat 5: jav94 ($80.92 in chips) 
Seat 6: BGS013 ($103 in chips) 
BGS013: posts small blind $0.50
z00mba: posts big blind $1
*** HOLE CARDS ***
CichiChanMarian: folds 
XneferX: folds 
avstero: folds 
jav94: folds 
BGS013: raises $2 to $3
z00mba: folds 
Uncalled bet ($2) returned to BGS013
BGS013 collected $2 from pot
BGS013: doesn't show hand 
*** SUMMARY ***
Total pot $2 | Rake $0 
Seat 1: z00mba (big blind) folded before Flop
Seat 2: CichiChanMarian folded before Flop (didn't bet)
Seat 3: XneferX folded before Flop (didn't bet)
Seat 4: avstero folded before Flop (didn't bet)
Seat 5: jav94 (button) folded before Flop (didn't bet)
Seat 6: BGS013 (small blind) collected ($2)



PokerStars Hand #254644896733:  Hold'em No Limit ($0.50/$1.00 USD) - 2025/01/31 23:25:16 WET [2025/01/31 18:25:16 ET]
Table 'Vanadis' 6-max Seat #6 is the button
Seat 1: z00mba ($102.50 in chips) 
Seat 2: CichiChanMarian ($100 in chips) 
Seat 3: XneferX ($165.02 in chips) 
Seat 4: avstero ($102.26 in chips) 
Seat 5: jav94 ($80.92 in chips) 
Seat 6: BGS013 ($104 in chips) 
z00mba: posts small blind $0.50
CichiChanMarian: posts big blind $1
*** HOLE CARDS ***
XneferX: raises $1.10 to $2.10
avstero: folds 
jav94: folds 
BGS013: folds 
z00mba: folds 
CichiChanMarian: folds 
Uncalled bet ($1.10) returned to XneferX
XneferX collected $2.50 from pot
XneferX: doesn't show hand 
*** SUMMARY ***
Total pot $2.50 | Rake $0 
Seat 1: z00mba (small blind) folded before Flop
Seat 2: CichiChanMarian (big blind) folded before Flop
Seat 3: XneferX collected ($2.50)
Seat 4: avstero folded before Flop (didn't bet)
Seat 5: jav94 folded before Flop (didn't bet)
Seat 6: BGS013 (button) folded before Flop (didn't bet)



PokerStars Hand #254644902711:  Hold'em No Limit ($0.50/$1.00 USD) - 2025/01/31 23:25:39 WET [2025/01/31 18:25:39 ET]
Table 'Vanadis' 6-max Seat #1 is the button
Seat 1: z00mba ($102 in chips) 
Seat 2: CichiChanMarian ($100 in chips) 
Seat 3: XneferX ($166.52 in chips) 
Seat 4: avstero ($102.26 in chips) 
Seat 5: jav94 ($80.92 in chips) 
Seat 6: BGS013 ($104 in chips) 
CichiChanMarian: posts small blind $0.50
XneferX: posts big blind $1
*** HOLE CARDS ***
avstero: folds 
jav94: folds 
BGS013: raises $1.50 to $2.50
z00mba: raises $5 to $7.50
CichiChanMarian: folds 
XneferX: folds 
BGS013: calls $5
*** FLOP *** [9h 7s 2d]
BGS013: checks 
z00mba: bets $5.02
BGS013: calls $5.02
*** TURN *** [9h 7s 2d] [Jc]
BGS013: checks 
z00mba: checks 
*** RIVER *** [9h 7s 2d Jc] [8c]
BGS013: bets $13.87
z00mba: folds 
Uncalled bet ($13.87) returned to BGS013
BGS013 collected $25.21 from pot
BGS013: doesn't show hand 
*** SUMMARY ***
Total pot $26.54 | Rake $1.33 
Board [9h 7s 2d Jc 8c]
Seat 1: z00mba (button) folded on the River
Seat 2: CichiChanMarian (small blind) folded before Flop
Seat 3: XneferX (big blind) folded before Flop
Seat 4: avstero folded before Flop (didn't bet)
Seat 5: jav94 folded before Flop (didn't bet)
Seat 6: BGS013 collected ($25.21)



PokerStars Hand #254644866105:  Hold'em No Limit ($0.50/$1.00 USD) - 2025/01/31 23:23:23 WET [2025/01/31 18:23:23 ET]
Table 'Vanadis' 6-max Seat #2 is the button
Seat 1: z00mba ($103.50 in chips) 
Seat 2: CichiChanMarian ($100 in chips) 
Seat 3: XneferX ($165.52 in chips) 
Seat 4: avstero ($103.76 in chips) 
Seat 5: jav94 ($76.65 in chips) 
Seat 6: BGS013 ($101.50 in chips) 
XneferX: posts small blind $0.50
avstero: posts big blind $1
*** HOLE CARDS ***
jav94: calls $1
BGS013: raises $3.50 to $4.50
z00mba: folds 
CichiChanMarian: folds 
XneferX: folds 
avstero: folds 
jav94: folds 
Uncalled bet ($3.50) returned to BGS013
BGS013 collected $3.50 from pot
BGS013: doesn't show hand 
*** SUMMARY ***
Total pot $3.50 | Rake $0 
Seat 1: z00mba folded before Flop (didn't bet)
Seat 2: CichiChanMarian (button) folded before Flop (didn't bet)
Seat 3: XneferX (small blind) folded before Flop
Seat 4: avstero (big blind) folded before Flop
Seat 5: jav94 folded before Flop
Seat 6: BGS013 collected ($3.50)



PokerStars Hand #254644872045:  Hold'em No Limit ($0.50/$1.00 USD) - 2025/01/31 23:23:45 WET [2025/01/31 18:23:45 ET]
Table 'Vanadis' 6-max Seat #3 is the button
Seat 1: z00mba ($103.50 in chips) 
Seat 2: CichiChanMarian ($100 in chips) 
Seat 3: XneferX ($165.02 in chips) 
Seat 4: avstero ($102.76 in chips) 
Seat 5: jav94 ($75.65 in chips) 
Seat 6: BGS013 ($104 in chips) 
avstero: posts small blind $0.50
jav94: posts big blind $1
*** HOLE CARDS ***
BGS013: folds 
z00mba: folds 
CichiChanMarian: raises $1.50 to $2.50
XneferX: folds 
avstero: folds 
jav94: calls $1.50
*** FLOP *** [Ah Jc 8d]
jav94: checks 
CichiChanMarian: bets $1.72
jav94: calls $1.72
*** TURN *** [Ah Jc 8d] [2h]
jav94: checks 
CichiChanMarian: checks 
*** RIVER *** [Ah Jc 8d 2h] [9s]
jav94: checks 
CichiChanMarian: checks 
*** SHOW DOWN ***
jav94: shows [8h Ac] (two pair, Aces and Eights)
CichiChanMarian: mucks hand 
jav94 collected $8.49 from pot
*** SUMMARY ***
Total pot $8.94 | Rake $0.45 
Board [Ah Jc 8d 2h 9s]
Seat 1: z00mba folded before Flop (didn't bet)
Seat 2: CichiChanMarian mucked
Seat 3: XneferX (button) folded before Flop (didn't bet)
Seat 4: avstero (small blind) folded before Flop
Seat 5: jav94 (big blind) showed [8h Ac] and won ($8.49) with two pair, Aces and Eights
Seat 6: BGS013 folded before Flop (didn't bet)



PokerStars Hand #254644885979:  Hold'em No Limit ($0.50/$1.00 USD) - 2025/01/31 23:24:37 WET [2025/01/31 18:24:37 ET]
Table 'Vanadis' 6-max Seat #4 is the button
Seat 1: z00mba ($103.50 in chips) 
Seat 2: CichiChanMarian ($100 in chips) 
Seat 3: XneferX ($165.02 in chips) 
Seat 4: avstero ($102.26 in chips) 
Seat 5: jav94 ($79.92 in chips) 
Seat 6: BGS013 ($104 in chips) 
jav94: posts small blind $0.50
BGS013: posts big blind $1
*** HOLE CARDS ***
z00mba: folds 
CichiChanMarian: folds 
XneferX: folds 
avstero: folds 
jav94: raises $1 to $2
BGS013: folds 
Uncalled bet ($1) returned to jav94
jav94 collected $2 from pot
jav94: doesn't show hand 
*** SUMMARY ***
Total pot $2 | Rake $0 
Seat 1: z00mba folded before Flop (didn't bet)
Seat 2: CichiChanMarian folded before Flop (didn't bet)
Seat 3: XneferX folded before Flop (didn't bet)
Seat 4: avstero (button) folded before Flop (didn't bet)
Seat 5: jav94 (small blind) collected ($2)
Seat 6: BGS013 (big blind) folded before Flop



PokerStars Hand #254644918501:  Hold'em No Limit ($0.50/$1.00 USD) - 2025/01/31 23:26:36 WET [2025/01/31 18:26:36 ET]
Table 'Vanadis' 6-max Seat #2 is the button
Seat 1: z00mba ($100 in chips) 
Seat 2: CichiChanMarian ($100 in chips) 
Seat 3: XneferX ($165.52 in chips) 
Seat 4: avstero ($102.26 in chips) 
Seat 5: jav94 ($80.92 in chips) 
Seat 6: BGS013 ($116.69 in chips) 
XneferX: posts small blind $0.50
avstero: posts big blind $1
*** HOLE CARDS ***
jav94: calls $1
BGS013: folds 
z00mba: folds 
CichiChanMarian: raises $3 to $4
XneferX: raises $8 to $12
avstero: folds 
jav94: folds 
CichiChanMarian: folds 
Uncalled bet ($8) returned to XneferX
XneferX collected $10 from pot
XneferX: doesn't show hand 
*** SUMMARY ***
Total pot $10 | Rake $0 
Seat 1: z00mba folded before Flop (didn't bet)
Seat 2: CichiChanMarian (button) folded before Flop
Seat 3: XneferX (small blind) collected ($10)
Seat 4: avstero (big blind) folded before Flop
Seat 5: jav94 folded before Flop
Seat 6: BGS013 folded before Flop (didn't bet)



PokerStars Hand #254644924983:  Hold'em No Limit ($0.50/$1.00 USD) - 2025/01/31 23:27:00 WET [2025/01/31 18:27:00 ET]
Table 'Vanadis' 6-max Seat #3 is the button
Seat 1: z00mba ($100 in chips) 
Seat 2: CichiChanMarian ($100 in chips) 
Seat 3: XneferX ($171.52 in chips) 
Seat 4: avstero ($101.26 in chips) 
Seat 5: jav94 ($79.92 in chips) 
Seat 6: BGS013 ($116.69 in chips) 
avstero: posts small blind $0.50
jav94: posts big blind $1
*** HOLE CARDS ***
BGS013: folds 
z00mba: raises $1.50 to $2.50
CichiChanMarian: folds 
XneferX: calls $2.50
avstero: folds 
jav94: folds 
*** FLOP *** [As Qd 2c]
z00mba: checks 
XneferX: checks 
*** TURN *** [As Qd 2c] [7c]
z00mba: checks 
XneferX: checks 
*** RIVER *** [As Qd 2c 7c] [2s]
z00mba: bets $3.03
XneferX: folds 
Uncalled bet ($3.03) returned to z00mba
z00mba collected $6.18 from pot
z00mba: doesn't show hand 
*** SUMMARY ***
Total pot $6.50 | Rake $0.32 
Board [As Qd 2c 7c 2s]
Seat 1: z00mba collected ($6.18)
Seat 2: CichiChanMarian folded before Flop (didn't bet)
Seat 3: XneferX (button) folded on the River
Seat 4: avstero (small blind) folded before Flop
Seat 5: jav94 (big blind) folded before Flop
Seat 6: BGS013 folded before Flop (didn't bet)



PokerStars Hand #254644948031:  Hold'em No Limit ($0.50/$1.00 USD) - 2025/01/31 23:28:25 WET [2025/01/31 18:28:25 ET]
Table 'Vanadis' 6-max Seat #4 is the button
Seat 1: z00mba ($103.68 in chips) 
Seat 2: CichiChanMarian ($100 in chips) 
Seat 3: XneferX ($169.02 in chips) 
Seat 4: avstero ($100.76 in chips) 
Seat 5: jav94 ($78.92 in chips) 
Seat 6: BGS013 ($116.69 in chips) 
jav94: posts small blind $0.50
BGS013: posts big blind $1
*** HOLE CARDS ***
z00mba: folds 
CichiChanMarian: folds 
XneferX: folds 
avstero: raises $1.20 to $2.20
jav94: folds 
BGS013: raises $9.80 to $12
avstero: folds 
Uncalled bet ($9.80) returned to BGS013
BGS013 collected $4.90 from pot
BGS013: doesn't show hand 
*** SUMMARY ***
Total pot $4.90 | Rake $0 
Seat 1: z00mba folded before Flop (didn't bet)
Seat 2: CichiChanMarian folded before Flop (didn't bet)
Seat 3: XneferX folded before Flop (didn't bet)
Seat 4: avstero (button) folded before Flop
Seat 5: jav94 (small blind) folded before Flop
Seat 6: BGS013 (big blind) collected ($4.90)



PokerStars Hand #254645272161:  Hold'em No Limit ($0.50/$1.00 USD) - 2025/01/31 23:49:04 WET [2025/01/31 18:49:04 ET]
Table 'Vanadis' 6-max Seat #4 is the button
Seat 3: Reesy24 ($18.49 in chips) 
Seat 4: m0nTTu ($10.50 in chips) 
Seat 5: z00mba ($100 in chips) 
z00mba: posts small blind $0.50
Reesy24: posts big blind $1
*** HOLE CARDS ***
m0nTTu: raises $9.50 to $10.50 and is all-in
z00mba: folds 
Reesy24: folds 
Uncalled bet ($9.50) returned to m0nTTu
m0nTTu collected $2.50 from pot
m0nTTu: doesn't show hand 
*** SUMMARY ***
Total pot $2.50 | Rake $0 
Seat 3: Reesy24 (big blind) folded before Flop
Seat 4: m0nTTu (button) collected ($2.50)
Seat 5: z00mba (small blind) folded before Flop



PokerStars Hand #254645275151:  Hold'em No Limit ($0.50/$1.00 USD) - 2025/01/31 23:49:16 WET [2025/01/31 18:49:16 ET]
Table 'Vanadis' 6-max Seat #5 is the button
Seat 3: Reesy24 ($17.49 in chips) 
Seat 4: m0nTTu ($12 in chips) 
Seat 5: z00mba ($100 in chips) 
Reesy24: posts small blind $0.50
m0nTTu: posts big blind $1
*** HOLE CARDS ***
An1an1 joins the table at seat #6 
z00mba: raises $1.50 to $2.50
XneferX joins the table at seat #1 
An1an1 leaves the table
Reesy24: folds 
m0nTTu: folds 
Uncalled bet ($1.50) returned to z00mba
z00mba collected $2.50 from pot
z00mba: doesn't show hand 
*** SUMMARY ***
Total pot $2.50 | Rake $0 
Seat 3: Reesy24 (small blind) folded before Flop
Seat 4: m0nTTu (big blind) folded before Flop
Seat 5: z00mba (button) collected ($2.50)



PokerStars Hand #254645279135:  Hold'em No Limit ($0.50/$1.00 USD) - 2025/01/31 23:49:32 WET [2025/01/31 18:49:32 ET]
Table 'Vanadis' 6-max Seat #3 is the button
Seat 1: XneferX ($323.73 in chips) is sitting out
Seat 3: Reesy24 ($16.99 in chips) 
Seat 4: m0nTTu ($11 in chips) 
Seat 5: z00mba ($101.50 in chips) 
m0nTTu: posts small blind $0.50
z00mba: posts big blind $1
XneferX: sits out 
*** HOLE CARDS ***
Reesy24: raises $2 to $3
m0nTTu: folds 
z00mba: folds 
Uncalled bet ($2) returned to Reesy24
Reesy24 collected $2.50 from pot
*** SUMMARY ***
Total pot $2.50 | Rake $0 
Seat 1: XneferX
Seat 3: Reesy24 (button) collected ($2.50)
Seat 4: m0nTTu (small blind) folded before Flop
Seat 5: z00mba (big blind) folded before Flop



PokerStars Hand #254645283785:  Hold'em No Limit ($0.50/$1.00 USD) - 2025/01/31 23:49:51 WET [2025/01/31 18:49:51 ET]
Table 'Vanadis' 6-max Seat #4 is the button
Seat 1: XneferX ($323.73 in chips) 
Seat 3: Reesy24 ($18.49 in chips) 
Seat 4: m0nTTu ($10.50 in chips) 
Seat 5: z00mba ($100.50 in chips) 
z00mba: posts small blind $0.50
XneferX: posts big blind $1
*** HOLE CARDS ***
Reesy24: calls $1
m0nTTu: folds 
z00mba: calls $0.50
XneferX: checks 
*** FLOP *** [7s 4d 4c]
z00mba: checks 
XneferX: checks 
Reesy24: checks 
*** TURN *** [7s 4d 4c] [Qd]
z00mba: bets $1.50
XneferX: calls $1.50
Reesy24: folds 
*** RIVER *** [7s 4d 4c Qd] [Jd]
z00mba: checks 
XneferX: checks 
*** SHOW DOWN ***
z00mba: shows [9h Qh] (two pair, Queens and Fours)
XneferX: mucks hand 
z00mba collected $5.70 from pot
*** SUMMARY ***
Total pot $6 | Rake $0.30 
Board [7s 4d 4c Qd Jd]
Seat 1: XneferX (big blind) mucked
Seat 3: Reesy24 folded on the Turn
Seat 4: m0nTTu (button) folded before Flop (didn't bet)
Seat 5: z00mba (small blind) showed [9h Qh] and won ($5.70) with two pair, Queens and Fours



PokerStars Hand #254645292890:  Hold'em No Limit ($0.50/$1.00 USD) - 2025/01/31 23:50:28 WET [2025/01/31 18:50:28 ET]
Table 'Vanadis' 6-max Seat #5 is the button
Seat 1: XneferX ($321.23 in chips) 
Seat 3: Reesy24 ($17.49 in chips) 
Seat 4: m0nTTu ($10.50 in chips) 
Seat 5: z00mba ($103.70 in chips) 
XneferX: posts small blind $0.50
Reesy24: posts big blind $1
*** HOLE CARDS ***
m0nTTu: folds 
z00mba: raises $1.50 to $2.50
XneferX: folds 
Reesy24: calls $1.50
*** FLOP *** [7s 2d Ks]
Reesy24: checks 
z00mba: bets $3
Reesy24: folds 
Uncalled bet ($3) returned to z00mba
z00mba collected $5.22 from pot
z00mba: doesn't show hand 
*** SUMMARY ***
Total pot $5.50 | Rake $0.28 
Board [7s 2d Ks]
Seat 1: XneferX (small blind) folded before Flop
Seat 3: Reesy24 (big blind) folded on the Flop
Seat 4: m0nTTu folded before Flop (didn't bet)
Seat 5: z00mba (button) collected ($5.22)



PokerStars Hand #254645301682:  Hold'em No Limit ($0.50/$1.00 USD) - 2025/01/31 23:51:03 WET [2025/01/31 18:51:03 ET]
Table 'Vanadis' 6-max Seat #1 is the button
Seat 1: XneferX ($320.73 in chips) 
Seat 3: Reesy24 ($14.99 in chips) 
Seat 4: m0nTTu ($10.50 in chips) 
Seat 5: z00mba ($106.42 in chips) 
Reesy24: posts small blind $0.50
m0nTTu: posts big blind $1
*** HOLE CARDS ***
Bjorn2608 joins the table at seat #6 
Bjorn2608 is disconnected 
z00mba: folds 
XneferX: folds 
Reesy24: raises $2 to $3
m0nTTu: folds 
Uncalled bet ($2) returned to Reesy24
Reesy24 collected $2 from pot
equilibrium_tv joins the table at seat #2 
*** SUMMARY ***
Total pot $2 | Rake $0 
Seat 1: XneferX (button) folded before Flop (didn't bet)
Seat 3: Reesy24 (small blind) collected ($2)
Seat 4: m0nTTu (big blind) folded before Flop
Seat 5: z00mba folded before Flop (didn't bet)



PokerStars Hand #254645305718:  Hold'em No Limit ($0.50/$1.00 USD) - 2025/01/31 23:51:20 WET [2025/01/31 18:51:20 ET]
Table 'Vanadis' 6-max Seat #3 is the button
Seat 2: equilibrium_tv ($10 in chips) is sitting out
Seat 6: Bjorn2608 ($78.82 in chips) is sitting out
Seat 1: XneferX ($320.73 in chips) 
Seat 3: Reesy24 ($15.99 in chips) 
Seat 4: m0nTTu ($10 in chips) 
Seat 5: z00mba ($106.42 in chips) 
m0nTTu: posts small blind $0.50
z00mba: posts big blind $1
Bjorn2608: sits out 
equilibrium_tv: sits out 
*** HOLE CARDS ***
XneferX: folds 
Reesy24: raises $1 to $2
m0nTTu: folds 
z00mba: calls $1
*** FLOP *** [Js Ac 7c]
z00mba: checks 
Reesy24: bets $2
z00mba: raises $12.09 to $14.09
Reesy24: folds 
Uncalled bet ($12.09) returned to z00mba
z00mba collected $8.08 from pot
z00mba: doesn't show hand 
*** SUMMARY ***
Total pot $8.50 | Rake $0.42 
Board [Js Ac 7c]
Seat 2: equilibrium_tv
Seat 6: Bjorn2608
Seat 1: XneferX folded before Flop (didn't bet)
Seat 3: Reesy24 (button) folded on the Flop
Seat 4: m0nTTu (small blind) folded before Flop
Seat 5: z00mba (big blind) collected ($8.08)



PokerStars Hand #254645314380:  Hold'em No Limit ($0.50/$1.00 USD) - 2025/01/31 23:51:55 WET [2025/01/31 18:51:55 ET]
Table 'Vanadis' 6-max Seat #4 is the button
Seat 2: equilibrium_tv ($10 in chips) is sitting out
Seat 1: XneferX ($320.73 in chips) 
Seat 3: Reesy24 ($11.99 in chips) 
Seat 4: m0nTTu ($100 in chips) 
Seat 5: z00mba ($110.50 in chips) 
Seat 6: Bjorn2608 ($78.82 in chips) 
z00mba: posts small blind $0.50
Bjorn2608: posts big blind $1
equilibrium_tv: sits out 
*** HOLE CARDS ***
XneferX: folds 
Reesy24: raises $1 to $2
m0nTTu: folds 
z00mba: raises $10 to $12
Bjorn2608: folds 
Reesy24: calls $9.99 and is all-in
Uncalled bet ($0.01) returned to z00mba
*** FLOP *** [9d Qd 5c]
*** TURN *** [9d Qd 5c] [8c]
*** RIVER *** [9d Qd 5c 8c] [7c]
*** SHOW DOWN ***
z00mba: shows [Qc Ks] (a pair of Queens)
Reesy24: shows [Jh Kh] (high card King)
z00mba collected $23.73 from pot
*** SUMMARY ***
Total pot $24.98 | Rake $1.25 
Board [9d Qd 5c 8c 7c]
Seat 2: equilibrium_tv
Seat 1: XneferX folded before Flop (didn't bet)
Seat 3: Reesy24 showed [Jh Kh] and lost with high card King
Seat 4: m0nTTu (button) folded before Flop (didn't bet)
Seat 5: z00mba (small blind) showed [Qc Ks] and won ($23.73) with a pair of Queens
Seat 6: Bjorn2608 (big blind) folded before Flop



PokerStars Hand #254645322077:  Hold'em No Limit ($0.50/$1.00 USD) - 2025/01/31 23:52:27 WET [2025/01/31 18:52:27 ET]
Table 'Vanadis' 6-max Seat #5 is the button
Seat 2: equilibrium_tv ($10 in chips) is sitting out
Seat 3: Reesy24 ($0 in chips) is sitting out
Seat 1: XneferX ($320.73 in chips) 
Seat 4: m0nTTu ($100 in chips) 
Seat 5: z00mba ($122.24 in chips) 
Seat 6: Bjorn2608 ($77.82 in chips) 
Bjorn2608: posts small blind $0.50
XneferX: posts big blind $1
equilibrium_tv: sits out 
*** HOLE CARDS ***
m0nTTu: raises $1.50 to $2.50
z00mba: folds 
Bjorn2608: calls $2
XneferX: folds 
*** FLOP *** [5s As 9s]
Bjorn2608: checks 
m0nTTu: checks 
*** TURN *** [5s As 9s] [9h]
Bjorn2608: checks 
m0nTTu: checks 
*** RIVER *** [5s As 9s 9h] [Th]
Bjorn2608: bets $1
m0nTTu: calls $1
*** SHOW DOWN ***
Bjorn2608: shows [3d 3c] (two pair, Nines and Threes)
m0nTTu: shows [8d 8s] (two pair, Nines and Eights)
m0nTTu collected $7.60 from pot
*** SUMMARY ***
Total pot $8 | Rake $0.40 
Board [5s As 9s 9h Th]
Seat 2: equilibrium_tv
Seat 3: Reesy24
Seat 1: XneferX (big blind) folded before Flop
Seat 4: m0nTTu showed [8d 8s] and won ($7.60) with two pair, Nines and Eights
Seat 5: z00mba (button) folded before Flop (didn't bet)
Seat 6: Bjorn2608 (small blind) showed [3d 3c] and lost with two pair, Nines and Threes



PokerStars Hand #254645330996:  Hold'em No Limit ($0.50/$1.00 USD) - 2025/01/31 23:53:04 WET [2025/01/31 18:53:04 ET]
Table 'Vanadis' 6-max Seat #6 is the button
Seat 3: Reesy24 ($0 in chips) is sitting out
Seat 1: XneferX ($319.73 in chips) 
Seat 2: equilibrium_tv ($10 in chips) 
Seat 4: m0nTTu ($104.10 in chips) 
Seat 5: z00mba ($122.24 in chips) 
Seat 6: Bjorn2608 ($74.32 in chips) 
XneferX: posts small blind $0.50
equilibrium_tv: posts big blind $1
*** HOLE CARDS ***
m0nTTu: folds 
z00mba: raises $1.50 to $2.50
Bjorn2608: folds 
XneferX: folds 
Reesy24 is disconnected 
equilibrium_tv: folds 
Uncalled bet ($1.50) returned to z00mba
z00mba collected $2.50 from pot
z00mba: doesn't show hand 
*** SUMMARY ***
Total pot $2.50 | Rake $0 
Seat 3: Reesy24
Seat 1: XneferX (small blind) folded before Flop
Seat 2: equilibrium_tv (big blind) folded before Flop
Seat 4: m0nTTu folded before Flop (didn't bet)
Seat 5: z00mba collected ($2.50)
Seat 6: Bjorn2608 (button) folded before Flop (didn't bet)



PokerStars Hand #254645339303:  Hold'em No Limit ($0.50/$1.00 USD) - 2025/01/31 23:53:38 WET [2025/01/31 18:53:38 ET]
Table 'Vanadis' 6-max Seat #1 is the button
Seat 3: Reesy24 ($0 in chips) is sitting out
Seat 1: XneferX ($319.23 in chips) 
Seat 2: equilibrium_tv ($75 in chips) 
Seat 4: m0nTTu ($104.10 in chips) 
Seat 5: z00mba ($123.74 in chips) 
Seat 6: Bjorn2608 ($74.32 in chips) 
equilibrium_tv: posts small blind $0.50
m0nTTu: posts big blind $1
*** HOLE CARDS ***
z00mba: folds 
Bjorn2608: folds 
Bjorn2608 leaves the table
CichiChanMarian joins the table at seat #6 
CichiChanMarian leaves the table
XneferX: folds 
equilibrium_tv: folds 
Uncalled bet ($0.50) returned to m0nTTu
m0nTTu collected $1 from pot
m0nTTu: doesn't show hand 
*** SUMMARY ***
Total pot $1 | Rake $0 
Seat 3: Reesy24
Seat 1: XneferX (button) folded before Flop (didn't bet)
Seat 2: equilibrium_tv (small blind) folded before Flop
Seat 4: m0nTTu (big blind) collected ($1)
Seat 5: z00mba folded before Flop (didn't bet)
Seat 6: Bjorn2608 folded before Flop (didn't bet)



PokerStars Hand #254645344405:  Hold'em No Limit ($0.50/$1.00 USD) - 2025/01/31 23:54:00 WET [2025/01/31 18:54:00 ET]
Table 'Vanadis' 6-max Seat #2 is the button
Seat 3: Reesy24 ($0 in chips) is sitting out
Seat 1: XneferX ($319.23 in chips) 
Seat 2: equilibrium_tv ($74.50 in chips) 
Seat 4: m0nTTu ($104.60 in chips) 
Seat 5: z00mba ($123.74 in chips) 
m0nTTu: posts small blind $0.50
z00mba: posts big blind $1
*** HOLE CARDS ***
XneferX: raises $1.30 to $2.30
equilibrium_tv: folds 
m0nTTu: folds 
z00mba: folds 
Uncalled bet ($1.30) returned to XneferX
XneferX collected $2.50 from pot
XneferX: doesn't show hand 
*** SUMMARY ***
Total pot $2.50 | Rake $0 
Seat 3: Reesy24
Seat 1: XneferX collected ($2.50)
Seat 2: equilibrium_tv (button) folded before Flop (didn't bet)
Seat 4: m0nTTu (small blind) folded before Flop
Seat 5: z00mba (big blind) folded before Flop



PokerStars Hand #254644957110:  Hold'em No Limit ($0.50/$1.00 USD) - 2025/01/31 23:28:59 WET [2025/01/31 18:28:59 ET]
Table 'Vanadis' 6-max Seat #5 is the button
Seat 1: z00mba ($103.68 in chips) 
Seat 2: CichiChanMarian ($100 in chips) 
Seat 3: XneferX ($169.02 in chips) 
Seat 4: avstero ($100 in chips) 
Seat 5: jav94 ($78.42 in chips) 
Seat 6: BGS013 ($119.39 in chips) 
BGS013: posts small blind $0.50
z00mba: posts big blind $1
*** HOLE CARDS ***
CichiChanMarian: folds 
XneferX: folds 
avstero: folds 
jav94: folds 
BGS013: folds 
Uncalled bet ($0.50) returned to z00mba
z00mba collected $1 from pot
z00mba: doesn't show hand 
*** SUMMARY ***
Total pot $1 | Rake $0 
Seat 1: z00mba (big blind) collected ($1)
Seat 2: CichiChanMarian folded before Flop (didn't bet)
Seat 3: XneferX folded before Flop (didn't bet)
Seat 4: avstero folded before Flop (didn't bet)
Seat 5: jav94 (button) folded before Flop (didn't bet)
Seat 6: BGS013 (small blind) folded before Flop



PokerStars Hand #254644961080:  Hold'em No Limit ($0.50/$1.00 USD) - 2025/01/31 23:29:14 WET [2025/01/31 18:29:14 ET]
Table 'Vanadis' 6-max Seat #6 is the button
Seat 1: z00mba ($104.18 in chips) 
Seat 2: CichiChanMarian ($100 in chips) 
Seat 3: XneferX ($169.02 in chips) 
Seat 4: avstero ($100 in chips) 
Seat 5: jav94 ($78.42 in chips) 
Seat 6: BGS013 ($118.89 in chips) 
z00mba: posts small blind $0.50
CichiChanMarian: posts big blind $1
*** HOLE CARDS ***
XneferX: folds 
avstero: folds 
jav94: folds 
BGS013: folds 
z00mba: raises $2 to $3
CichiChanMarian: calls $2
*** FLOP *** [Jh 9d 2c]
z00mba: checks 
CichiChanMarian: bets $1.88
z00mba: calls $1.88
*** TURN *** [Jh 9d 2c] [2s]
z00mba: checks 
CichiChanMarian: bets $6.95
z00mba: folds 
Uncalled bet ($6.95) returned to CichiChanMarian
CichiChanMarian collected $9.27 from pot
CichiChanMarian: doesn't show hand 
*** SUMMARY ***
Total pot $9.76 | Rake $0.49 
Board [Jh 9d 2c 2s]
Seat 1: z00mba (small blind) folded on the Turn
Seat 2: CichiChanMarian (big blind) collected ($9.27)
Seat 3: XneferX folded before Flop (didn't bet)
Seat 4: avstero folded before Flop (didn't bet)
Seat 5: jav94 folded before Flop (didn't bet)
Seat 6: BGS013 (button) folded before Flop (didn't bet)



PokerStars Hand #254644989212:  Hold'em No Limit ($0.50/$1.00 USD) - 2025/01/31 23:31:00 WET [2025/01/31 18:31:00 ET]
Table 'Vanadis' 6-max Seat #1 is the button
Seat 1: z00mba ($100 in chips) 
Seat 2: CichiChanMarian ($104.39 in chips) 
Seat 3: XneferX ($169.02 in chips) 
Seat 4: avstero ($100 in chips) 
Seat 5: jav94 ($78.42 in chips) 
Seat 6: BGS013 ($118.89 in chips) 
CichiChanMarian: posts small blind $0.50
XneferX: posts big blind $1
*** HOLE CARDS ***
avstero: folds 
jav94: calls $1
BGS013: raises $3.50 to $4.50
z00mba: folds 
CichiChanMarian: folds 
XneferX: folds 
jav94: calls $3.50
*** FLOP *** [6d 8c Jh]
jav94: checks 
BGS013: bets $2.59
jav94: calls $2.59
*** TURN *** [6d 8c Jh] [Kh]
jav94: checks 
BGS013: bets $11.62
jav94: folds 
Uncalled bet ($11.62) returned to BGS013
BGS013 collected $14.90 from pot
BGS013: doesn't show hand 
*** SUMMARY ***
Total pot $15.68 | Rake $0.78 
Board [6d 8c Jh Kh]
Seat 1: z00mba (button) folded before Flop (didn't bet)
Seat 2: CichiChanMarian (small blind) folded before Flop
Seat 3: XneferX (big blind) folded before Flop
Seat 4: avstero folded before Flop (didn't bet)
Seat 5: jav94 folded on the Turn
Seat 6: BGS013 collected ($14.90)



PokerStars Hand #254645007565:  Hold'em No Limit ($0.50/$1.00 USD) - 2025/01/31 23:32:09 WET [2025/01/31 18:32:09 ET]
Table 'Vanadis' 6-max Seat #2 is the button
Seat 1: z00mba ($100 in chips) 
Seat 2: CichiChanMarian ($103.89 in chips) 
Seat 3: XneferX ($168.02 in chips) 
Seat 4: avstero ($100 in chips) 
Seat 5: jav94 ($71.33 in chips) 
Seat 6: BGS013 ($126.70 in chips) 
XneferX: posts small blind $0.50
avstero: posts big blind $1
*** HOLE CARDS ***
jav94: calls $1
BGS013: folds 
z00mba: folds 
CichiChanMarian: raises $3 to $4
XneferX: folds 
avstero: raises $10 to $14
jav94: folds 
CichiChanMarian: folds 
Uncalled bet ($10) returned to avstero
avstero collected $9.50 from pot
avstero: doesn't show hand 
*** SUMMARY ***
Total pot $9.50 | Rake $0 
Seat 1: z00mba folded before Flop (didn't bet)
Seat 2: CichiChanMarian (button) folded before Flop
Seat 3: XneferX (small blind) folded before Flop
Seat 4: avstero (big blind) collected ($9.50)
Seat 5: jav94 folded before Flop
Seat 6: BGS013 folded before Flop (didn't bet)



PokerStars Hand #254645020296:  Hold'em No Limit ($0.50/$1.00 USD) - 2025/01/31 23:32:56 WET [2025/01/31 18:32:56 ET]
Table 'Vanadis' 6-max Seat #3 is the button
Seat 1: z00mba ($100 in chips) 
Seat 2: CichiChanMarian ($100 in chips) 
Seat 3: XneferX ($167.52 in chips) 
Seat 4: avstero ($105.50 in chips) 
Seat 5: jav94 ($70.33 in chips) 
Seat 6: BGS013 ($126.70 in chips) 
avstero: posts small blind $0.50
jav94: posts big blind $1
*** HOLE CARDS ***
BGS013: folds 
z00mba: folds 
CichiChanMarian: raises $1.50 to $2.50
XneferX: calls $2.50
avstero: folds 
jav94: calls $1.50
*** FLOP *** [3s 5c 7h]
jav94: checks 
CichiChanMarian: checks 
XneferX: bets $3.88
jav94: calls $3.88
CichiChanMarian: folds 
*** TURN *** [3s 5c 7h] [Th]
jav94: checks 
XneferX: checks 
*** RIVER *** [3s 5c 7h Th] [8d]
jav94: bets $11.49
XneferX: calls $11.49
*** SHOW DOWN ***
jav94: shows [2h Ah] (high card Ace)
XneferX: shows [9s 9d] (a pair of Nines)
XneferX collected $36.80 from pot
*** SUMMARY ***
Total pot $38.74 | Rake $1.94 
Board [3s 5c 7h Th 8d]
Seat 1: z00mba folded before Flop (didn't bet)
Seat 2: CichiChanMarian folded on the Flop
Seat 3: XneferX (button) showed [9s 9d] and won ($36.80) with a pair of Nines
Seat 4: avstero (small blind) folded before Flop
Seat 5: jav94 (big blind) showed [2h Ah] and lost with high card Ace
Seat 6: BGS013 folded before Flop (didn't bet)



PokerStars Hand #254645038060:  Hold'em No Limit ($0.50/$1.00 USD) - 2025/01/31 23:34:03 WET [2025/01/31 18:34:03 ET]
Table 'Vanadis' 6-max Seat #4 is the button
Seat 1: z00mba ($100 in chips) 
Seat 2: CichiChanMarian ($100 in chips) 
Seat 3: XneferX ($186.45 in chips) 
Seat 4: avstero ($105 in chips) 
Seat 5: jav94 ($52.46 in chips) 
Seat 6: BGS013 ($126.70 in chips) 
jav94: posts small blind $0.50
BGS013: posts big blind $1
*** HOLE CARDS ***
z00mba: folds 
CichiChanMarian: folds 
XneferX: folds 
avstero: folds 
jav94: raises $1 to $2
BGS013: calls $1
*** FLOP *** [9h As 8h]
jav94: checks 
BGS013: checks 
*** TURN *** [9h As 8h] [2s]
jav94: checks 
BGS013: bets $2.96
jav94: calls $2.96
*** RIVER *** [9h As 8h 2s] [4s]
jav94: checks 
BGS013: checks 
*** SHOW DOWN ***
jav94: shows [5h Qh] (high card Ace)
BGS013: shows [3d 4d] (a pair of Fours)
BGS013 collected $9.42 from pot
*** SUMMARY ***
Total pot $9.92 | Rake $0.50 
Board [9h As 8h 2s 4s]
Seat 1: z00mba folded before Flop (didn't bet)
Seat 2: CichiChanMarian folded before Flop (didn't bet)
Seat 3: XneferX folded before Flop (didn't bet)
Seat 4: avstero (button) folded before Flop (didn't bet)
Seat 5: jav94 (small blind) showed [5h Qh] and lost with high card Ace
Seat 6: BGS013 (big blind) showed [3d 4d] and won ($9.42) with a pair of Fours



PokerStars Hand #254645047413:  Hold'em No Limit ($0.50/$1.00 USD) - 2025/01/31 23:34:38 WET [2025/01/31 18:34:38 ET]
Table 'Vanadis' 6-max Seat #5 is the button
Seat 1: z00mba ($100 in chips) 
Seat 2: CichiChanMarian ($100 in chips) 
Seat 3: XneferX ($186.45 in chips) 
Seat 4: avstero ($105 in chips) 
Seat 5: jav94 ($47.50 in chips) 
Seat 6: BGS013 ($131.16 in chips) 
BGS013: posts small blind $0.50
z00mba: posts big blind $1
*** HOLE CARDS ***
CichiChanMarian: folds 
XneferX: raises $1.10 to $2.10
avstero: raises $4.90 to $7
jav94: raises $17.60 to $24.60
BGS013: folds 
z00mba: folds 
XneferX: calls $22.50
avstero: raises $80.40 to $105 and is all-in
jav94: calls $22.90 and is all-in
XneferX: calls $80.40
*** FLOP *** [4c 5c Kh]
*** TURN *** [4c 5c Kh] [3d]
*** RIVER *** [4c 5c Kh 3d] [Jc]
*** SHOW DOWN ***
XneferX: shows [Ac As] (a pair of Aces)
avstero: shows [Ah Kc] (a pair of Kings)
jav94: shows [Qc Ad] (high card Ace)
XneferX cashed out the hand for $225.29 | Cash Out Fee $4.60
*** SUMMARY ***
Total pot $259 Main pot $141.50. Side pot $115. | Rake $2.50 
Board [4c 5c Kh 3d Jc]
Seat 1: z00mba (big blind) folded before Flop
Seat 2: CichiChanMarian folded before Flop (didn't bet)
Seat 3: XneferX showed [Ac As] and won ($256.50) with a pair of Aces (pot not awarded as player cashed out)
Seat 4: avstero showed [Ah Kc] and lost with a pair of Kings
Seat 5: jav94 (button) showed [Qc Ad] and lost with high card Ace
Seat 6: BGS013 (small blind) folded before Flop



PokerStars Hand #254645071999:  Hold'em No Limit ($0.50/$1.00 USD) - 2025/01/31 23:36:11 WET [2025/01/31 18:36:11 ET]
Table 'Vanadis' 6-max Seat #6 is the button
Seat 5: jav94 ($0 in chips) is sitting out
Seat 1: z00mba ($100 in chips) 
Seat 2: CichiChanMarian ($100 in chips) 
Seat 3: XneferX ($306.74 in chips) 
Seat 4: avstero ($100 in chips) 
Seat 6: BGS013 ($130.66 in chips) 
z00mba: posts small blind $0.50
CichiChanMarian: posts big blind $1
*** HOLE CARDS ***
XneferX: folds 
avstero: raises $1.20 to $2.20
jav94 is disconnected 
BGS013: raises $5.80 to $8
z00mba: folds 
CichiChanMarian: folds 
avstero: folds 
Uncalled bet ($5.80) returned to BGS013
BGS013 collected $5.90 from pot
BGS013: doesn't show hand 
*** SUMMARY ***
Total pot $5.90 | Rake $0 
Seat 5: jav94
Seat 1: z00mba (small blind) folded before Flop
Seat 2: CichiChanMarian (big blind) folded before Flop
Seat 3: XneferX folded before Flop (didn't bet)
Seat 4: avstero folded before Flop
Seat 6: BGS013 (button) collected ($5.90)



PokerStars Hand #254645077578:  Hold'em No Limit ($0.50/$1.00 USD) - 2025/01/31 23:36:32 WET [2025/01/31 18:36:32 ET]
Table 'Vanadis' 6-max Seat #1 is the button
Seat 5: jav94 ($0 in chips) is sitting out
Seat 1: z00mba ($100 in chips) 
Seat 2: CichiChanMarian ($100 in chips) 
Seat 3: XneferX ($306.74 in chips) 
Seat 4: avstero ($100 in chips) 
Seat 6: BGS013 ($134.36 in chips) 
CichiChanMarian: posts small blind $0.50
XneferX: posts big blind $1
*** HOLE CARDS ***
avstero: folds 
BGS013: folds 
BGS013 leaves the table
z00mba: folds 
CichiChanMarian: folds 
Uncalled bet ($0.50) returned to XneferX
XneferX collected $1 from pot
XneferX: doesn't show hand 
*** SUMMARY ***
Total pot $1 | Rake $0 
Seat 5: jav94
Seat 1: z00mba (button) folded before Flop (didn't bet)
Seat 2: CichiChanMarian (small blind) folded before Flop
Seat 3: XneferX (big blind) collected ($1)
Seat 4: avstero folded before Flop (didn't bet)
Seat 6: BGS013 folded before Flop (didn't bet)



PokerStars Hand #254645082591:  Hold'em No Limit ($0.50/$1.00 USD) - 2025/01/31 23:36:50 WET [2025/01/31 18:36:50 ET]
Table 'Vanadis' 6-max Seat #2 is the button
Seat 4: avstero ($100 in chips) is sitting out
Seat 5: jav94 ($0 in chips) is sitting out
Seat 1: z00mba ($100 in chips) 
Seat 2: CichiChanMarian ($100 in chips) 
Seat 3: XneferX ($307.24 in chips) 
XneferX: posts small blind $0.50
avstero: is sitting out 
z00mba: posts big blind $1
*** HOLE CARDS ***
avstero leaves the table
CichiChanMarian: raises $1.50 to $2.50
XneferX: folds 
z00mba: folds 
Uncalled bet ($1.50) returned to CichiChanMarian
CichiChanMarian collected $2.50 from pot
CichiChanMarian: doesn't show hand 
*** SUMMARY ***
Total pot $2.50 | Rake $0 
Seat 4: avstero
Seat 5: jav94
Seat 1: z00mba (big blind) folded before Flop
Seat 2: CichiChanMarian (button) collected ($2.50)
Seat 3: XneferX (small blind) folded before Flop



PokerStars Hand #254645085415:  Hold'em No Limit ($0.50/$1.00 USD) - 2025/01/31 23:37:01 WET [2025/01/31 18:37:01 ET]
Table 'Vanadis' 6-max Seat #3 is the button
Seat 5: jav94 ($0 in chips) is sitting out
Seat 1: z00mba ($100 in chips) 
Seat 2: CichiChanMarian ($101.50 in chips) 
Seat 3: XneferX ($306.74 in chips) 
z00mba: posts small blind $0.50
CichiChanMarian: posts big blind $1
*** HOLE CARDS ***
XneferX: raises $1.77 to $2.77
z00mba: raises $8.73 to $11.50
CichiChanMarian: folds 
XneferX: raises $12.50 to $24
z00mba: folds 
Uncalled bet ($12.50) returned to XneferX
XneferX collected $24 from pot
XneferX: doesn't show hand 
*** SUMMARY ***
Total pot $24 | Rake $0 
Seat 5: jav94
Seat 1: z00mba (small blind) folded before Flop
Seat 2: CichiChanMarian (big blind) folded before Flop
Seat 3: XneferX (button) collected ($24)



PokerStars Hand #254645146004:  Hold'em No Limit ($0.50/$1.00 USD) - 2025/01/31 23:40:50 WET [2025/01/31 18:40:50 ET]
Table 'Vanadis' 6-max Seat #4 is the button
Seat 5: jav94 ($0 in chips) is sitting out
Seat 3: tico-tico331 ($10.40 in chips) 
Seat 4: m0nTTu ($10 in chips) 
Seat 6: XneferX ($319.24 in chips) 
XneferX: posts small blind $0.50
tico-tico331: posts big blind $1
*** HOLE CARDS ***
m0nTTu: folds 
XneferX: folds 
Uncalled bet ($0.50) returned to tico-tico331
tico-tico331 collected $1 from pot
*** SUMMARY ***
Total pot $1 | Rake $0 
Seat 5: jav94
Seat 3: tico-tico331 (big blind) collected ($1)
Seat 4: m0nTTu (button) folded before Flop (didn't bet)
Seat 6: XneferX (small blind) folded before Flop



PokerStars Hand #254645151283:  Hold'em No Limit ($0.50/$1.00 USD) - 2025/01/31 23:41:10 WET [2025/01/31 18:41:10 ET]
Table 'Vanadis' 6-max Seat #6 is the button
Seat 5: jav94 ($0 in chips) is sitting out
Seat 3: tico-tico331 ($10.90 in chips) 
Seat 4: m0nTTu ($10 in chips) 
Seat 6: XneferX ($318.74 in chips) 
tico-tico331: posts small blind $0.50
m0nTTu: posts big blind $1
*** HOLE CARDS ***
XneferX: raises $1.77 to $2.77
tico-tico331: folds 
m0nTTu: folds 
Uncalled bet ($1.77) returned to XneferX
XneferX collected $2.50 from pot
XneferX: doesn't show hand 
*** SUMMARY ***
Total pot $2.50 | Rake $0 
Seat 5: jav94
Seat 3: tico-tico331 (small blind) folded before Flop
Seat 4: m0nTTu (big blind) folded before Flop
Seat 6: XneferX (button) collected ($2.50)



PokerStars Hand #254645158398:  Hold'em No Limit ($0.50/$1.00 USD) - 2025/01/31 23:41:38 WET [2025/01/31 18:41:38 ET]
Table 'Vanadis' 6-max Seat #3 is the button
Seat 5: jav94 ($0 in chips) is sitting out
Seat 3: tico-tico331 ($10.40 in chips) 
Seat 4: m0nTTu ($10 in chips) 
Seat 6: XneferX ($320.24 in chips) 
m0nTTu: posts small blind $0.50
XneferX: posts big blind $1
*** HOLE CARDS ***
tico-tico331: folds 
m0nTTu: folds 
Uncalled bet ($0.50) returned to XneferX
XneferX collected $1 from pot
XneferX: doesn't show hand 
*** SUMMARY ***
Total pot $1 | Rake $0 
Seat 5: jav94
Seat 3: tico-tico331 (button) folded before Flop (didn't bet)
Seat 4: m0nTTu (small blind) folded before Flop
Seat 6: XneferX (big blind) collected ($1)



PokerStars Hand #254645162349:  Hold'em No Limit ($0.50/$1.00 USD) - 2025/01/31 23:41:53 WET [2025/01/31 18:41:53 ET]
Table 'Vanadis' 6-max Seat #4 is the button
Seat 5: jav94 ($0 in chips) is sitting out
Seat 3: tico-tico331 ($10.40 in chips) 
Seat 4: m0nTTu ($10 in chips) 
Seat 6: XneferX ($320.74 in chips) 
XneferX: posts small blind $0.50
tico-tico331: posts big blind $1
*** HOLE CARDS ***
m0nTTu: raises $9 to $10 and is all-in
XneferX: raises $9 to $19
tico-tico331: folds 
Uncalled bet ($9) returned to XneferX
*** FLOP *** [Ks 9s 9d]
*** TURN *** [Ks 9s 9d] [8d]
*** RIVER *** [Ks 9s 9d 8d] [Jh]
*** SHOW DOWN ***
XneferX: shows [Ad Kd] (two pair, Kings and Nines)
m0nTTu: shows [Qs Jd] (two pair, Jacks and Nines)
XneferX cashed out the hand for $12.99 | Cash Out Fee $0.26
*** SUMMARY ***
Total pot $21 | Rake $1 
Board [Ks 9s 9d 8d Jh]
Seat 5: jav94
Seat 3: tico-tico331 (big blind) folded before Flop
Seat 4: m0nTTu (button) showed [Qs Jd] and lost with two pair, Jacks and Nines
Seat 6: XneferX (small blind) showed [Ad Kd] and won ($20) with two pair, Kings and Nines (pot not awarded as player cashed out)



PokerStars Hand #254645168233:  Hold'em No Limit ($0.50/$1.00 USD) - 2025/01/31 23:42:15 WET [2025/01/31 18:42:15 ET]
Table 'Vanadis' 6-max Seat #6 is the button
Seat 5: jav94 ($0 in chips) is sitting out
Seat 3: tico-tico331 ($9.40 in chips) 
Seat 4: m0nTTu ($10 in chips) 
Seat 6: XneferX ($323.73 in chips) 
tico-tico331: posts small blind $0.50
m0nTTu: posts big blind $1
*** HOLE CARDS ***
XneferX: folds 
tico-tico331: calls $0.50
XneferX leaves the table
m0nTTu: checks 
*** FLOP *** [9s 4h Jc]
tico-tico331: bets $1.90
m0nTTu: raises $7.10 to $9 and is all-in
tico-tico331: folds 
Uncalled bet ($7.10) returned to m0nTTu
m0nTTu collected $5.51 from pot
m0nTTu: doesn't show hand 
*** SUMMARY ***
Total pot $5.80 | Rake $0.29 
Board [9s 4h Jc]
Seat 5: jav94
Seat 3: tico-tico331 (small blind) folded on the Flop
Seat 4: m0nTTu (big blind) collected ($5.51)
Seat 6: XneferX (button) folded before Flop (didn't bet)



PokerStars Hand #254645175787:  Hold'em No Limit ($0.50/$1.00 USD) - 2025/01/31 23:42:45 WET [2025/01/31 18:42:45 ET]
Table 'Vanadis' 6-max Seat #4 is the button
Seat 5: jav94 ($0 in chips) is sitting out
Seat 3: tico-tico331 ($6.50 in chips) 
Seat 4: m0nTTu ($12.61 in chips) 
m0nTTu: posts small blind $0.50
tico-tico331: posts big blind $1
*** HOLE CARDS ***
m0nTTu: raises $11.61 to $12.61 and is all-in
tico-tico331: calls $5.50 and is all-in
Uncalled bet ($6.11) returned to m0nTTu
*** FLOP *** [As 6c Tc]
*** TURN *** [As 6c Tc] [Ks]
*** RIVER *** [As 6c Tc Ks] [9d]
*** SHOW DOWN ***
tico-tico331: shows [Qs Qd] (a pair of Queens)
m0nTTu: shows [Qc 4c] (high card Ace)
tico-tico331 collected $12.35 from pot
*** SUMMARY ***
Total pot $13 | Rake $0.65 
Board [As 6c Tc Ks 9d]
Seat 5: jav94
Seat 3: tico-tico331 (big blind) showed [Qs Qd] and won ($12.35) with a pair of Queens
Seat 4: m0nTTu (button) (small blind) showed [Qc 4c] and lost with high card Ace



PokerStars Hand #254645180692:  Hold'em No Limit ($0.50/$1.00 USD) - 2025/01/31 23:43:03 WET [2025/01/31 18:43:03 ET]
Table 'Vanadis' 6-max Seat #3 is the button
Seat 5: jav94 ($0 in chips) is sitting out
Seat 3: tico-tico331 ($12.35 in chips) 
Seat 4: m0nTTu ($10 in chips) 
tico-tico331: posts small blind $0.50
m0nTTu: posts big blind $1
*** HOLE CARDS ***
tico-tico331: folds 
Uncalled bet ($0.50) returned to m0nTTu
tico-tico331 leaves the table
m0nTTu collected $1 from pot
m0nTTu: doesn't show hand 
*** SUMMARY ***
Total pot $1 | Rake $0 
Seat 5: jav94
Seat 3: tico-tico331 (button) (small blind) folded before Flop
Seat 4: m0nTTu (big blind) collected ($1)



