PokerStars Hand #254641773277:  Hold'em No Limit ($0.50/$1.00 USD) - 2025/01/31 20:24:20 WET [2025/01/31 15:24:20 ET]
Table 'Field' 6-max Seat #1 is the button
Seat 1: aoish30 ($100 in chips) 
Seat 4: Kunmadalin ($13.75 in chips) 
Seat 5: paramourx ($111.75 in chips) 
Seat 6: IREQO ($102.50 in chips) 
Kunmadalin: posts small blind $0.50
paramourx: posts big blind $1
*** HOLE CARDS ***
IREQO: folds 
aoish30: raises $1.50 to $2.50
Kunmadalin: folds 
paramourx: folds 
Uncalled bet ($1.50) returned to aoish30
aoish30 collected $2.50 from pot
aoish30: doesn't show hand 
*** SUMMARY ***
Total pot $2.50 | Rake $0 
Seat 1: aoish30 (button) collected ($2.50)
Seat 4: Kunmadalin (small blind) folded before Flop
Seat 5: paramourx (big blind) folded before Flop
Seat 6: IREQO folded before Flop (didn't bet)



PokerStars Hand #254641780708:  Hold'em No Limit ($0.50/$1.00 USD) - 2025/01/31 20:24:45 WET [2025/01/31 15:24:45 ET]
Table 'Field' 6-max Seat #4 is the button
Seat 1: aoish30 ($101.50 in chips) 
Seat 4: Kunmadalin ($13.25 in chips) 
Seat 5: paramourx ($110.75 in chips) 
Seat 6: IREQO ($102.50 in chips) 
paramourx: posts small blind $0.50
IREQO: posts big blind $1
*** HOLE CARDS ***
aoish30: folds 
Kunmadalin: folds 
paramourx: folds 
Uncalled bet ($0.50) returned to IREQO
IREQO collected $1 from pot
IREQO: doesn't show hand 
*** SUMMARY ***
Total pot $1 | Rake $0 
Seat 1: aoish30 folded before Flop (didn't bet)
Seat 4: Kunmadalin (button) folded before Flop (didn't bet)
Seat 5: paramourx (small blind) folded before Flop
Seat 6: IREQO (big blind) collected ($1)



PokerStars Hand #254641783349:  Hold'em No Limit ($0.50/$1.00 USD) - 2025/01/31 20:24:54 WET [2025/01/31 15:24:54 ET]
Table 'Field' 6-max Seat #5 is the button
Seat 1: aoish30 ($101.50 in chips) 
Seat 4: Kunmadalin ($13.25 in chips) 
Seat 5: paramourx ($110.25 in chips) 
Seat 6: IREQO ($103 in chips) 
IREQO: posts small blind $0.50
aoish30: posts big blind $1
*** HOLE CARDS ***
Kunmadalin: raises $12.25 to $13.25 and is all-in
paramourx: folds 
IREQO: folds 
aoish30: calls $12.25
*** FLOP *** [9s Js Ks]
*** TURN *** [9s Js Ks] [Td]
*** RIVER *** [9s Js Ks Td] [6d]
alkingst joins the table at seat #2 
alkingst is disconnected 
*** SHOW DOWN ***
aoish30: shows [Tc Ad] (a pair of Tens)
Kunmadalin: shows [7s 7c] (a pair of Sevens)
aoish30 collected $26 from pot
*** SUMMARY ***
Total pot $27 | Rake $1 
Board [9s Js Ks Td 6d]
Seat 1: aoish30 (big blind) showed [Tc Ad] and won ($26) with a pair of Tens
Seat 4: Kunmadalin showed [7s 7c] and lost with a pair of Sevens
Seat 5: paramourx (button) folded before Flop (didn't bet)
Seat 6: IREQO (small blind) folded before Flop



PokerStars Hand #254641790977:  Hold'em No Limit ($0.50/$1.00 USD) - 2025/01/31 20:25:19 WET [2025/01/31 15:25:19 ET]
Table 'Field' 6-max Seat #6 is the button
Seat 4: Kunmadalin ($0 in chips) is sitting out
Seat 1: aoish30 ($114.25 in chips) 
Seat 2: alkingst ($10 in chips) 
Seat 5: paramourx ($110.25 in chips) 
Seat 6: IREQO ($102.50 in chips) 
aoish30: posts small blind $0.50
alkingst: posts big blind $1
*** HOLE CARDS ***
paramourx: folds 
IREQO has timed out
IREQO: folds 
aoish30: raises $2 to $3
TheAveiro joins the table at seat #3 
alkingst: raises $7 to $10 and is all-in
aoish30: folds 
Uncalled bet ($7) returned to alkingst
alkingst collected $6 from pot
TheAveiro leaves the table
*** SUMMARY ***
Total pot $6 | Rake $0 
Seat 4: Kunmadalin
Seat 1: aoish30 (small blind) folded before Flop
Seat 2: alkingst (big blind) collected ($6)
Seat 5: paramourx folded before Flop (didn't bet)
Seat 6: IREQO (button) folded before Flop (didn't bet)



PokerStars Hand #254641798826:  Hold'em No Limit ($0.50/$1.00 USD) - 2025/01/31 20:25:46 WET [2025/01/31 15:25:46 ET]
Table 'Field' 6-max Seat #1 is the button
Seat 4: Kunmadalin ($0 in chips) is sitting out
Seat 6: IREQO ($102.50 in chips) is sitting out
Seat 1: aoish30 ($111.25 in chips) 
Seat 2: alkingst ($13 in chips) 
Seat 5: paramourx ($110.25 in chips) 
alkingst: posts small blind $0.50
paramourx: posts big blind $1
*** HOLE CARDS ***
aoish30: folds 
alkingst: folds 
Uncalled bet ($0.50) returned to paramourx
IREQO leaves the table
paramourx collected $1 from pot
paramourx: doesn't show hand 
*** SUMMARY ***
Total pot $1 | Rake $0 
Seat 4: Kunmadalin
Seat 6: IREQO
Seat 1: aoish30 (button) folded before Flop (didn't bet)
Seat 2: alkingst (small blind) folded before Flop
Seat 5: paramourx (big blind) collected ($1)



PokerStars Hand #254641801580:  Hold'em No Limit ($0.50/$1.00 USD) - 2025/01/31 20:25:55 WET [2025/01/31 15:25:55 ET]
Table 'Field' 6-max Seat #5 is the button
Seat 1: aoish30 ($111.25 in chips) is sitting out
Seat 4: Kunmadalin ($0 in chips) is sitting out
Seat 2: alkingst ($12.50 in chips) 
Seat 5: paramourx ($110.75 in chips) 
paramourx: posts small blind $0.50
aoish30: is sitting out 
alkingst: posts big blind $1
*** HOLE CARDS ***
aoish30 leaves the table
paramourx: calls $0.50
alkingst: checks 
*** FLOP *** [Td 7d Qh]
alkingst: checks 
paramourx: checks 
*** TURN *** [Td 7d Qh] [6h]
alkingst: checks 
Kunmadalin is disconnected 
paramourx: checks 
*** RIVER *** [Td 7d Qh 6h] [6s]
alkingst: checks 
paramourx: checks 
*** SHOW DOWN ***
alkingst: shows [5d Kc] (a pair of Sixes)
paramourx: shows [Ah 3s] (a pair of Sixes - Ace kicker)
paramourx collected $1.90 from pot
*** SUMMARY ***
Total pot $2 | Rake $0.10 
Board [Td 7d Qh 6h 6s]
Seat 1: aoish30
Seat 4: Kunmadalin
Seat 2: alkingst (big blind) showed [5d Kc] and lost with a pair of Sixes
Seat 5: paramourx (button) (small blind) showed [Ah 3s] and won ($1.90) with a pair of Sixes



