PokerStars Hand #254642548831:  Hold'em No Limit ($0.50/$1.00 USD) - 2025/01/31 21:09:18 WET [2025/01/31 16:09:18 ET]
Table 'Thetis' 6-max Seat #5 is the button
Seat 1: Nazareno1999 ($100 in chips) 
Seat 3: sta$igk ($100 in chips) 
Seat 5: nikalas22 ($100 in chips) 
Nazareno1999: posts small blind $0.50
sta$igk: posts big blind $1
*** HOLE CARDS ***
nikalas22: raises $1.50 to $2.50
Nazareno1999: folds 
sta$igk: folds 
Uncalled bet ($1.50) returned to nikalas22
nikalas22 collected $2.50 from pot
nikalas22: doesn't show hand 
*** SUMMARY ***
Total pot $2.50 | Rake $0 
Seat 1: Nazareno1999 (small blind) folded before Flop
Seat 3: sta$igk (big blind) folded before Flop
Seat 5: nikalas22 (button) collected ($2.50)



PokerStars Hand #254642553867:  Hold'em No Limit ($0.50/$1.00 USD) - 2025/01/31 21:09:35 WET [2025/01/31 16:09:35 ET]
Table 'Thetis' 6-max Seat #1 is the button
Seat 1: Nazareno1999 ($100 in chips) 
Seat 3: sta$igk ($100 in chips) 
Seat 5: nikalas22 ($101.50 in chips) 
sta$igk: posts small blind $0.50
nikalas22: posts big blind $1
*** HOLE CARDS ***
Nazareno1999: raises $1.20 to $2.20
sta$igk: folds 
nikalas22: folds 
Uncalled bet ($1.20) returned to Nazareno1999
Nazareno1999 collected $2.50 from pot
Nazareno1999: doesn't show hand 
*** SUMMARY ***
Total pot $2.50 | Rake $0 
Seat 1: Nazareno1999 (button) collected ($2.50)
Seat 3: sta$igk (small blind) folded before Flop
Seat 5: nikalas22 (big blind) folded before Flop



PokerStars Hand #254642558135:  Hold'em No Limit ($0.50/$1.00 USD) - 2025/01/31 21:09:49 WET [2025/01/31 16:09:49 ET]
Table 'Thetis' 6-max Seat #3 is the button
Seat 1: Nazareno1999 ($101.50 in chips) 
Seat 3: sta$igk ($100 in chips) 
Seat 5: nikalas22 ($100.50 in chips) 
nikalas22: posts small blind $0.50
Nazareno1999: posts big blind $1
*** HOLE CARDS ***
sta$igk: raises $1.50 to $2.50
nikalas22: folds 
Nazareno1999: calls $1.50
*** FLOP *** [5c 7c 6d]
Nazareno1999: checks 
sta$igk: checks 
*** TURN *** [5c 7c 6d] [2d]
Nazareno1999: bets $3.42
sta$igk: calls $3.42
*** RIVER *** [5c 7c 6d 2d] [4s]
Nazareno1999: bets $8.79
sta$igk: folds 
Uncalled bet ($8.79) returned to Nazareno1999
Nazareno1999 collected $11.72 from pot
Nazareno1999: doesn't show hand 
*** SUMMARY ***
Total pot $12.34 | Rake $0.62 
Board [5c 7c 6d 2d 4s]
Seat 1: Nazareno1999 (big blind) collected ($11.72)
Seat 3: sta$igk (button) folded on the River
Seat 5: nikalas22 (small blind) folded before Flop



PokerStars Hand #254642576285:  Hold'em No Limit ($0.50/$1.00 USD) - 2025/01/31 21:10:47 WET [2025/01/31 16:10:47 ET]
Table 'Thetis' 6-max Seat #1 is the button
Seat 3: sta$igk ($100 in chips) is sitting out
Seat 1: Nazareno1999 ($107.30 in chips) 
Seat 5: nikalas22 ($100 in chips) 
Nazareno1999: posts small blind $0.50
sta$igk: is sitting out 
nikalas22: posts big blind $1
*** HOLE CARDS ***
sta$igk leaves the table
Nazareno1999: raises $1.20 to $2.20
nikalas22: calls $1.20
*** FLOP *** [Ts 2h Kc]
nikalas22: checks 
Nazareno1999: bets $1.05
nikalas22: raises $3.14 to $4.19
Nazareno1999: folds 
Uncalled bet ($3.14) returned to nikalas22
nikalas22 collected $6.18 from pot
nikalas22: doesn't show hand 
*** SUMMARY ***
Total pot $6.50 | Rake $0.32 
Board [Ts 2h Kc]
Seat 3: sta$igk
Seat 1: Nazareno1999 (button) (small blind) folded on the Flop
Seat 5: nikalas22 (big blind) collected ($6.18)



