PokerStars Hand #254641636104:  Hold'em No Limit ($0.50/$1.00 USD) - 2025/01/31 20:16:44 WET [2025/01/31 15:16:44 ET]
Table 'Leo II' 6-max Seat #1 is the button
Seat 1: aoish30 ($100 in chips) 
Seat 2: I TAKE IT 85 ($100 in chips) 
Seat 5: BenCampbel10 ($100 in chips) 
I TAKE IT 85: posts small blind $0.50
S3MPR3IGUAL joins the table at seat #3 
BenCampbel10: posts big blind $1
*** HOLE CARDS ***
worker0k joins the table at seat #4 
aoish30: folds 
I TAKE IT 85: raises $2 to $3
BenCampbel10: folds 
Uncalled bet ($2) returned to I TAKE IT 85
I TAKE IT 85 collected $2 from pot
I TAKE IT 85: doesn't show hand 
*** SUMMARY ***
Total pot $2 | Rake $0 
Seat 1: aoish30 (button) folded before Flop (didn't bet)
Seat 2: I TAKE IT 85 (small blind) collected ($2)
Seat 5: BenCampbel10 (big blind) folded before Flop



PokerStars Hand #254641639921:  Hold'em No Limit ($0.50/$1.00 USD) - 2025/01/31 20:16:57 WET [2025/01/31 15:16:57 ET]
Table 'Leo II' 6-max Seat #2 is the button
Seat 3: S3MPR3IGUAL ($100 in chips) is sitting out
Seat 4: worker0k ($100 in chips) is sitting out
Seat 1: aoish30 ($100 in chips) 
Seat 2: I TAKE IT 85 ($101 in chips) 
Seat 5: BenCampbel10 ($100 in chips) 
BenCampbel10: posts small blind $0.50
aoish30: posts big blind $1
*** HOLE CARDS ***
I TAKE IT 85: raises $1.05 to $2.05
BenCampbel10: folds 
aoish30: folds 
Uncalled bet ($1.05) returned to I TAKE IT 85
I TAKE IT 85 collected $2.50 from pot
I TAKE IT 85: doesn't show hand 
*** SUMMARY ***
Total pot $2.50 | Rake $0 
Seat 3: S3MPR3IGUAL
Seat 4: worker0k
Seat 1: aoish30 (big blind) folded before Flop
Seat 2: I TAKE IT 85 (button) collected ($2.50)
Seat 5: BenCampbel10 (small blind) folded before Flop



PokerStars Hand #254641642871:  Hold'em No Limit ($0.50/$1.00 USD) - 2025/01/31 20:17:07 WET [2025/01/31 15:17:07 ET]
Table 'Leo II' 6-max Seat #5 is the button
Seat 3: S3MPR3IGUAL ($100 in chips) is sitting out
Seat 4: worker0k ($100 in chips) is sitting out
Seat 1: aoish30 ($100 in chips) 
Seat 2: I TAKE IT 85 ($102.50 in chips) 
Seat 5: BenCampbel10 ($100 in chips) 
aoish30: posts small blind $0.50
I TAKE IT 85: posts big blind $1
S3MPR3IGUAL: sits out 
worker0k: sits out 
*** HOLE CARDS ***
BenCampbel10: folds 
aoish30: folds 
Uncalled bet ($0.50) returned to I TAKE IT 85
I TAKE IT 85 collected $1 from pot
I TAKE IT 85: doesn't show hand 
*** SUMMARY ***
Total pot $1 | Rake $0 
Seat 3: S3MPR3IGUAL
Seat 4: worker0k
Seat 1: aoish30 (small blind) folded before Flop
Seat 2: I TAKE IT 85 (big blind) collected ($1)
Seat 5: BenCampbel10 (button) folded before Flop (didn't bet)



PokerStars Hand #254641645773:  Hold'em No Limit ($0.50/$1.00 USD) - 2025/01/31 20:17:16 WET [2025/01/31 15:17:16 ET]
Table 'Leo II' 6-max Seat #1 is the button
Seat 4: worker0k ($100 in chips) is sitting out
Seat 1: aoish30 ($100 in chips) 
Seat 2: I TAKE IT 85 ($103 in chips) 
Seat 3: S3MPR3IGUAL ($100 in chips) 
Seat 5: BenCampbel10 ($100 in chips) 
I TAKE IT 85: posts small blind $0.50
S3MPR3IGUAL: posts big blind $1
worker0k: sits out 
*** HOLE CARDS ***
BenCampbel10: raises $1 to $2
crist_89870 joins the table at seat #6 
aoish30: folds 
I TAKE IT 85: folds 
S3MPR3IGUAL: folds 
Uncalled bet ($1) returned to BenCampbel10
BenCampbel10 collected $2.50 from pot
*** SUMMARY ***
Total pot $2.50 | Rake $0 
Seat 4: worker0k
Seat 1: aoish30 (button) folded before Flop (didn't bet)
Seat 2: I TAKE IT 85 (small blind) folded before Flop
Seat 3: S3MPR3IGUAL (big blind) folded before Flop
Seat 5: BenCampbel10 collected ($2.50)



PokerStars Hand #254641649050:  Hold'em No Limit ($0.50/$1.00 USD) - 2025/01/31 20:17:27 WET [2025/01/31 15:17:27 ET]
Table 'Leo II' 6-max Seat #2 is the button
Seat 6: crist_89870 ($100 in chips) is sitting out
Seat 1: aoish30 ($100 in chips) 
Seat 2: I TAKE IT 85 ($102.50 in chips) 
Seat 3: S3MPR3IGUAL ($100 in chips) 
Seat 4: worker0k ($100 in chips) 
Seat 5: BenCampbel10 ($101.50 in chips) 
S3MPR3IGUAL: posts small blind $0.50
worker0k: posts big blind $1
crist_89870: sits out 
*** HOLE CARDS ***
BenCampbel10: folds 
aoish30: folds 
I TAKE IT 85: raises $1.05 to $2.05
S3MPR3IGUAL: folds 
worker0k: raises $7.95 to $10
I TAKE IT 85: folds 
Uncalled bet ($7.95) returned to worker0k
S3MPR3IGUAL leaves the table
worker0k collected $4.60 from pot
*** SUMMARY ***
Total pot $4.60 | Rake $0 
Seat 6: crist_89870
Seat 1: aoish30 folded before Flop (didn't bet)
Seat 2: I TAKE IT 85 (button) folded before Flop
Seat 3: S3MPR3IGUAL (small blind) folded before Flop
Seat 4: worker0k (big blind) collected ($4.60)
Seat 5: BenCampbel10 folded before Flop (didn't bet)



PokerStars Hand #254641654784:  Hold'em No Limit ($0.50/$1.00 USD) - 2025/01/31 20:17:47 WET [2025/01/31 15:17:47 ET]
Table 'Leo II' 6-max Seat #4 is the button
Seat 1: aoish30 ($100 in chips) 
Seat 2: I TAKE IT 85 ($100.45 in chips) 
Seat 4: worker0k ($102.55 in chips) 
Seat 5: BenCampbel10 ($101.50 in chips) 
Seat 6: crist_89870 ($100 in chips) 
BenCampbel10: posts small blind $0.50
crist_89870: posts big blind $1
*** HOLE CARDS ***
aoish30: raises $1.10 to $2.10
I TAKE IT 85: folds 
worker0k: folds 
BenCampbel10: folds 
crist_89870: folds 
Uncalled bet ($1.10) returned to aoish30
aoish30 collected $2.50 from pot
aoish30: doesn't show hand 
*** SUMMARY ***
Total pot $2.50 | Rake $0 
Seat 1: aoish30 collected ($2.50)
Seat 2: I TAKE IT 85 folded before Flop (didn't bet)
Seat 4: worker0k (button) folded before Flop (didn't bet)
Seat 5: BenCampbel10 (small blind) folded before Flop
Seat 6: crist_89870 (big blind) folded before Flop



PokerStars Hand #254641658150:  Hold'em No Limit ($0.50/$1.00 USD) - 2025/01/31 20:17:58 WET [2025/01/31 15:17:58 ET]
Table 'Leo II' 6-max Seat #5 is the button
Seat 1: aoish30 ($101.50 in chips) 
Seat 2: I TAKE IT 85 ($100.45 in chips) 
Seat 4: worker0k ($102.55 in chips) 
Seat 5: BenCampbel10 ($101 in chips) 
Seat 6: crist_89870 ($100 in chips) 
crist_89870: posts small blind $0.50
aoish30: posts big blind $1
*** HOLE CARDS ***
I TAKE IT 85: raises $1.05 to $2.05
worker0k: folds 
BenCampbel10: folds 
crist_89870: raises $7.45 to $9.50
aoish30: folds 
I TAKE IT 85: folds 
Uncalled bet ($7.45) returned to crist_89870
crist_89870 collected $5.10 from pot
crist_89870: doesn't show hand 
*** SUMMARY ***
Total pot $5.10 | Rake $0 
Seat 1: aoish30 (big blind) folded before Flop
Seat 2: I TAKE IT 85 folded before Flop
Seat 4: worker0k folded before Flop (didn't bet)
Seat 5: BenCampbel10 (button) folded before Flop (didn't bet)
Seat 6: crist_89870 (small blind) collected ($5.10)



PokerStars Hand #254641666393:  Hold'em No Limit ($0.50/$1.00 USD) - 2025/01/31 20:18:25 WET [2025/01/31 15:18:25 ET]
Table 'Leo II' 6-max Seat #6 is the button
Seat 2: I TAKE IT 85 ($100 in chips) is sitting out
Seat 4: worker0k ($102.55 in chips) is sitting out
Seat 1: aoish30 ($100.50 in chips) 
Seat 5: BenCampbel10 ($101 in chips) 
Seat 6: crist_89870 ($103.05 in chips) 
aoish30: posts small blind $0.50
I TAKE IT 85: is sitting out 
worker0k: is sitting out 
BenCampbel10: posts big blind $1
*** HOLE CARDS ***
I TAKE IT 85 leaves the table
crist_89870: raises $1.50 to $2.50
worker0k leaves the table
aoish30: raises $10.50 to $13
BenCampbel10: folds 
crist_89870: folds 
Uncalled bet ($10.50) returned to aoish30
crist_89870 leaves the table
aoish30 collected $6 from pot
aoish30: doesn't show hand 
*** SUMMARY ***
Total pot $6 | Rake $0 
Seat 2: I TAKE IT 85
Seat 4: worker0k
Seat 1: aoish30 (small blind) collected ($6)
Seat 5: BenCampbel10 (big blind) folded before Flop
Seat 6: crist_89870 (button) folded before Flop



