PokerStars Hand #254637779503:  Hold'em No Limit ($0.50/$1.00 USD) - 2025/01/31 15:53:02 WET [2025/01/31 10:53:02 ET]
Table 'Schedar' 6-max Seat #1 is the button
Seat 1: easy_sarcasm ($102 in chips) 
Seat 2: Yoalfre ($102 in chips) 
Seat 3: steepfell ($114.68 in chips) 
Seat 4: Poker9803 ($100 in chips) 
Seat 5: YeeesMan ($100 in chips) 
Seat 6: serginho323 ($87.93 in chips) 
Yoalfre: posts small blind $0.50
steepfell: posts big blind $1
*** HOLE CARDS ***
Poker9803: raises $1.50 to $2.50
YeeesMan: folds 
serginho323: folds 
easy_sarcasm: folds 
Yoalfre: folds 
steepfell: raises $8.50 to $11
Poker9803: folds 
Uncalled bet ($8.50) returned to steepfell
steepfell collected $5.50 from pot
steepfell: doesn't show hand 
*** SUMMARY ***
Total pot $5.50 | Rake $0 
Seat 1: easy_sarcasm (button) folded before Flop (didn't bet)
Seat 2: Yoalfre (small blind) folded before Flop
Seat 3: steepfell (big blind) collected ($5.50)
Seat 4: Poker9803 folded before Flop
Seat 5: YeeesMan folded before Flop (didn't bet)
Seat 6: serginho323 folded before Flop (didn't bet)



PokerStars Hand #254637785465:  Hold'em No Limit ($0.50/$1.00 USD) - 2025/01/31 15:53:30 WET [2025/01/31 10:53:30 ET]
Table 'Schedar' 6-max Seat #2 is the button
Seat 1: easy_sarcasm ($102 in chips) 
Seat 2: Yoalfre ($101.50 in chips) 
Seat 3: steepfell ($117.68 in chips) 
Seat 4: Poker9803 ($100 in chips) 
Seat 5: YeeesMan ($100 in chips) 
Seat 6: serginho323 ($87.93 in chips) 
steepfell: posts small blind $0.50
Poker9803: posts big blind $1
*** HOLE CARDS ***
YeeesMan: raises $1.50 to $2.50
serginho323: folds 
easy_sarcasm: folds 
Yoalfre: folds 
steepfell: folds 
Poker9803: folds 
Uncalled bet ($1.50) returned to YeeesMan
YeeesMan collected $2.50 from pot
YeeesMan: doesn't show hand 
*** SUMMARY ***
Total pot $2.50 | Rake $0 
Seat 1: easy_sarcasm folded before Flop (didn't bet)
Seat 2: Yoalfre (button) folded before Flop (didn't bet)
Seat 3: steepfell (small blind) folded before Flop
Seat 4: Poker9803 (big blind) folded before Flop
Seat 5: YeeesMan collected ($2.50)
Seat 6: serginho323 folded before Flop (didn't bet)



PokerStars Hand #254637791634:  Hold'em No Limit ($0.50/$1.00 USD) - 2025/01/31 15:53:59 WET [2025/01/31 10:53:59 ET]
Table 'Schedar' 6-max Seat #3 is the button
Seat 1: easy_sarcasm ($102 in chips) 
Seat 2: Yoalfre ($101.50 in chips) 
Seat 3: steepfell ($117.18 in chips) 
Seat 4: Poker9803 ($100 in chips) 
Seat 5: YeeesMan ($101.50 in chips) 
Seat 6: serginho323 ($87.93 in chips) 
Poker9803: posts small blind $0.50
YeeesMan: posts big blind $1
*** HOLE CARDS ***
serginho323: folds 
easy_sarcasm: folds 
Yoalfre: folds 
steepfell: folds 
Poker9803: folds 
Uncalled bet ($0.50) returned to YeeesMan
YeeesMan collected $1 from pot
YeeesMan: doesn't show hand 
*** SUMMARY ***
Total pot $1 | Rake $0 
Seat 1: easy_sarcasm folded before Flop (didn't bet)
Seat 2: Yoalfre folded before Flop (didn't bet)
Seat 3: steepfell (button) folded before Flop (didn't bet)
Seat 4: Poker9803 (small blind) folded before Flop
Seat 5: YeeesMan (big blind) collected ($1)
Seat 6: serginho323 folded before Flop (didn't bet)



PokerStars Hand #254637794401:  Hold'em No Limit ($0.50/$1.00 USD) - 2025/01/31 15:54:13 WET [2025/01/31 10:54:13 ET]
Table 'Schedar' 6-max Seat #4 is the button
Seat 1: easy_sarcasm ($102 in chips) 
Seat 2: Yoalfre ($101.50 in chips) 
Seat 3: steepfell ($117.18 in chips) 
Seat 4: Poker9803 ($100 in chips) 
Seat 5: YeeesMan ($102 in chips) 
Seat 6: serginho323 ($87.93 in chips) 
YeeesMan: posts small blind $0.50
serginho323: posts big blind $1
*** HOLE CARDS ***
easy_sarcasm: raises $2 to $3
Yoalfre: folds 
steepfell: folds 
Poker9803: folds 
YeeesMan: folds 
serginho323: calls $2
*** FLOP *** [9d Kd Ts]
serginho323: checks 
easy_sarcasm: bets $3.09
serginho323: calls $3.09
*** TURN *** [9d Kd Ts] [8c]
serginho323: checks 
easy_sarcasm: checks 
*** RIVER *** [9d Kd Ts 8c] [Ks]
serginho323: checks 
easy_sarcasm: checks 
*** SHOW DOWN ***
serginho323: shows [4c 9c] (two pair, Kings and Nines)
easy_sarcasm: mucks hand 
serginho323 collected $12.05 from pot
*** SUMMARY ***
Total pot $12.68 | Rake $0.63 
Board [9d Kd Ts 8c Ks]
Seat 1: easy_sarcasm mucked
Seat 2: Yoalfre folded before Flop (didn't bet)
Seat 3: steepfell folded before Flop (didn't bet)
Seat 4: Poker9803 (button) folded before Flop (didn't bet)
Seat 5: YeeesMan (small blind) folded before Flop
Seat 6: serginho323 (big blind) showed [4c 9c] and won ($12.05) with two pair, Kings and Nines



PokerStars Hand #254637801511:  Hold'em No Limit ($0.50/$1.00 USD) - 2025/01/31 15:54:45 WET [2025/01/31 10:54:45 ET]
Table 'Schedar' 6-max Seat #5 is the button
Seat 1: easy_sarcasm ($100 in chips) 
Seat 2: Yoalfre ($101.50 in chips) 
Seat 3: steepfell ($117.18 in chips) 
Seat 4: Poker9803 ($100 in chips) 
Seat 5: YeeesMan ($101.50 in chips) 
Seat 6: serginho323 ($93.89 in chips) 
serginho323: posts small blind $0.50
easy_sarcasm: posts big blind $1
*** HOLE CARDS ***
Yoalfre: folds 
steepfell: folds 
Poker9803: folds 
YeeesMan: folds 
serginho323: calls $0.50
easy_sarcasm: raises $3.50 to $4.50
serginho323: calls $3.50
*** FLOP *** [8h Qs Qh]
serginho323: checks 
easy_sarcasm: checks 
*** TURN *** [8h Qs Qh] [9c]
serginho323: checks 
easy_sarcasm: bets $5.50
serginho323: calls $5.50
*** RIVER *** [8h Qs Qh 9c] [7s]
serginho323: checks 
easy_sarcasm: bets $9.50
serginho323: calls $9.50
*** SHOW DOWN ***
easy_sarcasm: shows [Qc 2c] (three of a kind, Queens)
serginho323: mucks hand 
easy_sarcasm collected $37.05 from pot
*** SUMMARY ***
Total pot $39 | Rake $1.95 
Board [8h Qs Qh 9c 7s]
Seat 1: easy_sarcasm (big blind) showed [Qc 2c] and won ($37.05) with three of a kind, Queens
Seat 2: Yoalfre folded before Flop (didn't bet)
Seat 3: steepfell folded before Flop (didn't bet)
Seat 4: Poker9803 folded before Flop (didn't bet)
Seat 5: YeeesMan (button) folded before Flop (didn't bet)
Seat 6: serginho323 (small blind) mucked



PokerStars Hand #254637809596:  Hold'em No Limit ($0.50/$1.00 USD) - 2025/01/31 15:55:26 WET [2025/01/31 10:55:26 ET]
Table 'Schedar' 6-max Seat #6 is the button
Seat 1: easy_sarcasm ($117.55 in chips) 
Seat 2: Yoalfre ($101.50 in chips) 
Seat 3: steepfell ($117.18 in chips) 
Seat 4: Poker9803 ($100 in chips) 
Seat 5: YeeesMan ($101.50 in chips) 
Seat 6: serginho323 ($74.39 in chips) 
easy_sarcasm: posts small blind $0.50
Yoalfre: posts big blind $1
*** HOLE CARDS ***
steepfell: folds 
Poker9803: folds 
YeeesMan: folds 
serginho323: calls $1
easy_sarcasm: calls $0.50
Yoalfre: raises $5 to $6
serginho323: folds 
easy_sarcasm: folds 
Uncalled bet ($5) returned to Yoalfre
Yoalfre collected $3 from pot
Yoalfre: doesn't show hand 
*** SUMMARY ***
Total pot $3 | Rake $0 
Seat 1: easy_sarcasm (small blind) folded before Flop
Seat 2: Yoalfre (big blind) collected ($3)
Seat 3: steepfell folded before Flop (didn't bet)
Seat 4: Poker9803 folded before Flop (didn't bet)
Seat 5: YeeesMan folded before Flop (didn't bet)
Seat 6: serginho323 (button) folded before Flop



PokerStars Hand #254637812937:  Hold'em No Limit ($0.50/$1.00 USD) - 2025/01/31 15:55:47 WET [2025/01/31 10:55:47 ET]
Table 'Schedar' 6-max Seat #1 is the button
Seat 1: easy_sarcasm ($116.55 in chips) 
Seat 2: Yoalfre ($103.50 in chips) 
Seat 3: steepfell ($117.18 in chips) 
Seat 4: Poker9803 ($100 in chips) 
Seat 5: YeeesMan ($101.50 in chips) 
Seat 6: serginho323 ($73.39 in chips) 
Yoalfre: posts small blind $0.50
steepfell: posts big blind $1
*** HOLE CARDS ***
Poker9803: folds 
YeeesMan: raises $1.50 to $2.50
serginho323: calls $2.50
easy_sarcasm: folds 
Yoalfre: folds 
steepfell: folds 
*** FLOP *** [2h 9c Kh]
YeeesMan: bets $2.04
serginho323: calls $2.04
*** TURN *** [2h 9c Kh] [Ts]
YeeesMan: bets $20.10
serginho323: folds 
Uncalled bet ($20.10) returned to YeeesMan
YeeesMan collected $10.05 from pot
YeeesMan: doesn't show hand 
*** SUMMARY ***
Total pot $10.58 | Rake $0.53 
Board [2h 9c Kh Ts]
Seat 1: easy_sarcasm (button) folded before Flop (didn't bet)
Seat 2: Yoalfre (small blind) folded before Flop
Seat 3: steepfell (big blind) folded before Flop
Seat 4: Poker9803 folded before Flop (didn't bet)
Seat 5: YeeesMan collected ($10.05)
Seat 6: serginho323 folded on the Turn



PokerStars Hand #254637820693:  Hold'em No Limit ($0.50/$1.00 USD) - 2025/01/31 15:56:35 WET [2025/01/31 10:56:35 ET]
Table 'Schedar' 6-max Seat #2 is the button
Seat 1: easy_sarcasm ($116.55 in chips) 
Seat 2: Yoalfre ($103 in chips) 
Seat 3: steepfell ($116.18 in chips) 
Seat 4: Poker9803 ($100 in chips) 
Seat 5: YeeesMan ($107.01 in chips) 
Seat 6: serginho323 ($68.85 in chips) 
steepfell: posts small blind $0.50
Poker9803: posts big blind $1
*** HOLE CARDS ***
YeeesMan: folds 
serginho323: folds 
easy_sarcasm: folds 
Yoalfre: raises $1.50 to $2.50
steepfell: folds 
Poker9803: calls $1.50
*** FLOP *** [Ks Js 4s]
Poker9803: checks 
Yoalfre: bets $1.30
Poker9803: calls $1.30
*** TURN *** [Ks Js 4s] [Th]
Poker9803: checks 
Yoalfre: bets $2.54
Poker9803: calls $2.54
*** RIVER *** [Ks Js 4s Th] [7s]
Poker9803: bets $9.39
Yoalfre: folds 
Uncalled bet ($9.39) returned to Poker9803
Poker9803 collected $12.52 from pot
Poker9803: doesn't show hand 
*** SUMMARY ***
Total pot $13.18 | Rake $0.66 
Board [Ks Js 4s Th 7s]
Seat 1: easy_sarcasm folded before Flop (didn't bet)
Seat 2: Yoalfre (button) folded on the River
Seat 3: steepfell (small blind) folded before Flop
Seat 4: Poker9803 (big blind) collected ($12.52)
Seat 5: YeeesMan folded before Flop (didn't bet)
Seat 6: serginho323 folded before Flop (didn't bet)



PokerStars Hand #254637833066:  Hold'em No Limit ($0.50/$1.00 USD) - 2025/01/31 15:57:53 WET [2025/01/31 10:57:53 ET]
Table 'Schedar' 6-max Seat #3 is the button
Seat 1: easy_sarcasm ($116.55 in chips) 
Seat 2: Yoalfre ($100 in chips) 
Seat 3: steepfell ($115.68 in chips) 
Seat 4: Poker9803 ($106.18 in chips) 
Seat 5: YeeesMan ($107.01 in chips) 
Seat 6: serginho323 ($68.85 in chips) 
Poker9803: posts small blind $0.50
YeeesMan: posts big blind $1
*** HOLE CARDS ***
serginho323: calls $1
easy_sarcasm: folds 
Yoalfre: folds 
steepfell: folds 
Poker9803: folds 
YeeesMan: raises $4 to $5
serginho323: folds 
Uncalled bet ($4) returned to YeeesMan
YeeesMan collected $2.50 from pot
YeeesMan: doesn't show hand 
*** SUMMARY ***
Total pot $2.50 | Rake $0 
Seat 1: easy_sarcasm folded before Flop (didn't bet)
Seat 2: Yoalfre folded before Flop (didn't bet)
Seat 3: steepfell (button) folded before Flop (didn't bet)
Seat 4: Poker9803 (small blind) folded before Flop
Seat 5: YeeesMan (big blind) collected ($2.50)
Seat 6: serginho323 folded before Flop



PokerStars Hand #254637837003:  Hold'em No Limit ($0.50/$1.00 USD) - 2025/01/31 15:58:18 WET [2025/01/31 10:58:18 ET]
Table 'Schedar' 6-max Seat #4 is the button
Seat 1: easy_sarcasm ($116.55 in chips) 
Seat 2: Yoalfre ($100 in chips) 
Seat 3: steepfell ($115.68 in chips) 
Seat 4: Poker9803 ($105.68 in chips) 
Seat 5: YeeesMan ($108.51 in chips) 
Seat 6: serginho323 ($67.85 in chips) 
YeeesMan: posts small blind $0.50
serginho323: posts big blind $1
*** HOLE CARDS ***
easy_sarcasm: folds 
Yoalfre: folds 
steepfell: folds 
Poker9803: folds 
YeeesMan: raises $2 to $3
serginho323: calls $2
*** FLOP *** [5d 8s 6c]
YeeesMan: checks 
serginho323: bets $3
YeeesMan: calls $3
*** TURN *** [5d 8s 6c] [7d]
YeeesMan: checks 
serginho323: bets $8
YeeesMan: folds 
Uncalled bet ($8) returned to serginho323
serginho323 collected $11.40 from pot
*** SUMMARY ***
Total pot $12 | Rake $0.60 
Board [5d 8s 6c 7d]
Seat 1: easy_sarcasm folded before Flop (didn't bet)
Seat 2: Yoalfre folded before Flop (didn't bet)
Seat 3: steepfell folded before Flop (didn't bet)
Seat 4: Poker9803 (button) folded before Flop (didn't bet)
Seat 5: YeeesMan (small blind) folded on the Turn
Seat 6: serginho323 (big blind) collected ($11.40)



PokerStars Hand #254637845208:  Hold'em No Limit ($0.50/$1.00 USD) - 2025/01/31 15:59:09 WET [2025/01/31 10:59:09 ET]
Table 'Schedar' 6-max Seat #5 is the button
Seat 1: easy_sarcasm ($116.55 in chips) 
Seat 2: Yoalfre ($100 in chips) 
Seat 3: steepfell ($115.68 in chips) 
Seat 4: Poker9803 ($105.68 in chips) 
Seat 5: YeeesMan ($102.51 in chips) 
Seat 6: serginho323 ($73.25 in chips) 
serginho323: posts small blind $0.50
easy_sarcasm: posts big blind $1
*** HOLE CARDS ***
Yoalfre: folds 
steepfell: folds 
Poker9803: raises $1.50 to $2.50
YeeesMan: folds 
serginho323: calls $2
easy_sarcasm: folds 
*** FLOP *** [3s 2s Ks]
serginho323: checks 
Poker9803: bets $1.88
serginho323: calls $1.88
*** TURN *** [3s 2s Ks] [Jd]
serginho323: checks 
Poker9803: bets $6.95
serginho323: calls $6.95
*** RIVER *** [3s 2s Ks Jd] [6s]
serginho323: checks 
Poker9803: bets $16.86
serginho323: folds 
Uncalled bet ($16.86) returned to Poker9803
Poker9803 collected $22.48 from pot
Poker9803: doesn't show hand 
*** SUMMARY ***
Total pot $23.66 | Rake $1.18 
Board [3s 2s Ks Jd 6s]
Seat 1: easy_sarcasm (big blind) folded before Flop
Seat 2: Yoalfre folded before Flop (didn't bet)
Seat 3: steepfell folded before Flop (didn't bet)
Seat 4: Poker9803 collected ($22.48)
Seat 5: YeeesMan (button) folded before Flop (didn't bet)
Seat 6: serginho323 (small blind) folded on the River



PokerStars Hand #254637852667:  Hold'em No Limit ($0.50/$1.00 USD) - 2025/01/31 15:59:55 WET [2025/01/31 10:59:55 ET]
Table 'Schedar' 6-max Seat #6 is the button
Seat 1: easy_sarcasm ($115.55 in chips) 
Seat 2: Yoalfre ($100 in chips) 
Seat 3: steepfell ($115.68 in chips) 
Seat 4: Poker9803 ($116.83 in chips) 
Seat 5: YeeesMan ($102.51 in chips) 
Seat 6: serginho323 ($61.92 in chips) 
easy_sarcasm: posts small blind $0.50
Yoalfre: posts big blind $1
*** HOLE CARDS ***
steepfell: folds 
Poker9803: folds 
YeeesMan: folds 
serginho323: calls $1
easy_sarcasm: calls $0.50
Yoalfre: raises $5 to $6
serginho323: folds 
easy_sarcasm: folds 
Uncalled bet ($5) returned to Yoalfre
Yoalfre collected $3 from pot
Yoalfre: doesn't show hand 
*** SUMMARY ***
Total pot $3 | Rake $0 
Seat 1: easy_sarcasm (small blind) folded before Flop
Seat 2: Yoalfre (big blind) collected ($3)
Seat 3: steepfell folded before Flop (didn't bet)
Seat 4: Poker9803 folded before Flop (didn't bet)
Seat 5: YeeesMan folded before Flop (didn't bet)
Seat 6: serginho323 (button) folded before Flop



PokerStars Hand #254637856541:  Hold'em No Limit ($0.50/$1.00 USD) - 2025/01/31 16:00:18 WET [2025/01/31 11:00:18 ET]
Table 'Schedar' 6-max Seat #1 is the button
Seat 1: easy_sarcasm ($114.55 in chips) 
Seat 2: Yoalfre ($102 in chips) 
Seat 3: steepfell ($115.68 in chips) 
Seat 4: Poker9803 ($116.83 in chips) 
Seat 5: YeeesMan ($102.51 in chips) 
Seat 6: serginho323 ($60.92 in chips) 
Yoalfre: posts small blind $0.50
steepfell: posts big blind $1
*** HOLE CARDS ***
Poker9803: raises $1 to $2
YeeesMan: folds 
serginho323: folds 
easy_sarcasm: folds 
Yoalfre: folds 
steepfell: folds 
Uncalled bet ($1) returned to Poker9803
Poker9803 collected $2.50 from pot
Poker9803: doesn't show hand 
*** SUMMARY ***
Total pot $2.50 | Rake $0 
Seat 1: easy_sarcasm (button) folded before Flop (didn't bet)
Seat 2: Yoalfre (small blind) folded before Flop
Seat 3: steepfell (big blind) folded before Flop
Seat 4: Poker9803 collected ($2.50)
Seat 5: YeeesMan folded before Flop (didn't bet)
Seat 6: serginho323 folded before Flop (didn't bet)



PokerStars Hand #254637859507:  Hold'em No Limit ($0.50/$1.00 USD) - 2025/01/31 16:00:36 WET [2025/01/31 11:00:36 ET]
Table 'Schedar' 6-max Seat #2 is the button
Seat 1: easy_sarcasm ($114.55 in chips) 
Seat 2: Yoalfre ($101.50 in chips) 
Seat 3: steepfell ($114.68 in chips) 
Seat 4: Poker9803 ($118.33 in chips) 
Seat 5: YeeesMan ($102.51 in chips) 
Seat 6: serginho323 ($60.92 in chips) 
steepfell: posts small blind $0.50
Poker9803: posts big blind $1
*** HOLE CARDS ***
YeeesMan: raises $1.50 to $2.50
serginho323: folds 
easy_sarcasm: folds 
Yoalfre: folds 
steepfell: folds 
Poker9803: folds 
Uncalled bet ($1.50) returned to YeeesMan
YeeesMan collected $2.50 from pot
YeeesMan: doesn't show hand 
*** SUMMARY ***
Total pot $2.50 | Rake $0 
Seat 1: easy_sarcasm folded before Flop (didn't bet)
Seat 2: Yoalfre (button) folded before Flop (didn't bet)
Seat 3: steepfell (small blind) folded before Flop
Seat 4: Poker9803 (big blind) folded before Flop
Seat 5: YeeesMan collected ($2.50)
Seat 6: serginho323 folded before Flop (didn't bet)



PokerStars Hand #254637862931:  Hold'em No Limit ($0.50/$1.00 USD) - 2025/01/31 16:00:54 WET [2025/01/31 11:00:54 ET]
Table 'Schedar' 6-max Seat #3 is the button
Seat 1: easy_sarcasm ($114.55 in chips) 
Seat 2: Yoalfre ($101.50 in chips) 
Seat 3: steepfell ($114.18 in chips) 
Seat 4: Poker9803 ($117.33 in chips) 
Seat 5: YeeesMan ($104.01 in chips) 
Seat 6: serginho323 ($60.92 in chips) 
Poker9803: posts small blind $0.50
YeeesMan: posts big blind $1
*** HOLE CARDS ***
serginho323: folds 
easy_sarcasm: folds 
Yoalfre: raises $1.50 to $2.50
steepfell: folds 
Poker9803: folds 
YeeesMan: folds 
Uncalled bet ($1.50) returned to Yoalfre
Yoalfre collected $2.50 from pot
Yoalfre: doesn't show hand 
*** SUMMARY ***
Total pot $2.50 | Rake $0 
Seat 1: easy_sarcasm folded before Flop (didn't bet)
Seat 2: Yoalfre collected ($2.50)
Seat 3: steepfell (button) folded before Flop (didn't bet)
Seat 4: Poker9803 (small blind) folded before Flop
Seat 5: YeeesMan (big blind) folded before Flop
Seat 6: serginho323 folded before Flop (didn't bet)



PokerStars Hand #254637866294:  Hold'em No Limit ($0.50/$1.00 USD) - 2025/01/31 16:01:12 WET [2025/01/31 11:01:12 ET]
Table 'Schedar' 6-max Seat #4 is the button
Seat 1: easy_sarcasm ($114.55 in chips) 
Seat 2: Yoalfre ($103 in chips) 
Seat 3: steepfell ($114.18 in chips) 
Seat 4: Poker9803 ($116.83 in chips) 
Seat 5: YeeesMan ($103.01 in chips) 
Seat 6: serginho323 ($60.92 in chips) 
YeeesMan: posts small blind $0.50
serginho323: posts big blind $1
*** HOLE CARDS ***
easy_sarcasm: folds 
Yoalfre: raises $1.50 to $2.50
steepfell: folds 
Poker9803: folds 
YeeesMan: calls $2
serginho323: calls $1.50
*** FLOP *** [7h Qh 6d]
YeeesMan: bets $2.35
serginho323: folds 
Yoalfre: calls $2.35
*** TURN *** [7h Qh 6d] [8d]
YeeesMan: checks 
Yoalfre: checks 
*** RIVER *** [7h Qh 6d 8d] [4d]
YeeesMan: bets $17.38
Yoalfre: folds 
Uncalled bet ($17.38) returned to YeeesMan
YeeesMan collected $11.59 from pot
YeeesMan: doesn't show hand 
*** SUMMARY ***
Total pot $12.20 | Rake $0.61 
Board [7h Qh 6d 8d 4d]
Seat 1: easy_sarcasm folded before Flop (didn't bet)
Seat 2: Yoalfre folded on the River
Seat 3: steepfell folded before Flop (didn't bet)
Seat 4: Poker9803 (button) folded before Flop (didn't bet)
Seat 5: YeeesMan (small blind) collected ($11.59)
Seat 6: serginho323 (big blind) folded on the Flop



PokerStars Hand #254637887167:  Hold'em No Limit ($0.50/$1.00 USD) - 2025/01/31 16:02:53 WET [2025/01/31 11:02:53 ET]
Table 'Schedar' 6-max Seat #5 is the button
Seat 1: easy_sarcasm ($114.55 in chips) 
Seat 2: Yoalfre ($100 in chips) 
Seat 3: steepfell ($114.18 in chips) 
Seat 4: Poker9803 ($116.83 in chips) 
Seat 5: YeeesMan ($109.75 in chips) 
Seat 6: serginho323 ($58.42 in chips) 
serginho323: posts small blind $0.50
easy_sarcasm: posts big blind $1
*** HOLE CARDS ***
Yoalfre: folds 
steepfell: folds 
Poker9803: raises $1 to $2
YeeesMan: folds 
serginho323: calls $1.50
easy_sarcasm: folds 
*** FLOP *** [8c 8h 9h]
serginho323: checks 
Poker9803: bets $1.19
serginho323: calls $1.19
*** TURN *** [8c 8h 9h] [4s]
serginho323: checks 
Poker9803: checks 
*** RIVER *** [8c 8h 9h 4s] [7d]
serginho323: checks 
Poker9803: checks 
*** SHOW DOWN ***
serginho323: shows [5s 5h] (two pair, Eights and Fives)
Poker9803: mucks hand 
serginho323 collected $7.01 from pot
*** SUMMARY ***
Total pot $7.38 | Rake $0.37 
Board [8c 8h 9h 4s 7d]
Seat 1: easy_sarcasm (big blind) folded before Flop
Seat 2: Yoalfre folded before Flop (didn't bet)
Seat 3: steepfell folded before Flop (didn't bet)
Seat 4: Poker9803 mucked
Seat 5: YeeesMan (button) folded before Flop (didn't bet)
Seat 6: serginho323 (small blind) showed [5s 5h] and won ($7.01) with two pair, Eights and Fives



PokerStars Hand #254637896134:  Hold'em No Limit ($0.50/$1.00 USD) - 2025/01/31 16:03:35 WET [2025/01/31 11:03:35 ET]
Table 'Schedar' 6-max Seat #6 is the button
Seat 1: easy_sarcasm ($113.55 in chips) 
Seat 2: Yoalfre ($100 in chips) 
Seat 3: steepfell ($114.18 in chips) 
Seat 4: Poker9803 ($113.64 in chips) 
Seat 5: YeeesMan ($109.75 in chips) 
Seat 6: serginho323 ($62.24 in chips) 
easy_sarcasm: posts small blind $0.50
Yoalfre: posts big blind $1
*** HOLE CARDS ***
steepfell: folds 
Poker9803: folds 
YeeesMan: raises $1.50 to $2.50
serginho323: folds 
easy_sarcasm: folds 
Yoalfre: raises $8.50 to $11
YeeesMan: folds 
Uncalled bet ($8.50) returned to Yoalfre
Yoalfre collected $5.50 from pot
Yoalfre: doesn't show hand 
*** SUMMARY ***
Total pot $5.50 | Rake $0 
Seat 1: easy_sarcasm (small blind) folded before Flop
Seat 2: Yoalfre (big blind) collected ($5.50)
Seat 3: steepfell folded before Flop (didn't bet)
Seat 4: Poker9803 folded before Flop (didn't bet)
Seat 5: YeeesMan folded before Flop
Seat 6: serginho323 (button) folded before Flop (didn't bet)



PokerStars Hand #254637901552:  Hold'em No Limit ($0.50/$1.00 USD) - 2025/01/31 16:04:00 WET [2025/01/31 11:04:00 ET]
Table 'Schedar' 6-max Seat #1 is the button
Seat 1: easy_sarcasm ($113.05 in chips) 
Seat 2: Yoalfre ($103 in chips) 
Seat 3: steepfell ($114.18 in chips) 
Seat 4: Poker9803 ($113.64 in chips) 
Seat 5: YeeesMan ($107.25 in chips) 
Seat 6: serginho323 ($62.24 in chips) 
Yoalfre: posts small blind $0.50
steepfell: posts big blind $1
*** HOLE CARDS ***
Poker9803: folds 
YeeesMan: folds 
serginho323: folds 
easy_sarcasm: folds 
Yoalfre: folds 
Uncalled bet ($0.50) returned to steepfell
steepfell collected $1 from pot
steepfell: doesn't show hand 
*** SUMMARY ***
Total pot $1 | Rake $0 
Seat 1: easy_sarcasm (button) folded before Flop (didn't bet)
Seat 2: Yoalfre (small blind) folded before Flop
Seat 3: steepfell (big blind) collected ($1)
Seat 4: Poker9803 folded before Flop (didn't bet)
Seat 5: YeeesMan folded before Flop (didn't bet)
Seat 6: serginho323 folded before Flop (didn't bet)



PokerStars Hand #254637907261:  Hold'em No Limit ($0.50/$1.00 USD) - 2025/01/31 16:04:26 WET [2025/01/31 11:04:26 ET]
Table 'Schedar' 6-max Seat #2 is the button
Seat 1: easy_sarcasm ($113.05 in chips) 
Seat 2: Yoalfre ($102.50 in chips) 
Seat 3: steepfell ($114.68 in chips) 
Seat 4: Poker9803 ($113.64 in chips) 
Seat 5: YeeesMan ($107.25 in chips) 
Seat 6: serginho323 ($62.24 in chips) 
steepfell: posts small blind $0.50
Poker9803: posts big blind $1
*** HOLE CARDS ***
YeeesMan: folds 
serginho323: folds 
easy_sarcasm: folds 
Yoalfre: raises $1.50 to $2.50
steepfell: folds 
Poker9803: folds 
Uncalled bet ($1.50) returned to Yoalfre
Yoalfre collected $2.50 from pot
Yoalfre: doesn't show hand 
*** SUMMARY ***
Total pot $2.50 | Rake $0 
Seat 1: easy_sarcasm folded before Flop (didn't bet)
Seat 2: Yoalfre (button) collected ($2.50)
Seat 3: steepfell (small blind) folded before Flop
Seat 4: Poker9803 (big blind) folded before Flop
Seat 5: YeeesMan folded before Flop (didn't bet)
Seat 6: serginho323 folded before Flop (didn't bet)



PokerStars Hand #254637910097:  Hold'em No Limit ($0.50/$1.00 USD) - 2025/01/31 16:04:39 WET [2025/01/31 11:04:39 ET]
Table 'Schedar' 6-max Seat #3 is the button
Seat 1: easy_sarcasm ($113.05 in chips) 
Seat 2: Yoalfre ($104 in chips) 
Seat 3: steepfell ($114.18 in chips) 
Seat 4: Poker9803 ($112.64 in chips) 
Seat 5: YeeesMan ($107.25 in chips) 
Seat 6: serginho323 ($62.24 in chips) 
Poker9803: posts small blind $0.50
YeeesMan: posts big blind $1
*** HOLE CARDS ***
serginho323: calls $1
easy_sarcasm: folds 
Yoalfre: folds 
steepfell: folds 
Poker9803: folds 
YeeesMan: checks 
*** FLOP *** [Th 9s 4d]
YeeesMan: checks 
serginho323: checks 
*** TURN *** [Th 9s 4d] [2s]
YeeesMan: checks 
serginho323: checks 
*** RIVER *** [Th 9s 4d 2s] [Td]
YeeesMan: checks 
serginho323: bets $5
YeeesMan: folds 
Uncalled bet ($5) returned to serginho323
serginho323 collected $2.38 from pot
*** SUMMARY ***
Total pot $2.50 | Rake $0.12 
Board [Th 9s 4d 2s Td]
Seat 1: easy_sarcasm folded before Flop (didn't bet)
Seat 2: Yoalfre folded before Flop (didn't bet)
Seat 3: steepfell (button) folded before Flop (didn't bet)
Seat 4: Poker9803 (small blind) folded before Flop
Seat 5: YeeesMan (big blind) folded on the River
Seat 6: serginho323 collected ($2.38)



PokerStars Hand #254637919219:  Hold'em No Limit ($0.50/$1.00 USD) - 2025/01/31 16:05:22 WET [2025/01/31 11:05:22 ET]
Table 'Schedar' 6-max Seat #4 is the button
Seat 1: easy_sarcasm ($113.05 in chips) 
Seat 2: Yoalfre ($104 in chips) 
Seat 3: steepfell ($114.18 in chips) 
Seat 4: Poker9803 ($112.14 in chips) 
Seat 5: YeeesMan ($106.25 in chips) 
Seat 6: serginho323 ($63.62 in chips) 
YeeesMan: posts small blind $0.50
serginho323: posts big blind $1
*** HOLE CARDS ***
easy_sarcasm: folds 
Yoalfre: raises $1.50 to $2.50
steepfell: folds 
Poker9803: folds 
YeeesMan: raises $8.50 to $11
serginho323: folds 
Yoalfre: raises $13 to $24
YeeesMan: raises $82.25 to $106.25 and is all-in
Yoalfre: calls $80 and is all-in
Uncalled bet ($2.25) returned to YeeesMan
*** FIRST FLOP *** [3d 9d 7h]
*** FIRST TURN *** [3d 9d 7h] [5d]
*** FIRST RIVER *** [3d 9d 7h 5d] [6s]
*** SECOND FLOP *** [9c 4h 2h]
*** SECOND TURN *** [9c 4h 2h] [Jd]
*** SECOND RIVER *** [9c 4h 2h Jd] [6d]
*** FIRST SHOW DOWN ***
YeeesMan: shows [Kc Ks] (a pair of Kings)
Yoalfre: shows [Kh Kd] (a pair of Kings)
YeeesMan collected $51.63 from pot
Yoalfre collected $51.62 from pot
*** SECOND SHOW DOWN ***
YeeesMan: shows [Kc Ks] (a pair of Kings)
Yoalfre: shows [Kh Kd] (a pair of Kings)
YeeesMan collected $51.63 from pot
Yoalfre collected $51.62 from pot
*** SUMMARY ***
Total pot $209 | Rake $2.50 
Hand was run twice
FIRST Board [3d 9d 7h 5d 6s]
SECOND Board [9c 4h 2h Jd 6d]
Seat 1: easy_sarcasm folded before Flop (didn't bet)
Seat 2: Yoalfre showed [Kh Kd] and won ($51.62) with a pair of Kings, and won ($51.62) with a pair of Kings
Seat 3: steepfell folded before Flop (didn't bet)
Seat 4: Poker9803 (button) folded before Flop (didn't bet)
Seat 5: YeeesMan (small blind) showed [Kc Ks] and won ($51.63) with a pair of Kings, and won ($51.63) with a pair of Kings
Seat 6: serginho323 (big blind) folded before Flop



PokerStars Hand #254637929544:  Hold'em No Limit ($0.50/$1.00 USD) - 2025/01/31 16:06:09 WET [2025/01/31 11:06:09 ET]
Table 'Schedar' 6-max Seat #5 is the button
Seat 1: easy_sarcasm ($113.05 in chips) 
Seat 2: Yoalfre ($103.24 in chips) 
Seat 3: steepfell ($114.18 in chips) 
Seat 4: Poker9803 ($112.14 in chips) 
Seat 5: YeeesMan ($105.51 in chips) 
Seat 6: serginho323 ($62.62 in chips) 
serginho323: posts small blind $0.50
easy_sarcasm: posts big blind $1
*** HOLE CARDS ***
Yoalfre: raises $1.50 to $2.50
steepfell: folds 
Poker9803: folds 
YeeesMan: folds 
serginho323: folds 
easy_sarcasm: calls $1.50
*** FLOP *** [Kc 4h 9c]
easy_sarcasm: checks 
Yoalfre: bets $4.96
easy_sarcasm: calls $4.96
*** TURN *** [Kc 4h 9c] [3h]
easy_sarcasm: checks 
Yoalfre: checks 
*** RIVER *** [Kc 4h 9c 3h] [Kh]
easy_sarcasm: bets $9.50
Yoalfre: folds 
Uncalled bet ($9.50) returned to easy_sarcasm
easy_sarcasm collected $14.65 from pot
*** SUMMARY ***
Total pot $15.42 | Rake $0.77 
Board [Kc 4h 9c 3h Kh]
Seat 1: easy_sarcasm (big blind) collected ($14.65)
Seat 2: Yoalfre folded on the River
Seat 3: steepfell folded before Flop (didn't bet)
Seat 4: Poker9803 folded before Flop (didn't bet)
Seat 5: YeeesMan (button) folded before Flop (didn't bet)
Seat 6: serginho323 (small blind) folded before Flop



PokerStars Hand #254637941621:  Hold'em No Limit ($0.50/$1.00 USD) - 2025/01/31 16:07:05 WET [2025/01/31 11:07:05 ET]
Table 'Schedar' 6-max Seat #6 is the button
Seat 1: easy_sarcasm ($120.24 in chips) 
Seat 2: Yoalfre ($100 in chips) 
Seat 3: steepfell ($114.18 in chips) 
Seat 4: Poker9803 ($112.14 in chips) 
Seat 5: YeeesMan ($105.51 in chips) 
Seat 6: serginho323 ($62.12 in chips) 
easy_sarcasm: posts small blind $0.50
Yoalfre: posts big blind $1
*** HOLE CARDS ***
steepfell: folds 
Poker9803: folds 
YeeesMan: folds 
serginho323: calls $1
easy_sarcasm: raises $4.50 to $5.50
Yoalfre: folds 
serginho323: calls $4.50
*** FLOP *** [As Js 4h]
easy_sarcasm: bets $5.70
serginho323: calls $5.70
*** TURN *** [As Js 4h] [9s]
easy_sarcasm: bets $12.50
serginho323: calls $12.50
*** RIVER *** [As Js 4h 9s] [Td]
easy_sarcasm: bets $45.98
serginho323: folds 
Uncalled bet ($45.98) returned to easy_sarcasm
easy_sarcasm collected $45.98 from pot
*** SUMMARY ***
Total pot $48.40 | Rake $2.42 
Board [As Js 4h 9s Td]
Seat 1: easy_sarcasm (small blind) collected ($45.98)
Seat 2: Yoalfre (big blind) folded before Flop
Seat 3: steepfell folded before Flop (didn't bet)
Seat 4: Poker9803 folded before Flop (didn't bet)
Seat 5: YeeesMan folded before Flop (didn't bet)
Seat 6: serginho323 (button) folded on the River



PokerStars Hand #254637953649:  Hold'em No Limit ($0.50/$1.00 USD) - 2025/01/31 16:08:00 WET [2025/01/31 11:08:00 ET]
Table 'Schedar' 6-max Seat #1 is the button
Seat 1: easy_sarcasm ($142.52 in chips) 
Seat 2: Yoalfre ($100 in chips) 
Seat 3: steepfell ($114.18 in chips) 
Seat 4: Poker9803 ($112.14 in chips) 
Seat 5: YeeesMan ($105.51 in chips) 
Seat 6: serginho323 ($38.42 in chips) 
Yoalfre: posts small blind $0.50
steepfell: posts big blind $1
*** HOLE CARDS ***
Poker9803: folds 
YeeesMan: raises $1.50 to $2.50
serginho323: calls $2.50
easy_sarcasm: folds 
Yoalfre: folds 
steepfell: calls $1.50
*** FLOP *** [Kh 5c Qd]
steepfell: checks 
YeeesMan: bets $2.51
serginho323: calls $2.51
steepfell: calls $2.51
*** TURN *** [Kh 5c Qd] [Ad]
steepfell: checks 
YeeesMan: bets $11.06
serginho323: calls $11.06
steepfell: folds 
*** RIVER *** [Kh 5c Qd Ad] [4d]
YeeesMan: bets $26.83
serginho323: calls $22.35 and is all-in
Uncalled bet ($4.48) returned to YeeesMan
*** SHOW DOWN ***
YeeesMan: shows [Ts Ac] (a pair of Aces)
serginho323: shows [Td Jd] (a flush, Ace high)
serginho323 collected $79.85 from pot
*** SUMMARY ***
Total pot $82.35 | Rake $2.50 
Board [Kh 5c Qd Ad 4d]
Seat 1: easy_sarcasm (button) folded before Flop (didn't bet)
Seat 2: Yoalfre (small blind) folded before Flop
Seat 3: steepfell (big blind) folded on the Turn
Seat 4: Poker9803 folded before Flop (didn't bet)
Seat 5: YeeesMan showed [Ts Ac] and lost with a pair of Aces
Seat 6: serginho323 showed [Td Jd] and won ($79.85) with a flush, Ace high



PokerStars Hand #254637967384:  Hold'em No Limit ($0.50/$1.00 USD) - 2025/01/31 16:09:04 WET [2025/01/31 11:09:04 ET]
Table 'Schedar' 6-max Seat #2 is the button
Seat 1: easy_sarcasm ($142.52 in chips) 
Seat 2: Yoalfre ($100 in chips) 
Seat 3: steepfell ($109.17 in chips) 
Seat 4: Poker9803 ($112.14 in chips) 
Seat 5: YeeesMan ($100 in chips) 
Seat 6: serginho323 ($79.85 in chips) 
steepfell: posts small blind $0.50
Poker9803: posts big blind $1
*** HOLE CARDS ***
YeeesMan: folds 
serginho323: folds 
easy_sarcasm: folds 
Yoalfre: raises $1.50 to $2.50
steepfell: folds 
Poker9803: calls $1.50
*** FLOP *** [Ks 9d 7d]
Poker9803: checks 
Yoalfre: checks 
*** TURN *** [Ks 9d 7d] [3s]
Poker9803: bets $1.72
Yoalfre: calls $1.72
*** RIVER *** [Ks 9d 7d 3s] [Th]
Poker9803: checks 
Yoalfre: checks 
*** SHOW DOWN ***
Poker9803: shows [Js 9c] (a pair of Nines)
Yoalfre: mucks hand 
Poker9803 collected $8.49 from pot
*** SUMMARY ***
Total pot $8.94 | Rake $0.45 
Board [Ks 9d 7d 3s Th]
Seat 1: easy_sarcasm folded before Flop (didn't bet)
Seat 2: Yoalfre (button) mucked
Seat 3: steepfell (small blind) folded before Flop
Seat 4: Poker9803 (big blind) showed [Js 9c] and won ($8.49) with a pair of Nines
Seat 5: YeeesMan folded before Flop (didn't bet)
Seat 6: serginho323 folded before Flop (didn't bet)



PokerStars Hand #254637981080:  Hold'em No Limit ($0.50/$1.00 USD) - 2025/01/31 16:10:07 WET [2025/01/31 11:10:07 ET]
Table 'Schedar' 6-max Seat #3 is the button
Seat 1: easy_sarcasm ($142.52 in chips) 
Seat 2: Yoalfre ($100 in chips) 
Seat 3: steepfell ($108.67 in chips) 
Seat 4: Poker9803 ($116.41 in chips) 
Seat 5: YeeesMan ($100 in chips) 
Seat 6: serginho323 ($79.85 in chips) 
Poker9803: posts small blind $0.50
YeeesMan: posts big blind $1
*** HOLE CARDS ***
serginho323: calls $1
easy_sarcasm: folds 
Yoalfre: folds 
steepfell: folds 
Poker9803: folds 
YeeesMan: checks 
*** FLOP *** [Kd Ts Jh]
YeeesMan: bets $1.78
serginho323: calls $1.78
*** TURN *** [Kd Ts Jh] [Qh]
YeeesMan: checks 
serginho323: bets $2
YeeesMan: folds 
Uncalled bet ($2) returned to serginho323
serginho323 collected $5.76 from pot
*** SUMMARY ***
Total pot $6.06 | Rake $0.30 
Board [Kd Ts Jh Qh]
Seat 1: easy_sarcasm folded before Flop (didn't bet)
Seat 2: Yoalfre folded before Flop (didn't bet)
Seat 3: steepfell (button) folded before Flop (didn't bet)
Seat 4: Poker9803 (small blind) folded before Flop
Seat 5: YeeesMan (big blind) folded on the Turn
Seat 6: serginho323 collected ($5.76)



PokerStars Hand #254637989202:  Hold'em No Limit ($0.50/$1.00 USD) - 2025/01/31 16:10:43 WET [2025/01/31 11:10:43 ET]
Table 'Schedar' 6-max Seat #4 is the button
Seat 1: easy_sarcasm ($142.52 in chips) 
Seat 2: Yoalfre ($100 in chips) 
Seat 3: steepfell ($108.67 in chips) 
Seat 4: Poker9803 ($115.91 in chips) 
Seat 5: YeeesMan ($100 in chips) 
Seat 6: serginho323 ($82.83 in chips) 
YeeesMan: posts small blind $0.50
serginho323: posts big blind $1
*** HOLE CARDS ***
easy_sarcasm: folds 
Yoalfre: folds 
steepfell: raises $1.50 to $2.50
Poker9803: folds 
YeeesMan: folds 
serginho323: folds 
Uncalled bet ($1.50) returned to steepfell
steepfell collected $2.50 from pot
steepfell: doesn't show hand 
*** SUMMARY ***
Total pot $2.50 | Rake $0 
Seat 1: easy_sarcasm folded before Flop (didn't bet)
Seat 2: Yoalfre folded before Flop (didn't bet)
Seat 3: steepfell collected ($2.50)
Seat 4: Poker9803 (button) folded before Flop (didn't bet)
Seat 5: YeeesMan (small blind) folded before Flop
Seat 6: serginho323 (big blind) folded before Flop



PokerStars Hand #254637995746:  Hold'em No Limit ($0.50/$1.00 USD) - 2025/01/31 16:11:13 WET [2025/01/31 11:11:13 ET]
Table 'Schedar' 6-max Seat #5 is the button
Seat 1: easy_sarcasm ($142.52 in chips) 
Seat 2: Yoalfre ($100 in chips) 
Seat 3: steepfell ($110.17 in chips) 
Seat 4: Poker9803 ($115.91 in chips) 
Seat 5: YeeesMan ($100 in chips) 
Seat 6: serginho323 ($81.83 in chips) 
serginho323: posts small blind $0.50
easy_sarcasm: posts big blind $1
*** HOLE CARDS ***
Yoalfre: folds 
steepfell: folds 
Poker9803: folds 
YeeesMan: folds 
serginho323: calls $0.50
easy_sarcasm: raises $3.50 to $4.50
serginho323: folds 
Uncalled bet ($3.50) returned to easy_sarcasm
easy_sarcasm collected $2 from pot
*** SUMMARY ***
Total pot $2 | Rake $0 
Seat 1: easy_sarcasm (big blind) collected ($2)
Seat 2: Yoalfre folded before Flop (didn't bet)
Seat 3: steepfell folded before Flop (didn't bet)
Seat 4: Poker9803 folded before Flop (didn't bet)
Seat 5: YeeesMan (button) folded before Flop (didn't bet)
Seat 6: serginho323 (small blind) folded before Flop



PokerStars Hand #254637999431:  Hold'em No Limit ($0.50/$1.00 USD) - 2025/01/31 16:11:30 WET [2025/01/31 11:11:30 ET]
Table 'Schedar' 6-max Seat #6 is the button
Seat 1: easy_sarcasm ($143.52 in chips) 
Seat 2: Yoalfre ($100 in chips) 
Seat 3: steepfell ($110.17 in chips) 
Seat 4: Poker9803 ($115.91 in chips) 
Seat 5: YeeesMan ($100 in chips) 
Seat 6: serginho323 ($80.83 in chips) 
easy_sarcasm: posts small blind $0.50
Yoalfre: posts big blind $1
*** HOLE CARDS ***
steepfell: folds 
Poker9803: raises $1.50 to $2.50
YeeesMan: folds 
serginho323: calls $2.50
easy_sarcasm: folds 
Yoalfre: folds 
*** FLOP *** [As 3c Qs]
Poker9803: checks 
serginho323: bets $3
Poker9803: calls $3
*** TURN *** [As 3c Qs] [Jh]
Poker9803: checks 
serginho323: bets $4
Poker9803: calls $4
*** RIVER *** [As 3c Qs Jh] [4c]
Poker9803: checks 
serginho323: bets $10
Poker9803: calls $10
*** SHOW DOWN ***
serginho323: shows [Ad Kc] (a pair of Aces)
Poker9803: mucks hand 
serginho323 collected $38.48 from pot
*** SUMMARY ***
Total pot $40.50 | Rake $2.02 
Board [As 3c Qs Jh 4c]
Seat 1: easy_sarcasm (small blind) folded before Flop
Seat 2: Yoalfre (big blind) folded before Flop
Seat 3: steepfell folded before Flop (didn't bet)
Seat 4: Poker9803 mucked
Seat 5: YeeesMan folded before Flop (didn't bet)
Seat 6: serginho323 (button) showed [Ad Kc] and won ($38.48) with a pair of Aces



PokerStars Hand #254638009114:  Hold'em No Limit ($0.50/$1.00 USD) - 2025/01/31 16:12:14 WET [2025/01/31 11:12:14 ET]
Table 'Schedar' 6-max Seat #1 is the button
Seat 1: easy_sarcasm ($143.02 in chips) 
Seat 2: Yoalfre ($100 in chips) 
Seat 3: steepfell ($110.17 in chips) 
Seat 4: Poker9803 ($100 in chips) 
Seat 5: YeeesMan ($100 in chips) 
Seat 6: serginho323 ($99.81 in chips) 
Yoalfre: posts small blind $0.50
steepfell: posts big blind $1
*** HOLE CARDS ***
Poker9803: folds 
YeeesMan: folds 
serginho323: folds 
easy_sarcasm: raises $1.20 to $2.20
Yoalfre: raises $8.30 to $10.50
steepfell: folds 
easy_sarcasm: calls $8.30
*** FLOP *** [5c 7d 4s]
Yoalfre: checks 
easy_sarcasm: bets $10.66
Yoalfre: folds 
Uncalled bet ($10.66) returned to easy_sarcasm
easy_sarcasm collected $20.90 from pot
*** SUMMARY ***
Total pot $22 | Rake $1.10 
Board [5c 7d 4s]
Seat 1: easy_sarcasm (button) collected ($20.90)
Seat 2: Yoalfre (small blind) folded on the Flop
Seat 3: steepfell (big blind) folded before Flop
Seat 4: Poker9803 folded before Flop (didn't bet)
Seat 5: YeeesMan folded before Flop (didn't bet)
Seat 6: serginho323 folded before Flop (didn't bet)



PokerStars Hand #254638018228:  Hold'em No Limit ($0.50/$1.00 USD) - 2025/01/31 16:12:56 WET [2025/01/31 11:12:56 ET]
Table 'Schedar' 6-max Seat #2 is the button
Seat 1: easy_sarcasm ($153.42 in chips) 
Seat 2: Yoalfre ($100 in chips) 
Seat 3: steepfell ($109.17 in chips) 
Seat 4: Poker9803 ($100 in chips) 
Seat 5: YeeesMan ($100 in chips) 
Seat 6: serginho323 ($99.81 in chips) 
steepfell: posts small blind $0.50
Poker9803: posts big blind $1
*** HOLE CARDS ***
YeeesMan: folds 
serginho323: calls $1
easy_sarcasm: folds 
Yoalfre: raises $3.50 to $4.50
steepfell: folds 
Poker9803: folds 
serginho323: calls $3.50
*** FLOP *** [7h Kh 6d]
serginho323: checks 
Yoalfre: bets $4.99
serginho323: calls $4.99
*** TURN *** [7h Kh 6d] [4h]
serginho323: checks 
Yoalfre: bets $9.73
serginho323: calls $9.73
*** RIVER *** [7h Kh 6d 4h] [3h]
serginho323: checks 
Yoalfre: bets $18.97
serginho323: calls $18.97
*** SHOW DOWN ***
Yoalfre: shows [Js 9d] (high card King)
serginho323: shows [2h 2s] (a flush, King high)
serginho323 collected $75.38 from pot
*** SUMMARY ***
Total pot $77.88 | Rake $2.50 
Board [7h Kh 6d 4h 3h]
Seat 1: easy_sarcasm folded before Flop (didn't bet)
Seat 2: Yoalfre (button) showed [Js 9d] and lost with high card King
Seat 3: steepfell (small blind) folded before Flop
Seat 4: Poker9803 (big blind) folded before Flop
Seat 5: YeeesMan folded before Flop (didn't bet)
Seat 6: serginho323 showed [2h 2s] and won ($75.38) with a flush, King high



PokerStars Hand #254638035930:  Hold'em No Limit ($0.50/$1.00 USD) - 2025/01/31 16:14:16 WET [2025/01/31 11:14:16 ET]
Table 'Schedar' 6-max Seat #3 is the button
Seat 1: easy_sarcasm ($153.42 in chips) 
Seat 2: Yoalfre ($100 in chips) 
Seat 3: steepfell ($108.67 in chips) 
Seat 4: Poker9803 ($100 in chips) 
Seat 5: YeeesMan ($100 in chips) 
Seat 6: serginho323 ($137 in chips) 
Poker9803: posts small blind $0.50
YeeesMan: posts big blind $1
*** HOLE CARDS ***
serginho323: folds 
easy_sarcasm: folds 
Yoalfre: folds 
serginho323 leaves the table
steepfell: raises $1.50 to $2.50
Poker9803: folds 
YeeesMan: folds 
Uncalled bet ($1.50) returned to steepfell
steepfell collected $2.50 from pot
steepfell: doesn't show hand 
*** SUMMARY ***
Total pot $2.50 | Rake $0 
Seat 1: easy_sarcasm folded before Flop (didn't bet)
Seat 2: Yoalfre folded before Flop (didn't bet)
Seat 3: steepfell (button) collected ($2.50)
Seat 4: Poker9803 (small blind) folded before Flop
Seat 5: YeeesMan (big blind) folded before Flop
Seat 6: serginho323 folded before Flop (didn't bet)



PokerStars Hand #254638040169:  Hold'em No Limit ($0.50/$1.00 USD) - 2025/01/31 16:14:36 WET [2025/01/31 11:14:36 ET]
Table 'Schedar' 6-max Seat #4 is the button
Seat 5: YeeesMan ($100 in chips) is sitting out
Seat 1: easy_sarcasm ($153.42 in chips) 
Seat 2: Yoalfre ($100 in chips) 
Seat 3: steepfell ($110.17 in chips) 
Seat 4: Poker9803 ($100 in chips) 
easy_sarcasm: posts small blind $0.50
Yoalfre: posts big blind $1
*** HOLE CARDS ***
steepfell: raises $1.50 to $2.50
Poker9803: raises $6 to $8.50
YeeesMan leaves the table
easy_sarcasm: raises $12 to $20.50
Yoalfre: folds 
steepfell: folds 
Poker9803: folds 
Uncalled bet ($12) returned to easy_sarcasm
easy_sarcasm collected $20.50 from pot
*** SUMMARY ***
Total pot $20.50 | Rake $0 
Seat 5: YeeesMan
Seat 1: easy_sarcasm (small blind) collected ($20.50)
Seat 2: Yoalfre (big blind) folded before Flop
Seat 3: steepfell folded before Flop
Seat 4: Poker9803 (button) folded before Flop



PokerStars Hand #254638045712:  Hold'em No Limit ($0.50/$1.00 USD) - 2025/01/31 16:15:00 WET [2025/01/31 11:15:00 ET]
Table 'Schedar' 6-max Seat #1 is the button
Seat 1: easy_sarcasm ($165.42 in chips) 
Seat 2: Yoalfre ($100 in chips) 
Seat 3: steepfell ($107.67 in chips) 
Seat 4: Poker9803 ($100 in chips) 
Yoalfre: posts small blind $0.50
steepfell: posts big blind $1
*** HOLE CARDS ***
Poker9803: folds 
easy_sarcasm: raises $1.20 to $2.20
Yoalfre: folds 
steepfell: folds 
Uncalled bet ($1.20) returned to easy_sarcasm
easy_sarcasm collected $2.50 from pot
*** SUMMARY ***
Total pot $2.50 | Rake $0 
Seat 1: easy_sarcasm (button) collected ($2.50)
Seat 2: Yoalfre (small blind) folded before Flop
Seat 3: steepfell (big blind) folded before Flop
Seat 4: Poker9803 folded before Flop (didn't bet)



PokerStars Hand #254638048071:  Hold'em No Limit ($0.50/$1.00 USD) - 2025/01/31 16:15:11 WET [2025/01/31 11:15:11 ET]
Table 'Schedar' 6-max Seat #3 is the button
Seat 1: easy_sarcasm ($166.92 in chips) is sitting out
Seat 4: Poker9803 ($100 in chips) is sitting out
Seat 2: Yoalfre ($100 in chips) 
Seat 3: steepfell ($106.67 in chips) 
steepfell: posts small blind $0.50
Poker9803: is sitting out 
easy_sarcasm: is sitting out 
Yoalfre: posts big blind $1
*** HOLE CARDS ***
Poker9803 leaves the table
easy_sarcasm leaves the table
steepfell: raises $1.50 to $2.50
Yoalfre: folds 
Uncalled bet ($1.50) returned to steepfell
steepfell collected $2 from pot
steepfell: doesn't show hand 
*** SUMMARY ***
Total pot $2 | Rake $0 
Seat 1: easy_sarcasm
Seat 4: Poker9803
Seat 2: Yoalfre (big blind) folded before Flop
Seat 3: steepfell (button) (small blind) collected ($2)



