PokerStars Hand #254639289290:  Hold'em No Limit ($0.50/$1.00 USD) - 2025/01/31 17:46:07 WET [2025/01/31 12:46:07 ET]
Table 'Dnoces' 6-max Seat #4 is the button
Seat 1: RealFischiert ($100 in chips) 
Seat 2: LuckyShikari ($80 in chips) 
Seat 3: worker0k ($100 in chips) 
Seat 4: antey89 ($80 in chips) 
Seat 5: DL1B ($100 in chips) 
DL1B: posts small blind $0.50
RealFischiert: posts big blind $1
*** HOLE CARDS ***
LuckyShikari: folds 
worker0k: folds 
S3MPR3IGUAL joins the table at seat #6 
antey89: folds 
DL1B: folds 
Uncalled bet ($0.50) returned to RealFischiert
RealFischiert collected $1 from pot
RealFischiert: doesn't show hand 
*** SUMMARY ***
Total pot $1 | Rake $0 
Seat 1: RealFischiert (big blind) collected ($1)
Seat 2: LuckyShikari folded before Flop (didn't bet)
Seat 3: worker0k folded before Flop (didn't bet)
Seat 4: antey89 (button) folded before Flop (didn't bet)
Seat 5: DL1B (small blind) folded before Flop



PokerStars Hand #254639293211:  Hold'em No Limit ($0.50/$1.00 USD) - 2025/01/31 17:46:23 WET [2025/01/31 12:46:23 ET]
Table 'Dnoces' 6-max Seat #5 is the button
Seat 6: S3MPR3IGUAL ($100 in chips) is sitting out
Seat 1: RealFischiert ($100.50 in chips) 
Seat 2: LuckyShikari ($100 in chips) 
Seat 3: worker0k ($100 in chips) 
Seat 4: antey89 ($100 in chips) 
Seat 5: DL1B ($100 in chips) 
RealFischiert: posts small blind $0.50
LuckyShikari: posts big blind $1
*** HOLE CARDS ***
worker0k: raises $1.30 to $2.30
antey89: raises $5.20 to $7.50
DL1B: folds 
RealFischiert: folds 
LuckyShikari: folds 
worker0k: folds 
Uncalled bet ($5.20) returned to antey89
antey89 collected $6.10 from pot
antey89: doesn't show hand 
*** SUMMARY ***
Total pot $6.10 | Rake $0 
Seat 6: S3MPR3IGUAL
Seat 1: RealFischiert (small blind) folded before Flop
Seat 2: LuckyShikari (big blind) folded before Flop
Seat 3: worker0k folded before Flop
Seat 4: antey89 collected ($6.10)
Seat 5: DL1B (button) folded before Flop (didn't bet)



PokerStars Hand #254639301103:  Hold'em No Limit ($0.50/$1.00 USD) - 2025/01/31 17:46:55 WET [2025/01/31 12:46:55 ET]
Table 'Dnoces' 6-max Seat #1 is the button
Seat 6: S3MPR3IGUAL ($100 in chips) is sitting out
Seat 1: RealFischiert ($100 in chips) 
Seat 2: LuckyShikari ($100 in chips) 
Seat 3: worker0k ($100 in chips) 
Seat 4: antey89 ($103.80 in chips) 
Seat 5: DL1B ($100 in chips) 
LuckyShikari: posts small blind $0.50
worker0k: posts big blind $1
S3MPR3IGUAL: sits out 
*** HOLE CARDS ***
antey89: folds 
DL1B: folds 
RealFischiert: folds 
LuckyShikari: raises $1 to $2
worker0k: folds 
Uncalled bet ($1) returned to LuckyShikari
LuckyShikari collected $2 from pot
LuckyShikari: doesn't show hand 
*** SUMMARY ***
Total pot $2 | Rake $0 
Seat 6: S3MPR3IGUAL
Seat 1: RealFischiert (button) folded before Flop (didn't bet)
Seat 2: LuckyShikari (small blind) collected ($2)
Seat 3: worker0k (big blind) folded before Flop
Seat 4: antey89 folded before Flop (didn't bet)
Seat 5: DL1B folded before Flop (didn't bet)



PokerStars Hand #254639304161:  Hold'em No Limit ($0.50/$1.00 USD) - 2025/01/31 17:47:07 WET [2025/01/31 12:47:07 ET]
Table 'Dnoces' 6-max Seat #2 is the button
Seat 6: S3MPR3IGUAL ($100 in chips) is sitting out
Seat 1: RealFischiert ($100 in chips) 
Seat 2: LuckyShikari ($101 in chips) 
Seat 3: worker0k ($100 in chips) 
Seat 4: antey89 ($103.80 in chips) 
Seat 5: DL1B ($100 in chips) 
worker0k: posts small blind $0.50
antey89: posts big blind $1
S3MPR3IGUAL: sits out 
*** HOLE CARDS ***
DL1B: raises $1 to $2
RealFischiert: folds 
LuckyShikari: folds 
worker0k: folds 
antey89: calls $1
*** FLOP *** [7s 4s 9s]
antey89: checks 
DL1B: checks 
*** TURN *** [7s 4s 9s] [Ts]
antey89: checks 
DL1B: bets $1.41
antey89: folds 
Uncalled bet ($1.41) returned to DL1B
DL1B collected $4.28 from pot
DL1B: doesn't show hand 
*** SUMMARY ***
Total pot $4.50 | Rake $0.22 
Board [7s 4s 9s Ts]
Seat 6: S3MPR3IGUAL
Seat 1: RealFischiert folded before Flop (didn't bet)
Seat 2: LuckyShikari (button) folded before Flop (didn't bet)
Seat 3: worker0k (small blind) folded before Flop
Seat 4: antey89 (big blind) folded on the Turn
Seat 5: DL1B collected ($4.28)



PokerStars Hand #254639319905:  Hold'em No Limit ($0.50/$1.00 USD) - 2025/01/31 17:48:10 WET [2025/01/31 12:48:10 ET]
Table 'Dnoces' 6-max Seat #3 is the button
Seat 6: S3MPR3IGUAL ($100 in chips) is sitting out
Seat 1: RealFischiert ($100 in chips) 
Seat 2: LuckyShikari ($101 in chips) 
Seat 3: worker0k ($100 in chips) 
Seat 4: antey89 ($101.80 in chips) 
Seat 5: DL1B ($102.28 in chips) 
antey89: posts small blind $0.50
DL1B: posts big blind $1
S3MPR3IGUAL: sits out 
*** HOLE CARDS ***
RealFischiert: calls $1
LuckyShikari: folds 
worker0k: folds 
antey89: folds 
DL1B: checks 
*** FLOP *** [Th 9s Tc]
DL1B: checks 
RealFischiert: bets $2.38
DL1B: folds 
Uncalled bet ($2.38) returned to RealFischiert
RealFischiert collected $2.38 from pot
RealFischiert: doesn't show hand 
*** SUMMARY ***
Total pot $2.50 | Rake $0.12 
Board [Th 9s Tc]
Seat 6: S3MPR3IGUAL
Seat 1: RealFischiert collected ($2.38)
Seat 2: LuckyShikari folded before Flop (didn't bet)
Seat 3: worker0k (button) folded before Flop (didn't bet)
Seat 4: antey89 (small blind) folded before Flop
Seat 5: DL1B (big blind) folded on the Flop



PokerStars Hand #254639325911:  Hold'em No Limit ($0.50/$1.00 USD) - 2025/01/31 17:48:34 WET [2025/01/31 12:48:34 ET]
Table 'Dnoces' 6-max Seat #4 is the button
Seat 1: RealFischiert ($101.38 in chips) 
Seat 2: LuckyShikari ($101 in chips) 
Seat 3: worker0k ($100 in chips) 
Seat 4: antey89 ($101.30 in chips) 
Seat 5: DL1B ($101.28 in chips) 
Seat 6: S3MPR3IGUAL ($100 in chips) 
DL1B: posts small blind $0.50
S3MPR3IGUAL: posts big blind $1
*** HOLE CARDS ***
RealFischiert: folds 
LuckyShikari: raises $1.25 to $2.25
worker0k: folds 
worker0k leaves the table
antey89: folds 
DL1B: folds 
S3MPR3IGUAL: folds 
Uncalled bet ($1.25) returned to LuckyShikari
Oli3579 joins the table at seat #3 
LuckyShikari collected $2.50 from pot
LuckyShikari: doesn't show hand 
*** SUMMARY ***
Total pot $2.50 | Rake $0 
Seat 1: RealFischiert folded before Flop (didn't bet)
Seat 2: LuckyShikari collected ($2.50)
Seat 3: worker0k folded before Flop (didn't bet)
Seat 4: antey89 (button) folded before Flop (didn't bet)
Seat 5: DL1B (small blind) folded before Flop
Seat 6: S3MPR3IGUAL (big blind) folded before Flop



PokerStars Hand #254639329950:  Hold'em No Limit ($0.50/$1.00 USD) - 2025/01/31 17:48:51 WET [2025/01/31 12:48:51 ET]
Table 'Dnoces' 6-max Seat #5 is the button
Seat 3: Oli3579 ($100 in chips) is sitting out
Seat 1: RealFischiert ($101.38 in chips) 
Seat 2: LuckyShikari ($102.50 in chips) 
Seat 4: antey89 ($101.30 in chips) 
Seat 5: DL1B ($100.78 in chips) 
Seat 6: S3MPR3IGUAL ($100 in chips) 
S3MPR3IGUAL: posts small blind $0.50
RealFischiert: posts big blind $1
Oli3579: sits out 
*** HOLE CARDS ***
LuckyShikari: folds 
antey89: raises $1.50 to $2.50
DL1B: folds 
S3MPR3IGUAL: raises $8.50 to $11
RealFischiert: folds 
antey89: raises $13 to $24
S3MPR3IGUAL: folds 
Uncalled bet ($13) returned to antey89
antey89 collected $23 from pot
antey89: doesn't show hand 
*** SUMMARY ***
Total pot $23 | Rake $0 
Seat 3: Oli3579
Seat 1: RealFischiert (big blind) folded before Flop
Seat 2: LuckyShikari folded before Flop (didn't bet)
Seat 4: antey89 collected ($23)
Seat 5: DL1B (button) folded before Flop (didn't bet)
Seat 6: S3MPR3IGUAL (small blind) folded before Flop



PokerStars Hand #254639338959:  Hold'em No Limit ($0.50/$1.00 USD) - 2025/01/31 17:49:27 WET [2025/01/31 12:49:27 ET]
Table 'Dnoces' 6-max Seat #6 is the button
Seat 3: Oli3579 ($100 in chips) is sitting out
Seat 1: RealFischiert ($100.38 in chips) 
Seat 2: LuckyShikari ($102.50 in chips) 
Seat 4: antey89 ($113.30 in chips) 
Seat 5: DL1B ($100.78 in chips) 
Seat 6: S3MPR3IGUAL ($100 in chips) 
RealFischiert: posts small blind $0.50
LuckyShikari: posts big blind $1
Oli3579: sits out 
*** HOLE CARDS ***
antey89: folds 
DL1B: folds 
S3MPR3IGUAL: raises $1.20 to $2.20
RealFischiert: calls $1.70
LuckyShikari: folds 
*** FLOP *** [7c 6s Kd]
RealFischiert: checks 
S3MPR3IGUAL: bets $1.44
RealFischiert: calls $1.44
*** TURN *** [7c 6s Kd] [2c]
RealFischiert: checks 
S3MPR3IGUAL: checks 
*** RIVER *** [7c 6s Kd 2c] [2h]
RealFischiert: bets $7.87
S3MPR3IGUAL: calls $7.87
*** SHOW DOWN ***
RealFischiert: shows [Ts 9s] (a pair of Deuces)
S3MPR3IGUAL: shows [Qs As] (a pair of Deuces - Ace kicker)
S3MPR3IGUAL collected $22.82 from pot
*** SUMMARY ***
Total pot $24.02 | Rake $1.20 
Board [7c 6s Kd 2c 2h]
Seat 3: Oli3579
Seat 1: RealFischiert (small blind) showed [Ts 9s] and lost with a pair of Deuces
Seat 2: LuckyShikari (big blind) folded before Flop
Seat 4: antey89 folded before Flop (didn't bet)
Seat 5: DL1B folded before Flop (didn't bet)
Seat 6: S3MPR3IGUAL (button) showed [Qs As] and won ($22.82) with a pair of Deuces



PokerStars Hand #254639348162:  Hold'em No Limit ($0.50/$1.00 USD) - 2025/01/31 17:50:04 WET [2025/01/31 12:50:04 ET]
Table 'Dnoces' 6-max Seat #1 is the button
Seat 1: RealFischiert ($88.87 in chips) 
Seat 2: LuckyShikari ($101.50 in chips) 
Seat 3: Oli3579 ($100 in chips) 
Seat 4: antey89 ($113.30 in chips) 
Seat 5: DL1B ($100.78 in chips) 
Seat 6: S3MPR3IGUAL ($111.31 in chips) 
LuckyShikari: posts small blind $0.50
Oli3579: posts big blind $1
*** HOLE CARDS ***
antey89: folds 
DL1B: folds 
S3MPR3IGUAL: folds 
RealFischiert: calls $1
LuckyShikari: folds 
Oli3579: checks 
*** FLOP *** [Jd Kd 9h]
Oli3579: checks 
RealFischiert: checks 
*** TURN *** [Jd Kd 9h] [Jh]
Oli3579: checks 
RealFischiert: checks 
*** RIVER *** [Jd Kd 9h Jh] [5h]
Oli3579: checks 
RealFischiert: bets $2.38
Oli3579: folds 
Uncalled bet ($2.38) returned to RealFischiert
RealFischiert collected $2.38 from pot
RealFischiert: doesn't show hand 
*** SUMMARY ***
Total pot $2.50 | Rake $0.12 
Board [Jd Kd 9h Jh 5h]
Seat 1: RealFischiert (button) collected ($2.38)
Seat 2: LuckyShikari (small blind) folded before Flop
Seat 3: Oli3579 (big blind) folded on the River
Seat 4: antey89 folded before Flop (didn't bet)
Seat 5: DL1B folded before Flop (didn't bet)
Seat 6: S3MPR3IGUAL folded before Flop (didn't bet)



PokerStars Hand #254639358730:  Hold'em No Limit ($0.50/$1.00 USD) - 2025/01/31 17:50:46 WET [2025/01/31 12:50:46 ET]
Table 'Dnoces' 6-max Seat #2 is the button
Seat 4: antey89 ($113.30 in chips) is sitting out
Seat 1: RealFischiert ($90.25 in chips) 
Seat 2: LuckyShikari ($101 in chips) 
Seat 3: Oli3579 ($100 in chips) 
Seat 5: DL1B ($100.78 in chips) 
Seat 6: S3MPR3IGUAL ($111.31 in chips) 
Oli3579: posts small blind $0.50
antey89: is sitting out 
DL1B: posts big blind $1
*** HOLE CARDS ***
S3MPR3IGUAL: folds 
RealFischiert: folds 
antey89 leaves the table
LuckyShikari: raises $2.50 to $3.50
Oli3579: folds 
DL1B: folds 
Uncalled bet ($2.50) returned to LuckyShikari
LuckyShikari collected $2.50 from pot
LuckyShikari: doesn't show hand 
*** SUMMARY ***
Total pot $2.50 | Rake $0 
Seat 4: antey89
Seat 1: RealFischiert folded before Flop (didn't bet)
Seat 2: LuckyShikari (button) collected ($2.50)
Seat 3: Oli3579 (small blind) folded before Flop
Seat 5: DL1B (big blind) folded before Flop
Seat 6: S3MPR3IGUAL folded before Flop (didn't bet)



PokerStars Hand #254639362451:  Hold'em No Limit ($0.50/$1.00 USD) - 2025/01/31 17:51:01 WET [2025/01/31 12:51:01 ET]
Table 'Dnoces' 6-max Seat #3 is the button
Seat 1: RealFischiert ($90.25 in chips) 
Seat 2: LuckyShikari ($102.50 in chips) 
Seat 3: Oli3579 ($100 in chips) 
Seat 5: DL1B ($100 in chips) 
Seat 6: S3MPR3IGUAL ($111.31 in chips) 
DL1B: posts small blind $0.50
S3MPR3IGUAL: posts big blind $1
*** HOLE CARDS ***
Kristo 914 joins the table at seat #4 
RealFischiert: folds 
LuckyShikari: folds 
Oli3579: raises $1.25 to $2.25
DL1B: folds 
S3MPR3IGUAL: folds 
Uncalled bet ($1.25) returned to Oli3579
Oli3579 collected $2.50 from pot
Oli3579: doesn't show hand 
*** SUMMARY ***
Total pot $2.50 | Rake $0 
Seat 1: RealFischiert folded before Flop (didn't bet)
Seat 2: LuckyShikari folded before Flop (didn't bet)
Seat 3: Oli3579 (button) collected ($2.50)
Seat 5: DL1B (small blind) folded before Flop
Seat 6: S3MPR3IGUAL (big blind) folded before Flop



PokerStars Hand #254639366157:  Hold'em No Limit ($0.50/$1.00 USD) - 2025/01/31 17:51:16 WET [2025/01/31 12:51:16 ET]
Table 'Dnoces' 6-max Seat #5 is the button
Seat 4: Kristo 914 ($65.97 in chips) is sitting out
Seat 1: RealFischiert ($90.25 in chips) 
Seat 2: LuckyShikari ($102.50 in chips) 
Seat 3: Oli3579 ($101.50 in chips) 
Seat 5: DL1B ($100 in chips) 
Seat 6: S3MPR3IGUAL ($110.31 in chips) 
S3MPR3IGUAL: posts small blind $0.50
RealFischiert: posts big blind $1
Kristo 914: sits out 
*** HOLE CARDS ***
LuckyShikari: folds 
Oli3579: raises $1.25 to $2.25
DL1B: folds 
S3MPR3IGUAL: folds 
RealFischiert: folds 
Uncalled bet ($1.25) returned to Oli3579
Oli3579 collected $2.50 from pot
Oli3579: doesn't show hand 
*** SUMMARY ***
Total pot $2.50 | Rake $0 
Seat 4: Kristo 914
Seat 1: RealFischiert (big blind) folded before Flop
Seat 2: LuckyShikari folded before Flop (didn't bet)
Seat 3: Oli3579 collected ($2.50)
Seat 5: DL1B (button) folded before Flop (didn't bet)
Seat 6: S3MPR3IGUAL (small blind) folded before Flop



PokerStars Hand #254639369302:  Hold'em No Limit ($0.50/$1.00 USD) - 2025/01/31 17:51:29 WET [2025/01/31 12:51:29 ET]
Table 'Dnoces' 6-max Seat #6 is the button
Seat 4: Kristo 914 ($65.97 in chips) is sitting out
Seat 1: RealFischiert ($89.25 in chips) 
Seat 2: LuckyShikari ($102.50 in chips) 
Seat 3: Oli3579 ($103 in chips) 
Seat 5: DL1B ($100 in chips) 
Seat 6: S3MPR3IGUAL ($109.81 in chips) 
RealFischiert: posts small blind $0.50
LuckyShikari: posts big blind $1
Kristo 914: sits out 
*** HOLE CARDS ***
Oli3579: folds 
DL1B: folds 
S3MPR3IGUAL: raises $1.20 to $2.20
RealFischiert: calls $1.70
LuckyShikari: raises $9.80 to $12
S3MPR3IGUAL: folds 
RealFischiert: calls $9.80
*** FLOP *** [8h 5d 4s]
RealFischiert: checks 
LuckyShikari: bets $14.50
RealFischiert: raises $53.89 to $68.39
LuckyShikari: folds 
Uncalled bet ($53.89) returned to RealFischiert
RealFischiert collected $52.70 from pot
RealFischiert: doesn't show hand 
*** SUMMARY ***
Total pot $55.20 | Rake $2.50 
Board [8h 5d 4s]
Seat 4: Kristo 914
Seat 1: RealFischiert (small blind) collected ($52.70)
Seat 2: LuckyShikari (big blind) folded on the Flop
Seat 3: Oli3579 folded before Flop (didn't bet)
Seat 5: DL1B folded before Flop (didn't bet)
Seat 6: S3MPR3IGUAL (button) folded before Flop



PokerStars Hand #254639376943:  Hold'em No Limit ($0.50/$1.00 USD) - 2025/01/31 17:51:59 WET [2025/01/31 12:51:59 ET]
Table 'Dnoces' 6-max Seat #1 is the button
Seat 4: Kristo 914 ($100 in chips) is sitting out
Seat 1: RealFischiert ($115.45 in chips) 
Seat 2: LuckyShikari ($100 in chips) 
Seat 3: Oli3579 ($103 in chips) 
Seat 5: DL1B ($100 in chips) 
Seat 6: S3MPR3IGUAL ($107.61 in chips) 
LuckyShikari: posts small blind $0.50
Oli3579: posts big blind $1
Kristo 914: sits out 
*** HOLE CARDS ***
DL1B: folds 
S3MPR3IGUAL: raises $1.20 to $2.20
RealFischiert: folds 
LuckyShikari: folds 
Oli3579: folds 
Uncalled bet ($1.20) returned to S3MPR3IGUAL
S3MPR3IGUAL collected $2.50 from pot
S3MPR3IGUAL: doesn't show hand 
*** SUMMARY ***
Total pot $2.50 | Rake $0 
Seat 4: Kristo 914
Seat 1: RealFischiert (button) folded before Flop (didn't bet)
Seat 2: LuckyShikari (small blind) folded before Flop
Seat 3: Oli3579 (big blind) folded before Flop
Seat 5: DL1B folded before Flop (didn't bet)
Seat 6: S3MPR3IGUAL collected ($2.50)



PokerStars Hand #254639381081:  Hold'em No Limit ($0.50/$1.00 USD) - 2025/01/31 17:52:16 WET [2025/01/31 12:52:16 ET]
Table 'Dnoces' 6-max Seat #2 is the button
Seat 1: RealFischiert ($115.45 in chips) 
Seat 2: LuckyShikari ($100 in chips) 
Seat 3: Oli3579 ($102 in chips) 
Seat 4: Kristo 914 ($100 in chips) 
Seat 5: DL1B ($100 in chips) 
Seat 6: S3MPR3IGUAL ($109.11 in chips) 
Oli3579: posts small blind $0.50
Kristo 914: posts big blind $1
*** HOLE CARDS ***
DL1B: folds 
S3MPR3IGUAL: folds 
RealFischiert: folds 
LuckyShikari: raises $1.50 to $2.50
Oli3579: folds 
Kristo 914: raises $9.50 to $12
LuckyShikari: folds 
Uncalled bet ($9.50) returned to Kristo 914
Kristo 914 collected $5.50 from pot
Kristo 914: doesn't show hand 
*** SUMMARY ***
Total pot $5.50 | Rake $0 
Seat 1: RealFischiert folded before Flop (didn't bet)
Seat 2: LuckyShikari (button) folded before Flop
Seat 3: Oli3579 (small blind) folded before Flop
Seat 4: Kristo 914 (big blind) collected ($5.50)
Seat 5: DL1B folded before Flop (didn't bet)
Seat 6: S3MPR3IGUAL folded before Flop (didn't bet)



PokerStars Hand #254639389291:  Hold'em No Limit ($0.50/$1.00 USD) - 2025/01/31 17:52:49 WET [2025/01/31 12:52:49 ET]
Table 'Dnoces' 6-max Seat #3 is the button
Seat 1: RealFischiert ($115.45 in chips) 
Seat 2: LuckyShikari ($100 in chips) 
Seat 3: Oli3579 ($101.50 in chips) 
Seat 4: Kristo 914 ($103 in chips) 
Seat 5: DL1B ($100 in chips) 
Seat 6: S3MPR3IGUAL ($109.11 in chips) 
Kristo 914: posts small blind $0.50
DL1B: posts big blind $1
*** HOLE CARDS ***
S3MPR3IGUAL: folds 
RealFischiert: folds 
LuckyShikari: folds 
Oli3579: raises $1.25 to $2.25
Kristo 914: folds 
DL1B: folds 
Uncalled bet ($1.25) returned to Oli3579
Oli3579 collected $2.50 from pot
Oli3579: doesn't show hand 
*** SUMMARY ***
Total pot $2.50 | Rake $0 
Seat 1: RealFischiert folded before Flop (didn't bet)
Seat 2: LuckyShikari folded before Flop (didn't bet)
Seat 3: Oli3579 (button) collected ($2.50)
Seat 4: Kristo 914 (small blind) folded before Flop
Seat 5: DL1B (big blind) folded before Flop
Seat 6: S3MPR3IGUAL folded before Flop (didn't bet)



PokerStars Hand #254639392829:  Hold'em No Limit ($0.50/$1.00 USD) - 2025/01/31 17:53:03 WET [2025/01/31 12:53:03 ET]
Table 'Dnoces' 6-max Seat #4 is the button
Seat 1: RealFischiert ($115.45 in chips) 
Seat 2: LuckyShikari ($100 in chips) 
Seat 3: Oli3579 ($103 in chips) 
Seat 4: Kristo 914 ($102.50 in chips) 
Seat 5: DL1B ($100 in chips) 
Seat 6: S3MPR3IGUAL ($109.11 in chips) 
DL1B: posts small blind $0.50
S3MPR3IGUAL: posts big blind $1
*** HOLE CARDS ***
RealFischiert: folds 
LuckyShikari: raises $1 to $2
Oli3579: folds 
Kristo 914: folds 
DL1B: folds 
S3MPR3IGUAL: folds 
Uncalled bet ($1) returned to LuckyShikari
LuckyShikari collected $2.50 from pot
LuckyShikari: doesn't show hand 
*** SUMMARY ***
Total pot $2.50 | Rake $0 
Seat 1: RealFischiert folded before Flop (didn't bet)
Seat 2: LuckyShikari collected ($2.50)
Seat 3: Oli3579 folded before Flop (didn't bet)
Seat 4: Kristo 914 (button) folded before Flop (didn't bet)
Seat 5: DL1B (small blind) folded before Flop
Seat 6: S3MPR3IGUAL (big blind) folded before Flop



PokerStars Hand #254639398280:  Hold'em No Limit ($0.50/$1.00 USD) - 2025/01/31 17:53:25 WET [2025/01/31 12:53:25 ET]
Table 'Dnoces' 6-max Seat #5 is the button
Seat 1: RealFischiert ($115.45 in chips) 
Seat 2: LuckyShikari ($101.50 in chips) 
Seat 3: Oli3579 ($103 in chips) 
Seat 4: Kristo 914 ($102.50 in chips) 
Seat 5: DL1B ($100 in chips) 
Seat 6: S3MPR3IGUAL ($108.11 in chips) 
S3MPR3IGUAL: posts small blind $0.50
RealFischiert: posts big blind $1
*** HOLE CARDS ***
LuckyShikari: folds 
Oli3579: raises $1.25 to $2.25
Kristo 914: folds 
DL1B: folds 
S3MPR3IGUAL: folds 
RealFischiert: calls $1.25
*** FLOP *** [6s 8s 4s]
RealFischiert: checks 
Oli3579: checks 
*** TURN *** [6s 8s 4s] [6d]
RealFischiert: checks 
Oli3579: checks 
*** RIVER *** [6s 8s 4s 6d] [9c]
RealFischiert: checks 
Oli3579: bets $3.14
RealFischiert: folds 
Uncalled bet ($3.14) returned to Oli3579
Oli3579 collected $4.75 from pot
Oli3579: doesn't show hand 
*** SUMMARY ***
Total pot $5 | Rake $0.25 
Board [6s 8s 4s 6d 9c]
Seat 1: RealFischiert (big blind) folded on the River
Seat 2: LuckyShikari folded before Flop (didn't bet)
Seat 3: Oli3579 collected ($4.75)
Seat 4: Kristo 914 folded before Flop (didn't bet)
Seat 5: DL1B (button) folded before Flop (didn't bet)
Seat 6: S3MPR3IGUAL (small blind) folded before Flop



PokerStars Hand #254639413722:  Hold'em No Limit ($0.50/$1.00 USD) - 2025/01/31 17:54:26 WET [2025/01/31 12:54:26 ET]
Table 'Dnoces' 6-max Seat #6 is the button
Seat 1: RealFischiert ($113.20 in chips) 
Seat 2: LuckyShikari ($101.50 in chips) 
Seat 3: Oli3579 ($105.50 in chips) 
Seat 4: Kristo 914 ($102.50 in chips) 
Seat 5: DL1B ($100 in chips) 
Seat 6: S3MPR3IGUAL ($107.61 in chips) 
RealFischiert: posts small blind $0.50
LuckyShikari: posts big blind $1
*** HOLE CARDS ***
Oli3579: raises $1.25 to $2.25
Kristo 914: raises $5.25 to $7.50
DL1B: folds 
S3MPR3IGUAL: folds 
RealFischiert: folds 
LuckyShikari: folds 
Oli3579: folds 
Uncalled bet ($5.25) returned to Kristo 914
Kristo 914 collected $6 from pot
Kristo 914: doesn't show hand 
*** SUMMARY ***
Total pot $6 | Rake $0 
Seat 1: RealFischiert (small blind) folded before Flop
Seat 2: LuckyShikari (big blind) folded before Flop
Seat 3: Oli3579 folded before Flop
Seat 4: Kristo 914 collected ($6)
Seat 5: DL1B folded before Flop (didn't bet)
Seat 6: S3MPR3IGUAL (button) folded before Flop (didn't bet)



PokerStars Hand #254639419979:  Hold'em No Limit ($0.50/$1.00 USD) - 2025/01/31 17:54:52 WET [2025/01/31 12:54:52 ET]
Table 'Dnoces' 6-max Seat #1 is the button
Seat 1: RealFischiert ($112.70 in chips) 
Seat 2: LuckyShikari ($100.50 in chips) 
Seat 3: Oli3579 ($103.25 in chips) 
Seat 4: Kristo 914 ($106.25 in chips) 
Seat 5: DL1B ($100 in chips) 
Seat 6: S3MPR3IGUAL ($107.61 in chips) 
LuckyShikari: posts small blind $0.50
Oli3579: posts big blind $1
*** HOLE CARDS ***
Kristo 914: raises $1.40 to $2.40
DL1B: folds 
S3MPR3IGUAL: folds 
RealFischiert: folds 
LuckyShikari: folds 
Oli3579: folds 
Uncalled bet ($1.40) returned to Kristo 914
Kristo 914 collected $2.50 from pot
Kristo 914: doesn't show hand 
*** SUMMARY ***
Total pot $2.50 | Rake $0 
Seat 1: RealFischiert (button) folded before Flop (didn't bet)
Seat 2: LuckyShikari (small blind) folded before Flop
Seat 3: Oli3579 (big blind) folded before Flop
Seat 4: Kristo 914 collected ($2.50)
Seat 5: DL1B folded before Flop (didn't bet)
Seat 6: S3MPR3IGUAL folded before Flop (didn't bet)



PokerStars Hand #254639423727:  Hold'em No Limit ($0.50/$1.00 USD) - 2025/01/31 17:55:07 WET [2025/01/31 12:55:07 ET]
Table 'Dnoces' 6-max Seat #2 is the button
Seat 1: RealFischiert ($112.70 in chips) 
Seat 2: LuckyShikari ($100 in chips) 
Seat 3: Oli3579 ($102.25 in chips) 
Seat 4: Kristo 914 ($107.75 in chips) 
Seat 5: DL1B ($100 in chips) 
Seat 6: S3MPR3IGUAL ($107.61 in chips) 
Oli3579: posts small blind $0.50
Kristo 914: posts big blind $1
*** HOLE CARDS ***
DL1B: raises $1 to $2
S3MPR3IGUAL: folds 
RealFischiert: folds 
LuckyShikari: folds 
Oli3579: folds 
Kristo 914: folds 
Uncalled bet ($1) returned to DL1B
DL1B collected $2.50 from pot
DL1B: doesn't show hand 
*** SUMMARY ***
Total pot $2.50 | Rake $0 
Seat 1: RealFischiert folded before Flop (didn't bet)
Seat 2: LuckyShikari (button) folded before Flop (didn't bet)
Seat 3: Oli3579 (small blind) folded before Flop
Seat 4: Kristo 914 (big blind) folded before Flop
Seat 5: DL1B collected ($2.50)
Seat 6: S3MPR3IGUAL folded before Flop (didn't bet)



PokerStars Hand #254639428956:  Hold'em No Limit ($0.50/$1.00 USD) - 2025/01/31 17:55:32 WET [2025/01/31 12:55:32 ET]
Table 'Dnoces' 6-max Seat #3 is the button
Seat 1: RealFischiert ($112.70 in chips) 
Seat 2: LuckyShikari ($100 in chips) 
Seat 3: Oli3579 ($101.75 in chips) 
Seat 4: Kristo 914 ($106.75 in chips) 
Seat 5: DL1B ($101.50 in chips) 
Seat 6: S3MPR3IGUAL ($107.61 in chips) 
Kristo 914: posts small blind $0.50
DL1B: posts big blind $1
*** HOLE CARDS ***
S3MPR3IGUAL: folds 
RealFischiert: folds 
LuckyShikari: folds 
Oli3579: folds 
Kristo 914: raises $2 to $3
DL1B: raises $6 to $9
Kristo 914: folds 
Uncalled bet ($6) returned to DL1B
DL1B collected $6 from pot
DL1B: doesn't show hand 
*** SUMMARY ***
Total pot $6 | Rake $0 
Seat 1: RealFischiert folded before Flop (didn't bet)
Seat 2: LuckyShikari folded before Flop (didn't bet)
Seat 3: Oli3579 (button) folded before Flop (didn't bet)
Seat 4: Kristo 914 (small blind) folded before Flop
Seat 5: DL1B (big blind) collected ($6)
Seat 6: S3MPR3IGUAL folded before Flop (didn't bet)



PokerStars Hand #254639432616:  Hold'em No Limit ($0.50/$1.00 USD) - 2025/01/31 17:55:52 WET [2025/01/31 12:55:52 ET]
Table 'Dnoces' 6-max Seat #4 is the button
Seat 1: RealFischiert ($112.70 in chips) 
Seat 2: LuckyShikari ($100 in chips) 
Seat 3: Oli3579 ($101.75 in chips) 
Seat 4: Kristo 914 ($103.75 in chips) 
Seat 5: DL1B ($104.50 in chips) 
Seat 6: S3MPR3IGUAL ($107.61 in chips) 
DL1B: posts small blind $0.50
S3MPR3IGUAL: posts big blind $1
*** HOLE CARDS ***
RealFischiert: raises $2.50 to $3.50
LuckyShikari: folds 
Oli3579: folds 
Kristo 914: folds 
DL1B: folds 
S3MPR3IGUAL: folds 
Uncalled bet ($2.50) returned to RealFischiert
RealFischiert collected $2.50 from pot
RealFischiert: doesn't show hand 
*** SUMMARY ***
Total pot $2.50 | Rake $0 
Seat 1: RealFischiert collected ($2.50)
Seat 2: LuckyShikari folded before Flop (didn't bet)
Seat 3: Oli3579 folded before Flop (didn't bet)
Seat 4: Kristo 914 (button) folded before Flop (didn't bet)
Seat 5: DL1B (small blind) folded before Flop
Seat 6: S3MPR3IGUAL (big blind) folded before Flop



PokerStars Hand #254639439346:  Hold'em No Limit ($0.50/$1.00 USD) - 2025/01/31 17:56:28 WET [2025/01/31 12:56:28 ET]
Table 'Dnoces' 6-max Seat #5 is the button
Seat 1: RealFischiert ($114.20 in chips) 
Seat 2: LuckyShikari ($100 in chips) 
Seat 3: Oli3579 ($101.75 in chips) 
Seat 4: Kristo 914 ($103.75 in chips) 
Seat 5: DL1B ($104 in chips) 
Seat 6: S3MPR3IGUAL ($106.61 in chips) 
S3MPR3IGUAL: posts small blind $0.50
RealFischiert: posts big blind $1
*** HOLE CARDS ***
LuckyShikari: raises $1 to $2
Oli3579: folds 
Kristo 914: folds 
DL1B: folds 
S3MPR3IGUAL: folds 
RealFischiert: calls $1
*** FLOP *** [9d Qc Kh]
RealFischiert: checks 
LuckyShikari: checks 
*** TURN *** [9d Qc Kh] [5d]
RealFischiert: bets $4.28
LuckyShikari: folds 
Uncalled bet ($4.28) returned to RealFischiert
RealFischiert collected $4.28 from pot
RealFischiert: doesn't show hand 
*** SUMMARY ***
Total pot $4.50 | Rake $0.22 
Board [9d Qc Kh 5d]
Seat 1: RealFischiert (big blind) collected ($4.28)
Seat 2: LuckyShikari folded on the Turn
Seat 3: Oli3579 folded before Flop (didn't bet)
Seat 4: Kristo 914 folded before Flop (didn't bet)
Seat 5: DL1B (button) folded before Flop (didn't bet)
Seat 6: S3MPR3IGUAL (small blind) folded before Flop



PokerStars Hand #254639444480:  Hold'em No Limit ($0.50/$1.00 USD) - 2025/01/31 17:56:56 WET [2025/01/31 12:56:56 ET]
Table 'Dnoces' 6-max Seat #6 is the button
Seat 1: RealFischiert ($116.48 in chips) 
Seat 2: LuckyShikari ($100 in chips) 
Seat 3: Oli3579 ($101.75 in chips) 
Seat 4: Kristo 914 ($103.75 in chips) 
Seat 5: DL1B ($104 in chips) 
Seat 6: S3MPR3IGUAL ($106.11 in chips) 
RealFischiert: posts small blind $0.50
LuckyShikari: posts big blind $1
*** HOLE CARDS ***
Oli3579: folds 
Kristo 914: folds 
DL1B: folds 
S3MPR3IGUAL: raises $1.20 to $2.20
RealFischiert: calls $1.70
LuckyShikari: folds 
*** FLOP *** [3s 8c 7d]
RealFischiert: checks 
S3MPR3IGUAL: bets $1.44
RealFischiert: calls $1.44
*** TURN *** [3s 8c 7d] [5h]
RealFischiert: checks 
S3MPR3IGUAL: checks 
*** RIVER *** [3s 8c 7d 5h] [Jh]
RealFischiert: bets $7.87
S3MPR3IGUAL: folds 
Uncalled bet ($7.87) returned to RealFischiert
RealFischiert collected $7.87 from pot
RealFischiert: doesn't show hand 
*** SUMMARY ***
Total pot $8.28 | Rake $0.41 
Board [3s 8c 7d 5h Jh]
Seat 1: RealFischiert (small blind) collected ($7.87)
Seat 2: LuckyShikari (big blind) folded before Flop
Seat 3: Oli3579 folded before Flop (didn't bet)
Seat 4: Kristo 914 folded before Flop (didn't bet)
Seat 5: DL1B folded before Flop (didn't bet)
Seat 6: S3MPR3IGUAL (button) folded on the River



PokerStars Hand #254639453827:  Hold'em No Limit ($0.50/$1.00 USD) - 2025/01/31 17:57:46 WET [2025/01/31 12:57:46 ET]
Table 'Dnoces' 6-max Seat #1 is the button
Seat 1: RealFischiert ($120.71 in chips) 
Seat 2: LuckyShikari ($100 in chips) 
Seat 3: Oli3579 ($101.75 in chips) 
Seat 4: Kristo 914 ($103.75 in chips) 
Seat 5: DL1B ($104 in chips) 
Seat 6: S3MPR3IGUAL ($102.47 in chips) 
LuckyShikari: posts small blind $0.50
Oli3579: posts big blind $1
*** HOLE CARDS ***
Kristo 914: raises $1.40 to $2.40
DL1B: folds 
S3MPR3IGUAL: folds 
RealFischiert: folds 
LuckyShikari: folds 
Oli3579: folds 
Uncalled bet ($1.40) returned to Kristo 914
Kristo 914 collected $2.50 from pot
Kristo 914: doesn't show hand 
*** SUMMARY ***
Total pot $2.50 | Rake $0 
Seat 1: RealFischiert (button) folded before Flop (didn't bet)
Seat 2: LuckyShikari (small blind) folded before Flop
Seat 3: Oli3579 (big blind) folded before Flop
Seat 4: Kristo 914 collected ($2.50)
Seat 5: DL1B folded before Flop (didn't bet)
Seat 6: S3MPR3IGUAL folded before Flop (didn't bet)



PokerStars Hand #254639457050:  Hold'em No Limit ($0.50/$1.00 USD) - 2025/01/31 17:58:03 WET [2025/01/31 12:58:03 ET]
Table 'Dnoces' 6-max Seat #2 is the button
Seat 1: RealFischiert ($120.71 in chips) 
Seat 2: LuckyShikari ($100 in chips) 
Seat 3: Oli3579 ($100.75 in chips) 
Seat 4: Kristo 914 ($105.25 in chips) 
Seat 5: DL1B ($104 in chips) 
Seat 6: S3MPR3IGUAL ($102.47 in chips) 
Oli3579: posts small blind $0.50
Kristo 914: posts big blind $1
*** HOLE CARDS ***
DL1B: folds 
S3MPR3IGUAL: folds 
RealFischiert: folds 
LuckyShikari: raises $1 to $2
Oli3579: raises $8.50 to $10.50
Kristo 914: folds 
LuckyShikari: calls $8.50
*** FLOP *** [6h 3h 2h]
Oli3579: bets $2.09
LuckyShikari: calls $2.09
*** TURN *** [6h 3h 2h] [Jh]
Oli3579: checks 
LuckyShikari: bets $18.50
Oli3579: calls $18.50
*** RIVER *** [6h 3h 2h Jh] [Qs]
Oli3579: checks 
LuckyShikari: bets $20
Oli3579: raises $49.66 to $69.66 and is all-in
LuckyShikari: folds 
Uncalled bet ($49.66) returned to Oli3579
Oli3579 collected $100.68 from pot
Oli3579: doesn't show hand 
*** SUMMARY ***
Total pot $103.18 | Rake $2.50 
Board [6h 3h 2h Jh Qs]
Seat 1: RealFischiert folded before Flop (didn't bet)
Seat 2: LuckyShikari (button) folded on the River
Seat 3: Oli3579 (small blind) collected ($100.68)
Seat 4: Kristo 914 (big blind) folded before Flop
Seat 5: DL1B folded before Flop (didn't bet)
Seat 6: S3MPR3IGUAL folded before Flop (didn't bet)



PokerStars Hand #254639478265:  Hold'em No Limit ($0.50/$1.00 USD) - 2025/01/31 17:59:56 WET [2025/01/31 12:59:56 ET]
Table 'Dnoces' 6-max Seat #3 is the button
Seat 1: RealFischiert ($120.71 in chips) 
Seat 2: LuckyShikari ($100 in chips) 
Seat 3: Oli3579 ($150.34 in chips) 
Seat 4: Kristo 914 ($104.25 in chips) 
Seat 5: DL1B ($104 in chips) 
Seat 6: S3MPR3IGUAL ($102.47 in chips) 
Kristo 914: posts small blind $0.50
DL1B: posts big blind $1
*** HOLE CARDS ***
S3MPR3IGUAL: folds 
RealFischiert: folds 
LuckyShikari: folds 
Oli3579: folds 
Kristo 914: raises $2 to $3
DL1B: calls $2
*** FLOP *** [Jd 7c Ad]
Kristo 914: checks 
DL1B: checks 
*** TURN *** [Jd 7c Ad] [2d]
Kristo 914: checks 
DL1B: checks 
*** RIVER *** [Jd 7c Ad 2d] [Qd]
Kristo 914: checks 
DL1B: bets $4.33
Kristo 914: folds 
Uncalled bet ($4.33) returned to DL1B
DL1B collected $5.70 from pot
DL1B: doesn't show hand 
*** SUMMARY ***
Total pot $6 | Rake $0.30 
Board [Jd 7c Ad 2d Qd]
Seat 1: RealFischiert folded before Flop (didn't bet)
Seat 2: LuckyShikari folded before Flop (didn't bet)
Seat 3: Oli3579 (button) folded before Flop (didn't bet)
Seat 4: Kristo 914 (small blind) folded on the River
Seat 5: DL1B (big blind) collected ($5.70)
Seat 6: S3MPR3IGUAL folded before Flop (didn't bet)



PokerStars Hand #254639494091:  Hold'em No Limit ($0.50/$1.00 USD) - 2025/01/31 18:01:16 WET [2025/01/31 13:01:16 ET]
Table 'Dnoces' 6-max Seat #4 is the button
Seat 1: RealFischiert ($120.71 in chips) 
Seat 2: LuckyShikari ($100 in chips) 
Seat 3: Oli3579 ($150.34 in chips) 
Seat 4: Kristo 914 ($101.25 in chips) 
Seat 5: DL1B ($106.70 in chips) 
Seat 6: S3MPR3IGUAL ($102.47 in chips) 
DL1B: posts small blind $0.50
S3MPR3IGUAL: posts big blind $1
*** HOLE CARDS ***
RealFischiert: folds 
LuckyShikari: raises $1 to $2
Oli3579: folds 
Kristo 914: folds 
DL1B: folds 
S3MPR3IGUAL: calls $1
*** FLOP *** [Js 6h 5s]
S3MPR3IGUAL: checks 
LuckyShikari: checks 
*** TURN *** [Js 6h 5s] [8d]
S3MPR3IGUAL: checks 
LuckyShikari: checks 
*** RIVER *** [Js 6h 5s 8d] [5c]
S3MPR3IGUAL: bets $3.21
LuckyShikari: folds 
Uncalled bet ($3.21) returned to S3MPR3IGUAL
S3MPR3IGUAL collected $4.28 from pot
S3MPR3IGUAL: doesn't show hand 
*** SUMMARY ***
Total pot $4.50 | Rake $0.22 
Board [Js 6h 5s 8d 5c]
Seat 1: RealFischiert folded before Flop (didn't bet)
Seat 2: LuckyShikari folded on the River
Seat 3: Oli3579 folded before Flop (didn't bet)
Seat 4: Kristo 914 (button) folded before Flop (didn't bet)
Seat 5: DL1B (small blind) folded before Flop
Seat 6: S3MPR3IGUAL (big blind) collected ($4.28)



PokerStars Hand #254639510484:  Hold'em No Limit ($0.50/$1.00 USD) - 2025/01/31 18:02:26 WET [2025/01/31 13:02:26 ET]
Table 'Dnoces' 6-max Seat #5 is the button
Seat 1: RealFischiert ($120.71 in chips) 
Seat 2: LuckyShikari ($100 in chips) 
Seat 3: Oli3579 ($150.34 in chips) 
Seat 4: Kristo 914 ($101.25 in chips) 
Seat 5: DL1B ($106.20 in chips) 
Seat 6: S3MPR3IGUAL ($104.75 in chips) 
S3MPR3IGUAL: posts small blind $0.50
RealFischiert: posts big blind $1
*** HOLE CARDS ***
LuckyShikari: folds 
Oli3579: folds 
Kristo 914: folds 
DL1B: raises $1.50 to $2.50
S3MPR3IGUAL: raises $8.50 to $11
RealFischiert: folds 
DL1B: folds 
Uncalled bet ($8.50) returned to S3MPR3IGUAL
S3MPR3IGUAL collected $6 from pot
S3MPR3IGUAL: doesn't show hand 
*** SUMMARY ***
Total pot $6 | Rake $0 
Seat 1: RealFischiert (big blind) folded before Flop
Seat 2: LuckyShikari folded before Flop (didn't bet)
Seat 3: Oli3579 folded before Flop (didn't bet)
Seat 4: Kristo 914 folded before Flop (didn't bet)
Seat 5: DL1B (button) folded before Flop
Seat 6: S3MPR3IGUAL (small blind) collected ($6)



PokerStars Hand #254639515914:  Hold'em No Limit ($0.50/$1.00 USD) - 2025/01/31 18:02:48 WET [2025/01/31 13:02:48 ET]
Table 'Dnoces' 6-max Seat #6 is the button
Seat 1: RealFischiert ($119.71 in chips) 
Seat 2: LuckyShikari ($100 in chips) 
Seat 3: Oli3579 ($150.34 in chips) 
Seat 4: Kristo 914 ($101.25 in chips) 
Seat 5: DL1B ($103.70 in chips) 
Seat 6: S3MPR3IGUAL ($108.25 in chips) 
RealFischiert: posts small blind $0.50
LuckyShikari: posts big blind $1
*** HOLE CARDS ***
Oli3579: folds 
Kristo 914: folds 
DL1B: folds 
S3MPR3IGUAL: folds 
RealFischiert: folds 
Uncalled bet ($0.50) returned to LuckyShikari
LuckyShikari collected $1 from pot
LuckyShikari: doesn't show hand 
*** SUMMARY ***
Total pot $1 | Rake $0 
Seat 1: RealFischiert (small blind) folded before Flop
Seat 2: LuckyShikari (big blind) collected ($1)
Seat 3: Oli3579 folded before Flop (didn't bet)
Seat 4: Kristo 914 folded before Flop (didn't bet)
Seat 5: DL1B folded before Flop (didn't bet)
Seat 6: S3MPR3IGUAL (button) folded before Flop (didn't bet)



PokerStars Hand #254639519555:  Hold'em No Limit ($0.50/$1.00 USD) - 2025/01/31 18:03:03 WET [2025/01/31 13:03:03 ET]
Table 'Dnoces' 6-max Seat #1 is the button
Seat 1: RealFischiert ($119.21 in chips) 
Seat 2: LuckyShikari ($100.50 in chips) 
Seat 3: Oli3579 ($150.34 in chips) 
Seat 4: Kristo 914 ($101.25 in chips) 
Seat 5: DL1B ($103.70 in chips) 
Seat 6: S3MPR3IGUAL ($108.25 in chips) 
LuckyShikari: posts small blind $0.50
Oli3579: posts big blind $1
*** HOLE CARDS ***
Kristo 914: folds 
DL1B: folds 
S3MPR3IGUAL: folds 
RealFischiert: raises $2.50 to $3.50
LuckyShikari: folds 
Oli3579: folds 
Uncalled bet ($2.50) returned to RealFischiert
RealFischiert collected $2.50 from pot
RealFischiert: doesn't show hand 
*** SUMMARY ***
Total pot $2.50 | Rake $0 
Seat 1: RealFischiert (button) collected ($2.50)
Seat 2: LuckyShikari (small blind) folded before Flop
Seat 3: Oli3579 (big blind) folded before Flop
Seat 4: Kristo 914 folded before Flop (didn't bet)
Seat 5: DL1B folded before Flop (didn't bet)
Seat 6: S3MPR3IGUAL folded before Flop (didn't bet)



PokerStars Hand #254639523377:  Hold'em No Limit ($0.50/$1.00 USD) - 2025/01/31 18:03:19 WET [2025/01/31 13:03:19 ET]
Table 'Dnoces' 6-max Seat #2 is the button
Seat 1: RealFischiert ($120.71 in chips) 
Seat 2: LuckyShikari ($100 in chips) 
Seat 3: Oli3579 ($149.34 in chips) 
Seat 4: Kristo 914 ($101.25 in chips) 
Seat 5: DL1B ($103.70 in chips) 
Seat 6: S3MPR3IGUAL ($108.25 in chips) 
Oli3579: posts small blind $0.50
Kristo 914: posts big blind $1
*** HOLE CARDS ***
DL1B: folds 
S3MPR3IGUAL: folds 
RealFischiert: calls $1
LuckyShikari: folds 
Oli3579: calls $0.50
Kristo 914 has timed out
Kristo 914: checks 
*** FLOP *** [6h 9s Qh]
Oli3579: checks 
Kristo 914: checks 
RealFischiert: checks 
*** TURN *** [6h 9s Qh] [9d]
Oli3579: checks 
Kristo 914: checks 
RealFischiert: checks 
*** RIVER *** [6h 9s Qh 9d] [8d]
Oli3579: checks 
Kristo 914: checks 
RealFischiert: checks 
*** SHOW DOWN ***
Oli3579: shows [2d Kd] (a pair of Nines)
Kristo 914: mucks hand 
RealFischiert: shows [5h 5s] (two pair, Nines and Fives)
RealFischiert collected $2.85 from pot
*** SUMMARY ***
Total pot $3 | Rake $0.15 
Board [6h 9s Qh 9d 8d]
Seat 1: RealFischiert showed [5h 5s] and won ($2.85) with two pair, Nines and Fives
Seat 2: LuckyShikari (button) folded before Flop (didn't bet)
Seat 3: Oli3579 (small blind) showed [2d Kd] and lost with a pair of Nines
Seat 4: Kristo 914 (big blind) mucked
Seat 5: DL1B folded before Flop (didn't bet)
Seat 6: S3MPR3IGUAL folded before Flop (didn't bet)



PokerStars Hand #254639547265:  Hold'em No Limit ($0.50/$1.00 USD) - 2025/01/31 18:04:53 WET [2025/01/31 13:04:53 ET]
Table 'Dnoces' 6-max Seat #3 is the button
Seat 1: RealFischiert ($122.56 in chips) 
Seat 2: LuckyShikari ($100 in chips) 
Seat 3: Oli3579 ($148.34 in chips) 
Seat 4: Kristo 914 ($100.25 in chips) 
Seat 5: DL1B ($103.70 in chips) 
Seat 6: S3MPR3IGUAL ($108.25 in chips) 
Kristo 914: posts small blind $0.50
DL1B: posts big blind $1
*** HOLE CARDS ***
S3MPR3IGUAL: raises $1.20 to $2.20
RealFischiert: folds 
LuckyShikari: folds 
Oli3579: folds 
Kristo 914: folds 
DL1B: folds 
Uncalled bet ($1.20) returned to S3MPR3IGUAL
S3MPR3IGUAL collected $2.50 from pot
S3MPR3IGUAL: doesn't show hand 
*** SUMMARY ***
Total pot $2.50 | Rake $0 
Seat 1: RealFischiert folded before Flop (didn't bet)
Seat 2: LuckyShikari folded before Flop (didn't bet)
Seat 3: Oli3579 (button) folded before Flop (didn't bet)
Seat 4: Kristo 914 (small blind) folded before Flop
Seat 5: DL1B (big blind) folded before Flop
Seat 6: S3MPR3IGUAL collected ($2.50)



PokerStars Hand #254639552452:  Hold'em No Limit ($0.50/$1.00 USD) - 2025/01/31 18:05:14 WET [2025/01/31 13:05:14 ET]
Table 'Dnoces' 6-max Seat #4 is the button
Seat 1: RealFischiert ($122.56 in chips) 
Seat 2: LuckyShikari ($100 in chips) 
Seat 3: Oli3579 ($148.34 in chips) 
Seat 4: Kristo 914 ($99.75 in chips) 
Seat 5: DL1B ($102.70 in chips) 
Seat 6: S3MPR3IGUAL ($109.75 in chips) 
DL1B: posts small blind $0.50
S3MPR3IGUAL: posts big blind $1
*** HOLE CARDS ***
RealFischiert: raises $2.50 to $3.50
LuckyShikari: folds 
Oli3579: folds 
Kristo 914: folds 
DL1B: folds 
S3MPR3IGUAL: calls $2.50
*** FLOP *** [3s 4s 4c]
S3MPR3IGUAL: checks 
RealFischiert: checks 
*** TURN *** [3s 4s 4c] [3h]
S3MPR3IGUAL: checks 
RealFischiert: bets $1
S3MPR3IGUAL: calls $1
*** RIVER *** [3s 4s 4c 3h] [3d]
S3MPR3IGUAL: checks 
RealFischiert: bets $9.02
S3MPR3IGUAL: calls $9.02
*** SHOW DOWN ***
RealFischiert: shows [6h 6d] (a full house, Threes full of Sixes)
S3MPR3IGUAL: mucks hand 
RealFischiert collected $26.16 from pot
*** SUMMARY ***
Total pot $27.54 | Rake $1.38 
Board [3s 4s 4c 3h 3d]
Seat 1: RealFischiert showed [6h 6d] and won ($26.16) with a full house, Threes full of Sixes
Seat 2: LuckyShikari folded before Flop (didn't bet)
Seat 3: Oli3579 folded before Flop (didn't bet)
Seat 4: Kristo 914 (button) folded before Flop (didn't bet)
Seat 5: DL1B (small blind) folded before Flop
Seat 6: S3MPR3IGUAL (big blind) mucked



PokerStars Hand #254639568496:  Hold'em No Limit ($0.50/$1.00 USD) - 2025/01/31 18:06:16 WET [2025/01/31 13:06:16 ET]
Table 'Dnoces' 6-max Seat #5 is the button
Seat 1: RealFischiert ($135.20 in chips) 
Seat 2: LuckyShikari ($100 in chips) 
Seat 3: Oli3579 ($148.34 in chips) 
Seat 4: Kristo 914 ($99.75 in chips) 
Seat 5: DL1B ($102.20 in chips) 
Seat 6: S3MPR3IGUAL ($100 in chips) 
S3MPR3IGUAL: posts small blind $0.50
RealFischiert: posts big blind $1
*** HOLE CARDS ***
LuckyShikari: folds 
Oli3579: folds 
Kristo 914: raises $1.40 to $2.40
DL1B: folds 
S3MPR3IGUAL: folds 
RealFischiert: folds 
Uncalled bet ($1.40) returned to Kristo 914
Kristo 914 collected $2.50 from pot
Kristo 914: doesn't show hand 
*** SUMMARY ***
Total pot $2.50 | Rake $0 
Seat 1: RealFischiert (big blind) folded before Flop
Seat 2: LuckyShikari folded before Flop (didn't bet)
Seat 3: Oli3579 folded before Flop (didn't bet)
Seat 4: Kristo 914 collected ($2.50)
Seat 5: DL1B (button) folded before Flop (didn't bet)
Seat 6: S3MPR3IGUAL (small blind) folded before Flop



PokerStars Hand #254639571796:  Hold'em No Limit ($0.50/$1.00 USD) - 2025/01/31 18:06:29 WET [2025/01/31 13:06:29 ET]
Table 'Dnoces' 6-max Seat #6 is the button
Seat 1: RealFischiert ($134.20 in chips) 
Seat 2: LuckyShikari ($100 in chips) 
Seat 3: Oli3579 ($148.34 in chips) 
Seat 4: Kristo 914 ($101.25 in chips) 
Seat 5: DL1B ($102.20 in chips) 
Seat 6: S3MPR3IGUAL ($100 in chips) 
RealFischiert: posts small blind $0.50
LuckyShikari: posts big blind $1
*** HOLE CARDS ***
Oli3579: folds 
Kristo 914: folds 
DL1B: folds 
S3MPR3IGUAL: raises $1.20 to $2.20
RealFischiert: folds 
LuckyShikari: raises $9.80 to $12
S3MPR3IGUAL: folds 
Uncalled bet ($9.80) returned to LuckyShikari
LuckyShikari collected $4.90 from pot
LuckyShikari: doesn't show hand 
*** SUMMARY ***
Total pot $4.90 | Rake $0 
Seat 1: RealFischiert (small blind) folded before Flop
Seat 2: LuckyShikari (big blind) collected ($4.90)
Seat 3: Oli3579 folded before Flop (didn't bet)
Seat 4: Kristo 914 folded before Flop (didn't bet)
Seat 5: DL1B folded before Flop (didn't bet)
Seat 6: S3MPR3IGUAL (button) folded before Flop



PokerStars Hand #254639576251:  Hold'em No Limit ($0.50/$1.00 USD) - 2025/01/31 18:06:47 WET [2025/01/31 13:06:47 ET]
Table 'Dnoces' 6-max Seat #1 is the button
Seat 1: RealFischiert ($133.70 in chips) 
Seat 2: LuckyShikari ($102.70 in chips) 
Seat 3: Oli3579 ($148.34 in chips) 
Seat 4: Kristo 914 ($101.25 in chips) 
Seat 5: DL1B ($102.20 in chips) 
Seat 6: S3MPR3IGUAL ($100 in chips) 
LuckyShikari: posts small blind $0.50
Oli3579: posts big blind $1
*** HOLE CARDS ***
Kristo 914: folds 
DL1B: folds 
S3MPR3IGUAL: folds 
RealFischiert: folds 
LuckyShikari: raises $2 to $3
Oli3579: calls $2
*** FLOP *** [6h Td Qd]
LuckyShikari: bets $3.50
Oli3579: folds 
Uncalled bet ($3.50) returned to LuckyShikari
LuckyShikari collected $5.70 from pot
LuckyShikari: doesn't show hand 
*** SUMMARY ***
Total pot $6 | Rake $0.30 
Board [6h Td Qd]
Seat 1: RealFischiert (button) folded before Flop (didn't bet)
Seat 2: LuckyShikari (small blind) collected ($5.70)
Seat 3: Oli3579 (big blind) folded on the Flop
Seat 4: Kristo 914 folded before Flop (didn't bet)
Seat 5: DL1B folded before Flop (didn't bet)
Seat 6: S3MPR3IGUAL folded before Flop (didn't bet)



PokerStars Hand #254639582869:  Hold'em No Limit ($0.50/$1.00 USD) - 2025/01/31 18:07:13 WET [2025/01/31 13:07:13 ET]
Table 'Dnoces' 6-max Seat #2 is the button
Seat 1: RealFischiert ($133.70 in chips) 
Seat 2: LuckyShikari ($105.40 in chips) 
Seat 3: Oli3579 ($145.34 in chips) 
Seat 4: Kristo 914 ($101.25 in chips) 
Seat 5: DL1B ($102.20 in chips) 
Seat 6: S3MPR3IGUAL ($100 in chips) 
Oli3579: posts small blind $0.50
Kristo 914: posts big blind $1
*** HOLE CARDS ***
DL1B: folds 
S3MPR3IGUAL: folds 
RealFischiert: folds 
LuckyShikari: folds 
Oli3579: raises $2 to $3
Kristo 914: folds 
Uncalled bet ($2) returned to Oli3579
Oli3579 collected $2 from pot
Oli3579: doesn't show hand 
*** SUMMARY ***
Total pot $2 | Rake $0 
Seat 1: RealFischiert folded before Flop (didn't bet)
Seat 2: LuckyShikari (button) folded before Flop (didn't bet)
Seat 3: Oli3579 (small blind) collected ($2)
Seat 4: Kristo 914 (big blind) folded before Flop
Seat 5: DL1B folded before Flop (didn't bet)
Seat 6: S3MPR3IGUAL folded before Flop (didn't bet)



PokerStars Hand #254639586532:  Hold'em No Limit ($0.50/$1.00 USD) - 2025/01/31 18:07:27 WET [2025/01/31 13:07:27 ET]
Table 'Dnoces' 6-max Seat #3 is the button
Seat 1: RealFischiert ($133.70 in chips) 
Seat 2: LuckyShikari ($105.40 in chips) 
Seat 3: Oli3579 ($146.34 in chips) 
Seat 4: Kristo 914 ($100.25 in chips) 
Seat 5: DL1B ($102.20 in chips) 
Seat 6: S3MPR3IGUAL ($100 in chips) 
Kristo 914: posts small blind $0.50
DL1B: posts big blind $1
*** HOLE CARDS ***
S3MPR3IGUAL: folds 
RealFischiert: raises $2 to $3
LuckyShikari: folds 
Oli3579: folds 
Kristo 914: folds 
DL1B: folds 
Uncalled bet ($2) returned to RealFischiert
RealFischiert collected $2.50 from pot
RealFischiert: doesn't show hand 
*** SUMMARY ***
Total pot $2.50 | Rake $0 
Seat 1: RealFischiert collected ($2.50)
Seat 2: LuckyShikari folded before Flop (didn't bet)
Seat 3: Oli3579 (button) folded before Flop (didn't bet)
Seat 4: Kristo 914 (small blind) folded before Flop
Seat 5: DL1B (big blind) folded before Flop
Seat 6: S3MPR3IGUAL folded before Flop (didn't bet)



PokerStars Hand #254639592677:  Hold'em No Limit ($0.50/$1.00 USD) - 2025/01/31 18:07:52 WET [2025/01/31 13:07:52 ET]
Table 'Dnoces' 6-max Seat #4 is the button
Seat 1: RealFischiert ($135.20 in chips) 
Seat 2: LuckyShikari ($105.40 in chips) 
Seat 3: Oli3579 ($146.34 in chips) 
Seat 4: Kristo 914 ($99.75 in chips) 
Seat 5: DL1B ($101.20 in chips) 
Seat 6: S3MPR3IGUAL ($100 in chips) 
DL1B: posts small blind $0.50
S3MPR3IGUAL: posts big blind $1
*** HOLE CARDS ***
RealFischiert: folds 
LuckyShikari: folds 
Oli3579: folds 
Kristo 914: folds 
DL1B: folds 
Uncalled bet ($0.50) returned to S3MPR3IGUAL
S3MPR3IGUAL collected $1 from pot
S3MPR3IGUAL: doesn't show hand 
*** SUMMARY ***
Total pot $1 | Rake $0 
Seat 1: RealFischiert folded before Flop (didn't bet)
Seat 2: LuckyShikari folded before Flop (didn't bet)
Seat 3: Oli3579 folded before Flop (didn't bet)
Seat 4: Kristo 914 (button) folded before Flop (didn't bet)
Seat 5: DL1B (small blind) folded before Flop
Seat 6: S3MPR3IGUAL (big blind) collected ($1)



PokerStars Hand #254639595741:  Hold'em No Limit ($0.50/$1.00 USD) - 2025/01/31 18:08:03 WET [2025/01/31 13:08:03 ET]
Table 'Dnoces' 6-max Seat #5 is the button
Seat 1: RealFischiert ($135.20 in chips) 
Seat 2: LuckyShikari ($105.40 in chips) 
Seat 3: Oli3579 ($146.34 in chips) 
Seat 4: Kristo 914 ($99.75 in chips) 
Seat 5: DL1B ($100.70 in chips) 
Seat 6: S3MPR3IGUAL ($100.50 in chips) 
S3MPR3IGUAL: posts small blind $0.50
RealFischiert: posts big blind $1
*** HOLE CARDS ***
LuckyShikari: folds 
Oli3579: folds 
Kristo 914: raises $1.40 to $2.40
DL1B: folds 
S3MPR3IGUAL: folds 
RealFischiert: folds 
Uncalled bet ($1.40) returned to Kristo 914
Kristo 914 collected $2.50 from pot
Kristo 914: doesn't show hand 
*** SUMMARY ***
Total pot $2.50 | Rake $0 
Seat 1: RealFischiert (big blind) folded before Flop
Seat 2: LuckyShikari folded before Flop (didn't bet)
Seat 3: Oli3579 folded before Flop (didn't bet)
Seat 4: Kristo 914 collected ($2.50)
Seat 5: DL1B (button) folded before Flop (didn't bet)
Seat 6: S3MPR3IGUAL (small blind) folded before Flop



