PokerStars Hand #254634427117:  Hold'em No Limit ($0.50/$1.00 USD) - 2025/01/31 9:22:17 WET [2025/01/31 4:22:17 ET]
Table 'Idomeneus' 6-max Seat #5 is the button
Seat 4: Emily_GetMan ($100 in chips) 
Seat 5: Luan777Poker ($56.22 in chips) 
Seat 6: antey89 ($103.37 in chips) 
antey89: posts small blind $0.50
Emily_GetMan: posts big blind $1
*** HOLE CARDS ***
Luan777Poker: folds 
antey89: raises $2 to $3
Emily_GetMan: folds 
Uncalled bet ($2) returned to antey89
antey89 collected $2 from pot
antey89: doesn't show hand 
*** SUMMARY ***
Total pot $2 | Rake $0 
Seat 4: Emily_GetMan (big blind) folded before Flop
Seat 5: Luan777Poker (button) folded before Flop (didn't bet)
Seat 6: antey89 (small blind) collected ($2)



PokerStars Hand #254634428666:  Hold'em No Limit ($0.50/$1.00 USD) - 2025/01/31 9:22:33 WET [2025/01/31 4:22:33 ET]
Table 'Idomeneus' 6-max Seat #6 is the button
Seat 4: Emily_GetMan ($100 in chips) 
Seat 5: Luan777Poker ($56.22 in chips) 
Seat 6: antey89 ($104.37 in chips) 
Emily_GetMan: posts small blind $0.50
Luan777Poker: posts big blind $1
*** HOLE CARDS ***
antey89: folds 
Emily_GetMan: folds 
Uncalled bet ($0.50) returned to Luan777Poker
Luan777Poker collected $1 from pot
*** SUMMARY ***
Total pot $1 | Rake $0 
Seat 4: Emily_GetMan (small blind) folded before Flop
Seat 5: Luan777Poker (big blind) collected ($1)
Seat 6: antey89 (button) folded before Flop (didn't bet)



PokerStars Hand #254634429588:  Hold'em No Limit ($0.50/$1.00 USD) - 2025/01/31 9:22:44 WET [2025/01/31 4:22:44 ET]
Table 'Idomeneus' 6-max Seat #4 is the button
Seat 4: Emily_GetMan ($100 in chips) 
Seat 5: Luan777Poker ($56.72 in chips) 
Seat 6: antey89 ($104.37 in chips) 
Luan777Poker: posts small blind $0.50
antey89: posts big blind $1
*** HOLE CARDS ***
Emily_GetMan: folds 
Luan777Poker: raises $1 to $2
antey89: calls $1
*** FLOP *** [9c 8s Ac]
Luan777Poker: bets $2
antey89: folds 
Uncalled bet ($2) returned to Luan777Poker
Luan777Poker collected $3.80 from pot
*** SUMMARY ***
Total pot $4 | Rake $0.20 
Board [9c 8s Ac]
Seat 4: Emily_GetMan (button) folded before Flop (didn't bet)
Seat 5: Luan777Poker (small blind) collected ($3.80)
Seat 6: antey89 (big blind) folded on the Flop



PokerStars Hand #254634432692:  Hold'em No Limit ($0.50/$1.00 USD) - 2025/01/31 9:23:17 WET [2025/01/31 4:23:17 ET]
Table 'Idomeneus' 6-max Seat #5 is the button
Seat 4: Emily_GetMan ($100 in chips) 
Seat 5: Luan777Poker ($58.52 in chips) 
Seat 6: antey89 ($102.37 in chips) 
antey89: posts small blind $0.50
Emily_GetMan: posts big blind $1
*** HOLE CARDS ***
Luan777Poker: folds 
antey89: folds 
Uncalled bet ($0.50) returned to Emily_GetMan
Emily_GetMan collected $1 from pot
Emily_GetMan: doesn't show hand 
*** SUMMARY ***
Total pot $1 | Rake $0 
Seat 4: Emily_GetMan (big blind) collected ($1)
Seat 5: Luan777Poker (button) folded before Flop (didn't bet)
Seat 6: antey89 (small blind) folded before Flop



PokerStars Hand #254634433554:  Hold'em No Limit ($0.50/$1.00 USD) - 2025/01/31 9:23:26 WET [2025/01/31 4:23:26 ET]
Table 'Idomeneus' 6-max Seat #6 is the button
Seat 4: Emily_GetMan ($100.50 in chips) 
Seat 5: Luan777Poker ($58.52 in chips) 
Seat 6: antey89 ($101.87 in chips) 
Emily_GetMan: posts small blind $0.50
Luan777Poker: posts big blind $1
*** HOLE CARDS ***
antey89: folds 
Emily_GetMan: raises $2 to $3
Luan777Poker: calls $2
*** FLOP *** [5d 6s 4d]
Emily_GetMan: checks 
Luan777Poker: checks 
*** TURN *** [5d 6s 4d] [9c]
Emily_GetMan: checks 
Luan777Poker: bets $2
GreenChe joins the table at seat #1 
S3MPR3IGUAL joins the table at seat #2 
Emily_GetMan: folds 
Uncalled bet ($2) returned to Luan777Poker
Luan777Poker collected $5.70 from pot
*** SUMMARY ***
Total pot $6 | Rake $0.30 
Board [5d 6s 4d 9c]
Seat 4: Emily_GetMan (small blind) folded on the Turn
Seat 5: Luan777Poker (big blind) collected ($5.70)
Seat 6: antey89 (button) folded before Flop (didn't bet)



PokerStars Hand #254634437022:  Hold'em No Limit ($0.50/$1.00 USD) - 2025/01/31 9:24:04 WET [2025/01/31 4:24:04 ET]
Table 'Idomeneus' 6-max Seat #4 is the button
Seat 1: GreenChe ($100 in chips) is sitting out
Seat 2: S3MPR3IGUAL ($100 in chips) is sitting out
Seat 4: Emily_GetMan ($100 in chips) 
Seat 5: Luan777Poker ($61.22 in chips) 
Seat 6: antey89 ($101.87 in chips) 
Luan777Poker: posts small blind $0.50
antey89: posts big blind $1
GreenChe: sits out 
S3MPR3IGUAL: sits out 
*** HOLE CARDS ***
Emily_GetMan: raises $1.50 to $2.50
Luan777Poker: folds 
antey89: folds 
Uncalled bet ($1.50) returned to Emily_GetMan
Emily_GetMan collected $2.50 from pot
Emily_GetMan: doesn't show hand 
*** SUMMARY ***
Total pot $2.50 | Rake $0 
Seat 1: GreenChe
Seat 2: S3MPR3IGUAL
Seat 4: Emily_GetMan (button) collected ($2.50)
Seat 5: Luan777Poker (small blind) folded before Flop
Seat 6: antey89 (big blind) folded before Flop



PokerStars Hand #254634437804:  Hold'em No Limit ($0.50/$1.00 USD) - 2025/01/31 9:24:12 WET [2025/01/31 4:24:12 ET]
Table 'Idomeneus' 6-max Seat #5 is the button
Seat 2: S3MPR3IGUAL ($100 in chips) is sitting out
Seat 1: GreenChe ($100 in chips) 
Seat 4: Emily_GetMan ($101.50 in chips) 
Seat 5: Luan777Poker ($60.72 in chips) 
Seat 6: antey89 ($100.87 in chips) 
antey89: posts small blind $0.50
GreenChe: posts big blind $1
S3MPR3IGUAL: sits out 
*** HOLE CARDS ***
Emily_GetMan: folds 
Luan777Poker: raises $1 to $2
antey89: folds 
GreenChe: calls $1
*** FLOP *** [3s Qh Td]
GreenChe: bets $2.14
Luan777Poker: calls $2.14
*** TURN *** [3s Qh Td] [5s]
GreenChe: bets $5.50
Luan777Poker: calls $5.50
*** RIVER *** [3s Qh Td 5s] [2d]
GreenChe: checks 
Luan777Poker: checks 
*** SHOW DOWN ***
GreenChe: shows [Qd 9s] (a pair of Queens)
Luan777Poker: mucks hand 
GreenChe collected $18.79 from pot
*** SUMMARY ***
Total pot $19.78 | Rake $0.99 
Board [3s Qh Td 5s 2d]
Seat 2: S3MPR3IGUAL
Seat 1: GreenChe (big blind) showed [Qd 9s] and won ($18.79) with a pair of Queens
Seat 4: Emily_GetMan folded before Flop (didn't bet)
Seat 5: Luan777Poker (button) mucked
Seat 6: antey89 (small blind) folded before Flop



PokerStars Hand #254634440993:  Hold'em No Limit ($0.50/$1.00 USD) - 2025/01/31 9:24:47 WET [2025/01/31 4:24:47 ET]
Table 'Idomeneus' 6-max Seat #6 is the button
Seat 1: GreenChe ($109.15 in chips) 
Seat 2: S3MPR3IGUAL ($100 in chips) 
Seat 4: Emily_GetMan ($101.50 in chips) 
Seat 5: Luan777Poker ($51.08 in chips) 
Seat 6: antey89 ($100.37 in chips) 
GreenChe: posts small blind $0.50
S3MPR3IGUAL: posts big blind $1
*** HOLE CARDS ***
Emily_GetMan: folds 
Luan777Poker: calls $1
antey89: folds 
GreenChe: folds 
S3MPR3IGUAL: checks 
*** FLOP *** [3s Td Js]
S3MPR3IGUAL: checks 
Luan777Poker: checks 
*** TURN *** [3s Td Js] [Tc]
S3MPR3IGUAL: checks 
Luan777Poker: bets $1
S3MPR3IGUAL: folds 
Uncalled bet ($1) returned to Luan777Poker
Luan777Poker collected $2.38 from pot
*** SUMMARY ***
Total pot $2.50 | Rake $0.12 
Board [3s Td Js Tc]
Seat 1: GreenChe (small blind) folded before Flop
Seat 2: S3MPR3IGUAL (big blind) folded on the Turn
Seat 4: Emily_GetMan folded before Flop (didn't bet)
Seat 5: Luan777Poker collected ($2.38)
Seat 6: antey89 (button) folded before Flop (didn't bet)



PokerStars Hand #254634444103:  Hold'em No Limit ($0.50/$1.00 USD) - 2025/01/31 9:25:20 WET [2025/01/31 4:25:20 ET]
Table 'Idomeneus' 6-max Seat #1 is the button
Seat 1: GreenChe ($108.65 in chips) 
Seat 2: S3MPR3IGUAL ($100 in chips) 
Seat 4: Emily_GetMan ($101.50 in chips) 
Seat 5: Luan777Poker ($52.46 in chips) 
Seat 6: antey89 ($100.37 in chips) 
S3MPR3IGUAL: posts small blind $0.50
Emily_GetMan: posts big blind $1
*** HOLE CARDS ***
Luan777Poker: calls $1
antey89: folds 
GreenChe: folds 
S3MPR3IGUAL: folds 
Emily_GetMan: checks 
*** FLOP *** [5h Kh Ad]
Emily_GetMan: checks 
Luan777Poker: bets $1
Emily_GetMan: calls $1
*** TURN *** [5h Kh Ad] [Ac]
Emily_GetMan: checks 
Luan777Poker: bets $1
Emily_GetMan: calls $1
*** RIVER *** [5h Kh Ad Ac] [5d]
Emily_GetMan: checks 
Luan777Poker: checks 
*** SHOW DOWN ***
Emily_GetMan: shows [Ah 4s] (a full house, Aces full of Fives)
Luan777Poker: mucks hand 
Emily_GetMan collected $6.18 from pot
raiseinthedarkk joins the table at seat #3 
*** SUMMARY ***
Total pot $6.50 | Rake $0.32 
Board [5h Kh Ad Ac 5d]
Seat 1: GreenChe (button) folded before Flop (didn't bet)
Seat 2: S3MPR3IGUAL (small blind) folded before Flop
Seat 4: Emily_GetMan (big blind) showed [Ah 4s] and won ($6.18) with a full house, Aces full of Fives
Seat 5: Luan777Poker mucked
Seat 6: antey89 folded before Flop (didn't bet)



PokerStars Hand #254634447667:  Hold'em No Limit ($0.50/$1.00 USD) - 2025/01/31 9:25:58 WET [2025/01/31 4:25:58 ET]
Table 'Idomeneus' 6-max Seat #2 is the button
Seat 3: raiseinthedarkk ($100 in chips) is sitting out
Seat 1: GreenChe ($108.65 in chips) 
Seat 2: S3MPR3IGUAL ($100 in chips) 
Seat 4: Emily_GetMan ($104.68 in chips) 
Seat 5: Luan777Poker ($49.46 in chips) 
Seat 6: antey89 ($100.37 in chips) 
Emily_GetMan: posts small blind $0.50
Luan777Poker: posts big blind $1
*** HOLE CARDS ***
antey89: folds 
GreenChe: folds 
S3MPR3IGUAL: raises $1.20 to $2.20
Emily_GetMan: folds 
Luan777Poker: raises $5.20 to $7.40
S3MPR3IGUAL: calls $5.20
*** FLOP *** [6c Tc Kd]
Luan777Poker: checks 
S3MPR3IGUAL: checks 
*** TURN *** [6c Tc Kd] [Ks]
Luan777Poker: bets $2
S3MPR3IGUAL: calls $2
*** RIVER *** [6c Tc Kd Ks] [3s]
Luan777Poker: checks 
S3MPR3IGUAL: checks 
*** SHOW DOWN ***
Luan777Poker: shows [As Jh] (a pair of Kings)
S3MPR3IGUAL: mucks hand 
Luan777Poker collected $18.34 from pot
*** SUMMARY ***
Total pot $19.30 | Rake $0.96 
Board [6c Tc Kd Ks 3s]
Seat 3: raiseinthedarkk
Seat 1: GreenChe folded before Flop (didn't bet)
Seat 2: S3MPR3IGUAL (button) mucked
Seat 4: Emily_GetMan (small blind) folded before Flop
Seat 5: Luan777Poker (big blind) showed [As Jh] and won ($18.34) with a pair of Kings
Seat 6: antey89 folded before Flop (didn't bet)



PokerStars Hand #254634451899:  Hold'em No Limit ($0.50/$1.00 USD) - 2025/01/31 9:26:43 WET [2025/01/31 4:26:43 ET]
Table 'Idomeneus' 6-max Seat #4 is the button
Seat 3: raiseinthedarkk ($100 in chips) is sitting out
Seat 1: GreenChe ($108.65 in chips) 
Seat 2: S3MPR3IGUAL ($100 in chips) 
Seat 4: Emily_GetMan ($104.18 in chips) 
Seat 5: Luan777Poker ($58.40 in chips) 
Seat 6: antey89 ($100.37 in chips) 
Luan777Poker: posts small blind $0.50
antey89: posts big blind $1
raiseinthedarkk: sits out 
*** HOLE CARDS ***
GreenChe: folds 
S3MPR3IGUAL: raises $1.20 to $2.20
Emily_GetMan: folds 
Luan777Poker: folds 
antey89: calls $1.20
*** FLOP *** [9c 7s Ad]
antey89: checks 
S3MPR3IGUAL: bets $1.30
antey89: folds 
Uncalled bet ($1.30) returned to S3MPR3IGUAL
S3MPR3IGUAL collected $4.66 from pot
S3MPR3IGUAL: doesn't show hand 
*** SUMMARY ***
Total pot $4.90 | Rake $0.24 
Board [9c 7s Ad]
Seat 3: raiseinthedarkk
Seat 1: GreenChe folded before Flop (didn't bet)
Seat 2: S3MPR3IGUAL collected ($4.66)
Seat 4: Emily_GetMan (button) folded before Flop (didn't bet)
Seat 5: Luan777Poker (small blind) folded before Flop
Seat 6: antey89 (big blind) folded on the Flop



PokerStars Hand #254634456666:  Hold'em No Limit ($0.50/$1.00 USD) - 2025/01/31 9:27:32 WET [2025/01/31 4:27:32 ET]
Table 'Idomeneus' 6-max Seat #5 is the button
Seat 3: raiseinthedarkk ($100 in chips) is sitting out
Seat 1: GreenChe ($108.65 in chips) 
Seat 2: S3MPR3IGUAL ($102.46 in chips) 
Seat 4: Emily_GetMan ($104.18 in chips) 
Seat 5: Luan777Poker ($57.90 in chips) 
Seat 6: antey89 ($100 in chips) 
antey89: posts small blind $0.50
GreenChe: posts big blind $1
raiseinthedarkk: sits out 
*** HOLE CARDS ***
S3MPR3IGUAL: folds 
Emily_GetMan: folds 
Luan777Poker: calls $1
antey89: folds 
GreenChe: checks 
*** FLOP *** [7d As 5d]
GreenChe: checks 
Luan777Poker: bets $1
GreenChe: folds 
Uncalled bet ($1) returned to Luan777Poker
Luan777Poker collected $2.38 from pot
*** SUMMARY ***
Total pot $2.50 | Rake $0.12 
Board [7d As 5d]
Seat 3: raiseinthedarkk
Seat 1: GreenChe (big blind) folded on the Flop
Seat 2: S3MPR3IGUAL folded before Flop (didn't bet)
Seat 4: Emily_GetMan folded before Flop (didn't bet)
Seat 5: Luan777Poker (button) collected ($2.38)
Seat 6: antey89 (small blind) folded before Flop



PokerStars Hand #254634459715:  Hold'em No Limit ($0.50/$1.00 USD) - 2025/01/31 9:28:05 WET [2025/01/31 4:28:05 ET]
Table 'Idomeneus' 6-max Seat #6 is the button
Seat 3: raiseinthedarkk ($100 in chips) is sitting out
Seat 1: GreenChe ($107.65 in chips) 
Seat 2: S3MPR3IGUAL ($102.46 in chips) 
Seat 4: Emily_GetMan ($104.18 in chips) 
Seat 5: Luan777Poker ($59.28 in chips) 
Seat 6: antey89 ($100 in chips) 
GreenChe: posts small blind $0.50
S3MPR3IGUAL: posts big blind $1
raiseinthedarkk: sits out 
*** HOLE CARDS ***
Emily_GetMan: folds 
Luan777Poker: raises $1 to $2
antey89: folds 
GreenChe: folds 
S3MPR3IGUAL: folds 
Uncalled bet ($1) returned to Luan777Poker
Luan777Poker collected $2.50 from pot
*** SUMMARY ***
Total pot $2.50 | Rake $0 
Seat 3: raiseinthedarkk
Seat 1: GreenChe (small blind) folded before Flop
Seat 2: S3MPR3IGUAL (big blind) folded before Flop
Seat 4: Emily_GetMan folded before Flop (didn't bet)
Seat 5: Luan777Poker collected ($2.50)
Seat 6: antey89 (button) folded before Flop (didn't bet)



PokerStars Hand #254634460731:  Hold'em No Limit ($0.50/$1.00 USD) - 2025/01/31 9:28:16 WET [2025/01/31 4:28:16 ET]
Table 'Idomeneus' 6-max Seat #1 is the button
Seat 1: GreenChe ($107.15 in chips) 
Seat 2: S3MPR3IGUAL ($101.46 in chips) 
Seat 3: raiseinthedarkk ($100 in chips) 
Seat 4: Emily_GetMan ($104.18 in chips) 
Seat 5: Luan777Poker ($60.78 in chips) 
Seat 6: antey89 ($100 in chips) 
S3MPR3IGUAL: posts small blind $0.50
raiseinthedarkk: posts big blind $1
*** HOLE CARDS ***
Emily_GetMan: folds 
Luan777Poker: calls $1
antey89: raises $4 to $5
GreenChe: folds 
S3MPR3IGUAL: folds 
raiseinthedarkk: calls $4
Luan777Poker: folds 
*** FLOP *** [Kd Js Ks]
raiseinthedarkk: checks 
antey89: checks 
*** TURN *** [Kd Js Ks] [4h]
raiseinthedarkk: bets $15
antey89: folds 
Uncalled bet ($15) returned to raiseinthedarkk
raiseinthedarkk collected $10.92 from pot
raiseinthedarkk: doesn't show hand 
*** SUMMARY ***
Total pot $11.50 | Rake $0.58 
Board [Kd Js Ks 4h]
Seat 1: GreenChe (button) folded before Flop (didn't bet)
Seat 2: S3MPR3IGUAL (small blind) folded before Flop
Seat 3: raiseinthedarkk (big blind) collected ($10.92)
Seat 4: Emily_GetMan folded before Flop (didn't bet)
Seat 5: Luan777Poker folded before Flop
Seat 6: antey89 folded on the Turn



PokerStars Hand #254634467372:  Hold'em No Limit ($0.50/$1.00 USD) - 2025/01/31 9:29:27 WET [2025/01/31 4:29:27 ET]
Table 'Idomeneus' 6-max Seat #2 is the button
Seat 4: Emily_GetMan ($104.18 in chips) is sitting out
Seat 1: GreenChe ($107.15 in chips) 
Seat 2: S3MPR3IGUAL ($100.96 in chips) 
Seat 3: raiseinthedarkk ($105.92 in chips) 
Seat 5: Luan777Poker ($59.78 in chips) 
Seat 6: antey89 ($100 in chips) 
raiseinthedarkk: posts small blind $0.50
Emily_GetMan: is sitting out 
Luan777Poker: posts big blind $1
*** HOLE CARDS ***
Emily_GetMan leaves the table
antey89: folds 
GreenChe: folds 
coeeeelho joins the table at seat #4 
S3MPR3IGUAL: folds 
raiseinthedarkk: raises $2 to $3
Luan777Poker: calls $2
*** FLOP *** [2h Tc 9h]
raiseinthedarkk: bets $2.91
Luan777Poker: calls $2.91
*** TURN *** [2h Tc 9h] [Th]
raiseinthedarkk: checks 
Luan777Poker: checks 
*** RIVER *** [2h Tc 9h Th] [3c]
raiseinthedarkk: bets $11
Luan777Poker: folds 
Uncalled bet ($11) returned to raiseinthedarkk
raiseinthedarkk collected $11.23 from pot
raiseinthedarkk: doesn't show hand 
*** SUMMARY ***
Total pot $11.82 | Rake $0.59 
Board [2h Tc 9h Th 3c]
Seat 4: Emily_GetMan
Seat 1: GreenChe folded before Flop (didn't bet)
Seat 2: S3MPR3IGUAL (button) folded before Flop (didn't bet)
Seat 3: raiseinthedarkk (small blind) collected ($11.23)
Seat 5: Luan777Poker (big blind) folded on the River
Seat 6: antey89 folded before Flop (didn't bet)



PokerStars Hand #254634471279:  Hold'em No Limit ($0.50/$1.00 USD) - 2025/01/31 9:30:08 WET [2025/01/31 4:30:08 ET]
Table 'Idomeneus' 6-max Seat #3 is the button
Seat 4: coeeeelho ($100 in chips) is sitting out
Seat 1: GreenChe ($107.15 in chips) 
Seat 2: S3MPR3IGUAL ($100.96 in chips) 
Seat 3: raiseinthedarkk ($111.24 in chips) 
Seat 5: Luan777Poker ($53.87 in chips) 
Seat 6: antey89 ($100 in chips) 
Luan777Poker: posts small blind $0.50
antey89: posts big blind $1
*** HOLE CARDS ***
GreenChe: folds 
S3MPR3IGUAL: folds 
raiseinthedarkk: raises $1.50 to $2.50
Luan777Poker: folds 
antey89: folds 
Uncalled bet ($1.50) returned to raiseinthedarkk
raiseinthedarkk collected $2.50 from pot
raiseinthedarkk: doesn't show hand 
*** SUMMARY ***
Total pot $2.50 | Rake $0 
Seat 4: coeeeelho
Seat 1: GreenChe folded before Flop (didn't bet)
Seat 2: S3MPR3IGUAL folded before Flop (didn't bet)
Seat 3: raiseinthedarkk (button) collected ($2.50)
Seat 5: Luan777Poker (small blind) folded before Flop
Seat 6: antey89 (big blind) folded before Flop



PokerStars Hand #254634472397:  Hold'em No Limit ($0.50/$1.00 USD) - 2025/01/31 9:30:20 WET [2025/01/31 4:30:20 ET]
Table 'Idomeneus' 6-max Seat #5 is the button
Seat 4: coeeeelho ($100 in chips) is sitting out
Seat 1: GreenChe ($107.15 in chips) 
Seat 2: S3MPR3IGUAL ($100.96 in chips) 
Seat 3: raiseinthedarkk ($112.74 in chips) 
Seat 5: Luan777Poker ($53.37 in chips) 
Seat 6: antey89 ($100 in chips) 
antey89: posts small blind $0.50
GreenChe: posts big blind $1
coeeeelho: sits out 
*** HOLE CARDS ***
S3MPR3IGUAL: folds 
raiseinthedarkk: folds 
Luan777Poker: raises $1 to $2
antey89: folds 
GreenChe: calls $1
*** FLOP *** [4h Ks Jh]
GreenChe: checks 
Luan777Poker: checks 
*** TURN *** [4h Ks Jh] [8d]
GreenChe: checks 
Luan777Poker: bets $2
GreenChe: folds 
Uncalled bet ($2) returned to Luan777Poker
Luan777Poker collected $4.28 from pot
*** SUMMARY ***
Total pot $4.50 | Rake $0.22 
Board [4h Ks Jh 8d]
Seat 4: coeeeelho
Seat 1: GreenChe (big blind) folded on the Turn
Seat 2: S3MPR3IGUAL folded before Flop (didn't bet)
Seat 3: raiseinthedarkk folded before Flop (didn't bet)
Seat 5: Luan777Poker (button) collected ($4.28)
Seat 6: antey89 (small blind) folded before Flop



PokerStars Hand #254634475997:  Hold'em No Limit ($0.50/$1.00 USD) - 2025/01/31 9:30:58 WET [2025/01/31 4:30:58 ET]
Table 'Idomeneus' 6-max Seat #6 is the button
Seat 4: coeeeelho ($100 in chips) is sitting out
Seat 1: GreenChe ($105.15 in chips) 
Seat 2: S3MPR3IGUAL ($100.96 in chips) 
Seat 3: raiseinthedarkk ($112.74 in chips) 
Seat 5: Luan777Poker ($55.65 in chips) 
Seat 6: antey89 ($100 in chips) 
GreenChe: posts small blind $0.50
S3MPR3IGUAL: posts big blind $1
coeeeelho: sits out 
*** HOLE CARDS ***
raiseinthedarkk: raises $1.20 to $2.20
Luan777Poker: folds 
antey89: folds 
GreenChe: folds 
S3MPR3IGUAL: folds 
Uncalled bet ($1.20) returned to raiseinthedarkk
raiseinthedarkk collected $2.50 from pot
raiseinthedarkk: doesn't show hand 
*** SUMMARY ***
Total pot $2.50 | Rake $0 
Seat 4: coeeeelho
Seat 1: GreenChe (small blind) folded before Flop
Seat 2: S3MPR3IGUAL (big blind) folded before Flop
Seat 3: raiseinthedarkk collected ($2.50)
Seat 5: Luan777Poker folded before Flop (didn't bet)
Seat 6: antey89 (button) folded before Flop (didn't bet)



PokerStars Hand #254634477577:  Hold'em No Limit ($0.50/$1.00 USD) - 2025/01/31 9:31:15 WET [2025/01/31 4:31:15 ET]
Table 'Idomeneus' 6-max Seat #1 is the button
Seat 4: coeeeelho ($100 in chips) is sitting out
Seat 1: GreenChe ($104.65 in chips) 
Seat 2: S3MPR3IGUAL ($100 in chips) 
Seat 3: raiseinthedarkk ($114.24 in chips) 
Seat 5: Luan777Poker ($55.65 in chips) 
Seat 6: antey89 ($100 in chips) 
S3MPR3IGUAL: posts small blind $0.50
raiseinthedarkk: posts big blind $1
coeeeelho: sits out 
*** HOLE CARDS ***
Luan777Poker: raises $1 to $2
antey89: folds 
GreenChe: folds 
S3MPR3IGUAL: folds 
raiseinthedarkk: calls $1
*** FLOP *** [6s 4s Td]
raiseinthedarkk: checks 
Luan777Poker: checks 
*** TURN *** [6s 4s Td] [5c]
raiseinthedarkk: bets $2.82
Luan777Poker: folds 
Uncalled bet ($2.82) returned to raiseinthedarkk
raiseinthedarkk collected $4.28 from pot
raiseinthedarkk: doesn't show hand 
*** SUMMARY ***
Total pot $4.50 | Rake $0.22 
Board [6s 4s Td 5c]
Seat 4: coeeeelho
Seat 1: GreenChe (button) folded before Flop (didn't bet)
Seat 2: S3MPR3IGUAL (small blind) folded before Flop
Seat 3: raiseinthedarkk (big blind) collected ($4.28)
Seat 5: Luan777Poker folded on the Turn
Seat 6: antey89 folded before Flop (didn't bet)



PokerStars Hand #254634481806:  Hold'em No Limit ($0.50/$1.00 USD) - 2025/01/31 9:31:59 WET [2025/01/31 4:31:59 ET]
Table 'Idomeneus' 6-max Seat #2 is the button
Seat 1: GreenChe ($104.65 in chips) 
Seat 2: S3MPR3IGUAL ($100 in chips) 
Seat 3: raiseinthedarkk ($116.52 in chips) 
Seat 4: coeeeelho ($100 in chips) 
Seat 5: Luan777Poker ($53.65 in chips) 
Seat 6: antey89 ($100 in chips) 
raiseinthedarkk: posts small blind $0.50
coeeeelho: posts big blind $1
*** HOLE CARDS ***
Luan777Poker: folds 
antey89: folds 
GreenChe: folds 
S3MPR3IGUAL: folds 
raiseinthedarkk: folds 
Uncalled bet ($0.50) returned to coeeeelho
coeeeelho collected $1 from pot
*** SUMMARY ***
Total pot $1 | Rake $0 
Seat 1: GreenChe folded before Flop (didn't bet)
Seat 2: S3MPR3IGUAL (button) folded before Flop (didn't bet)
Seat 3: raiseinthedarkk (small blind) folded before Flop
Seat 4: coeeeelho (big blind) collected ($1)
Seat 5: Luan777Poker folded before Flop (didn't bet)
Seat 6: antey89 folded before Flop (didn't bet)



PokerStars Hand #254634483335:  Hold'em No Limit ($0.50/$1.00 USD) - 2025/01/31 9:32:15 WET [2025/01/31 4:32:15 ET]
Table 'Idomeneus' 6-max Seat #3 is the button
Seat 1: GreenChe ($104.65 in chips) 
Seat 2: S3MPR3IGUAL ($100 in chips) 
Seat 3: raiseinthedarkk ($116.02 in chips) 
Seat 4: coeeeelho ($100.50 in chips) 
Seat 5: Luan777Poker ($53.65 in chips) 
Seat 6: antey89 ($100 in chips) 
coeeeelho: posts small blind $0.50
Luan777Poker: posts big blind $1
*** HOLE CARDS ***
antey89: folds 
GreenChe: folds 
S3MPR3IGUAL: folds 
raiseinthedarkk: raises $1.50 to $2.50
coeeeelho: folds 
Luan777Poker: calls $1.50
*** FLOP *** [5d Ts 7s]
Luan777Poker: checks 
raiseinthedarkk: bets $3.45
Luan777Poker: calls $3.45
*** TURN *** [5d Ts 7s] [Qc]
Luan777Poker: checks 
raiseinthedarkk: bets $7.77
Luan777Poker: calls $7.77
*** RIVER *** [5d Ts 7s Qc] [Ah]
Luan777Poker: checks 
raiseinthedarkk: bets $26
Luan777Poker: folds 
Uncalled bet ($26) returned to raiseinthedarkk
raiseinthedarkk collected $26.54 from pot
raiseinthedarkk: doesn't show hand 
*** SUMMARY ***
Total pot $27.94 | Rake $1.40 
Board [5d Ts 7s Qc Ah]
Seat 1: GreenChe folded before Flop (didn't bet)
Seat 2: S3MPR3IGUAL folded before Flop (didn't bet)
Seat 3: raiseinthedarkk (button) collected ($26.54)
Seat 4: coeeeelho (small blind) folded before Flop
Seat 5: Luan777Poker (big blind) folded on the River
Seat 6: antey89 folded before Flop (didn't bet)



PokerStars Hand #254634488742:  Hold'em No Limit ($0.50/$1.00 USD) - 2025/01/31 9:33:11 WET [2025/01/31 4:33:11 ET]
Table 'Idomeneus' 6-max Seat #4 is the button
Seat 1: GreenChe ($104.65 in chips) 
Seat 2: S3MPR3IGUAL ($100 in chips) 
Seat 3: raiseinthedarkk ($128.84 in chips) 
Seat 4: coeeeelho ($100 in chips) 
Seat 5: Luan777Poker ($39.93 in chips) 
Seat 6: antey89 ($100 in chips) 
Luan777Poker: posts small blind $0.50
antey89: posts big blind $1
*** HOLE CARDS ***
GreenChe: raises $1.50 to $2.50
S3MPR3IGUAL: folds 
raiseinthedarkk: folds 
coeeeelho: folds 
Luan777Poker: calls $2
antey89: folds 
*** FLOP *** [7d 3c 3s]
Luan777Poker: checks 
GreenChe: bets $1.88
Luan777Poker: calls $1.88
*** TURN *** [7d 3c 3s] [Jd]
Luan777Poker: checks 
GreenChe: bets $3.06
Luan777Poker: calls $3.06
*** RIVER *** [7d 3c 3s Jd] [2d]
Luan777Poker: bets $10.55
GreenChe: calls $10.55
*** SHOW DOWN ***
Luan777Poker: shows [4h 6d] (a pair of Threes)
GreenChe: shows [Ks Kd] (two pair, Kings and Threes)
GreenChe collected $35.13 from pot
*** SUMMARY ***
Total pot $36.98 | Rake $1.85 
Board [7d 3c 3s Jd 2d]
Seat 1: GreenChe showed [Ks Kd] and won ($35.13) with two pair, Kings and Threes
Seat 2: S3MPR3IGUAL folded before Flop (didn't bet)
Seat 3: raiseinthedarkk folded before Flop (didn't bet)
Seat 4: coeeeelho (button) folded before Flop (didn't bet)
Seat 5: Luan777Poker (small blind) showed [4h 6d] and lost with a pair of Threes
Seat 6: antey89 (big blind) folded before Flop



PokerStars Hand #254634493409:  Hold'em No Limit ($0.50/$1.00 USD) - 2025/01/31 9:34:00 WET [2025/01/31 4:34:00 ET]
Table 'Idomeneus' 6-max Seat #5 is the button
Seat 1: GreenChe ($121.79 in chips) 
Seat 2: S3MPR3IGUAL ($100 in chips) 
Seat 3: raiseinthedarkk ($128.84 in chips) 
Seat 4: coeeeelho ($100 in chips) 
Seat 5: Luan777Poker ($21.94 in chips) 
Seat 6: antey89 ($100 in chips) 
antey89: posts small blind $0.50
GreenChe: posts big blind $1
*** HOLE CARDS ***
S3MPR3IGUAL: raises $1.20 to $2.20
raiseinthedarkk: folds 
coeeeelho: folds 
Luan777Poker: folds 
antey89: folds 
GreenChe: folds 
Uncalled bet ($1.20) returned to S3MPR3IGUAL
S3MPR3IGUAL collected $2.50 from pot
S3MPR3IGUAL: doesn't show hand 
*** SUMMARY ***
Total pot $2.50 | Rake $0 
Seat 1: GreenChe (big blind) folded before Flop
Seat 2: S3MPR3IGUAL collected ($2.50)
Seat 3: raiseinthedarkk folded before Flop (didn't bet)
Seat 4: coeeeelho folded before Flop (didn't bet)
Seat 5: Luan777Poker (button) folded before Flop (didn't bet)
Seat 6: antey89 (small blind) folded before Flop



PokerStars Hand #254634494637:  Hold'em No Limit ($0.50/$1.00 USD) - 2025/01/31 9:34:13 WET [2025/01/31 4:34:13 ET]
Table 'Idomeneus' 6-max Seat #6 is the button
Seat 1: GreenChe ($120.79 in chips) 
Seat 2: S3MPR3IGUAL ($101.50 in chips) 
Seat 3: raiseinthedarkk ($128.84 in chips) 
Seat 4: coeeeelho ($100 in chips) 
Seat 5: Luan777Poker ($21.94 in chips) 
Seat 6: antey89 ($100 in chips) 
GreenChe: posts small blind $0.50
S3MPR3IGUAL: posts big blind $1
*** HOLE CARDS ***
raiseinthedarkk: folds 
coeeeelho: raises $1.10 to $2.10
Luan777Poker: folds 
antey89: folds 
GreenChe: folds 
S3MPR3IGUAL: folds 
Uncalled bet ($1.10) returned to coeeeelho
coeeeelho collected $2.50 from pot
*** SUMMARY ***
Total pot $2.50 | Rake $0 
Seat 1: GreenChe (small blind) folded before Flop
Seat 2: S3MPR3IGUAL (big blind) folded before Flop
Seat 3: raiseinthedarkk folded before Flop (didn't bet)
Seat 4: coeeeelho collected ($2.50)
Seat 5: Luan777Poker folded before Flop (didn't bet)
Seat 6: antey89 (button) folded before Flop (didn't bet)



PokerStars Hand #254634495996:  Hold'em No Limit ($0.50/$1.00 USD) - 2025/01/31 9:34:27 WET [2025/01/31 4:34:27 ET]
Table 'Idomeneus' 6-max Seat #1 is the button
Seat 1: GreenChe ($120.29 in chips) 
Seat 2: S3MPR3IGUAL ($100.50 in chips) 
Seat 3: raiseinthedarkk ($128.84 in chips) 
Seat 4: coeeeelho ($101.50 in chips) 
Seat 5: Luan777Poker ($21.94 in chips) 
Seat 6: antey89 ($100 in chips) 
S3MPR3IGUAL: posts small blind $0.50
raiseinthedarkk: posts big blind $1
*** HOLE CARDS ***
coeeeelho: folds 
Luan777Poker: raises $1 to $2
antey89: folds 
GreenChe: folds 
S3MPR3IGUAL: folds 
raiseinthedarkk: folds 
Uncalled bet ($1) returned to Luan777Poker
Luan777Poker collected $2.50 from pot
*** SUMMARY ***
Total pot $2.50 | Rake $0 
Seat 1: GreenChe (button) folded before Flop (didn't bet)
Seat 2: S3MPR3IGUAL (small blind) folded before Flop
Seat 3: raiseinthedarkk (big blind) folded before Flop
Seat 4: coeeeelho folded before Flop (didn't bet)
Seat 5: Luan777Poker collected ($2.50)
Seat 6: antey89 folded before Flop (didn't bet)



PokerStars Hand #254634496786:  Hold'em No Limit ($0.50/$1.00 USD) - 2025/01/31 9:34:35 WET [2025/01/31 4:34:35 ET]
Table 'Idomeneus' 6-max Seat #2 is the button
Seat 4: coeeeelho ($101.50 in chips) is sitting out
Seat 1: GreenChe ($120.29 in chips) 
Seat 2: S3MPR3IGUAL ($100 in chips) 
Seat 3: raiseinthedarkk ($127.84 in chips) 
Seat 5: Luan777Poker ($23.44 in chips) 
Seat 6: antey89 ($100 in chips) 
raiseinthedarkk: posts small blind $0.50
coeeeelho: is sitting out 
Luan777Poker: posts big blind $1
*** HOLE CARDS ***
antey89: raises $1.50 to $2.50
GreenChe: folds 
S3MPR3IGUAL: folds 
raiseinthedarkk: folds 
Luan777Poker: calls $1.50
*** FLOP *** [7s As Ks]
Luan777Poker: checks 
antey89: bets $2.87
Luan777Poker: raises $2.87 to $5.74
antey89: calls $2.87
*** TURN *** [7s As Ks] [8c]
Luan777Poker: bets $15.20 and is all-in
antey89: calls $15.20
*** RIVER *** [7s As Ks 8c] [7h]
*** SHOW DOWN ***
Luan777Poker: shows [Ts Ah] (two pair, Aces and Sevens)
antey89: shows [Kd Kc] (a full house, Kings full of Sevens)
antey89 collected $45.01 from pot
*** SUMMARY ***
Total pot $47.38 | Rake $2.37 
Board [7s As Ks 8c 7h]
Seat 4: coeeeelho
Seat 1: GreenChe folded before Flop (didn't bet)
Seat 2: S3MPR3IGUAL (button) folded before Flop (didn't bet)
Seat 3: raiseinthedarkk (small blind) folded before Flop
Seat 5: Luan777Poker (big blind) showed [Ts Ah] and lost with two pair, Aces and Sevens
Seat 6: antey89 showed [Kd Kc] and won ($45.01) with a full house, Kings full of Sevens



PokerStars Hand #254634502700:  Hold'em No Limit ($0.50/$1.00 USD) - 2025/01/31 9:35:36 WET [2025/01/31 4:35:36 ET]
Table 'Idomeneus' 6-max Seat #3 is the button
Seat 4: coeeeelho ($101.50 in chips) is sitting out
Seat 5: Luan777Poker ($0 in chips) is sitting out
Seat 1: GreenChe ($120.29 in chips) 
Seat 2: S3MPR3IGUAL ($100 in chips) 
Seat 3: raiseinthedarkk ($127.34 in chips) 
Seat 6: antey89 ($121.57 in chips) 
antey89: posts small blind $0.50
GreenChe: posts big blind $1
*** HOLE CARDS ***
S3MPR3IGUAL: folds 
raiseinthedarkk: folds 
antey89: folds 
Uncalled bet ($0.50) returned to GreenChe
GreenChe collected $1 from pot
GreenChe: doesn't show hand 
*** SUMMARY ***
Total pot $1 | Rake $0 
Seat 4: coeeeelho
Seat 5: Luan777Poker
Seat 1: GreenChe (big blind) collected ($1)
Seat 2: S3MPR3IGUAL folded before Flop (didn't bet)
Seat 3: raiseinthedarkk (button) folded before Flop (didn't bet)
Seat 6: antey89 (small blind) folded before Flop



PokerStars Hand #254634504045:  Hold'em No Limit ($0.50/$1.00 USD) - 2025/01/31 9:35:50 WET [2025/01/31 4:35:50 ET]
Table 'Idomeneus' 6-max Seat #6 is the button
Seat 4: coeeeelho ($101.50 in chips) is sitting out
Seat 1: GreenChe ($120.79 in chips) 
Seat 2: S3MPR3IGUAL ($100 in chips) 
Seat 3: raiseinthedarkk ($127.34 in chips) 
Seat 5: Luan777Poker ($41.60 in chips) 
Seat 6: antey89 ($121.07 in chips) 
GreenChe: posts small blind $0.50
S3MPR3IGUAL: posts big blind $1
Luan777Poker: posts small blind $0.50
*** HOLE CARDS ***
raiseinthedarkk: folds 
Luan777Poker: calls $1
antey89: folds 
GreenChe: folds 
S3MPR3IGUAL: checks 
*** FLOP *** [Js Ks Ac]
S3MPR3IGUAL: checks 
Luan777Poker: checks 
*** TURN *** [Js Ks Ac] [Jh]
S3MPR3IGUAL: checks 
Luan777Poker: bets $1
S3MPR3IGUAL: calls $1
*** RIVER *** [Js Ks Ac Jh] [Kd]
S3MPR3IGUAL: checks 
Luan777Poker: checks 
*** SHOW DOWN ***
S3MPR3IGUAL: shows [Ad 6c] (two pair, Aces and Kings)
Luan777Poker: mucks hand 
S3MPR3IGUAL collected $4.75 from pot
*** SUMMARY ***
Total pot $5 | Rake $0.25 
Board [Js Ks Ac Jh Kd]
Seat 4: coeeeelho
Seat 1: GreenChe (small blind) folded before Flop
Seat 2: S3MPR3IGUAL (big blind) showed [Ad 6c] and won ($4.75) with two pair, Aces and Kings
Seat 3: raiseinthedarkk folded before Flop (didn't bet)
Seat 5: Luan777Poker mucked
Seat 6: antey89 (button) folded before Flop (didn't bet)



PokerStars Hand #254634507357:  Hold'em No Limit ($0.50/$1.00 USD) - 2025/01/31 9:36:25 WET [2025/01/31 4:36:25 ET]
Table 'Idomeneus' 6-max Seat #1 is the button
Seat 4: coeeeelho ($101.50 in chips) is sitting out
Seat 1: GreenChe ($120.29 in chips) 
Seat 2: S3MPR3IGUAL ($102.75 in chips) 
Seat 3: raiseinthedarkk ($127.34 in chips) 
Seat 5: Luan777Poker ($39.10 in chips) 
Seat 6: antey89 ($121.07 in chips) 
S3MPR3IGUAL: posts small blind $0.50
raiseinthedarkk: posts big blind $1
*** HOLE CARDS ***
Luan777Poker: folds 
antey89: raises $1.50 to $2.50
GreenChe: folds 
S3MPR3IGUAL: folds 
raiseinthedarkk: calls $1.50
*** FLOP *** [2d As 5d]
raiseinthedarkk: checks 
antey89: checks 
*** TURN *** [2d As 5d] [7h]
raiseinthedarkk: bets $7.50
antey89: folds 
Uncalled bet ($7.50) returned to raiseinthedarkk
raiseinthedarkk collected $5.22 from pot
raiseinthedarkk: doesn't show hand 
*** SUMMARY ***
Total pot $5.50 | Rake $0.28 
Board [2d As 5d 7h]
Seat 4: coeeeelho
Seat 1: GreenChe (button) folded before Flop (didn't bet)
Seat 2: S3MPR3IGUAL (small blind) folded before Flop
Seat 3: raiseinthedarkk (big blind) collected ($5.22)
Seat 5: Luan777Poker folded before Flop (didn't bet)
Seat 6: antey89 folded on the Turn



PokerStars Hand #254634513461:  Hold'em No Limit ($0.50/$1.00 USD) - 2025/01/31 9:37:28 WET [2025/01/31 4:37:28 ET]
Table 'Idomeneus' 6-max Seat #2 is the button
Seat 4: coeeeelho ($101.50 in chips) is sitting out
Seat 1: GreenChe ($120.29 in chips) 
Seat 2: S3MPR3IGUAL ($102.25 in chips) 
Seat 3: raiseinthedarkk ($130.06 in chips) 
Seat 5: Luan777Poker ($39.10 in chips) 
Seat 6: antey89 ($118.57 in chips) 
raiseinthedarkk: posts small blind $0.50
Luan777Poker: posts big blind $1
*** HOLE CARDS ***
antey89: folds 
GreenChe: raises $1.50 to $2.50
S3MPR3IGUAL: folds 
raiseinthedarkk: folds 
Luan777Poker: calls $1.50
*** FLOP *** [2d Qc 7s]
Luan777Poker: checks 
GreenChe: bets $1.72
Luan777Poker: calls $1.72
*** TURN *** [2d Qc 7s] [Kc]
Luan777Poker: checks 
GreenChe: checks 
*** RIVER *** [2d Qc 7s Kc] [Ah]
Luan777Poker: checks 
GreenChe: bets $12.74
Luan777Poker: folds 
Uncalled bet ($12.74) returned to GreenChe
GreenChe collected $8.49 from pot
GreenChe: doesn't show hand 
*** SUMMARY ***
Total pot $8.94 | Rake $0.45 
Board [2d Qc 7s Kc Ah]
Seat 4: coeeeelho
Seat 1: GreenChe collected ($8.49)
Seat 2: S3MPR3IGUAL (button) folded before Flop (didn't bet)
Seat 3: raiseinthedarkk (small blind) folded before Flop
Seat 5: Luan777Poker (big blind) folded on the River
Seat 6: antey89 folded before Flop (didn't bet)



PokerStars Hand #254634519272:  Hold'em No Limit ($0.50/$1.00 USD) - 2025/01/31 9:38:29 WET [2025/01/31 4:38:29 ET]
Table 'Idomeneus' 6-max Seat #3 is the button
Seat 4: coeeeelho ($101.50 in chips) is sitting out
Seat 1: GreenChe ($124.56 in chips) 
Seat 2: S3MPR3IGUAL ($102.25 in chips) 
Seat 3: raiseinthedarkk ($129.56 in chips) 
Seat 5: Luan777Poker ($34.88 in chips) 
Seat 6: antey89 ($118.57 in chips) 
Luan777Poker: posts small blind $0.50
antey89: posts big blind $1
*** HOLE CARDS ***
GreenChe: folds 
S3MPR3IGUAL: folds 
raiseinthedarkk: raises $1.50 to $2.50
Luan777Poker: calls $2
antey89: folds 
*** FLOP *** [7c Qs 5s]
Luan777Poker: checks 
raiseinthedarkk: bets $3.76
Luan777Poker: calls $3.76
*** TURN *** [7c Qs 5s] [8c]
Luan777Poker: checks 
raiseinthedarkk: checks 
*** RIVER *** [7c Qs 5s 8c] [Jh]
Luan777Poker: checks 
raiseinthedarkk: bets $12
Luan777Poker: calls $12
*** SHOW DOWN ***
raiseinthedarkk: shows [Jd 5d] (two pair, Jacks and Fives)
Luan777Poker: mucks hand 
raiseinthedarkk collected $35.64 from pot
*** SUMMARY ***
Total pot $37.52 | Rake $1.88 
Board [7c Qs 5s 8c Jh]
Seat 4: coeeeelho
Seat 1: GreenChe folded before Flop (didn't bet)
Seat 2: S3MPR3IGUAL folded before Flop (didn't bet)
Seat 3: raiseinthedarkk (button) showed [Jd 5d] and won ($35.64) with two pair, Jacks and Fives
Seat 5: Luan777Poker (small blind) mucked
Seat 6: antey89 (big blind) folded before Flop



PokerStars Hand #254634523915:  Hold'em No Limit ($0.50/$1.00 USD) - 2025/01/31 9:39:18 WET [2025/01/31 4:39:18 ET]
Table 'Idomeneus' 6-max Seat #5 is the button
Seat 4: coeeeelho ($101.50 in chips) is sitting out
Seat 1: GreenChe ($124.56 in chips) 
Seat 2: S3MPR3IGUAL ($102.25 in chips) 
Seat 3: raiseinthedarkk ($146.94 in chips) 
Seat 5: Luan777Poker ($16.62 in chips) 
Seat 6: antey89 ($117.57 in chips) 
antey89: posts small blind $0.50
GreenChe: posts big blind $1
*** HOLE CARDS ***
S3MPR3IGUAL: folds 
raiseinthedarkk: folds 
Luan777Poker: folds 
antey89: raises $2 to $3
GreenChe: calls $2
*** FLOP *** [Th Js 8s]
antey89: checks 
GreenChe: checks 
*** TURN *** [Th Js 8s] [As]
antey89: bets $4.28
GreenChe: raises $14.22 to $18.50
antey89: calls $14.22
*** RIVER *** [Th Js 8s As] [Qs]
antey89: bets $13
GreenChe: calls $13
*** SHOW DOWN ***
antey89: shows [Qc Kc] (a straight, Ten to Ace)
GreenChe: shows [5s 3s] (a flush, Ace high)
GreenChe collected $66.50 from pot
*** SUMMARY ***
Total pot $69 | Rake $2.50 
Board [Th Js 8s As Qs]
Seat 4: coeeeelho
Seat 1: GreenChe (big blind) showed [5s 3s] and won ($66.50) with a flush, Ace high
Seat 2: S3MPR3IGUAL folded before Flop (didn't bet)
Seat 3: raiseinthedarkk folded before Flop (didn't bet)
Seat 5: Luan777Poker (button) folded before Flop (didn't bet)
Seat 6: antey89 (small blind) showed [Qc Kc] and lost with a straight, Ten to Ace



PokerStars Hand #254634534495:  Hold'em No Limit ($0.50/$1.00 USD) - 2025/01/31 9:41:09 WET [2025/01/31 4:41:09 ET]
Table 'Idomeneus' 6-max Seat #6 is the button
Seat 4: coeeeelho ($101.50 in chips) is sitting out
Seat 1: GreenChe ($156.56 in chips) 
Seat 2: S3MPR3IGUAL ($102.25 in chips) 
Seat 3: raiseinthedarkk ($146.94 in chips) 
Seat 5: Luan777Poker ($16.62 in chips) 
Seat 6: antey89 ($100 in chips) 
GreenChe: posts small blind $0.50
S3MPR3IGUAL: posts big blind $1
*** HOLE CARDS ***
raiseinthedarkk: folds 
Luan777Poker: folds 
antey89: folds 
GreenChe: raises $2 to $3
S3MPR3IGUAL: calls $2
*** FLOP *** [8s Qc 4c]
GreenChe: bets $1.88
S3MPR3IGUAL: raises $4.12 to $6
GreenChe: calls $4.12
*** TURN *** [8s Qc 4c] [2c]
GreenChe: checks 
S3MPR3IGUAL: bets $11.97
GreenChe: calls $11.97
*** RIVER *** [8s Qc 4c 2c] [2d]
GreenChe: checks 
S3MPR3IGUAL: bets $12
GreenChe: folds 
Uncalled bet ($12) returned to S3MPR3IGUAL
S3MPR3IGUAL collected $39.84 from pot
S3MPR3IGUAL: doesn't show hand 
*** SUMMARY ***
Total pot $41.94 | Rake $2.10 
Board [8s Qc 4c 2c 2d]
Seat 4: coeeeelho
Seat 1: GreenChe (small blind) folded on the River
Seat 2: S3MPR3IGUAL (big blind) collected ($39.84)
Seat 3: raiseinthedarkk folded before Flop (didn't bet)
Seat 5: Luan777Poker folded before Flop (didn't bet)
Seat 6: antey89 (button) folded before Flop (didn't bet)



PokerStars Hand #254634546036:  Hold'em No Limit ($0.50/$1.00 USD) - 2025/01/31 9:43:07 WET [2025/01/31 4:43:07 ET]
Table 'Idomeneus' 6-max Seat #1 is the button
Seat 4: coeeeelho ($101.50 in chips) is sitting out
Seat 1: GreenChe ($135.59 in chips) 
Seat 2: S3MPR3IGUAL ($121.12 in chips) 
Seat 3: raiseinthedarkk ($146.94 in chips) 
Seat 5: Luan777Poker ($16.62 in chips) 
Seat 6: antey89 ($100 in chips) 
S3MPR3IGUAL: posts small blind $0.50
raiseinthedarkk: posts big blind $1
*** HOLE CARDS ***
Luan777Poker: calls $1
antey89: folds 
GreenChe: folds 
S3MPR3IGUAL: folds 
raiseinthedarkk: checks 
*** FLOP *** [4s Jh 7d]
raiseinthedarkk: bets $1.57
Luan777Poker: calls $1.57
*** TURN *** [4s Jh 7d] [8s]
raiseinthedarkk: bets $5
Luan777Poker: calls $5
*** RIVER *** [4s Jh 7d 8s] [Kh]
raiseinthedarkk: bets $9
Luan777Poker: folds 
Uncalled bet ($9) returned to raiseinthedarkk
raiseinthedarkk collected $14.86 from pot
raiseinthedarkk: doesn't show hand 
*** SUMMARY ***
Total pot $15.64 | Rake $0.78 
Board [4s Jh 7d 8s Kh]
Seat 4: coeeeelho
Seat 1: GreenChe (button) folded before Flop (didn't bet)
Seat 2: S3MPR3IGUAL (small blind) folded before Flop
Seat 3: raiseinthedarkk (big blind) collected ($14.86)
Seat 5: Luan777Poker folded on the River
Seat 6: antey89 folded before Flop (didn't bet)



PokerStars Hand #254634553756:  Hold'em No Limit ($0.50/$1.00 USD) - 2025/01/31 9:44:26 WET [2025/01/31 4:44:26 ET]
Table 'Idomeneus' 6-max Seat #2 is the button
Seat 4: coeeeelho ($101.50 in chips) is sitting out
Seat 1: GreenChe ($135.59 in chips) 
Seat 2: S3MPR3IGUAL ($120.62 in chips) 
Seat 3: raiseinthedarkk ($154.23 in chips) 
Seat 5: Luan777Poker ($9.05 in chips) 
Seat 6: antey89 ($100 in chips) 
raiseinthedarkk: posts small blind $0.50
Luan777Poker: posts big blind $1
*** HOLE CARDS ***
antey89: folds 
GreenChe: raises $1.50 to $2.50
S3MPR3IGUAL: folds 
raiseinthedarkk: folds 
Luan777Poker: calls $1.50
*** FLOP *** [6h Ks 4s]
Luan777Poker: checks 
GreenChe: bets $7.83
Luan777Poker: calls $6.55 and is all-in
Uncalled bet ($1.28) returned to GreenChe
*** TURN *** [6h Ks 4s] [Kh]
*** RIVER *** [6h Ks 4s Kh] [7s]
*** SHOW DOWN ***
Luan777Poker: shows [4h Jc] (two pair, Kings and Fours)
GreenChe: shows [As 2s] (a flush, Ace high)
GreenChe collected $17.67 from pot
Luan777Poker cashed out the hand for $9.27 | Cash Out Fee $0.19
*** SUMMARY ***
Total pot $18.60 | Rake $0.93 
Board [6h Ks 4s Kh 7s]
Seat 4: coeeeelho
Seat 1: GreenChe showed [As 2s] and won ($17.67) with a flush, Ace high
Seat 2: S3MPR3IGUAL (button) folded before Flop (didn't bet)
Seat 3: raiseinthedarkk (small blind) folded before Flop
Seat 5: Luan777Poker (big blind) showed [4h Jc] and lost with two pair, Kings and Fours (cashed out).
Seat 6: antey89 folded before Flop (didn't bet)



PokerStars Hand #254634557675:  Hold'em No Limit ($0.50/$1.00 USD) - 2025/01/31 9:45:05 WET [2025/01/31 4:45:05 ET]
Table 'Idomeneus' 6-max Seat #3 is the button
Seat 4: coeeeelho ($101.50 in chips) is sitting out
Seat 1: GreenChe ($144.21 in chips) 
Seat 2: S3MPR3IGUAL ($120.62 in chips) 
Seat 3: raiseinthedarkk ($153.73 in chips) 
Seat 5: Luan777Poker ($9.27 in chips) 
Seat 6: antey89 ($100 in chips) 
Luan777Poker: posts small blind $0.50
antey89: posts big blind $1
*** HOLE CARDS ***
GreenChe: folds 
S3MPR3IGUAL: folds 
raiseinthedarkk: folds 
Luan777Poker: calls $0.50
antey89: checks 
*** FLOP *** [Ks 7h 8c]
Luan777Poker: checks 
antey89: checks 
*** TURN *** [Ks 7h 8c] [5d]
Luan777Poker: checks 
antey89: checks 
*** RIVER *** [Ks 7h 8c 5d] [Ac]
Luan777Poker: checks 
antey89: checks 
*** SHOW DOWN ***
Luan777Poker: shows [3s 4d] (high card Ace)
antey89: shows [2h Qh] (high card Ace - King+Queen kicker)
antey89 collected $1.90 from pot
*** SUMMARY ***
Total pot $2 | Rake $0.10 
Board [Ks 7h 8c 5d Ac]
Seat 4: coeeeelho
Seat 1: GreenChe folded before Flop (didn't bet)
Seat 2: S3MPR3IGUAL folded before Flop (didn't bet)
Seat 3: raiseinthedarkk (button) folded before Flop (didn't bet)
Seat 5: Luan777Poker (small blind) showed [3s 4d] and lost with high card Ace
Seat 6: antey89 (big blind) showed [2h Qh] and won ($1.90) with high card Ace



PokerStars Hand #254634562209:  Hold'em No Limit ($0.50/$1.00 USD) - 2025/01/31 9:45:50 WET [2025/01/31 4:45:50 ET]
Table 'Idomeneus' 6-max Seat #5 is the button
Seat 4: coeeeelho ($101.50 in chips) is sitting out
Seat 1: GreenChe ($144.21 in chips) 
Seat 2: S3MPR3IGUAL ($120.62 in chips) 
Seat 3: raiseinthedarkk ($153.73 in chips) 
Seat 5: Luan777Poker ($8.27 in chips) 
Seat 6: antey89 ($100.90 in chips) 
antey89: posts small blind $0.50
GreenChe: posts big blind $1
*** HOLE CARDS ***
S3MPR3IGUAL: folds 
raiseinthedarkk: folds 
Luan777Poker: calls $1
antey89: folds 
GreenChe: checks 
*** FLOP *** [Jd 5c Tc]
GreenChe: checks 
Luan777Poker: bets $1
GreenChe: folds 
Uncalled bet ($1) returned to Luan777Poker
Luan777Poker collected $2.38 from pot
*** SUMMARY ***
Total pot $2.50 | Rake $0.12 
Board [Jd 5c Tc]
Seat 4: coeeeelho
Seat 1: GreenChe (big blind) folded on the Flop
Seat 2: S3MPR3IGUAL folded before Flop (didn't bet)
Seat 3: raiseinthedarkk folded before Flop (didn't bet)
Seat 5: Luan777Poker (button) collected ($2.38)
Seat 6: antey89 (small blind) folded before Flop



PokerStars Hand #254634565127:  Hold'em No Limit ($0.50/$1.00 USD) - 2025/01/31 9:46:19 WET [2025/01/31 4:46:19 ET]
Table 'Idomeneus' 6-max Seat #6 is the button
Seat 4: coeeeelho ($101.50 in chips) is sitting out
Seat 1: GreenChe ($143.21 in chips) 
Seat 2: S3MPR3IGUAL ($120.62 in chips) 
Seat 3: raiseinthedarkk ($153.73 in chips) 
Seat 5: Luan777Poker ($9.65 in chips) 
Seat 6: antey89 ($100.40 in chips) 
GreenChe: posts small blind $0.50
S3MPR3IGUAL: posts big blind $1
*** HOLE CARDS ***
raiseinthedarkk: raises $1.20 to $2.20
Luan777Poker: folds 
antey89: folds 
GreenChe: folds 
S3MPR3IGUAL: folds 
Uncalled bet ($1.20) returned to raiseinthedarkk
raiseinthedarkk collected $2.50 from pot
raiseinthedarkk: doesn't show hand 
*** SUMMARY ***
Total pot $2.50 | Rake $0 
Seat 4: coeeeelho
Seat 1: GreenChe (small blind) folded before Flop
Seat 2: S3MPR3IGUAL (big blind) folded before Flop
Seat 3: raiseinthedarkk collected ($2.50)
Seat 5: Luan777Poker folded before Flop (didn't bet)
Seat 6: antey89 (button) folded before Flop (didn't bet)



PokerStars Hand #254634566503:  Hold'em No Limit ($0.50/$1.00 USD) - 2025/01/31 9:46:32 WET [2025/01/31 4:46:32 ET]
Table 'Idomeneus' 6-max Seat #1 is the button
Seat 4: coeeeelho ($101.50 in chips) is sitting out
Seat 1: GreenChe ($142.71 in chips) 
Seat 2: S3MPR3IGUAL ($119.62 in chips) 
Seat 3: raiseinthedarkk ($155.23 in chips) 
Seat 5: Luan777Poker ($9.65 in chips) 
Seat 6: antey89 ($100.40 in chips) 
S3MPR3IGUAL: posts small blind $0.50
raiseinthedarkk: posts big blind $1
*** HOLE CARDS ***
Luan777Poker: calls $1
antey89: folds 
GreenChe: raises $2 to $3
S3MPR3IGUAL: raises $11 to $14
raiseinthedarkk: folds 
Luan777Poker: calls $8.65 and is all-in
GreenChe: folds 
Uncalled bet ($4.35) returned to S3MPR3IGUAL
*** FLOP *** [7d Tc 8h]
*** TURN *** [7d Tc 8h] [Kc]
*** RIVER *** [7d Tc 8h Kc] [4s]
*** SHOW DOWN ***
S3MPR3IGUAL: shows [Qh Jh] (high card King)
Luan777Poker: shows [Jc 7c] (a pair of Sevens)
Luan777Poker collected $22.14 from pot
*** SUMMARY ***
Total pot $23.30 | Rake $1.16 
Board [7d Tc 8h Kc 4s]
Seat 4: coeeeelho
Seat 1: GreenChe (button) folded before Flop
Seat 2: S3MPR3IGUAL (small blind) showed [Qh Jh] and lost with high card King
Seat 3: raiseinthedarkk (big blind) folded before Flop
Seat 5: Luan777Poker showed [Jc 7c] and won ($22.14) with a pair of Sevens
Seat 6: antey89 folded before Flop (didn't bet)



PokerStars Hand #254634570887:  Hold'em No Limit ($0.50/$1.00 USD) - 2025/01/31 9:47:14 WET [2025/01/31 4:47:14 ET]
Table 'Idomeneus' 6-max Seat #2 is the button
Seat 4: coeeeelho ($101.50 in chips) is sitting out
Seat 1: GreenChe ($139.71 in chips) 
Seat 2: S3MPR3IGUAL ($109.97 in chips) 
Seat 3: raiseinthedarkk ($154.23 in chips) 
Seat 5: Luan777Poker ($22.14 in chips) 
Seat 6: antey89 ($100.40 in chips) 
raiseinthedarkk: posts small blind $0.50
Luan777Poker: posts big blind $1
*** HOLE CARDS ***
antey89: folds 
GreenChe: folds 
S3MPR3IGUAL: raises $1.20 to $2.20
raiseinthedarkk: calls $1.70
Luan777Poker: calls $1.20
*** FLOP *** [5d Ad Ks]
raiseinthedarkk: checks 
Luan777Poker: checks 
S3MPR3IGUAL: bets $1.76
raiseinthedarkk: folds 
Luan777Poker: folds 
Uncalled bet ($1.76) returned to S3MPR3IGUAL
S3MPR3IGUAL collected $6.27 from pot
S3MPR3IGUAL: doesn't show hand 
*** SUMMARY ***
Total pot $6.60 | Rake $0.33 
Board [5d Ad Ks]
Seat 4: coeeeelho
Seat 1: GreenChe folded before Flop (didn't bet)
Seat 2: S3MPR3IGUAL (button) collected ($6.27)
Seat 3: raiseinthedarkk (small blind) folded on the Flop
Seat 5: Luan777Poker (big blind) folded on the Flop
Seat 6: antey89 folded before Flop (didn't bet)



PokerStars Hand #254634577024:  Hold'em No Limit ($0.50/$1.00 USD) - 2025/01/31 9:48:14 WET [2025/01/31 4:48:14 ET]
Table 'Idomeneus' 6-max Seat #3 is the button
Seat 4: coeeeelho ($101.50 in chips) is sitting out
Seat 1: GreenChe ($139.71 in chips) 
Seat 2: S3MPR3IGUAL ($114.04 in chips) 
Seat 3: raiseinthedarkk ($152.03 in chips) 
Seat 5: Luan777Poker ($19.94 in chips) 
Seat 6: antey89 ($100.40 in chips) 
Luan777Poker: posts small blind $0.50
antey89: posts big blind $1
*** HOLE CARDS ***
GreenChe: folds 
S3MPR3IGUAL: raises $1.20 to $2.20
raiseinthedarkk: folds 
Luan777Poker: calls $1.70
antey89: folds 
*** FLOP *** [2h 6d Qd]
Luan777Poker: checks 
S3MPR3IGUAL: checks 
*** TURN *** [2h 6d Qd] [3c]
Luan777Poker: checks 
S3MPR3IGUAL: bets $1.44
Luan777Poker: calls $1.44
*** RIVER *** [2h 6d Qd 3c] [Ks]
Luan777Poker: checks 
S3MPR3IGUAL: checks 
*** SHOW DOWN ***
Luan777Poker: shows [Th 4h] (high card King)
S3MPR3IGUAL: shows [Tc Ac] (high card Ace)
S3MPR3IGUAL collected $7.87 from pot
*** SUMMARY ***
Total pot $8.28 | Rake $0.41 
Board [2h 6d Qd 3c Ks]
Seat 4: coeeeelho
Seat 1: GreenChe folded before Flop (didn't bet)
Seat 2: S3MPR3IGUAL showed [Tc Ac] and won ($7.87) with high card Ace
Seat 3: raiseinthedarkk (button) folded before Flop (didn't bet)
Seat 5: Luan777Poker (small blind) showed [Th 4h] and lost with high card King
Seat 6: antey89 (big blind) folded before Flop



PokerStars Hand #254634580910:  Hold'em No Limit ($0.50/$1.00 USD) - 2025/01/31 9:48:52 WET [2025/01/31 4:48:52 ET]
Table 'Idomeneus' 6-max Seat #5 is the button
Seat 4: coeeeelho ($101.50 in chips) is sitting out
Seat 1: GreenChe ($139.71 in chips) 
Seat 2: S3MPR3IGUAL ($118.27 in chips) 
Seat 3: raiseinthedarkk ($152.03 in chips) 
Seat 5: Luan777Poker ($16.30 in chips) 
Seat 6: antey89 ($100 in chips) 
antey89: posts small blind $0.50
GreenChe: posts big blind $1
coeeeelho: sits out 
*** HOLE CARDS ***
S3MPR3IGUAL: raises $1.20 to $2.20
raiseinthedarkk: folds 
Luan777Poker: calls $2.20
antey89: folds 
GreenChe: folds 
*** FLOP *** [Qs Ad 2d]
S3MPR3IGUAL: checks 
Luan777Poker: checks 
*** TURN *** [Qs Ad 2d] [4c]
S3MPR3IGUAL: checks 
Luan777Poker: checks 
*** RIVER *** [Qs Ad 2d 4c] [Qd]
S3MPR3IGUAL: bets $4.20
Luan777Poker: folds 
Uncalled bet ($4.20) returned to S3MPR3IGUAL
S3MPR3IGUAL collected $5.60 from pot
S3MPR3IGUAL: doesn't show hand 
*** SUMMARY ***
Total pot $5.90 | Rake $0.30 
Board [Qs Ad 2d 4c Qd]
Seat 4: coeeeelho
Seat 1: GreenChe (big blind) folded before Flop
Seat 2: S3MPR3IGUAL collected ($5.60)
Seat 3: raiseinthedarkk folded before Flop (didn't bet)
Seat 5: Luan777Poker (button) folded on the River
Seat 6: antey89 (small blind) folded before Flop



PokerStars Hand #254634582843:  Hold'em No Limit ($0.50/$1.00 USD) - 2025/01/31 9:49:10 WET [2025/01/31 4:49:10 ET]
Table 'Idomeneus' 6-max Seat #6 is the button
Seat 4: coeeeelho ($101.50 in chips) is sitting out
Seat 1: GreenChe ($138.71 in chips) 
Seat 2: S3MPR3IGUAL ($121.67 in chips) 
Seat 3: raiseinthedarkk ($152.03 in chips) 
Seat 5: Luan777Poker ($14.10 in chips) 
Seat 6: antey89 ($100 in chips) 
GreenChe: posts small blind $0.50
S3MPR3IGUAL: posts big blind $1
coeeeelho: sits out 
*** HOLE CARDS ***
raiseinthedarkk: folds 
Luan777Poker: raises $1 to $2
antey89: folds 
GreenChe: folds 
S3MPR3IGUAL: raises $119.67 to $121.67 and is all-in
Luan777Poker: calls $12.10 and is all-in
Uncalled bet ($107.57) returned to S3MPR3IGUAL
*** FLOP *** [6d 9c Th]
*** TURN *** [6d 9c Th] [3c]
*** RIVER *** [6d 9c Th 3c] [Ad]
*** SHOW DOWN ***
S3MPR3IGUAL: shows [Jc Ah] (a pair of Aces)
Luan777Poker: shows [Qd 9d] (a pair of Nines)
S3MPR3IGUAL collected $27.26 from pot
*** SUMMARY ***
Total pot $28.70 | Rake $1.44 
Board [6d 9c Th 3c Ad]
Seat 4: coeeeelho
Seat 1: GreenChe (small blind) folded before Flop
Seat 2: S3MPR3IGUAL (big blind) showed [Jc Ah] and won ($27.26) with a pair of Aces
Seat 3: raiseinthedarkk folded before Flop (didn't bet)
Seat 5: Luan777Poker showed [Qd 9d] and lost with a pair of Nines
Seat 6: antey89 (button) folded before Flop (didn't bet)



PokerStars Hand #254634585511:  Hold'em No Limit ($0.50/$1.00 USD) - 2025/01/31 9:49:36 WET [2025/01/31 4:49:36 ET]
Table 'Idomeneus' 6-max Seat #1 is the button
Seat 4: coeeeelho ($101.50 in chips) is sitting out
Seat 5: Luan777Poker ($0 in chips) is sitting out
Seat 1: GreenChe ($138.21 in chips) 
Seat 2: S3MPR3IGUAL ($134.83 in chips) 
Seat 3: raiseinthedarkk ($152.03 in chips) 
Seat 6: antey89 ($100 in chips) 
S3MPR3IGUAL: posts small blind $0.50
raiseinthedarkk: posts big blind $1
coeeeelho: sits out 
*** HOLE CARDS ***
antey89: folds 
GreenChe: folds 
S3MPR3IGUAL: folds 
Uncalled bet ($0.50) returned to raiseinthedarkk
raiseinthedarkk collected $1 from pot
raiseinthedarkk: doesn't show hand 
*** SUMMARY ***
Total pot $1 | Rake $0 
Seat 4: coeeeelho
Seat 5: Luan777Poker
Seat 1: GreenChe (button) folded before Flop (didn't bet)
Seat 2: S3MPR3IGUAL (small blind) folded before Flop
Seat 3: raiseinthedarkk (big blind) collected ($1)
Seat 6: antey89 folded before Flop (didn't bet)



PokerStars Hand #254634586301:  Hold'em No Limit ($0.50/$1.00 USD) - 2025/01/31 9:49:44 WET [2025/01/31 4:49:44 ET]
Table 'Idomeneus' 6-max Seat #2 is the button
Seat 5: Luan777Poker ($0 in chips) is sitting out
Seat 1: GreenChe ($138.21 in chips) 
Seat 2: S3MPR3IGUAL ($134.33 in chips) 
Seat 3: raiseinthedarkk ($152.53 in chips) 
Seat 4: coeeeelho ($101.50 in chips) 
Seat 6: antey89 ($100 in chips) 
raiseinthedarkk: posts small blind $0.50
coeeeelho: posts big blind $1
*** HOLE CARDS ***
Luan777Poker leaves the table
antey89: raises $1.50 to $2.50
GreenChe: folds 
S3MPR3IGUAL: folds 
raiseinthedarkk: folds 
coeeeelho: folds 
Uncalled bet ($1.50) returned to antey89
antey89 collected $2.50 from pot
antey89: doesn't show hand 
*** SUMMARY ***
Total pot $2.50 | Rake $0 
Seat 5: Luan777Poker
Seat 1: GreenChe folded before Flop (didn't bet)
Seat 2: S3MPR3IGUAL (button) folded before Flop (didn't bet)
Seat 3: raiseinthedarkk (small blind) folded before Flop
Seat 4: coeeeelho (big blind) folded before Flop
Seat 6: antey89 collected ($2.50)



