PokerStars Hand #254640419842:  Hold'em No Limit ($0.50/$1.00 USD) - 2025/01/31 19:01:44 WET [2025/01/31 14:01:44 ET]
Table 'Palatia' 6-max Seat #4 is the button
Seat 1: michasia ($100 in chips) 
Seat 2: magicyilo47 ($49.44 in chips) 
Seat 3: Treccc ($29.25 in chips) 
Seat 4: sta$igk ($100 in chips) 
Seat 5: DL1B ($129.48 in chips) 
Seat 6: magzi777 ($100 in chips) 
DL1B: posts small blind $0.50
magzi777: posts big blind $1
*** HOLE CARDS ***
michasia: folds 
magicyilo47: folds 
Treccc: folds 
sta$igk: raises $1.50 to $2.50
DL1B: folds 
magzi777: raises $8.50 to $11
sta$igk: folds 
Uncalled bet ($8.50) returned to magzi777
magzi777 collected $5.50 from pot
*** SUMMARY ***
Total pot $5.50 | Rake $0 
Seat 1: michasia folded before Flop (didn't bet)
Seat 2: magicyilo47 folded before Flop (didn't bet)
Seat 3: Treccc folded before Flop (didn't bet)
Seat 4: sta$igk (button) folded before Flop
Seat 5: DL1B (small blind) folded before Flop
Seat 6: magzi777 (big blind) collected ($5.50)



PokerStars Hand #254640424253:  Hold'em No Limit ($0.50/$1.00 USD) - 2025/01/31 19:02:02 WET [2025/01/31 14:02:02 ET]
Table 'Palatia' 6-max Seat #5 is the button
Seat 1: michasia ($100 in chips) 
Seat 2: magicyilo47 ($49.44 in chips) 
Seat 3: Treccc ($29.25 in chips) 
Seat 4: sta$igk ($100 in chips) 
Seat 5: DL1B ($128.98 in chips) 
Seat 6: magzi777 ($103 in chips) 
magzi777: posts small blind $0.50
michasia: posts big blind $1
*** HOLE CARDS ***
magicyilo47: raises $2.50 to $3.50
Treccc: folds 
sta$igk: folds 
DL1B: folds 
magzi777: folds 
michasia: calls $2.50
*** FLOP *** [3d Ah 8h]
michasia: checks 
magicyilo47: bets $7.12
michasia: calls $7.12
*** TURN *** [3d Ah 8h] [Qd]
michasia: checks 
magicyilo47: bets $20.65
michasia: calls $20.65
*** RIVER *** [3d Ah 8h Qd] [7h]
michasia: checks 
magicyilo47: checks 
*** SHOW DOWN ***
michasia: shows [Ac 2c] (a pair of Aces)
magicyilo47: shows [Ts Ad] (a pair of Aces - Queen+Ten kicker)
magicyilo47 collected $59.92 from pot
*** SUMMARY ***
Total pot $63.04 | Rake $3.12 
Board [3d Ah 8h Qd 7h]
Seat 1: michasia (big blind) showed [Ac 2c] and lost with a pair of Aces
Seat 2: magicyilo47 showed [Ts Ad] and won ($59.92) with a pair of Aces
Seat 3: Treccc folded before Flop (didn't bet)
Seat 4: sta$igk folded before Flop (didn't bet)
Seat 5: DL1B (button) folded before Flop (didn't bet)
Seat 6: magzi777 (small blind) folded before Flop



PokerStars Hand #254640438170:  Hold'em No Limit ($0.50/$1.00 USD) - 2025/01/31 19:02:58 WET [2025/01/31 14:02:58 ET]
Table 'Palatia' 6-max Seat #6 is the button
Seat 1: michasia ($100 in chips) 
Seat 2: magicyilo47 ($78.09 in chips) 
Seat 3: Treccc ($29.25 in chips) 
Seat 4: sta$igk ($100 in chips) 
Seat 5: DL1B ($128.98 in chips) 
Seat 6: magzi777 ($102.50 in chips) 
michasia: posts small blind $0.50
magicyilo47: posts big blind $1
*** HOLE CARDS ***
Treccc: raises $1 to $2
sta$igk: folds 
DL1B: raises $3 to $5
magzi777: folds 
michasia: folds 
magicyilo47: folds 
Treccc: calls $3
*** FLOP *** [6d Qd 5c]
Treccc: checks 
DL1B: checks 
*** TURN *** [6d Qd 5c] [Ac]
Treccc: checks 
DL1B: checks 
*** RIVER *** [6d Qd 5c Ac] [3c]
Treccc: checks 
DL1B: bets $8.30
Treccc: calls $8.30
*** SHOW DOWN ***
DL1B: shows [Ks 9s] (high card Ace)
Treccc: shows [Qs Ts] (a pair of Queens)
Treccc collected $26.70 from pot
*** SUMMARY ***
Total pot $28.10 | Rake $1.40 
Board [6d Qd 5c Ac 3c]
Seat 1: michasia (small blind) folded before Flop
Seat 2: magicyilo47 (big blind) folded before Flop
Seat 3: Treccc showed [Qs Ts] and won ($26.70) with a pair of Queens
Seat 4: sta$igk folded before Flop (didn't bet)
Seat 5: DL1B showed [Ks 9s] and lost with high card Ace
Seat 6: magzi777 (button) folded before Flop (didn't bet)



PokerStars Hand #254640452891:  Hold'em No Limit ($0.50/$1.00 USD) - 2025/01/31 19:03:53 WET [2025/01/31 14:03:53 ET]
Table 'Palatia' 6-max Seat #1 is the button
Seat 1: michasia ($100 in chips) 
Seat 2: magicyilo47 ($77.09 in chips) 
Seat 3: Treccc ($42.65 in chips) 
Seat 4: sta$igk ($100 in chips) 
Seat 5: DL1B ($115.68 in chips) 
Seat 6: magzi777 ($102.50 in chips) 
magicyilo47: posts small blind $0.50
Treccc: posts big blind $1
*** HOLE CARDS ***
sta$igk: folds 
DL1B: folds 
magzi777: folds 
michasia: folds 
magicyilo47: calls $0.50
Treccc: checks 
*** FLOP *** [2h Ah 9d]
magicyilo47: checks 
Treccc: checks 
*** TURN *** [2h Ah 9d] [Qd]
magicyilo47: bets $1
Treccc: folds 
Uncalled bet ($1) returned to magicyilo47
magicyilo47 collected $1.88 from pot
*** SUMMARY ***
Total pot $2 | Rake $0.12 
Board [2h Ah 9d Qd]
Seat 1: michasia (button) folded before Flop (didn't bet)
Seat 2: magicyilo47 (small blind) collected ($1.88)
Seat 3: Treccc (big blind) folded on the Turn
Seat 4: sta$igk folded before Flop (didn't bet)
Seat 5: DL1B folded before Flop (didn't bet)
Seat 6: magzi777 folded before Flop (didn't bet)



PokerStars Hand #254640463732:  Hold'em No Limit ($0.50/$1.00 USD) - 2025/01/31 19:04:34 WET [2025/01/31 14:04:34 ET]
Table 'Palatia' 6-max Seat #2 is the button
Seat 1: michasia ($100 in chips) 
Seat 2: magicyilo47 ($77.97 in chips) 
Seat 3: Treccc ($41.65 in chips) 
Seat 4: sta$igk ($100 in chips) 
Seat 5: DL1B ($115.68 in chips) 
Seat 6: magzi777 ($102.50 in chips) 
Treccc: posts small blind $0.50
sta$igk: posts big blind $1
*** HOLE CARDS ***
DL1B: folds 
magzi777: raises $1.50 to $2.50
michasia: folds 
magicyilo47: raises $6.50 to $9
Treccc: folds 
sta$igk: folds 
magzi777: calls $6.50
*** FLOP *** [7s 6d 9d]
magzi777: checks 
magicyilo47: checks 
*** TURN *** [7s 6d 9d] [2d]
magzi777: bets $13.89
magicyilo47: calls $13.89
*** RIVER *** [7s 6d 9d 2d] [5s]
magzi777: bets $67.38
magicyilo47: folds 
Uncalled bet ($67.38) returned to magzi777
magzi777 collected $44.92 from pot
*** SUMMARY ***
Total pot $47.28 | Rake $2.36 
Board [7s 6d 9d 2d 5s]
Seat 1: michasia folded before Flop (didn't bet)
Seat 2: magicyilo47 (button) folded on the River
Seat 3: Treccc (small blind) folded before Flop
Seat 4: sta$igk (big blind) folded before Flop
Seat 5: DL1B folded before Flop (didn't bet)
Seat 6: magzi777 collected ($44.92)



PokerStars Hand #254640483912:  Hold'em No Limit ($0.50/$1.00 USD) - 2025/01/31 19:05:50 WET [2025/01/31 14:05:50 ET]
Table 'Palatia' 6-max Seat #3 is the button
Seat 1: michasia ($100 in chips) 
Seat 2: magicyilo47 ($55.08 in chips) 
Seat 3: Treccc ($41.15 in chips) 
Seat 4: sta$igk ($100 in chips) 
Seat 5: DL1B ($115.68 in chips) 
Seat 6: magzi777 ($124.53 in chips) 
sta$igk: posts small blind $0.50
DL1B: posts big blind $1
*** HOLE CARDS ***
magzi777: folds 
michasia: folds 
magicyilo47: calls $1
Treccc: calls $1
sta$igk: folds 
DL1B: checks 
*** FLOP *** [Td 3c 8h]
DL1B: checks 
magicyilo47: checks 
Treccc: checks 
*** TURN *** [Td 3c 8h] [2s]
DL1B: bets $2.52
magicyilo47: folds 
Treccc: calls $2.52
*** RIVER *** [Td 3c 8h 2s] [3d]
DL1B: checks 
Treccc: checks 
*** SHOW DOWN ***
DL1B: shows [5s 8s] (two pair, Eights and Threes)
Treccc: mucks hand 
DL1B collected $8.11 from pot
*** SUMMARY ***
Total pot $8.54 | Rake $0.43 
Board [Td 3c 8h 2s 3d]
Seat 1: michasia folded before Flop (didn't bet)
Seat 2: magicyilo47 folded on the Turn
Seat 3: Treccc (button) mucked
Seat 4: sta$igk (small blind) folded before Flop
Seat 5: DL1B (big blind) showed [5s 8s] and won ($8.11) with two pair, Eights and Threes
Seat 6: magzi777 folded before Flop (didn't bet)



PokerStars Hand #254640504187:  Hold'em No Limit ($0.50/$1.00 USD) - 2025/01/31 19:07:05 WET [2025/01/31 14:07:05 ET]
Table 'Palatia' 6-max Seat #4 is the button
Seat 1: michasia ($100 in chips) 
Seat 2: magicyilo47 ($54.08 in chips) 
Seat 3: Treccc ($37.63 in chips) 
Seat 4: sta$igk ($100 in chips) 
Seat 5: DL1B ($120.27 in chips) 
Seat 6: magzi777 ($124.53 in chips) 
DL1B: posts small blind $0.50
magzi777: posts big blind $1
*** HOLE CARDS ***
michasia: folds 
magicyilo47: calls $1
Treccc: calls $1
sta$igk: folds 
DL1B: folds 
magzi777: raises $6.50 to $7.50
magicyilo47: calls $6.50
Treccc: calls $6.50
*** FLOP *** [2d Td 3d]
magzi777: bets $10.93
magicyilo47: calls $10.93
Treccc: folds 
*** TURN *** [2d Td 3d] [9h]
magzi777: bets $42.62
magicyilo47: folds 
Uncalled bet ($42.62) returned to magzi777
magzi777 collected $42.62 from pot
*** SUMMARY ***
Total pot $44.86 | Rake $2.24 
Board [2d Td 3d 9h]
Seat 1: michasia folded before Flop (didn't bet)
Seat 2: magicyilo47 folded on the Turn
Seat 3: Treccc folded on the Flop
Seat 4: sta$igk (button) folded before Flop (didn't bet)
Seat 5: DL1B (small blind) folded before Flop
Seat 6: magzi777 (big blind) collected ($42.62)



PokerStars Hand #254640525419:  Hold'em No Limit ($0.50/$1.00 USD) - 2025/01/31 19:08:25 WET [2025/01/31 14:08:25 ET]
Table 'Palatia' 6-max Seat #5 is the button
Seat 1: michasia ($100 in chips) 
Seat 2: magicyilo47 ($35.65 in chips) 
Seat 3: Treccc ($30.13 in chips) 
Seat 4: sta$igk ($100 in chips) 
Seat 5: DL1B ($119.77 in chips) 
Seat 6: magzi777 ($148.72 in chips) 
magzi777: posts small blind $0.50
michasia: posts big blind $1
*** HOLE CARDS ***
magicyilo47: raises $2.50 to $3.50
Treccc: raises $2.50 to $6
sta$igk: folds 
DL1B: folds 
magzi777: folds 
michasia: folds 
magicyilo47: calls $2.50
*** FLOP *** [3d Qh Jh]
magicyilo47: checks 
Treccc: bets $6.41
magicyilo47: folds 
Uncalled bet ($6.41) returned to Treccc
Treccc collected $12.82 from pot
*** SUMMARY ***
Total pot $13.50 | Rake $0.68 
Board [3d Qh Jh]
Seat 1: michasia (big blind) folded before Flop
Seat 2: magicyilo47 folded on the Flop
Seat 3: Treccc collected ($12.82)
Seat 4: sta$igk folded before Flop (didn't bet)
Seat 5: DL1B (button) folded before Flop (didn't bet)
Seat 6: magzi777 (small blind) folded before Flop



PokerStars Hand #254640532513:  Hold'em No Limit ($0.50/$1.00 USD) - 2025/01/31 19:08:52 WET [2025/01/31 14:08:52 ET]
Table 'Palatia' 6-max Seat #6 is the button
Seat 1: michasia ($100 in chips) 
Seat 2: magicyilo47 ($29.65 in chips) 
Seat 3: Treccc ($36.95 in chips) 
Seat 4: sta$igk ($100 in chips) 
Seat 5: DL1B ($119.77 in chips) 
Seat 6: magzi777 ($148.22 in chips) 
michasia: posts small blind $0.50
magicyilo47: posts big blind $1
*** HOLE CARDS ***
Treccc: folds 
sta$igk: folds 
DL1B: raises $1.50 to $2.50
magzi777: raises $5 to $7.50
michasia: raises $13.50 to $21
magicyilo47: folds 
DL1B: folds 
magzi777: calls $13.50
*** FLOP *** [4c 6c Qs]
michasia: bets $10.80
magzi777: raises $16.20 to $27
michasia: folds 
Uncalled bet ($16.20) returned to magzi777
magzi777 collected $64.60 from pot
*** SUMMARY ***
Total pot $67.10 | Rake $2.50 
Board [4c 6c Qs]
Seat 1: michasia (small blind) folded on the Flop
Seat 2: magicyilo47 (big blind) folded before Flop
Seat 3: Treccc folded before Flop (didn't bet)
Seat 4: sta$igk folded before Flop (didn't bet)
Seat 5: DL1B folded before Flop
Seat 6: magzi777 (button) collected ($64.60)



PokerStars Hand #254640555504:  Hold'em No Limit ($0.50/$1.00 USD) - 2025/01/31 19:10:18 WET [2025/01/31 14:10:18 ET]
Table 'Palatia' 6-max Seat #1 is the button
Seat 1: michasia ($100 in chips) 
Seat 2: magicyilo47 ($28.65 in chips) 
Seat 3: Treccc ($36.95 in chips) 
Seat 4: sta$igk ($100 in chips) 
Seat 5: DL1B ($117.27 in chips) 
Seat 6: magzi777 ($181.02 in chips) 
magicyilo47: posts small blind $0.50
Treccc: posts big blind $1
*** HOLE CARDS ***
sta$igk: folds 
DL1B: raises $1 to $2
magzi777: folds 
michasia: folds 
magicyilo47: calls $1.50
Treccc: folds 
*** FLOP *** [6h Ts Qh]
magicyilo47: checks 
DL1B: checks 
*** TURN *** [6h Ts Qh] [Td]
magicyilo47: bets $4.75
DL1B: raises $5.75 to $10.50
magicyilo47: folds 
Uncalled bet ($5.75) returned to DL1B
DL1B collected $13.78 from pot
DL1B: doesn't show hand 
*** SUMMARY ***
Total pot $14.50 | Rake $0.72 
Board [6h Ts Qh Td]
Seat 1: michasia (button) folded before Flop (didn't bet)
Seat 2: magicyilo47 (small blind) folded on the Turn
Seat 3: Treccc (big blind) folded before Flop
Seat 4: sta$igk folded before Flop (didn't bet)
Seat 5: DL1B collected ($13.78)
Seat 6: magzi777 folded before Flop (didn't bet)



PokerStars Hand #254640570199:  Hold'em No Limit ($0.50/$1.00 USD) - 2025/01/31 19:11:12 WET [2025/01/31 14:11:12 ET]
Table 'Palatia' 6-max Seat #2 is the button
Seat 1: michasia ($100 in chips) 
Seat 2: magicyilo47 ($21.90 in chips) 
Seat 3: Treccc ($35.95 in chips) 
Seat 4: sta$igk ($100 in chips) 
Seat 5: DL1B ($124.30 in chips) 
Seat 6: magzi777 ($181.02 in chips) 
Treccc: posts small blind $0.50
sta$igk: posts big blind $1
*** HOLE CARDS ***
DL1B: folds 
magzi777: folds 
michasia: folds 
magicyilo47: raises $2.50 to $3.50
Treccc: folds 
sta$igk: folds 
Uncalled bet ($2.50) returned to magicyilo47
magicyilo47 collected $2.50 from pot
*** SUMMARY ***
Total pot $2.50 | Rake $0 
Seat 1: michasia folded before Flop (didn't bet)
Seat 2: magicyilo47 (button) collected ($2.50)
Seat 3: Treccc (small blind) folded before Flop
Seat 4: sta$igk (big blind) folded before Flop
Seat 5: DL1B folded before Flop (didn't bet)
Seat 6: magzi777 folded before Flop (didn't bet)



PokerStars Hand #254640577844:  Hold'em No Limit ($0.50/$1.00 USD) - 2025/01/31 19:11:41 WET [2025/01/31 14:11:41 ET]
Table 'Palatia' 6-max Seat #3 is the button
Seat 1: michasia ($100 in chips) 
Seat 2: magicyilo47 ($23.40 in chips) 
Seat 3: Treccc ($35.45 in chips) 
Seat 4: sta$igk ($100 in chips) 
Seat 5: DL1B ($124.30 in chips) 
Seat 6: magzi777 ($181.02 in chips) 
sta$igk: posts small blind $0.50
DL1B: posts big blind $1
*** HOLE CARDS ***
magzi777: folds 
michasia: raises $1.60 to $2.60
magicyilo47: raises $6.70 to $9.30
Treccc: folds 
sta$igk: folds 
DL1B: folds 
michasia: folds 
Uncalled bet ($6.70) returned to magicyilo47
magicyilo47 collected $6.70 from pot
*** SUMMARY ***
Total pot $6.70 | Rake $0 
Seat 1: michasia folded before Flop
Seat 2: magicyilo47 collected ($6.70)
Seat 3: Treccc (button) folded before Flop (didn't bet)
Seat 4: sta$igk (small blind) folded before Flop
Seat 5: DL1B (big blind) folded before Flop
Seat 6: magzi777 folded before Flop (didn't bet)



PokerStars Hand #254640582894:  Hold'em No Limit ($0.50/$1.00 USD) - 2025/01/31 19:11:59 WET [2025/01/31 14:11:59 ET]
Table 'Palatia' 6-max Seat #4 is the button
Seat 1: michasia ($100 in chips) 
Seat 2: magicyilo47 ($27.50 in chips) 
Seat 3: Treccc ($35.45 in chips) 
Seat 4: sta$igk ($100 in chips) 
Seat 5: DL1B ($123.30 in chips) 
Seat 6: magzi777 ($181.02 in chips) 
DL1B: posts small blind $0.50
magzi777: posts big blind $1
*** HOLE CARDS ***
michasia: folds 
magicyilo47: raises $2.50 to $3.50
Treccc: folds 
sta$igk: folds 
DL1B: folds 
magzi777: folds 
Uncalled bet ($2.50) returned to magicyilo47
magicyilo47 collected $2.50 from pot
*** SUMMARY ***
Total pot $2.50 | Rake $0 
Seat 1: michasia folded before Flop (didn't bet)
Seat 2: magicyilo47 collected ($2.50)
Seat 3: Treccc folded before Flop (didn't bet)
Seat 4: sta$igk (button) folded before Flop (didn't bet)
Seat 5: DL1B (small blind) folded before Flop
Seat 6: magzi777 (big blind) folded before Flop



PokerStars Hand #254640587045:  Hold'em No Limit ($0.50/$1.00 USD) - 2025/01/31 19:12:15 WET [2025/01/31 14:12:15 ET]
Table 'Palatia' 6-max Seat #5 is the button
Seat 1: michasia ($100 in chips) 
Seat 2: magicyilo47 ($29 in chips) 
Seat 3: Treccc ($35.45 in chips) 
Seat 4: sta$igk ($100 in chips) 
Seat 5: DL1B ($122.80 in chips) 
Seat 6: magzi777 ($180.02 in chips) 
magzi777: posts small blind $0.50
michasia: posts big blind $1
*** HOLE CARDS ***
magicyilo47: calls $1
Treccc: folds 
sta$igk: folds 
DL1B: folds 
magzi777: folds 
michasia: checks 
*** FLOP *** [3s As 7c]
michasia: checks 
magicyilo47: bets $1
michasia: calls $1
*** TURN *** [3s As 7c] [2c]
michasia: checks 
magicyilo47: bets $1
michasia: calls $1
*** RIVER *** [3s As 7c 2c] [8c]
michasia: checks 
magicyilo47: checks 
*** SHOW DOWN ***
michasia: shows [3d Tc] (a pair of Threes)
magicyilo47: mucks hand 
michasia collected $6.18 from pot
*** SUMMARY ***
Total pot $6.50 | Rake $0.32 
Board [3s As 7c 2c 8c]
Seat 1: michasia (big blind) showed [3d Tc] and won ($6.18) with a pair of Threes
Seat 2: magicyilo47 mucked
Seat 3: Treccc folded before Flop (didn't bet)
Seat 4: sta$igk folded before Flop (didn't bet)
Seat 5: DL1B (button) folded before Flop (didn't bet)
Seat 6: magzi777 (small blind) folded before Flop



PokerStars Hand #254640596169:  Hold'em No Limit ($0.50/$1.00 USD) - 2025/01/31 19:12:48 WET [2025/01/31 14:12:48 ET]
Table 'Palatia' 6-max Seat #6 is the button
Seat 1: michasia ($103.18 in chips) 
Seat 2: magicyilo47 ($26 in chips) 
Seat 3: Treccc ($35.45 in chips) 
Seat 4: sta$igk ($100 in chips) 
Seat 5: DL1B ($122.80 in chips) 
Seat 6: magzi777 ($179.52 in chips) 
michasia: posts small blind $0.50
magicyilo47: posts big blind $1
*** HOLE CARDS ***
Treccc: folds 
sta$igk: folds 
DL1B: folds 
magzi777: raises $1.50 to $2.50
michasia: folds 
magicyilo47: calls $1.50
*** FLOP *** [Jh 2c 7d]
magicyilo47: checks 
magzi777: bets $1.50
magicyilo47: calls $1.50
*** TURN *** [Jh 2c 7d] [3d]
magicyilo47: checks 
magzi777: bets $5.33
magicyilo47: folds 
Uncalled bet ($5.33) returned to magzi777
magzi777 collected $8.08 from pot
*** SUMMARY ***
Total pot $8.50 | Rake $0.42 
Board [Jh 2c 7d 3d]
Seat 1: michasia (small blind) folded before Flop
Seat 2: magicyilo47 (big blind) folded on the Turn
Seat 3: Treccc folded before Flop (didn't bet)
Seat 4: sta$igk folded before Flop (didn't bet)
Seat 5: DL1B folded before Flop (didn't bet)
Seat 6: magzi777 (button) collected ($8.08)



PokerStars Hand #254640608193:  Hold'em No Limit ($0.50/$1.00 USD) - 2025/01/31 19:13:33 WET [2025/01/31 14:13:33 ET]
Table 'Palatia' 6-max Seat #1 is the button
Seat 1: michasia ($102.68 in chips) 
Seat 2: magicyilo47 ($22 in chips) 
Seat 3: Treccc ($35.45 in chips) 
Seat 4: sta$igk ($100 in chips) 
Seat 5: DL1B ($122.80 in chips) 
Seat 6: magzi777 ($183.60 in chips) 
magicyilo47: posts small blind $0.50
Treccc: posts big blind $1
*** HOLE CARDS ***
sta$igk: folds 
DL1B: raises $1 to $2
magzi777: calls $2
michasia: folds 
magicyilo47: raises $7 to $9
Treccc: folds 
DL1B: folds 
magzi777: raises $21 to $30
magicyilo47: calls $13 and is all-in
Uncalled bet ($8) returned to magzi777
*** FLOP *** [6d 8d 5h]
*** TURN *** [6d 8d 5h] [4h]
*** RIVER *** [6d 8d 5h 4h] [8h]
*** SHOW DOWN ***
magicyilo47: shows [Ac 7c] (a straight, Four to Eight)
magzi777: shows [Kh Ad] (a pair of Eights)
magicyilo47 collected $44.06 from pot
*** SUMMARY ***
Total pot $47 | Rake $2.94 
Board [6d 8d 5h 4h 8h]
Seat 1: michasia (button) folded before Flop (didn't bet)
Seat 2: magicyilo47 (small blind) showed [Ac 7c] and won ($44.06) with a straight, Four to Eight
Seat 3: Treccc (big blind) folded before Flop
Seat 4: sta$igk folded before Flop (didn't bet)
Seat 5: DL1B folded before Flop
Seat 6: magzi777 showed [Kh Ad] and lost with a pair of Eights



PokerStars Hand #254640620215:  Hold'em No Limit ($0.50/$1.00 USD) - 2025/01/31 19:14:18 WET [2025/01/31 14:14:18 ET]
Table 'Palatia' 6-max Seat #2 is the button
Seat 1: michasia ($102.68 in chips) 
Seat 2: magicyilo47 ($44.06 in chips) 
Seat 3: Treccc ($34.45 in chips) 
Seat 4: sta$igk ($100 in chips) 
Seat 5: DL1B ($120.80 in chips) 
Seat 6: magzi777 ($161.60 in chips) 
Treccc: posts small blind $0.50
sta$igk: posts big blind $1
*** HOLE CARDS ***
DL1B: raises $1 to $2
magzi777: folds 
michasia: folds 
magicyilo47: calls $2
Treccc: folds 
sta$igk: calls $1
*** FLOP *** [2d 4c Qh]
sta$igk: checks 
DL1B: checks 
magicyilo47: bets $6.18
sta$igk: folds 
DL1B: folds 
Uncalled bet ($6.18) returned to magicyilo47
magicyilo47 collected $6.10 from pot
*** SUMMARY ***
Total pot $6.50 | Rake $0.40 
Board [2d 4c Qh]
Seat 1: michasia folded before Flop (didn't bet)
Seat 2: magicyilo47 (button) collected ($6.10)
Seat 3: Treccc (small blind) folded before Flop
Seat 4: sta$igk (big blind) folded on the Flop
Seat 5: DL1B folded on the Flop
Seat 6: magzi777 folded before Flop (didn't bet)



PokerStars Hand #254640628230:  Hold'em No Limit ($0.50/$1.00 USD) - 2025/01/31 19:14:47 WET [2025/01/31 14:14:47 ET]
Table 'Palatia' 6-max Seat #3 is the button
Seat 1: michasia ($102.68 in chips) 
Seat 2: magicyilo47 ($48.16 in chips) 
Seat 3: Treccc ($33.95 in chips) 
Seat 4: sta$igk ($100 in chips) 
Seat 5: DL1B ($118.80 in chips) 
Seat 6: magzi777 ($161.60 in chips) 
sta$igk: posts small blind $0.50
DL1B: posts big blind $1
*** HOLE CARDS ***
magzi777: raises $1.50 to $2.50
michasia: folds 
magicyilo47: calls $2.50
Treccc: calls $2.50
sta$igk: folds 
DL1B: folds 
*** FLOP *** [2d 8s Qc]
magzi777: checks 
magicyilo47: checks 
Treccc: checks 
*** TURN *** [2d 8s Qc] [Jh]
magzi777: checks 
magicyilo47: checks 
Treccc: bets $8.55
magzi777: folds 
magicyilo47: folds 
Uncalled bet ($8.55) returned to Treccc
Treccc collected $8.55 from pot
*** SUMMARY ***
Total pot $9 | Rake $0.45 
Board [2d 8s Qc Jh]
Seat 1: michasia folded before Flop (didn't bet)
Seat 2: magicyilo47 folded on the Turn
Seat 3: Treccc (button) collected ($8.55)
Seat 4: sta$igk (small blind) folded before Flop
Seat 5: DL1B (big blind) folded before Flop
Seat 6: magzi777 folded on the Turn



PokerStars Hand #254640635345:  Hold'em No Limit ($0.50/$1.00 USD) - 2025/01/31 19:15:13 WET [2025/01/31 14:15:13 ET]
Table 'Palatia' 6-max Seat #4 is the button
Seat 1: michasia ($102.68 in chips) 
Seat 2: magicyilo47 ($45.66 in chips) 
Seat 3: Treccc ($40 in chips) 
Seat 4: sta$igk ($100 in chips) 
Seat 5: DL1B ($117.80 in chips) 
Seat 6: magzi777 ($159.10 in chips) 
DL1B: posts small blind $0.50
magzi777: posts big blind $1
*** HOLE CARDS ***
michasia: raises $1.60 to $2.60
magicyilo47: calls $2.60
Treccc: folds 
sta$igk: folds 
DL1B: folds 
magzi777: folds 
*** FLOP *** [4h Qh 4d]
michasia: bets $4.24
magicyilo47: calls $4.24
*** TURN *** [4h Qh 4d] [Tc]
michasia: bets $9.61
magicyilo47: calls $9.61
*** RIVER *** [4h Qh 4d Tc] [Jc]
michasia: checks 
magicyilo47: bets $16.34
michasia: calls $16.34
*** SHOW DOWN ***
magicyilo47: shows [4s 7c] (three of a kind, Fours)
michasia: mucks hand 
magicyilo47 collected $63.96 from pot
*** SUMMARY ***
Total pot $67.08 | Rake $3.12 
Board [4h Qh 4d Tc Jc]
Seat 1: michasia mucked
Seat 2: magicyilo47 showed [4s 7c] and won ($63.96) with three of a kind, Fours
Seat 3: Treccc folded before Flop (didn't bet)
Seat 4: sta$igk (button) folded before Flop (didn't bet)
Seat 5: DL1B (small blind) folded before Flop
Seat 6: magzi777 (big blind) folded before Flop



PokerStars Hand #254640646624:  Hold'em No Limit ($0.50/$1.00 USD) - 2025/01/31 19:15:56 WET [2025/01/31 14:15:56 ET]
Table 'Palatia' 6-max Seat #5 is the button
Seat 1: michasia ($100 in chips) 
Seat 2: magicyilo47 ($76.83 in chips) 
Seat 3: Treccc ($40 in chips) 
Seat 4: sta$igk ($100 in chips) 
Seat 5: DL1B ($117.30 in chips) 
Seat 6: magzi777 ($158.10 in chips) 
magzi777: posts small blind $0.50
michasia: posts big blind $1
*** HOLE CARDS ***
magicyilo47: calls $1
Treccc: folds 
sta$igk: folds 
DL1B: folds 
magzi777: folds 
michasia: checks 
*** FLOP *** [8h Jc Js]
michasia: checks 
magicyilo47: bets $1
michasia: folds 
Uncalled bet ($1) returned to magicyilo47
magicyilo47 collected $2.35 from pot
*** SUMMARY ***
Total pot $2.50 | Rake $0.15 
Board [8h Jc Js]
Seat 1: michasia (big blind) folded on the Flop
Seat 2: magicyilo47 collected ($2.35)
Seat 3: Treccc folded before Flop (didn't bet)
Seat 4: sta$igk folded before Flop (didn't bet)
Seat 5: DL1B (button) folded before Flop (didn't bet)
Seat 6: magzi777 (small blind) folded before Flop



PokerStars Hand #254640651646:  Hold'em No Limit ($0.50/$1.00 USD) - 2025/01/31 19:16:14 WET [2025/01/31 14:16:14 ET]
Table 'Palatia' 6-max Seat #6 is the button
Seat 1: michasia ($100 in chips) 
Seat 2: magicyilo47 ($78.18 in chips) 
Seat 3: Treccc ($40 in chips) 
Seat 4: sta$igk ($100 in chips) 
Seat 5: DL1B ($117.30 in chips) 
Seat 6: magzi777 ($157.60 in chips) 
michasia: posts small blind $0.50
magicyilo47: posts big blind $1
*** HOLE CARDS ***
Treccc: folds 
sta$igk: folds 
DL1B: folds 
magzi777: folds 
michasia: folds 
Uncalled bet ($0.50) returned to magicyilo47
magicyilo47 collected $1 from pot
*** SUMMARY ***
Total pot $1 | Rake $0 
Seat 1: michasia (small blind) folded before Flop
Seat 2: magicyilo47 (big blind) collected ($1)
Seat 3: Treccc folded before Flop (didn't bet)
Seat 4: sta$igk folded before Flop (didn't bet)
Seat 5: DL1B folded before Flop (didn't bet)
Seat 6: magzi777 (button) folded before Flop (didn't bet)



PokerStars Hand #254640654312:  Hold'em No Limit ($0.50/$1.00 USD) - 2025/01/31 19:16:24 WET [2025/01/31 14:16:24 ET]
Table 'Palatia' 6-max Seat #1 is the button
Seat 1: michasia ($100 in chips) 
Seat 2: magicyilo47 ($78.68 in chips) 
Seat 3: Treccc ($40 in chips) 
Seat 4: sta$igk ($100 in chips) 
Seat 5: DL1B ($117.30 in chips) 
Seat 6: magzi777 ($157.60 in chips) 
magicyilo47: posts small blind $0.50
Treccc: posts big blind $1
*** HOLE CARDS ***
sta$igk: folds 
DL1B: folds 
magzi777: folds 
michasia: raises $1.80 to $2.80
magicyilo47: calls $2.30
Treccc: calls $1.80
*** FLOP *** [7h 8h Jh]
magicyilo47: checks 
Treccc: checks 
michasia: bets $5.32
magicyilo47: folds 
Treccc: folds 
Uncalled bet ($5.32) returned to michasia
michasia collected $7.98 from pot
michasia: doesn't show hand 
*** SUMMARY ***
Total pot $8.40 | Rake $0.42 
Board [7h 8h Jh]
Seat 1: michasia (button) collected ($7.98)
Seat 2: magicyilo47 (small blind) folded on the Flop
Seat 3: Treccc (big blind) folded on the Flop
Seat 4: sta$igk folded before Flop (didn't bet)
Seat 5: DL1B folded before Flop (didn't bet)
Seat 6: magzi777 folded before Flop (didn't bet)



PokerStars Hand #254640665638:  Hold'em No Limit ($0.50/$1.00 USD) - 2025/01/31 19:17:05 WET [2025/01/31 14:17:05 ET]
Table 'Palatia' 6-max Seat #2 is the button
Seat 1: michasia ($105.18 in chips) 
Seat 2: magicyilo47 ($75.88 in chips) 
Seat 3: Treccc ($37.20 in chips) 
Seat 4: sta$igk ($100 in chips) 
Seat 5: DL1B ($117.30 in chips) 
Seat 6: magzi777 ($157.60 in chips) 
Treccc: posts small blind $0.50
sta$igk: posts big blind $1
*** HOLE CARDS ***
DL1B: folds 
magzi777: folds 
michasia: folds 
magicyilo47: raises $2.50 to $3.50
Treccc: calls $3
sta$igk: folds 
*** FLOP *** [6d 7s 9h]
Treccc: checks 
magicyilo47: bets $7.60
Treccc: folds 
Uncalled bet ($7.60) returned to magicyilo47
magicyilo47 collected $7.50 from pot
*** SUMMARY ***
Total pot $8 | Rake $0.50 
Board [6d 7s 9h]
Seat 1: michasia folded before Flop (didn't bet)
Seat 2: magicyilo47 (button) collected ($7.50)
Seat 3: Treccc (small blind) folded on the Flop
Seat 4: sta$igk (big blind) folded before Flop
Seat 5: DL1B folded before Flop (didn't bet)
Seat 6: magzi777 folded before Flop (didn't bet)



PokerStars Hand #254640675092:  Hold'em No Limit ($0.50/$1.00 USD) - 2025/01/31 19:17:40 WET [2025/01/31 14:17:40 ET]
Table 'Palatia' 6-max Seat #3 is the button
Seat 1: michasia ($105.18 in chips) 
Seat 2: magicyilo47 ($79.88 in chips) 
Seat 3: Treccc ($33.70 in chips) 
Seat 4: sta$igk ($100 in chips) 
Seat 5: DL1B ($117.30 in chips) 
Seat 6: magzi777 ($157.60 in chips) 
sta$igk: posts small blind $0.50
DL1B: posts big blind $1
*** HOLE CARDS ***
magzi777: raises $1.50 to $2.50
michasia: raises $5 to $7.50
magicyilo47: folds 
Treccc: folds 
sta$igk: folds 
DL1B: folds 
magzi777: folds 
Uncalled bet ($5) returned to michasia
michasia collected $6.50 from pot
michasia: doesn't show hand 
*** SUMMARY ***
Total pot $6.50 | Rake $0 
Seat 1: michasia collected ($6.50)
Seat 2: magicyilo47 folded before Flop (didn't bet)
Seat 3: Treccc (button) folded before Flop (didn't bet)
Seat 4: sta$igk (small blind) folded before Flop
Seat 5: DL1B (big blind) folded before Flop
Seat 6: magzi777 folded before Flop



PokerStars Hand #254640679548:  Hold'em No Limit ($0.50/$1.00 USD) - 2025/01/31 19:17:56 WET [2025/01/31 14:17:56 ET]
Table 'Palatia' 6-max Seat #4 is the button
Seat 1: michasia ($109.18 in chips) 
Seat 2: magicyilo47 ($79.88 in chips) 
Seat 3: Treccc ($33.70 in chips) 
Seat 4: sta$igk ($100 in chips) 
Seat 5: DL1B ($116.30 in chips) 
Seat 6: magzi777 ($155.10 in chips) 
DL1B: posts small blind $0.50
magzi777: posts big blind $1
*** HOLE CARDS ***
michasia: folds 
magicyilo47: raises $2.50 to $3.50
Treccc: folds 
sta$igk: folds 
DL1B: raises $9.50 to $13
magzi777: folds 
magicyilo47: calls $9.50
*** FLOP *** [3d 5c Kh]
DL1B: bets $8.96
magicyilo47: calls $8.96
*** TURN *** [3d 5c Kh] [3s]
DL1B: bets $19.84
magicyilo47: folds 
Uncalled bet ($19.84) returned to DL1B
DL1B collected $42.67 from pot
DL1B: doesn't show hand 
*** SUMMARY ***
Total pot $44.92 | Rake $2.25 
Board [3d 5c Kh 3s]
Seat 1: michasia folded before Flop (didn't bet)
Seat 2: magicyilo47 folded on the Turn
Seat 3: Treccc folded before Flop (didn't bet)
Seat 4: sta$igk (button) folded before Flop (didn't bet)
Seat 5: DL1B (small blind) collected ($42.67)
Seat 6: magzi777 (big blind) folded before Flop



PokerStars Hand #254640691791:  Hold'em No Limit ($0.50/$1.00 USD) - 2025/01/31 19:18:41 WET [2025/01/31 14:18:41 ET]
Table 'Palatia' 6-max Seat #5 is the button
Seat 1: michasia ($109.18 in chips) 
Seat 2: magicyilo47 ($57.92 in chips) 
Seat 3: Treccc ($33.70 in chips) 
Seat 4: sta$igk ($100 in chips) 
Seat 5: DL1B ($137.01 in chips) 
Seat 6: magzi777 ($154.10 in chips) 
magzi777: posts small blind $0.50
michasia: posts big blind $1
*** HOLE CARDS ***
magicyilo47: calls $1
Treccc: folds 
sta$igk: folds 
DL1B: raises $2.50 to $3.50
magzi777: folds 
michasia: folds 
magicyilo47: calls $2.50
*** FLOP *** [Jd 6c Jh]
magicyilo47: checks 
DL1B: bets $2.67
magicyilo47: folds 
Uncalled bet ($2.67) returned to DL1B
DL1B collected $8.08 from pot
DL1B: doesn't show hand 
*** SUMMARY ***
Total pot $8.50 | Rake $0.42 
Board [Jd 6c Jh]
Seat 1: michasia (big blind) folded before Flop
Seat 2: magicyilo47 folded on the Flop
Seat 3: Treccc folded before Flop (didn't bet)
Seat 4: sta$igk folded before Flop (didn't bet)
Seat 5: DL1B (button) collected ($8.08)
Seat 6: magzi777 (small blind) folded before Flop



PokerStars Hand #254640699194:  Hold'em No Limit ($0.50/$1.00 USD) - 2025/01/31 19:19:09 WET [2025/01/31 14:19:09 ET]
Table 'Palatia' 6-max Seat #6 is the button
Seat 1: michasia ($108.18 in chips) 
Seat 2: magicyilo47 ($54.42 in chips) 
Seat 3: Treccc ($33.70 in chips) 
Seat 4: sta$igk ($100 in chips) 
Seat 5: DL1B ($141.59 in chips) 
Seat 6: magzi777 ($153.60 in chips) 
michasia: posts small blind $0.50
magicyilo47: posts big blind $1
*** HOLE CARDS ***
Treccc: folds 
sta$igk: folds 
DL1B: raises $1.50 to $2.50
magzi777: calls $2.50
michasia: folds 
magicyilo47: calls $1.50
*** FLOP *** [9h 6c 5d]
magicyilo47: checks 
DL1B: checks 
magzi777: checks 
*** TURN *** [9h 6c 5d] [Ks]
magicyilo47: checks 
DL1B: checks 
magzi777: checks 
*** RIVER *** [9h 6c 5d Ks] [7c]
magicyilo47: checks 
DL1B: checks 
magzi777: checks 
*** SHOW DOWN ***
magicyilo47: shows [7h 3h] (a pair of Sevens)
DL1B: mucks hand 
magzi777: mucks hand 
magicyilo47 collected $7.50 from pot
*** SUMMARY ***
Total pot $8 | Rake $0.50 
Board [9h 6c 5d Ks 7c]
Seat 1: michasia (small blind) folded before Flop
Seat 2: magicyilo47 (big blind) showed [7h 3h] and won ($7.50) with a pair of Sevens
Seat 3: Treccc folded before Flop (didn't bet)
Seat 4: sta$igk folded before Flop (didn't bet)
Seat 5: DL1B mucked
Seat 6: magzi777 (button) mucked



PokerStars Hand #254640713750:  Hold'em No Limit ($0.50/$1.00 USD) - 2025/01/31 19:20:03 WET [2025/01/31 14:20:03 ET]
Table 'Palatia' 6-max Seat #1 is the button
Seat 1: michasia ($107.68 in chips) 
Seat 2: magicyilo47 ($59.42 in chips) 
Seat 3: Treccc ($33.70 in chips) 
Seat 4: sta$igk ($100 in chips) 
Seat 5: DL1B ($139.09 in chips) 
Seat 6: magzi777 ($151.10 in chips) 
magicyilo47: posts small blind $0.50
Treccc: posts big blind $1
*** HOLE CARDS ***
sta$igk: folds 
DL1B: folds 
magzi777: folds 
michasia: folds 
magicyilo47: calls $0.50
Treccc: checks 
*** FLOP *** [5h Td 4h]
magicyilo47: checks 
Treccc: bets $1
magicyilo47: calls $1
*** TURN *** [5h Td 4h] [As]
magicyilo47: checks 
Treccc: checks 
*** RIVER *** [5h Td 4h As] [4c]
magicyilo47: checks 
Treccc: bets $3.80
magicyilo47: folds 
Uncalled bet ($3.80) returned to Treccc
Treccc collected $3.80 from pot
*** SUMMARY ***
Total pot $4 | Rake $0.20 
Board [5h Td 4h As 4c]
Seat 1: michasia (button) folded before Flop (didn't bet)
Seat 2: magicyilo47 (small blind) folded on the River
Seat 3: Treccc (big blind) collected ($3.80)
Seat 4: sta$igk folded before Flop (didn't bet)
Seat 5: DL1B folded before Flop (didn't bet)
Seat 6: magzi777 folded before Flop (didn't bet)



PokerStars Hand #254640723102:  Hold'em No Limit ($0.50/$1.00 USD) - 2025/01/31 19:20:37 WET [2025/01/31 14:20:37 ET]
Table 'Palatia' 6-max Seat #2 is the button
Seat 1: michasia ($107.68 in chips) 
Seat 2: magicyilo47 ($57.42 in chips) 
Seat 3: Treccc ($35.50 in chips) 
Seat 4: sta$igk ($100 in chips) 
Seat 5: DL1B ($139.09 in chips) 
Seat 6: magzi777 ($151.10 in chips) 
Treccc: posts small blind $0.50
sta$igk: posts big blind $1
*** HOLE CARDS ***
DL1B: folds 
magzi777: raises $1.50 to $2.50
michasia: folds 
magicyilo47: calls $2.50
Treccc: folds 
sta$igk: folds 
*** FLOP *** [4c 4d 3s]
magzi777: checks 
magicyilo47: checks 
*** TURN *** [4c 4d 3s] [Ts]
magzi777: bets $4.08
magicyilo47: folds 
Uncalled bet ($4.08) returned to magzi777
magzi777 collected $6.18 from pot
*** SUMMARY ***
Total pot $6.50 | Rake $0.32 
Board [4c 4d 3s Ts]
Seat 1: michasia folded before Flop (didn't bet)
Seat 2: magicyilo47 (button) folded on the Turn
Seat 3: Treccc (small blind) folded before Flop
Seat 4: sta$igk (big blind) folded before Flop
Seat 5: DL1B folded before Flop (didn't bet)
Seat 6: magzi777 collected ($6.18)



PokerStars Hand #254640730603:  Hold'em No Limit ($0.50/$1.00 USD) - 2025/01/31 19:21:05 WET [2025/01/31 14:21:05 ET]
Table 'Palatia' 6-max Seat #3 is the button
Seat 1: michasia ($107.68 in chips) 
Seat 2: magicyilo47 ($54.92 in chips) 
Seat 3: Treccc ($35 in chips) 
Seat 4: sta$igk ($100 in chips) 
Seat 5: DL1B ($139.09 in chips) 
Seat 6: magzi777 ($154.78 in chips) 
sta$igk: posts small blind $0.50
DL1B: posts big blind $1
*** HOLE CARDS ***
magzi777: folds 
michasia: folds 
magicyilo47: folds 
Treccc: folds 
sta$igk: folds 
Uncalled bet ($0.50) returned to DL1B
DL1B collected $1 from pot
DL1B: doesn't show hand 
*** SUMMARY ***
Total pot $1 | Rake $0 
Seat 1: michasia folded before Flop (didn't bet)
Seat 2: magicyilo47 folded before Flop (didn't bet)
Seat 3: Treccc (button) folded before Flop (didn't bet)
Seat 4: sta$igk (small blind) folded before Flop
Seat 5: DL1B (big blind) collected ($1)
Seat 6: magzi777 folded before Flop (didn't bet)



PokerStars Hand #254640734921:  Hold'em No Limit ($0.50/$1.00 USD) - 2025/01/31 19:21:21 WET [2025/01/31 14:21:21 ET]
Table 'Palatia' 6-max Seat #4 is the button
Seat 1: michasia ($107.68 in chips) 
Seat 2: magicyilo47 ($54.92 in chips) 
Seat 3: Treccc ($35 in chips) 
Seat 4: sta$igk ($100 in chips) 
Seat 5: DL1B ($139.59 in chips) 
Seat 6: magzi777 ($154.78 in chips) 
DL1B: posts small blind $0.50
magzi777: posts big blind $1
*** HOLE CARDS ***
michasia: raises $1.60 to $2.60
magicyilo47: folds 
Treccc: folds 
sta$igk: folds 
DL1B: folds 
magzi777: folds 
Uncalled bet ($1.60) returned to michasia
michasia collected $2.50 from pot
michasia: doesn't show hand 
*** SUMMARY ***
Total pot $2.50 | Rake $0 
Seat 1: michasia collected ($2.50)
Seat 2: magicyilo47 folded before Flop (didn't bet)
Seat 3: Treccc folded before Flop (didn't bet)
Seat 4: sta$igk (button) folded before Flop (didn't bet)
Seat 5: DL1B (small blind) folded before Flop
Seat 6: magzi777 (big blind) folded before Flop



PokerStars Hand #254640739732:  Hold'em No Limit ($0.50/$1.00 USD) - 2025/01/31 19:21:39 WET [2025/01/31 14:21:39 ET]
Table 'Palatia' 6-max Seat #5 is the button
Seat 1: michasia ($109.18 in chips) 
Seat 2: magicyilo47 ($54.92 in chips) 
Seat 3: Treccc ($35 in chips) 
Seat 4: sta$igk ($100 in chips) 
Seat 5: DL1B ($139.09 in chips) 
Seat 6: magzi777 ($153.78 in chips) 
magzi777: posts small blind $0.50
michasia: posts big blind $1
*** HOLE CARDS ***
magicyilo47: calls $1
Treccc: folds 
sta$igk: folds 
DL1B: folds 
magzi777: calls $0.50
michasia: raises $4 to $5
magicyilo47: calls $4
magzi777: calls $4
*** FLOP *** [5c Ah Js]
magzi777: checks 
michasia: checks 
magicyilo47: checks 
*** TURN *** [5c Ah Js] [6d]
magzi777: checks 
michasia: bets $9.50
magicyilo47: calls $9.50
magzi777: folds 
*** RIVER *** [5c Ah Js 6d] [4c]
michasia: checks 
magicyilo47: checks 
*** SHOW DOWN ***
michasia: shows [Qh Jc] (a pair of Jacks)
magicyilo47: mucks hand 
michasia collected $32.30 from pot
*** SUMMARY ***
Total pot $34 | Rake $1.70 
Board [5c Ah Js 6d 4c]
Seat 1: michasia (big blind) showed [Qh Jc] and won ($32.30) with a pair of Jacks
Seat 2: magicyilo47 mucked
Seat 3: Treccc folded before Flop (didn't bet)
Seat 4: sta$igk folded before Flop (didn't bet)
Seat 5: DL1B (button) folded before Flop (didn't bet)
Seat 6: magzi777 (small blind) folded on the Turn



PokerStars Hand #254640760728:  Hold'em No Limit ($0.50/$1.00 USD) - 2025/01/31 19:22:56 WET [2025/01/31 14:22:56 ET]
Table 'Palatia' 6-max Seat #6 is the button
Seat 1: michasia ($126.98 in chips) 
Seat 2: magicyilo47 ($40.42 in chips) 
Seat 3: Treccc ($35 in chips) 
Seat 4: sta$igk ($100 in chips) 
Seat 5: DL1B ($139.09 in chips) 
Seat 6: magzi777 ($148.78 in chips) 
michasia: posts small blind $0.50
magicyilo47: posts big blind $1
*** HOLE CARDS ***
Treccc: raises $1 to $2
sta$igk: folds 
DL1B: folds 
magzi777: calls $2
michasia: raises $10 to $12
magicyilo47: folds 
Treccc: calls $10
magzi777: folds 
*** FLOP *** [3c 7c 5c]
michasia: checks 
Treccc: checks 
*** TURN *** [3c 7c 5c] [Kc]
michasia: checks 
Treccc: checks 
*** RIVER *** [3c 7c 5c Kc] [9d]
michasia: checks 
Treccc: checks 
*** SHOW DOWN ***
michasia: shows [Kd Qh] (a pair of Kings)
Treccc: mucks hand 
michasia collected $25.65 from pot
*** SUMMARY ***
Total pot $27 | Rake $1.35 
Board [3c 7c 5c Kc 9d]
Seat 1: michasia (small blind) showed [Kd Qh] and won ($25.65) with a pair of Kings
Seat 2: magicyilo47 (big blind) folded before Flop
Seat 3: Treccc mucked
Seat 4: sta$igk folded before Flop (didn't bet)
Seat 5: DL1B folded before Flop (didn't bet)
Seat 6: magzi777 (button) folded before Flop



PokerStars Hand #254640774136:  Hold'em No Limit ($0.50/$1.00 USD) - 2025/01/31 19:23:45 WET [2025/01/31 14:23:45 ET]
Table 'Palatia' 6-max Seat #1 is the button
Seat 1: michasia ($140.63 in chips) 
Seat 2: magicyilo47 ($39.42 in chips) 
Seat 3: Treccc ($23 in chips) 
Seat 4: sta$igk ($100 in chips) 
Seat 5: DL1B ($139.09 in chips) 
Seat 6: magzi777 ($146.78 in chips) 
magicyilo47: posts small blind $0.50
Treccc: posts big blind $1
*** HOLE CARDS ***
sta$igk: folds 
DL1B: raises $1 to $2
magzi777: folds 
michasia: folds 
magicyilo47: folds 
Treccc: folds 
Uncalled bet ($1) returned to DL1B
DL1B collected $2.50 from pot
DL1B: doesn't show hand 
*** SUMMARY ***
Total pot $2.50 | Rake $0 
Seat 1: michasia (button) folded before Flop (didn't bet)
Seat 2: magicyilo47 (small blind) folded before Flop
Seat 3: Treccc (big blind) folded before Flop
Seat 4: sta$igk folded before Flop (didn't bet)
Seat 5: DL1B collected ($2.50)
Seat 6: magzi777 folded before Flop (didn't bet)



PokerStars Hand #254640777973:  Hold'em No Limit ($0.50/$1.00 USD) - 2025/01/31 19:23:59 WET [2025/01/31 14:23:59 ET]
Table 'Palatia' 6-max Seat #2 is the button
Seat 1: michasia ($140.63 in chips) 
Seat 2: magicyilo47 ($38.92 in chips) 
Seat 3: Treccc ($22 in chips) 
Seat 4: sta$igk ($100 in chips) 
Seat 5: DL1B ($140.59 in chips) 
Seat 6: magzi777 ($146.78 in chips) 
Treccc: posts small blind $0.50
sta$igk: posts big blind $1
*** HOLE CARDS ***
DL1B: folds 
magzi777: raises $1.50 to $2.50
michasia: folds 
magicyilo47: folds 
Treccc: calls $2
sta$igk: folds 
*** FLOP *** [2d Kd Js]
Treccc: bets $2.85
magzi777: folds 
Uncalled bet ($2.85) returned to Treccc
Treccc collected $5.70 from pot
*** SUMMARY ***
Total pot $6 | Rake $0.30 
Board [2d Kd Js]
Seat 1: michasia folded before Flop (didn't bet)
Seat 2: magicyilo47 (button) folded before Flop (didn't bet)
Seat 3: Treccc (small blind) collected ($5.70)
Seat 4: sta$igk (big blind) folded before Flop
Seat 5: DL1B folded before Flop (didn't bet)
Seat 6: magzi777 folded on the Flop



PokerStars Hand #254640785923:  Hold'em No Limit ($0.50/$1.00 USD) - 2025/01/31 19:24:28 WET [2025/01/31 14:24:28 ET]
Table 'Palatia' 6-max Seat #3 is the button
Seat 1: michasia ($140.63 in chips) 
Seat 2: magicyilo47 ($38.92 in chips) 
Seat 3: Treccc ($25.20 in chips) 
Seat 4: sta$igk ($100 in chips) 
Seat 5: DL1B ($140.59 in chips) 
Seat 6: magzi777 ($144.28 in chips) 
sta$igk: posts small blind $0.50
DL1B: posts big blind $1
*** HOLE CARDS ***
magzi777: folds 
michasia: raises $1.60 to $2.60
magicyilo47: folds 
Treccc: folds 
sta$igk: folds 
DL1B: folds 
Uncalled bet ($1.60) returned to michasia
michasia collected $2.50 from pot
michasia: doesn't show hand 
*** SUMMARY ***
Total pot $2.50 | Rake $0 
Seat 1: michasia collected ($2.50)
Seat 2: magicyilo47 folded before Flop (didn't bet)
Seat 3: Treccc (button) folded before Flop (didn't bet)
Seat 4: sta$igk (small blind) folded before Flop
Seat 5: DL1B (big blind) folded before Flop
Seat 6: magzi777 folded before Flop (didn't bet)



PokerStars Hand #254640791751:  Hold'em No Limit ($0.50/$1.00 USD) - 2025/01/31 19:24:50 WET [2025/01/31 14:24:50 ET]
Table 'Palatia' 6-max Seat #4 is the button
Seat 1: michasia ($142.13 in chips) 
Seat 2: magicyilo47 ($38.92 in chips) 
Seat 3: Treccc ($64.42 in chips) 
Seat 4: sta$igk ($100 in chips) 
Seat 5: DL1B ($139.59 in chips) 
Seat 6: magzi777 ($144.28 in chips) 
DL1B: posts small blind $0.50
magzi777: posts big blind $1
*** HOLE CARDS ***
michasia: folds 
magicyilo47: calls $1
Treccc: folds 
sta$igk: folds 
DL1B: raises $3.50 to $4.50
magzi777: folds 
magicyilo47: raises $10 to $14.50
DL1B: raises $125.09 to $139.59 and is all-in
magicyilo47: calls $24.42 and is all-in
Uncalled bet ($100.67) returned to DL1B
*** FLOP *** [5s 3h 3s]
*** TURN *** [5s 3h 3s] [8d]
*** RIVER *** [5s 3h 3s 8d] [4s]
*** SHOW DOWN ***
DL1B: shows [Qh As] (a pair of Threes)
magicyilo47: shows [Ac Jd] (a pair of Threes - lower kicker)
DL1B collected $76.34 from pot
*** SUMMARY ***
Total pot $78.84 | Rake $2.50 
Board [5s 3h 3s 8d 4s]
Seat 1: michasia folded before Flop (didn't bet)
Seat 2: magicyilo47 showed [Ac Jd] and lost with a pair of Threes
Seat 3: Treccc folded before Flop (didn't bet)
Seat 4: sta$igk (button) folded before Flop (didn't bet)
Seat 5: DL1B (small blind) showed [Qh As] and won ($76.34) with a pair of Threes
Seat 6: magzi777 (big blind) folded before Flop



PokerStars Hand #254640805641:  Hold'em No Limit ($0.50/$1.00 USD) - 2025/01/31 19:25:41 WET [2025/01/31 14:25:41 ET]
Table 'Palatia' 6-max Seat #5 is the button
Seat 2: magicyilo47 ($0 in chips) is sitting out
Seat 1: michasia ($142.13 in chips) 
Seat 3: Treccc ($64.42 in chips) 
Seat 4: sta$igk ($100 in chips) 
Seat 5: DL1B ($177.01 in chips) 
Seat 6: magzi777 ($143.28 in chips) 
magzi777: posts small blind $0.50
michasia: posts big blind $1
*** HOLE CARDS ***
Treccc: folds 
sta$igk: folds 
DL1B: raises $1.50 to $2.50
magzi777: folds 
magicyilo47 leaves the table
michasia: folds 
Uncalled bet ($1.50) returned to DL1B
DL1B collected $2.50 from pot
DL1B: doesn't show hand 
*** SUMMARY ***
Total pot $2.50 | Rake $0 
Seat 2: magicyilo47
Seat 1: michasia (big blind) folded before Flop
Seat 3: Treccc folded before Flop (didn't bet)
Seat 4: sta$igk folded before Flop (didn't bet)
Seat 5: DL1B (button) collected ($2.50)
Seat 6: magzi777 (small blind) folded before Flop



PokerStars Hand #254640810727:  Hold'em No Limit ($0.50/$1.00 USD) - 2025/01/31 19:26:00 WET [2025/01/31 14:26:00 ET]
Table 'Palatia' 6-max Seat #6 is the button
Seat 1: michasia ($141.13 in chips) 
Seat 3: Treccc ($64.42 in chips) 
Seat 4: sta$igk ($100 in chips) 
Seat 5: DL1B ($178.51 in chips) 
Seat 6: magzi777 ($142.78 in chips) 
michasia: posts small blind $0.50
Treccc: posts big blind $1
*** HOLE CARDS ***
sta$igk: folds 
DL1B: folds 
magzi777: folds 
michasia: raises $2 to $3
Treccc: calls $2
*** FLOP *** [Qd 9s 8d]
michasia: bets $1.88
Treccc: folds 
Uncalled bet ($1.88) returned to michasia
michasia collected $5.70 from pot
michasia: doesn't show hand 
*** SUMMARY ***
Total pot $6 | Rake $0.30 
Board [Qd 9s 8d]
Seat 1: michasia (small blind) collected ($5.70)
Seat 3: Treccc (big blind) folded on the Flop
Seat 4: sta$igk folded before Flop (didn't bet)
Seat 5: DL1B folded before Flop (didn't bet)
Seat 6: magzi777 (button) folded before Flop (didn't bet)



PokerStars Hand #254640817801:  Hold'em No Limit ($0.50/$1.00 USD) - 2025/01/31 19:26:26 WET [2025/01/31 14:26:26 ET]
Table 'Palatia' 6-max Seat #1 is the button
Seat 1: michasia ($143.83 in chips) 
Seat 3: Treccc ($61.42 in chips) 
Seat 4: sta$igk ($100 in chips) 
Seat 5: DL1B ($178.51 in chips) 
Seat 6: magzi777 ($142.78 in chips) 
Treccc: posts small blind $0.50
sta$igk: posts big blind $1
*** HOLE CARDS ***
DL1B: folds 
magzi777: folds 
michasia: raises $1.80 to $2.80
Treccc: folds 
sta$igk: folds 
Uncalled bet ($1.80) returned to michasia
michasia collected $2.50 from pot
michasia: doesn't show hand 
*** SUMMARY ***
Total pot $2.50 | Rake $0 
Seat 1: michasia (button) collected ($2.50)
Seat 3: Treccc (small blind) folded before Flop
Seat 4: sta$igk (big blind) folded before Flop
Seat 5: DL1B folded before Flop (didn't bet)
Seat 6: magzi777 folded before Flop (didn't bet)



PokerStars Hand #254640821578:  Hold'em No Limit ($0.50/$1.00 USD) - 2025/01/31 19:26:40 WET [2025/01/31 14:26:40 ET]
Table 'Palatia' 6-max Seat #3 is the button
Seat 5: DL1B ($178.51 in chips) is sitting out
Seat 6: magzi777 ($142.78 in chips) is sitting out
Seat 1: michasia ($145.33 in chips) 
Seat 3: Treccc ($60.92 in chips) 
Seat 4: sta$igk ($100 in chips) 
sta$igk: posts small blind $0.50
DL1B: is sitting out 
magzi777: is sitting out 
michasia: posts big blind $1
*** HOLE CARDS ***
magzi777 leaves the table
Treccc: folds 
sta$igk: folds 
Uncalled bet ($0.50) returned to michasia
DL1B leaves the table
michasia collected $1 from pot
michasia: doesn't show hand 
*** SUMMARY ***
Total pot $1 | Rake $0 
Seat 5: DL1B
Seat 6: magzi777
Seat 1: michasia (big blind) collected ($1)
Seat 3: Treccc (button) folded before Flop (didn't bet)
Seat 4: sta$igk (small blind) folded before Flop



PokerStars Hand #254640824164:  Hold'em No Limit ($0.50/$1.00 USD) - 2025/01/31 19:26:50 WET [2025/01/31 14:26:50 ET]
Table 'Palatia' 6-max Seat #4 is the button
Seat 1: michasia ($145.83 in chips) 
Seat 3: Treccc ($60.92 in chips) 
Seat 4: sta$igk ($100 in chips) 
michasia: posts small blind $0.50
kuca86 joins the table at seat #2 
Treccc: posts big blind $1
*** HOLE CARDS ***
sta$igk: raises $1.50 to $2.50
michasia: folds 
Treccc: folds 
Uncalled bet ($1.50) returned to sta$igk
sta$igk collected $2.50 from pot
sta$igk: doesn't show hand 
*** SUMMARY ***
Total pot $2.50 | Rake $0 
Seat 1: michasia (small blind) folded before Flop
Seat 3: Treccc (big blind) folded before Flop
Seat 4: sta$igk (button) collected ($2.50)



PokerStars Hand #254640827893:  Hold'em No Limit ($0.50/$1.00 USD) - 2025/01/31 19:27:03 WET [2025/01/31 14:27:03 ET]
Table 'Palatia' 6-max Seat #3 is the button
Seat 2: kuca86 ($100 in chips) is sitting out
Seat 4: sta$igk ($101.50 in chips) is sitting out
Seat 1: michasia ($145.33 in chips) 
Seat 3: Treccc ($59.92 in chips) 
Treccc: posts small blind $0.50
sta$igk: is sitting out 
michasia: posts big blind $1
*** HOLE CARDS ***
sta$igk leaves the table
Treccc: folds 
Uncalled bet ($0.50) returned to michasia
michasia collected $1 from pot
michasia: doesn't show hand 
*** SUMMARY ***
Total pot $1 | Rake $0 
Seat 2: kuca86
Seat 4: sta$igk
Seat 1: michasia (big blind) collected ($1)
Seat 3: Treccc (button) (small blind) folded before Flop



PokerStars Hand #254640829951:  Hold'em No Limit ($0.50/$1.00 USD) - 2025/01/31 19:27:11 WET [2025/01/31 14:27:11 ET]
Table 'Palatia' 6-max Seat #3 is the button
Seat 1: michasia ($145.83 in chips) 
Seat 2: kuca86 ($100 in chips) 
Seat 3: Treccc ($59.42 in chips) 
michasia: posts small blind $0.50
kuca86: posts big blind $1
*** HOLE CARDS ***
Treccc: raises $1 to $2
michasia: folds 
kuca86: folds 
Uncalled bet ($1) returned to Treccc
Treccc collected $2.50 from pot
p0pa4poker joins the table at seat #5 
*** SUMMARY ***
Total pot $2.50 | Rake $0 
Seat 1: michasia (small blind) folded before Flop
Seat 2: kuca86 (big blind) folded before Flop
Seat 3: Treccc (button) collected ($2.50)



PokerStars Hand #254640833760:  Hold'em No Limit ($0.50/$1.00 USD) - 2025/01/31 19:27:25 WET [2025/01/31 14:27:25 ET]
Table 'Palatia' 6-max Seat #1 is the button
Seat 5: p0pa4poker ($100 in chips) is sitting out
Seat 1: michasia ($145.33 in chips) 
Seat 2: kuca86 ($100 in chips) 
Seat 3: Treccc ($60.92 in chips) 
kuca86: posts small blind $0.50
Treccc: posts big blind $1
p0pa4poker: sits out 
*** HOLE CARDS ***
michasia: folds 
kuca86: raises $2 to $3
Treccc: raises $5 to $8
kuca86: folds 
Uncalled bet ($5) returned to Treccc
Treccc collected $6 from pot
*** SUMMARY ***
Total pot $6 | Rake $0 
Seat 5: p0pa4poker
Seat 1: michasia (button) folded before Flop (didn't bet)
Seat 2: kuca86 (small blind) folded before Flop
Seat 3: Treccc (big blind) collected ($6)



PokerStars Hand #254640838908:  Hold'em No Limit ($0.50/$1.00 USD) - 2025/01/31 19:27:45 WET [2025/01/31 14:27:45 ET]
Table 'Palatia' 6-max Seat #2 is the button
Seat 1: michasia ($145.33 in chips) 
Seat 2: kuca86 ($100 in chips) 
Seat 3: Treccc ($63.92 in chips) 
Seat 5: p0pa4poker ($100 in chips) 
Treccc: posts small blind $0.50
p0pa4poker: posts big blind $1
*** HOLE CARDS ***
michasia: folds 
kuca86: raises $1.50 to $2.50
Treccc: folds 
p0pa4poker: raises $10.50 to $13
kuca86: folds 
Uncalled bet ($10.50) returned to p0pa4poker
p0pa4poker collected $5.50 from pot
p0pa4poker: doesn't show hand 
*** SUMMARY ***
Total pot $5.50 | Rake $0 
Seat 1: michasia folded before Flop (didn't bet)
Seat 2: kuca86 (button) folded before Flop
Seat 3: Treccc (small blind) folded before Flop
Seat 5: p0pa4poker (big blind) collected ($5.50)



PokerStars Hand #254640845907:  Hold'em No Limit ($0.50/$1.00 USD) - 2025/01/31 19:28:10 WET [2025/01/31 14:28:10 ET]
Table 'Palatia' 6-max Seat #3 is the button
Seat 1: michasia ($145.33 in chips) 
Seat 2: kuca86 ($100 in chips) 
Seat 3: Treccc ($63.42 in chips) 
Seat 5: p0pa4poker ($103 in chips) 
p0pa4poker: posts small blind $0.50
michasia: posts big blind $1
*** HOLE CARDS ***
kuca86: folds 
Treccc: raises $1 to $2
p0pa4poker: folds 
ghc_2 joins the table at seat #4 
michasia: folds 
Uncalled bet ($1) returned to Treccc
Treccc collected $2.50 from pot
*** SUMMARY ***
Total pot $2.50 | Rake $0 
Seat 1: michasia (big blind) folded before Flop
Seat 2: kuca86 folded before Flop (didn't bet)
Seat 3: Treccc (button) collected ($2.50)
Seat 5: p0pa4poker (small blind) folded before Flop



PokerStars Hand #254640850692:  Hold'em No Limit ($0.50/$1.00 USD) - 2025/01/31 19:28:28 WET [2025/01/31 14:28:28 ET]
Table 'Palatia' 6-max Seat #5 is the button
Seat 4: ghc_2 ($100 in chips) is sitting out
Seat 1: michasia ($144.33 in chips) 
Seat 2: kuca86 ($100 in chips) 
Seat 3: Treccc ($64.92 in chips) 
Seat 5: p0pa4poker ($102.50 in chips) 
michasia: posts small blind $0.50
kuca86: posts big blind $1
ghc_2: sits out 
*** HOLE CARDS ***
Treccc: folds 
p0pa4poker: folds 
michasia: folds 
Uncalled bet ($0.50) returned to kuca86
kuca86 collected $1 from pot
kuca86: doesn't show hand 
*** SUMMARY ***
Total pot $1 | Rake $0 
Seat 4: ghc_2
Seat 1: michasia (small blind) folded before Flop
Seat 2: kuca86 (big blind) collected ($1)
Seat 3: Treccc folded before Flop (didn't bet)
Seat 5: p0pa4poker (button) folded before Flop (didn't bet)



PokerStars Hand #254640852522:  Hold'em No Limit ($0.50/$1.00 USD) - 2025/01/31 19:28:35 WET [2025/01/31 14:28:35 ET]
Table 'Palatia' 6-max Seat #1 is the button
Seat 4: ghc_2 ($100 in chips) is sitting out
Seat 1: michasia ($143.83 in chips) 
Seat 2: kuca86 ($100.50 in chips) 
Seat 3: Treccc ($64.92 in chips) 
Seat 5: p0pa4poker ($102.50 in chips) 
kuca86: posts small blind $0.50
Treccc: posts big blind $1
ghc_2: sits out 
*** HOLE CARDS ***
p0pa4poker: folds 
michasia: folds 
kuca86: raises $2 to $3
Treccc: calls $2
*** FLOP *** [8c 3h Kc]
kuca86: checks 
Treccc: checks 
*** TURN *** [8c 3h Kc] [5s]
kuca86: bets $1.42
Treccc: raises $5.54 to $6.96
kuca86: folds 
Uncalled bet ($5.54) returned to Treccc
Treccc collected $8.40 from pot
*** SUMMARY ***
Total pot $8.84 | Rake $0.44 
Board [8c 3h Kc 5s]
Seat 4: ghc_2
Seat 1: michasia (button) folded before Flop (didn't bet)
Seat 2: kuca86 (small blind) folded on the Turn
Seat 3: Treccc (big blind) collected ($8.40)
Seat 5: p0pa4poker folded before Flop (didn't bet)



PokerStars Hand #254640864880:  Hold'em No Limit ($0.50/$1.00 USD) - 2025/01/31 19:29:21 WET [2025/01/31 14:29:21 ET]
Table 'Palatia' 6-max Seat #2 is the button
Seat 1: michasia ($143.83 in chips) 
Seat 2: kuca86 ($100 in chips) 
Seat 3: Treccc ($68.90 in chips) 
Seat 4: ghc_2 ($100 in chips) 
Seat 5: p0pa4poker ($102.50 in chips) 
Treccc: posts small blind $0.50
ghc_2: posts big blind $1
*** HOLE CARDS ***
p0pa4poker: folds 
michasia: folds 
kuca86: raises $1.50 to $2.50
Treccc: calls $2
ghc_2: folds 
*** FLOP *** [Tc 4c Jd]
Treccc: checks 
ru_ruu_ru joins the table at seat #6 
kuca86: checks 
*** TURN *** [Tc 4c Jd] [6s]
Treccc: bets $2.85
kuca86: calls $2.85
*** RIVER *** [Tc 4c Jd 6s] [3d]
Treccc: checks 
kuca86: checks 
*** SHOW DOWN ***
Treccc: shows [Jc Kc] (a pair of Jacks)
kuca86: mucks hand 
Treccc collected $11.12 from pot
*** SUMMARY ***
Total pot $11.70 | Rake $0.58 
Board [Tc 4c Jd 6s 3d]
Seat 1: michasia folded before Flop (didn't bet)
Seat 2: kuca86 (button) mucked
Seat 3: Treccc (small blind) showed [Jc Kc] and won ($11.12) with a pair of Jacks
Seat 4: ghc_2 (big blind) folded before Flop
Seat 5: p0pa4poker folded before Flop (didn't bet)



PokerStars Hand #254640879208:  Hold'em No Limit ($0.50/$1.00 USD) - 2025/01/31 19:30:13 WET [2025/01/31 14:30:13 ET]
Table 'Palatia' 6-max Seat #3 is the button
Seat 5: p0pa4poker ($102.50 in chips) is sitting out
Seat 1: michasia ($143.83 in chips) 
Seat 2: kuca86 ($100 in chips) 
Seat 3: Treccc ($74.67 in chips) 
Seat 4: ghc_2 ($100 in chips) 
Seat 6: ru_ruu_ru ($100 in chips) 
ghc_2: posts small blind $0.50
p0pa4poker: is sitting out 
ru_ruu_ru: posts big blind $1
*** HOLE CARDS ***
michasia: folds 
kuca86: folds 
Treccc: raises $1 to $2
ghc_2: folds 
ru_ruu_ru: calls $1
*** FLOP *** [9s 6d 9h]
ru_ruu_ru: checks 
Treccc: bets $4.28
ru_ruu_ru: calls $4.28
*** TURN *** [9s 6d 9h] [8d]
ru_ruu_ru: checks 
Treccc: checks 
*** RIVER *** [9s 6d 9h 8d] [3h]
ru_ruu_ru: bets $6.21
Treccc: folds 
Uncalled bet ($6.21) returned to ru_ruu_ru
ru_ruu_ru collected $12.41 from pot
ru_ruu_ru: doesn't show hand 
*** SUMMARY ***
Total pot $13.06 | Rake $0.65 
Board [9s 6d 9h 8d 3h]
Seat 5: p0pa4poker
Seat 1: michasia folded before Flop (didn't bet)
Seat 2: kuca86 folded before Flop (didn't bet)
Seat 3: Treccc (button) folded on the River
Seat 4: ghc_2 (small blind) folded before Flop
Seat 6: ru_ruu_ru (big blind) collected ($12.41)



PokerStars Hand #254640891820:  Hold'em No Limit ($0.50/$1.00 USD) - 2025/01/31 19:30:59 WET [2025/01/31 14:30:59 ET]
Table 'Palatia' 6-max Seat #4 is the button
Seat 5: p0pa4poker ($102.50 in chips) is sitting out
Seat 1: michasia ($143.83 in chips) 
Seat 2: kuca86 ($100 in chips) 
Seat 3: Treccc ($68.39 in chips) 
Seat 4: ghc_2 ($100 in chips) 
Seat 6: ru_ruu_ru ($106.13 in chips) 
ru_ruu_ru: posts small blind $0.50
michasia: posts big blind $1
*** HOLE CARDS ***
kuca86: raises $1.50 to $2.50
p0pa4poker leaves the table
Treccc: folds 
ghc_2: folds 
ru_ruu_ru: folds 
michasia: folds 
Uncalled bet ($1.50) returned to kuca86
kuca86 collected $2.50 from pot
kuca86: doesn't show hand 
*** SUMMARY ***
Total pot $2.50 | Rake $0 
Seat 5: p0pa4poker
Seat 1: michasia (big blind) folded before Flop
Seat 2: kuca86 collected ($2.50)
Seat 3: Treccc folded before Flop (didn't bet)
Seat 4: ghc_2 (button) folded before Flop (didn't bet)
Seat 6: ru_ruu_ru (small blind) folded before Flop



PokerStars Hand #254640894934:  Hold'em No Limit ($0.50/$1.00 USD) - 2025/01/31 19:31:10 WET [2025/01/31 14:31:10 ET]
Table 'Palatia' 6-max Seat #6 is the button
Seat 1: michasia ($142.83 in chips) 
Seat 2: kuca86 ($101.50 in chips) 
Seat 3: Treccc ($68.39 in chips) 
Seat 4: ghc_2 ($100 in chips) 
Seat 6: ru_ruu_ru ($105.63 in chips) 
michasia: posts small blind $0.50
kuca86: posts big blind $1
*** HOLE CARDS ***
Treccc: raises $1 to $2
ghc_2: raises $4.50 to $6.50
ru_ruu_ru: folds 
michasia: folds 
kuca86: folds 
hshas joins the table at seat #5 
Treccc: calls $4.50
*** FLOP *** [3d Ts Td]
Treccc: checks 
ghc_2: checks 
*** TURN *** [3d Ts Td] [6h]
Treccc: bets $6.89
ghc_2: calls $6.89
*** RIVER *** [3d Ts Td 6h] [9h]
Treccc: bets $14.87
ghc_2: calls $14.87
*** SHOW DOWN ***
Treccc: shows [Kc Qh] (a pair of Tens)
ghc_2: shows [Ad Qc] (a pair of Tens - Ace kicker)
ghc_2 collected $55.52 from pot
*** SUMMARY ***
Total pot $58.02 | Rake $2.50 
Board [3d Ts Td 6h 9h]
Seat 1: michasia (small blind) folded before Flop
Seat 2: kuca86 (big blind) folded before Flop
Seat 3: Treccc showed [Kc Qh] and lost with a pair of Tens
Seat 4: ghc_2 showed [Ad Qc] and won ($55.52) with a pair of Tens
Seat 6: ru_ruu_ru (button) folded before Flop (didn't bet)



PokerStars Hand #254640918810:  Hold'em No Limit ($0.50/$1.00 USD) - 2025/01/31 19:32:37 WET [2025/01/31 14:32:37 ET]
Table 'Palatia' 6-max Seat #1 is the button
Seat 5: hshas ($100 in chips) is sitting out
Seat 1: michasia ($142.33 in chips) 
Seat 2: kuca86 ($100.50 in chips) 
Seat 3: Treccc ($40.13 in chips) 
Seat 4: ghc_2 ($127.26 in chips) 
Seat 6: ru_ruu_ru ($105.63 in chips) 
kuca86: posts small blind $0.50
Treccc: posts big blind $1
hshas: sits out 
*** HOLE CARDS ***
ghc_2: folds 
ru_ruu_ru: folds 
michasia: folds 
kuca86: raises $2 to $3
Treccc: calls $2
*** FLOP *** [2c Ac 3c]
kuca86: bets $1.43
Treccc: calls $1.43
*** TURN *** [2c Ac 3c] [Ts]
kuca86: checks 
Treccc: checks 
*** RIVER *** [2c Ac 3c Ts] [9s]
kuca86: bets $5.89
Treccc: folds 
Uncalled bet ($5.89) returned to kuca86
kuca86 collected $8.42 from pot
kuca86: doesn't show hand 
*** SUMMARY ***
Total pot $8.86 | Rake $0.44 
Board [2c Ac 3c Ts 9s]
Seat 5: hshas
Seat 1: michasia (button) folded before Flop (didn't bet)
Seat 2: kuca86 (small blind) collected ($8.42)
Seat 3: Treccc (big blind) folded on the River
Seat 4: ghc_2 folded before Flop (didn't bet)
Seat 6: ru_ruu_ru folded before Flop (didn't bet)



PokerStars Hand #254640933754:  Hold'em No Limit ($0.50/$1.00 USD) - 2025/01/31 19:33:31 WET [2025/01/31 14:33:31 ET]
Table 'Palatia' 6-max Seat #2 is the button
Seat 5: hshas ($100 in chips) is sitting out
Seat 1: michasia ($142.33 in chips) 
Seat 2: kuca86 ($104.49 in chips) 
Seat 3: Treccc ($35.70 in chips) 
Seat 4: ghc_2 ($127.26 in chips) 
Seat 6: ru_ruu_ru ($105.63 in chips) 
Treccc: posts small blind $0.50
ghc_2: posts big blind $1
hshas: sits out 
*** HOLE CARDS ***
ru_ruu_ru: folds 
michasia: folds 
kuca86: raises $1.50 to $2.50
Treccc: folds 
ghc_2: folds 
Uncalled bet ($1.50) returned to kuca86
kuca86 collected $2.50 from pot
kuca86: doesn't show hand 
*** SUMMARY ***
Total pot $2.50 | Rake $0 
Seat 5: hshas
Seat 1: michasia folded before Flop (didn't bet)
Seat 2: kuca86 (button) collected ($2.50)
Seat 3: Treccc (small blind) folded before Flop
Seat 4: ghc_2 (big blind) folded before Flop
Seat 6: ru_ruu_ru folded before Flop (didn't bet)



PokerStars Hand #254640939118:  Hold'em No Limit ($0.50/$1.00 USD) - 2025/01/31 19:33:51 WET [2025/01/31 14:33:51 ET]
Table 'Palatia' 6-max Seat #3 is the button
Seat 1: michasia ($142.33 in chips) 
Seat 2: kuca86 ($105.99 in chips) 
Seat 3: Treccc ($35.20 in chips) 
Seat 4: ghc_2 ($126.26 in chips) 
Seat 5: hshas ($100 in chips) 
Seat 6: ru_ruu_ru ($105.63 in chips) 
ghc_2: posts small blind $0.50
hshas: posts big blind $1
*** HOLE CARDS ***
ru_ruu_ru: folds 
michasia: folds 
kuca86: folds 
Treccc: raises $1 to $2
ghc_2: folds 
hshas: calls $1
*** FLOP *** [As 2s 3c]
hshas: checks 
Treccc: checks 
*** TURN *** [As 2s 3c] [6h]
hshas: checks 
Treccc: checks 
*** RIVER *** [As 2s 3c 6h] [Jd]
hshas: bets $1.20
Treccc: folds 
Uncalled bet ($1.20) returned to hshas
hshas collected $4.28 from pot
hshas: doesn't show hand 
*** SUMMARY ***
Total pot $4.50 | Rake $0.22 
Board [As 2s 3c 6h Jd]
Seat 1: michasia folded before Flop (didn't bet)
Seat 2: kuca86 folded before Flop (didn't bet)
Seat 3: Treccc (button) folded on the River
Seat 4: ghc_2 (small blind) folded before Flop
Seat 5: hshas (big blind) collected ($4.28)
Seat 6: ru_ruu_ru folded before Flop (didn't bet)



PokerStars Hand #254640952151:  Hold'em No Limit ($0.50/$1.00 USD) - 2025/01/31 19:34:39 WET [2025/01/31 14:34:39 ET]
Table 'Palatia' 6-max Seat #4 is the button
Seat 1: michasia ($142.33 in chips) 
Seat 2: kuca86 ($105.99 in chips) 
Seat 3: Treccc ($33.20 in chips) 
Seat 4: ghc_2 ($125.76 in chips) 
Seat 5: hshas ($102.28 in chips) 
Seat 6: ru_ruu_ru ($105.63 in chips) 
hshas: posts small blind $0.50
ru_ruu_ru: posts big blind $1
*** HOLE CARDS ***
michasia: raises $1.60 to $2.60
kuca86: folds 
Treccc: raises $4.70 to $7.30
ghc_2: folds 
hshas: folds 
ru_ruu_ru: raises $15.70 to $23
michasia: folds 
Treccc: raises $10.20 to $33.20 and is all-in
ru_ruu_ru: calls $10.20
*** FLOP *** [2s Qs 9c]
*** TURN *** [2s Qs 9c] [2c]
*** RIVER *** [2s Qs 9c 2c] [Jd]
*** SHOW DOWN ***
ru_ruu_ru: shows [Js Jc] (a full house, Jacks full of Deuces)
Treccc: shows [Ks Kc] (two pair, Kings and Deuces)
ru_ruu_ru collected $67 from pot
*** SUMMARY ***
Total pot $69.50 | Rake $2.50 
Board [2s Qs 9c 2c Jd]
Seat 1: michasia folded before Flop
Seat 2: kuca86 folded before Flop (didn't bet)
Seat 3: Treccc showed [Ks Kc] and lost with two pair, Kings and Deuces
Seat 4: ghc_2 (button) folded before Flop (didn't bet)
Seat 5: hshas (small blind) folded before Flop
Seat 6: ru_ruu_ru (big blind) showed [Js Jc] and won ($67) with a full house, Jacks full of Deuces



PokerStars Hand #254640963135:  Hold'em No Limit ($0.50/$1.00 USD) - 2025/01/31 19:35:19 WET [2025/01/31 14:35:19 ET]
Table 'Palatia' 6-max Seat #5 is the button
Seat 3: Treccc ($0 in chips) is sitting out
Seat 1: michasia ($139.73 in chips) 
Seat 2: kuca86 ($105.99 in chips) 
Seat 4: ghc_2 ($125.76 in chips) 
Seat 5: hshas ($101.78 in chips) 
Seat 6: ru_ruu_ru ($139.43 in chips) 
ru_ruu_ru: posts small blind $0.50
michasia: posts big blind $1
*** HOLE CARDS ***
kuca86: folds 
ghc_2: folds 
Treccc leaves the table
hshas: raises $1.25 to $2.25
ru_ruu_ru: folds 
michasia: calls $1.25
*** FLOP *** [9h 3s 3c]
michasia: checks 
hshas: bets $2.38
Kristo 914 joins the table at seat #3 
michasia: raises $4.76 to $7.14
hshas: calls $4.76
*** TURN *** [9h 3s 3c] [Jd]
michasia: bets $22.90
hshas: folds 
Uncalled bet ($22.90) returned to michasia
michasia collected $18.32 from pot
michasia: doesn't show hand 
*** SUMMARY ***
Total pot $19.28 | Rake $0.96 
Board [9h 3s 3c Jd]
Seat 3: Treccc
Seat 1: michasia (big blind) collected ($18.32)
Seat 2: kuca86 folded before Flop (didn't bet)
Seat 4: ghc_2 folded before Flop (didn't bet)
Seat 5: hshas (button) folded on the Turn
Seat 6: ru_ruu_ru (small blind) folded before Flop



PokerStars Hand #254640979430:  Hold'em No Limit ($0.50/$1.00 USD) - 2025/01/31 19:36:18 WET [2025/01/31 14:36:18 ET]
Table 'Palatia' 6-max Seat #6 is the button
Seat 1: michasia ($148.66 in chips) is sitting out
Seat 2: kuca86 ($105.99 in chips) 
Seat 3: Kristo 914 ($100 in chips) 
Seat 4: ghc_2 ($125.76 in chips) 
Seat 5: hshas ($100 in chips) 
Seat 6: ru_ruu_ru ($138.93 in chips) 
kuca86: posts small blind $0.50
Kristo 914: posts big blind $1
*** HOLE CARDS ***
ghc_2: folds 
hshas: folds 
ru_ruu_ru: folds 
kuca86: raises $2 to $3
Kristo 914: raises $7 to $10
kuca86: calls $7
*** FLOP *** [Qh 3s Ts]
kuca86: checks 
Kristo 914: checks 
*** TURN *** [Qh 3s Ts] [5s]
kuca86: checks 
Kristo 914: checks 
*** RIVER *** [Qh 3s Ts 5s] [8d]
kuca86: checks 
Kristo 914: bets $9.69
kuca86: folds 
Uncalled bet ($9.69) returned to Kristo 914
Kristo 914 collected $19 from pot
Kristo 914: doesn't show hand 
*** SUMMARY ***
Total pot $20 | Rake $1 
Board [Qh 3s Ts 5s 8d]
Seat 1: michasia
Seat 2: kuca86 (small blind) folded on the River
Seat 3: Kristo 914 (big blind) collected ($19)
Seat 4: ghc_2 folded before Flop (didn't bet)
Seat 5: hshas folded before Flop (didn't bet)
Seat 6: ru_ruu_ru (button) folded before Flop (didn't bet)



PokerStars Hand #254641005205:  Hold'em No Limit ($0.50/$1.00 USD) - 2025/01/31 19:37:51 WET [2025/01/31 14:37:51 ET]
Table 'Palatia' 6-max Seat #2 is the button
Seat 1: michasia ($148.66 in chips) is sitting out
Seat 2: kuca86 ($100 in chips) 
Seat 3: Kristo 914 ($109 in chips) 
Seat 4: ghc_2 ($125.76 in chips) 
Seat 5: hshas ($100 in chips) 
Seat 6: ru_ruu_ru ($138.93 in chips) 
Kristo 914: posts small blind $0.50
ghc_2: posts big blind $1
*** HOLE CARDS ***
hshas: folds 
ru_ruu_ru: raises $1.50 to $2.50
kuca86: folds 
Kristo 914: folds 
ghc_2: folds 
Uncalled bet ($1.50) returned to ru_ruu_ru
ru_ruu_ru collected $2.50 from pot
ru_ruu_ru: doesn't show hand 
*** SUMMARY ***
Total pot $2.50 | Rake $0 
Seat 1: michasia
Seat 2: kuca86 (button) folded before Flop (didn't bet)
Seat 3: Kristo 914 (small blind) folded before Flop
Seat 4: ghc_2 (big blind) folded before Flop
Seat 5: hshas folded before Flop (didn't bet)
Seat 6: ru_ruu_ru collected ($2.50)



PokerStars Hand #254641012231:  Hold'em No Limit ($0.50/$1.00 USD) - 2025/01/31 19:38:16 WET [2025/01/31 14:38:16 ET]
Table 'Palatia' 6-max Seat #3 is the button
Seat 1: michasia ($148.66 in chips) is sitting out
Seat 5: hshas ($100 in chips) is sitting out
Seat 6: ru_ruu_ru ($140.43 in chips) is sitting out
Seat 2: kuca86 ($100 in chips) 
Seat 3: Kristo 914 ($108.50 in chips) 
Seat 4: ghc_2 ($124.76 in chips) 
ghc_2: posts small blind $0.50
hshas: is sitting out 
ru_ruu_ru: is sitting out 
kuca86: posts big blind $1
*** HOLE CARDS ***
Kristo 914: folds 
ghc_2: folds 
Uncalled bet ($0.50) returned to kuca86
kuca86 collected $1 from pot
kuca86: doesn't show hand 
Kristo 914 leaves the table
*** SUMMARY ***
Total pot $1 | Rake $0 
Seat 1: michasia
Seat 5: hshas
Seat 6: ru_ruu_ru
Seat 2: kuca86 (big blind) collected ($1)
Seat 3: Kristo 914 (button) folded before Flop (didn't bet)
Seat 4: ghc_2 (small blind) folded before Flop



PokerStars Hand #254641014499:  Hold'em No Limit ($0.50/$1.00 USD) - 2025/01/31 19:38:25 WET [2025/01/31 14:38:25 ET]
Table 'Palatia' 6-max Seat #2 is the button
Seat 1: michasia ($148.66 in chips) is sitting out
Seat 5: hshas ($100 in chips) is sitting out
Seat 6: ru_ruu_ru ($140.43 in chips) is sitting out
Seat 2: kuca86 ($100.50 in chips) 
Seat 4: ghc_2 ($124.26 in chips) 
kuca86: posts small blind $0.50
ghc_2: posts big blind $1
*** HOLE CARDS ***
ru_ruu_ru leaves the table
kuca86: raises $1.50 to $2.50
ghc_2: folds 
Uncalled bet ($1.50) returned to kuca86
kuca86 collected $2 from pot
kuca86: doesn't show hand 
*** SUMMARY ***
Total pot $2 | Rake $0 
Seat 1: michasia
Seat 5: hshas
Seat 6: ru_ruu_ru
Seat 2: kuca86 (button) (small blind) collected ($2)
Seat 4: ghc_2 (big blind) folded before Flop



PokerStars Hand #254641016639:  Hold'em No Limit ($0.50/$1.00 USD) - 2025/01/31 19:38:32 WET [2025/01/31 14:38:32 ET]
Table 'Palatia' 6-max Seat #4 is the button
Seat 1: michasia ($148.66 in chips) is sitting out
Seat 5: hshas ($100 in chips) is sitting out
Seat 2: kuca86 ($101.50 in chips) 
Seat 4: ghc_2 ($123.26 in chips) 
ghc_2: posts small blind $0.50
kuca86: posts big blind $1
*** HOLE CARDS ***
ghc_2: raises $1.40 to $2.40
kuca86: raises $7.60 to $10
ghc_2: folds 
Uncalled bet ($7.60) returned to kuca86
kuca86 collected $4.80 from pot
kuca86: doesn't show hand 
*** SUMMARY ***
Total pot $4.80 | Rake $0 
Seat 1: michasia
Seat 5: hshas
Seat 2: kuca86 (big blind) collected ($4.80)
Seat 4: ghc_2 (button) (small blind) folded before Flop



PokerStars Hand #254641081201:  Hold'em No Limit ($0.50/$1.00 USD) - 2025/01/31 19:42:25 WET [2025/01/31 14:42:25 ET]
Table 'Palatia' 6-max Seat #1 is the button
Seat 1: alexandr699 ($100 in chips) 
Seat 4: ghc_2 ($120.86 in chips) 
alexandr699: posts small blind $0.50
ghc_2: posts big blind $1
*** HOLE CARDS ***
alexandr699: folds 
Uncalled bet ($0.50) returned to ghc_2
ghc_2 collected $1 from pot
ghc_2: doesn't show hand 
*** SUMMARY ***
Total pot $1 | Rake $0 
Seat 1: alexandr699 (button) (small blind) folded before Flop
Seat 4: ghc_2 (big blind) collected ($1)



PokerStars Hand #254641083007:  Hold'em No Limit ($0.50/$1.00 USD) - 2025/01/31 19:42:32 WET [2025/01/31 14:42:32 ET]
Table 'Palatia' 6-max Seat #4 is the button
Seat 1: alexandr699 ($100 in chips) 
Seat 4: ghc_2 ($121.36 in chips) 
ghc_2: posts small blind $0.50
alexandr699: posts big blind $1
*** HOLE CARDS ***
ghc_2: raises $1.40 to $2.40
alexandr699: calls $1.40
*** FLOP *** [3d Qd 6c]
alexandr699: checks 
ghc_2: bets $1.50
alexandr699: folds 
Uncalled bet ($1.50) returned to ghc_2
ghc_2 collected $4.56 from pot
ghc_2: doesn't show hand 
*** SUMMARY ***
Total pot $4.80 | Rake $0.24 
Board [3d Qd 6c]
Seat 1: alexandr699 (big blind) folded on the Flop
Seat 4: ghc_2 (button) (small blind) collected ($4.56)



PokerStars Hand #254641188615:  Hold'em No Limit ($0.50/$1.00 USD) - 2025/01/31 19:48:47 WET [2025/01/31 14:48:47 ET]
Table 'Palatia' 6-max Seat #5 is the button
Seat 1: leozaur ($100 in chips) 
Seat 2: Xenicide ($100 in chips) 
Seat 3: imhungarian8 ($100 in chips) 
Seat 4: ghc_2 ($123.52 in chips) 
Seat 5: Alinyr ($100 in chips) 
Seat 6: worker0k ($100 in chips) 
worker0k: posts small blind $0.50
leozaur: posts big blind $1
*** HOLE CARDS ***
Xenicide: folds 
imhungarian8: raises $1 to $2
ghc_2: folds 
Alinyr: calls $2
worker0k: folds 
leozaur: folds 
*** FLOP *** [Qc 6c 2s]
imhungarian8: checks 
Alinyr: checks 
*** TURN *** [Qc 6c 2s] [9c]
imhungarian8: bets $2.61
Alinyr: calls $2.61
*** RIVER *** [Qc 6c 2s 9c] [Ks]
imhungarian8: checks 
Alinyr: checks 
*** SHOW DOWN ***
imhungarian8: shows [Ac 5c] (a flush, Ace high)
Alinyr: mucks hand 
imhungarian8 collected $10.18 from pot
*** SUMMARY ***
Total pot $10.72 | Rake $0.54 
Board [Qc 6c 2s 9c Ks]
Seat 1: leozaur (big blind) folded before Flop
Seat 2: Xenicide folded before Flop (didn't bet)
Seat 3: imhungarian8 showed [Ac 5c] and won ($10.18) with a flush, Ace high
Seat 4: ghc_2 folded before Flop (didn't bet)
Seat 5: Alinyr (button) mucked
Seat 6: worker0k (small blind) folded before Flop



PokerStars Hand #254641206357:  Hold'em No Limit ($0.50/$1.00 USD) - 2025/01/31 19:49:50 WET [2025/01/31 14:49:50 ET]
Table 'Palatia' 6-max Seat #6 is the button
Seat 1: leozaur ($100 in chips) 
Seat 2: Xenicide ($100 in chips) 
Seat 3: imhungarian8 ($105.57 in chips) 
Seat 4: ghc_2 ($123.52 in chips) 
Seat 5: Alinyr ($100 in chips) 
Seat 6: worker0k ($100 in chips) 
leozaur: posts small blind $0.50
Xenicide: posts big blind $1
*** HOLE CARDS ***
imhungarian8: raises $1 to $2
ghc_2: folds 
Alinyr: folds 
worker0k: folds 
leozaur: folds 
Xenicide: folds 
Uncalled bet ($1) returned to imhungarian8
imhungarian8 collected $2.50 from pot
imhungarian8: doesn't show hand 
*** SUMMARY ***
Total pot $2.50 | Rake $0 
Seat 1: leozaur (small blind) folded before Flop
Seat 2: Xenicide (big blind) folded before Flop
Seat 3: imhungarian8 collected ($2.50)
Seat 4: ghc_2 folded before Flop (didn't bet)
Seat 5: Alinyr folded before Flop (didn't bet)
Seat 6: worker0k (button) folded before Flop (didn't bet)



PokerStars Hand #254641213400:  Hold'em No Limit ($0.50/$1.00 USD) - 2025/01/31 19:50:16 WET [2025/01/31 14:50:16 ET]
Table 'Palatia' 6-max Seat #1 is the button
Seat 1: leozaur ($100 in chips) 
Seat 2: Xenicide ($100 in chips) 
Seat 3: imhungarian8 ($107.07 in chips) 
Seat 4: ghc_2 ($123.52 in chips) 
Seat 5: Alinyr ($100 in chips) 
Seat 6: worker0k ($100 in chips) 
Xenicide: posts small blind $0.50
imhungarian8: posts big blind $1
*** HOLE CARDS ***
ghc_2: folds 
Alinyr: folds 
worker0k: folds 
leozaur: folds 
Xenicide: raises $2.50 to $3.50
imhungarian8: calls $2.50
*** FLOP *** [Kd Js 8d]
Xenicide: checks 
imhungarian8: checks 
*** TURN *** [Kd Js 8d] [4d]
Xenicide: bets $8.31
imhungarian8: folds 
Uncalled bet ($8.31) returned to Xenicide
Xenicide collected $6.65 from pot
*** SUMMARY ***
Total pot $7 | Rake $0.35 
Board [Kd Js 8d 4d]
Seat 1: leozaur (button) folded before Flop (didn't bet)
Seat 2: Xenicide (small blind) collected ($6.65)
Seat 3: imhungarian8 (big blind) folded on the Turn
Seat 4: ghc_2 folded before Flop (didn't bet)
Seat 5: Alinyr folded before Flop (didn't bet)
Seat 6: worker0k folded before Flop (didn't bet)



PokerStars Hand #254641233382:  Hold'em No Limit ($0.50/$1.00 USD) - 2025/01/31 19:51:27 WET [2025/01/31 14:51:27 ET]
Table 'Palatia' 6-max Seat #2 is the button
Seat 1: leozaur ($100 in chips) 
Seat 2: Xenicide ($103.15 in chips) 
Seat 3: imhungarian8 ($103.57 in chips) 
Seat 4: ghc_2 ($123.52 in chips) 
Seat 5: Alinyr ($100 in chips) 
Seat 6: worker0k ($100 in chips) 
imhungarian8: posts small blind $0.50
ghc_2: posts big blind $1
*** HOLE CARDS ***
Alinyr: raises $1.05 to $2.05
worker0k: folds 
leozaur: folds 
Xenicide: folds 
imhungarian8: folds 
ghc_2: calls $1.05
*** FLOP *** [Qd 8h Ks]
ghc_2: checks 
Alinyr: bets $1.09
ghc_2: folds 
Uncalled bet ($1.09) returned to Alinyr
Alinyr collected $4.37 from pot
Alinyr: doesn't show hand 
*** SUMMARY ***
Total pot $4.60 | Rake $0.23 
Board [Qd 8h Ks]
Seat 1: leozaur folded before Flop (didn't bet)
Seat 2: Xenicide (button) folded before Flop (didn't bet)
Seat 3: imhungarian8 (small blind) folded before Flop
Seat 4: ghc_2 (big blind) folded on the Flop
Seat 5: Alinyr collected ($4.37)
Seat 6: worker0k folded before Flop (didn't bet)



PokerStars Hand #254641245624:  Hold'em No Limit ($0.50/$1.00 USD) - 2025/01/31 19:52:11 WET [2025/01/31 14:52:11 ET]
Table 'Palatia' 6-max Seat #3 is the button
Seat 1: leozaur ($100 in chips) 
Seat 2: Xenicide ($103.15 in chips) 
Seat 3: imhungarian8 ($103.07 in chips) 
Seat 4: ghc_2 ($121.47 in chips) 
Seat 5: Alinyr ($102.32 in chips) 
Seat 6: worker0k ($100 in chips) 
ghc_2: posts small blind $0.50
Alinyr: posts big blind $1
*** HOLE CARDS ***
worker0k: folds 
leozaur: folds 
Xenicide: raises $1 to $2
imhungarian8: folds 
ghc_2: raises $8.50 to $10.50
Alinyr: folds 
Xenicide: raises $10.50 to $21
ghc_2: folds 
Uncalled bet ($10.50) returned to Xenicide
Xenicide collected $22 from pot
Xenicide: doesn't show hand 
*** SUMMARY ***
Total pot $22 | Rake $0 
Seat 1: leozaur folded before Flop (didn't bet)
Seat 2: Xenicide collected ($22)
Seat 3: imhungarian8 (button) folded before Flop (didn't bet)
Seat 4: ghc_2 (small blind) folded before Flop
Seat 5: Alinyr (big blind) folded before Flop
Seat 6: worker0k folded before Flop (didn't bet)



PokerStars Hand #254641356921:  Hold'em No Limit ($0.50/$1.00 USD) - 2025/01/31 20:00:21 WET [2025/01/31 15:00:21 ET]
Table 'Palatia' 6-max Seat #3 is the button
Seat 1: Bech02 ($39.50 in chips) 
Seat 2: alexandr699 ($145.44 in chips) 
Seat 3: imhungarian8 ($142.04 in chips) 
Seat 4: ghc_2 ($156.41 in chips) 
Seat 5: AndreaBsAs ($100 in chips) 
Seat 6: michasia ($151.66 in chips) 
ghc_2: posts small blind $0.50
AndreaBsAs: posts big blind $1
*** HOLE CARDS ***
michasia: folds 
Bech02: raises $1 to $2
alexandr699: folds 
imhungarian8: folds 
ghc_2: calls $1.50
AndreaBsAs: folds 
*** FLOP *** [Th 5s Kh]
ghc_2: checks 
Bech02: bets $2.85
ghc_2: folds 
Uncalled bet ($2.85) returned to Bech02
Bech02 collected $4.75 from pot
Bech02: doesn't show hand 
*** SUMMARY ***
Total pot $5 | Rake $0.25 
Board [Th 5s Kh]
Seat 1: Bech02 collected ($4.75)
Seat 2: alexandr699 folded before Flop (didn't bet)
Seat 3: imhungarian8 (button) folded before Flop (didn't bet)
Seat 4: ghc_2 (small blind) folded on the Flop
Seat 5: AndreaBsAs (big blind) folded before Flop
Seat 6: michasia folded before Flop (didn't bet)



PokerStars Hand #254641364116:  Hold'em No Limit ($0.50/$1.00 USD) - 2025/01/31 20:00:56 WET [2025/01/31 15:00:56 ET]
Table 'Palatia' 6-max Seat #4 is the button
Seat 1: Bech02 ($42.25 in chips) 
Seat 2: alexandr699 ($145.44 in chips) 
Seat 3: imhungarian8 ($142.04 in chips) 
Seat 4: ghc_2 ($154.41 in chips) 
Seat 5: AndreaBsAs ($100 in chips) 
Seat 6: michasia ($151.66 in chips) 
AndreaBsAs: posts small blind $0.50
michasia: posts big blind $1
*** HOLE CARDS ***
Bech02: folds 
alexandr699: raises $1.98 to $2.98
imhungarian8: folds 
ghc_2: folds 
AndreaBsAs: folds 
michasia: calls $1.98
*** FLOP *** [4c Qc 7h]
michasia: checks 
alexandr699: checks 
*** TURN *** [4c Qc 7h] [Th]
michasia: checks 
alexandr699: bets $7.98
michasia: folds 
Uncalled bet ($7.98) returned to alexandr699
alexandr699 collected $6.14 from pot
alexandr699: doesn't show hand 
*** SUMMARY ***
Total pot $6.46 | Rake $0.32 
Board [4c Qc 7h Th]
Seat 1: Bech02 folded before Flop (didn't bet)
Seat 2: alexandr699 collected ($6.14)
Seat 3: imhungarian8 folded before Flop (didn't bet)
Seat 4: ghc_2 (button) folded before Flop (didn't bet)
Seat 5: AndreaBsAs (small blind) folded before Flop
Seat 6: michasia (big blind) folded on the Turn



PokerStars Hand #254641380455:  Hold'em No Limit ($0.50/$1.00 USD) - 2025/01/31 20:02:03 WET [2025/01/31 15:02:03 ET]
Table 'Palatia' 6-max Seat #5 is the button
Seat 1: Bech02 ($42.25 in chips) 
Seat 2: alexandr699 ($148.60 in chips) 
Seat 3: imhungarian8 ($142.04 in chips) 
Seat 4: ghc_2 ($154.41 in chips) 
Seat 5: AndreaBsAs ($100 in chips) 
Seat 6: michasia ($148.68 in chips) 
michasia: posts small blind $0.50
Bech02: posts big blind $1
*** HOLE CARDS ***
alexandr699: folds 
imhungarian8: folds 
ghc_2: folds 
AndreaBsAs: folds 
michasia: raises $2 to $3
Bech02: folds 
Uncalled bet ($2) returned to michasia
michasia collected $2 from pot
michasia: doesn't show hand 
*** SUMMARY ***
Total pot $2 | Rake $0 
Seat 1: Bech02 (big blind) folded before Flop
Seat 2: alexandr699 folded before Flop (didn't bet)
Seat 3: imhungarian8 folded before Flop (didn't bet)
Seat 4: ghc_2 folded before Flop (didn't bet)
Seat 5: AndreaBsAs (button) folded before Flop (didn't bet)
Seat 6: michasia (small blind) collected ($2)



PokerStars Hand #254641386698:  Hold'em No Limit ($0.50/$1.00 USD) - 2025/01/31 20:02:27 WET [2025/01/31 15:02:27 ET]
Table 'Palatia' 6-max Seat #6 is the button
Seat 1: Bech02 ($41.25 in chips) 
Seat 2: alexandr699 ($148.60 in chips) 
Seat 3: imhungarian8 ($142.04 in chips) 
Seat 4: ghc_2 ($154.41 in chips) 
Seat 5: AndreaBsAs ($100 in chips) 
Seat 6: michasia ($149.68 in chips) 
Bech02: posts small blind $0.50
alexandr699: posts big blind $1
*** HOLE CARDS ***
imhungarian8: folds 
ghc_2: folds 
AndreaBsAs: raises $1.50 to $2.50
michasia: folds 
Bech02: calls $2
alexandr699: raises $10.50 to $13
AndreaBsAs: folds 
Bech02: folds 
Uncalled bet ($10.50) returned to alexandr699
alexandr699 collected $7.50 from pot
alexandr699: doesn't show hand 
*** SUMMARY ***
Total pot $7.50 | Rake $0 
Seat 1: Bech02 (small blind) folded before Flop
Seat 2: alexandr699 (big blind) collected ($7.50)
Seat 3: imhungarian8 folded before Flop (didn't bet)
Seat 4: ghc_2 folded before Flop (didn't bet)
Seat 5: AndreaBsAs folded before Flop
Seat 6: michasia (button) folded before Flop (didn't bet)



PokerStars Hand #254641396548:  Hold'em No Limit ($0.50/$1.00 USD) - 2025/01/31 20:03:03 WET [2025/01/31 15:03:03 ET]
Table 'Palatia' 6-max Seat #1 is the button
Seat 1: Bech02 ($38.75 in chips) 
Seat 2: alexandr699 ($153.60 in chips) 
Seat 3: imhungarian8 ($142.04 in chips) 
Seat 4: ghc_2 ($154.41 in chips) 
Seat 5: AndreaBsAs ($100 in chips) 
Seat 6: michasia ($149.68 in chips) 
alexandr699: posts small blind $0.50
imhungarian8: posts big blind $1
*** HOLE CARDS ***
ghc_2: folds 
AndreaBsAs: raises $1.20 to $2.20
michasia: folds 
Bech02: folds 
alexandr699: folds 
imhungarian8: calls $1.20
*** FLOP *** [9d 7d Qh]
imhungarian8: checks 
AndreaBsAs: checks 
*** TURN *** [9d 7d Qh] [Qs]
imhungarian8: bets $3.50
AndreaBsAs: calls $3.50
*** RIVER *** [9d 7d Qh Qs] [9c]
imhungarian8: checks 
AndreaBsAs: checks 
*** SHOW DOWN ***
imhungarian8: shows [Kd Td] (two pair, Queens and Nines)
AndreaBsAs: shows [9h 8h] (a full house, Nines full of Queens)
AndreaBsAs collected $11.30 from pot
*** SUMMARY ***
Total pot $11.90 | Rake $0.60 
Board [9d 7d Qh Qs 9c]
Seat 1: Bech02 (button) folded before Flop (didn't bet)
Seat 2: alexandr699 (small blind) folded before Flop
Seat 3: imhungarian8 (big blind) showed [Kd Td] and lost with two pair, Queens and Nines
Seat 4: ghc_2 folded before Flop (didn't bet)
Seat 5: AndreaBsAs showed [9h 8h] and won ($11.30) with a full house, Nines full of Queens
Seat 6: michasia folded before Flop (didn't bet)



PokerStars Hand #254641408554:  Hold'em No Limit ($0.50/$1.00 USD) - 2025/01/31 20:03:47 WET [2025/01/31 15:03:47 ET]
Table 'Palatia' 6-max Seat #2 is the button
Seat 1: Bech02 ($38.75 in chips) 
Seat 2: alexandr699 ($153.10 in chips) 
Seat 3: imhungarian8 ($136.34 in chips) 
Seat 4: ghc_2 ($154.41 in chips) 
Seat 5: AndreaBsAs ($105.60 in chips) 
Seat 6: michasia ($149.68 in chips) 
imhungarian8: posts small blind $0.50
ghc_2: posts big blind $1
*** HOLE CARDS ***
AndreaBsAs: folds 
michasia: raises $1.60 to $2.60
Bech02: folds 
alexandr699: folds 
imhungarian8: folds 
ghc_2: folds 
Uncalled bet ($1.60) returned to michasia
michasia collected $2.50 from pot
michasia: doesn't show hand 
*** SUMMARY ***
Total pot $2.50 | Rake $0 
Seat 1: Bech02 folded before Flop (didn't bet)
Seat 2: alexandr699 (button) folded before Flop (didn't bet)
Seat 3: imhungarian8 (small blind) folded before Flop
Seat 4: ghc_2 (big blind) folded before Flop
Seat 5: AndreaBsAs folded before Flop (didn't bet)
Seat 6: michasia collected ($2.50)



PokerStars Hand #254641412359:  Hold'em No Limit ($0.50/$1.00 USD) - 2025/01/31 20:04:01 WET [2025/01/31 15:04:01 ET]
Table 'Palatia' 6-max Seat #3 is the button
Seat 1: Bech02 ($38.75 in chips) 
Seat 2: alexandr699 ($153.10 in chips) 
Seat 3: imhungarian8 ($135.84 in chips) 
Seat 4: ghc_2 ($153.41 in chips) 
Seat 5: AndreaBsAs ($105.60 in chips) 
Seat 6: michasia ($151.18 in chips) 
ghc_2: posts small blind $0.50
AndreaBsAs: posts big blind $1
*** HOLE CARDS ***
michasia: folds 
Bech02: raises $1 to $2
alexandr699: folds 
imhungarian8: folds 
ghc_2: folds 
AndreaBsAs: folds 
Uncalled bet ($1) returned to Bech02
Bech02 collected $2.50 from pot
Bech02: doesn't show hand 
*** SUMMARY ***
Total pot $2.50 | Rake $0 
Seat 1: Bech02 collected ($2.50)
Seat 2: alexandr699 folded before Flop (didn't bet)
Seat 3: imhungarian8 (button) folded before Flop (didn't bet)
Seat 4: ghc_2 (small blind) folded before Flop
Seat 5: AndreaBsAs (big blind) folded before Flop
Seat 6: michasia folded before Flop (didn't bet)



PokerStars Hand #254641418224:  Hold'em No Limit ($0.50/$1.00 USD) - 2025/01/31 20:04:21 WET [2025/01/31 15:04:21 ET]
Table 'Palatia' 6-max Seat #4 is the button
Seat 1: Bech02 ($40.25 in chips) 
Seat 2: alexandr699 ($153.10 in chips) 
Seat 3: imhungarian8 ($135.84 in chips) 
Seat 4: ghc_2 ($152.91 in chips) 
Seat 5: AndreaBsAs ($104.60 in chips) 
Seat 6: michasia ($151.18 in chips) 
AndreaBsAs: posts small blind $0.50
michasia: posts big blind $1
*** HOLE CARDS ***
Bech02: folds 
alexandr699: folds 
imhungarian8: folds 
ghc_2: raises $1.40 to $2.40
AndreaBsAs: folds 
michasia: folds 
Uncalled bet ($1.40) returned to ghc_2
ghc_2 collected $2.50 from pot
ghc_2: doesn't show hand 
*** SUMMARY ***
Total pot $2.50 | Rake $0 
Seat 1: Bech02 folded before Flop (didn't bet)
Seat 2: alexandr699 folded before Flop (didn't bet)
Seat 3: imhungarian8 folded before Flop (didn't bet)
Seat 4: ghc_2 (button) collected ($2.50)
Seat 5: AndreaBsAs (small blind) folded before Flop
Seat 6: michasia (big blind) folded before Flop



PokerStars Hand #254641424174:  Hold'em No Limit ($0.50/$1.00 USD) - 2025/01/31 20:04:42 WET [2025/01/31 15:04:42 ET]
Table 'Palatia' 6-max Seat #5 is the button
Seat 1: Bech02 ($40.25 in chips) 
Seat 2: alexandr699 ($153.10 in chips) 
Seat 3: imhungarian8 ($135.84 in chips) 
Seat 4: ghc_2 ($154.41 in chips) 
Seat 5: AndreaBsAs ($104.10 in chips) 
Seat 6: michasia ($150.18 in chips) 
michasia: posts small blind $0.50
Bech02: posts big blind $1
*** HOLE CARDS ***
alexandr699: folds 
imhungarian8: raises $1 to $2
ghc_2: folds 
AndreaBsAs: folds 
michasia: folds 
Bech02: calls $1
*** FLOP *** [4d Kd 8h]
Bech02: checks 
imhungarian8: bets $1.28
Bech02: calls $1.28
*** TURN *** [4d Kd 8h] [5h]
Bech02: checks 
imhungarian8: checks 
*** RIVER *** [4d Kd 8h 5h] [5s]
Bech02: bets $5.37
imhungarian8: folds 
Uncalled bet ($5.37) returned to Bech02
Bech02 collected $6.71 from pot
Bech02: doesn't show hand 
*** SUMMARY ***
Total pot $7.06 | Rake $0.35 
Board [4d Kd 8h 5h 5s]
Seat 1: Bech02 (big blind) collected ($6.71)
Seat 2: alexandr699 folded before Flop (didn't bet)
Seat 3: imhungarian8 folded on the River
Seat 4: ghc_2 folded before Flop (didn't bet)
Seat 5: AndreaBsAs (button) folded before Flop (didn't bet)
Seat 6: michasia (small blind) folded before Flop



PokerStars Hand #254641435840:  Hold'em No Limit ($0.50/$1.00 USD) - 2025/01/31 20:05:23 WET [2025/01/31 15:05:23 ET]
Table 'Palatia' 6-max Seat #6 is the button
Seat 1: Bech02 ($43.68 in chips) 
Seat 2: alexandr699 ($153.10 in chips) 
Seat 3: imhungarian8 ($132.56 in chips) 
Seat 4: ghc_2 ($154.41 in chips) 
Seat 5: AndreaBsAs ($104.10 in chips) 
Seat 6: michasia ($149.68 in chips) 
Bech02: posts small blind $0.50
alexandr699: posts big blind $1
*** HOLE CARDS ***
imhungarian8: folds 
ghc_2: folds 
AndreaBsAs: folds 
michasia: folds 
Bech02: raises $2 to $3
alexandr699: calls $2
*** FLOP *** [5s 2s Qd]
Bech02: checks 
alexandr699: bets $4.84
Bech02: calls $4.84
*** TURN *** [5s 2s Qd] [Tc]
Bech02: checks 
alexandr699: bets $12.66
Bech02: calls $12.66
*** RIVER *** [5s 2s Qd Tc] [9s]
Bech02: bets $22.18
alexandr699: calls $22.18
*** SHOW DOWN ***
Bech02: shows [Js 3s] (a flush, Jack high)
alexandr699: mucks hand 
Bech02 collected $82.86 from pot
*** SUMMARY ***
Total pot $85.36 | Rake $2.50 
Board [5s 2s Qd Tc 9s]
Seat 1: Bech02 (small blind) showed [Js 3s] and won ($82.86) with a flush, Jack high
Seat 2: alexandr699 (big blind) mucked
Seat 3: imhungarian8 folded before Flop (didn't bet)
Seat 4: ghc_2 folded before Flop (didn't bet)
Seat 5: AndreaBsAs folded before Flop (didn't bet)
Seat 6: michasia (button) folded before Flop (didn't bet)



PokerStars Hand #254641461359:  Hold'em No Limit ($0.50/$1.00 USD) - 2025/01/31 20:06:51 WET [2025/01/31 15:06:51 ET]
Table 'Palatia' 6-max Seat #1 is the button
Seat 1: Bech02 ($83.86 in chips) 
Seat 2: alexandr699 ($110.42 in chips) 
Seat 3: imhungarian8 ($132.56 in chips) 
Seat 4: ghc_2 ($154.41 in chips) 
Seat 5: AndreaBsAs ($104.10 in chips) 
Seat 6: michasia ($149.68 in chips) 
alexandr699: posts small blind $0.50
imhungarian8: posts big blind $1
*** HOLE CARDS ***
ghc_2: folds 
AndreaBsAs: folds 
michasia: folds 
Bech02: folds 
alexandr699: raises $1.98 to $2.98
imhungarian8: calls $1.98
*** FLOP *** [Td Kd 3c]
alexandr699: checks 
imhungarian8: checks 
*** TURN *** [Td Kd 3c] [Jc]
alexandr699: bets $8.49
imhungarian8: calls $8.49
*** RIVER *** [Td Kd 3c Jc] [8d]
alexandr699: bets $14.16
imhungarian8: folds 
Uncalled bet ($14.16) returned to alexandr699
alexandr699 collected $21.79 from pot
alexandr699: doesn't show hand 
*** SUMMARY ***
Total pot $22.94 | Rake $1.15 
Board [Td Kd 3c Jc 8d]
Seat 1: Bech02 (button) folded before Flop (didn't bet)
Seat 2: alexandr699 (small blind) collected ($21.79)
Seat 3: imhungarian8 (big blind) folded on the River
Seat 4: ghc_2 folded before Flop (didn't bet)
Seat 5: AndreaBsAs folded before Flop (didn't bet)
Seat 6: michasia folded before Flop (didn't bet)



PokerStars Hand #254641481658:  Hold'em No Limit ($0.50/$1.00 USD) - 2025/01/31 20:08:01 WET [2025/01/31 15:08:01 ET]
Table 'Palatia' 6-max Seat #2 is the button
Seat 1: Bech02 ($83.86 in chips) 
Seat 2: alexandr699 ($120.74 in chips) 
Seat 3: imhungarian8 ($121.09 in chips) 
Seat 4: ghc_2 ($154.41 in chips) 
Seat 5: AndreaBsAs ($104.10 in chips) 
Seat 6: michasia ($149.68 in chips) 
imhungarian8: posts small blind $0.50
ghc_2: posts big blind $1
*** HOLE CARDS ***
AndreaBsAs: folds 
michasia: folds 
Bech02: raises $2 to $3
alexandr699: folds 
imhungarian8: folds 
ghc_2: folds 
Uncalled bet ($2) returned to Bech02
Bech02 collected $2.50 from pot
Bech02: doesn't show hand 
*** SUMMARY ***
Total pot $2.50 | Rake $0 
Seat 1: Bech02 collected ($2.50)
Seat 2: alexandr699 (button) folded before Flop (didn't bet)
Seat 3: imhungarian8 (small blind) folded before Flop
Seat 4: ghc_2 (big blind) folded before Flop
Seat 5: AndreaBsAs folded before Flop (didn't bet)
Seat 6: michasia folded before Flop (didn't bet)



PokerStars Hand #254641486313:  Hold'em No Limit ($0.50/$1.00 USD) - 2025/01/31 20:08:17 WET [2025/01/31 15:08:17 ET]
Table 'Palatia' 6-max Seat #3 is the button
Seat 1: Bech02 ($85.36 in chips) 
Seat 2: alexandr699 ($120.74 in chips) 
Seat 3: imhungarian8 ($120.59 in chips) 
Seat 4: ghc_2 ($153.41 in chips) 
Seat 5: AndreaBsAs ($104.10 in chips) 
Seat 6: michasia ($149.68 in chips) 
ghc_2: posts small blind $0.50
AndreaBsAs: posts big blind $1
*** HOLE CARDS ***
michasia: folds 
Bech02: folds 
alexandr699: folds 
imhungarian8: folds 
ghc_2: raises $2 to $3
AndreaBsAs: folds 
Uncalled bet ($2) returned to ghc_2
ghc_2 collected $2 from pot
ghc_2: doesn't show hand 
*** SUMMARY ***
Total pot $2 | Rake $0 
Seat 1: Bech02 folded before Flop (didn't bet)
Seat 2: alexandr699 folded before Flop (didn't bet)
Seat 3: imhungarian8 (button) folded before Flop (didn't bet)
Seat 4: ghc_2 (small blind) collected ($2)
Seat 5: AndreaBsAs (big blind) folded before Flop
Seat 6: michasia folded before Flop (didn't bet)



PokerStars Hand #254641492563:  Hold'em No Limit ($0.50/$1.00 USD) - 2025/01/31 20:08:38 WET [2025/01/31 15:08:38 ET]
Table 'Palatia' 6-max Seat #4 is the button
Seat 1: Bech02 ($85.36 in chips) 
Seat 2: alexandr699 ($120.74 in chips) 
Seat 3: imhungarian8 ($120.59 in chips) 
Seat 4: ghc_2 ($154.41 in chips) 
Seat 5: AndreaBsAs ($103.10 in chips) 
Seat 6: michasia ($149.68 in chips) 
AndreaBsAs: posts small blind $0.50
michasia: posts big blind $1
*** HOLE CARDS ***
Bech02: folds 
alexandr699: folds 
imhungarian8: raises $1.30 to $2.30
ghc_2: folds 
AndreaBsAs: folds 
michasia: folds 
Uncalled bet ($1.30) returned to imhungarian8
imhungarian8 collected $2.50 from pot
imhungarian8: doesn't show hand 
*** SUMMARY ***
Total pot $2.50 | Rake $0 
Seat 1: Bech02 folded before Flop (didn't bet)
Seat 2: alexandr699 folded before Flop (didn't bet)
Seat 3: imhungarian8 collected ($2.50)
Seat 4: ghc_2 (button) folded before Flop (didn't bet)
Seat 5: AndreaBsAs (small blind) folded before Flop
Seat 6: michasia (big blind) folded before Flop



PokerStars Hand #254641500896:  Hold'em No Limit ($0.50/$1.00 USD) - 2025/01/31 20:09:07 WET [2025/01/31 15:09:07 ET]
Table 'Palatia' 6-max Seat #5 is the button
Seat 1: Bech02 ($85.36 in chips) 
Seat 2: alexandr699 ($120.74 in chips) 
Seat 3: imhungarian8 ($122.09 in chips) 
Seat 4: ghc_2 ($154.41 in chips) 
Seat 5: AndreaBsAs ($102.60 in chips) 
Seat 6: michasia ($148.68 in chips) 
michasia: posts small blind $0.50
Bech02: posts big blind $1
*** HOLE CARDS ***
alexandr699: folds 
imhungarian8: raises $1 to $2
ghc_2: folds 
AndreaBsAs: raises $5 to $7
michasia: folds 
Bech02: folds 
imhungarian8: raises $12 to $19
AndreaBsAs: folds 
Uncalled bet ($12) returned to imhungarian8
imhungarian8 collected $15.50 from pot
imhungarian8: doesn't show hand 
*** SUMMARY ***
Total pot $15.50 | Rake $0 
Seat 1: Bech02 (big blind) folded before Flop
Seat 2: alexandr699 folded before Flop (didn't bet)
Seat 3: imhungarian8 collected ($15.50)
Seat 4: ghc_2 folded before Flop (didn't bet)
Seat 5: AndreaBsAs (button) folded before Flop
Seat 6: michasia (small blind) folded before Flop



PokerStars Hand #254641509443:  Hold'em No Limit ($0.50/$1.00 USD) - 2025/01/31 20:09:36 WET [2025/01/31 15:09:36 ET]
Table 'Palatia' 6-max Seat #6 is the button
Seat 1: Bech02 ($84.36 in chips) 
Seat 2: alexandr699 ($120.74 in chips) 
Seat 3: imhungarian8 ($130.59 in chips) 
Seat 4: ghc_2 ($154.41 in chips) 
Seat 5: AndreaBsAs ($100 in chips) 
Seat 6: michasia ($148.18 in chips) 
Bech02: posts small blind $0.50
alexandr699: posts big blind $1
*** HOLE CARDS ***
imhungarian8: raises $1 to $2
ghc_2: folds 
AndreaBsAs: folds 
michasia: folds 
Bech02: calls $1.50
alexandr699: folds 
*** FLOP *** [8c 7s Jc]
Bech02: checks 
imhungarian8: checks 
*** TURN *** [8c 7s Jc] [6s]
Bech02: bets $2.85
imhungarian8: folds 
Uncalled bet ($2.85) returned to Bech02
Bech02 collected $4.75 from pot
Bech02: doesn't show hand 
*** SUMMARY ***
Total pot $5 | Rake $0.25 
Board [8c 7s Jc 6s]
Seat 1: Bech02 (small blind) collected ($4.75)
Seat 2: alexandr699 (big blind) folded before Flop
Seat 3: imhungarian8 folded on the Turn
Seat 4: ghc_2 folded before Flop (didn't bet)
Seat 5: AndreaBsAs folded before Flop (didn't bet)
Seat 6: michasia (button) folded before Flop (didn't bet)



PokerStars Hand #254641523587:  Hold'em No Limit ($0.50/$1.00 USD) - 2025/01/31 20:10:24 WET [2025/01/31 15:10:24 ET]
Table 'Palatia' 6-max Seat #1 is the button
Seat 1: Bech02 ($87.11 in chips) 
Seat 2: alexandr699 ($119.74 in chips) 
Seat 3: imhungarian8 ($128.59 in chips) 
Seat 4: ghc_2 ($154.41 in chips) 
Seat 5: AndreaBsAs ($100 in chips) 
Seat 6: michasia ($148.18 in chips) 
alexandr699: posts small blind $0.50
imhungarian8: posts big blind $1
*** HOLE CARDS ***
ghc_2: folds 
AndreaBsAs: folds 
michasia: folds 
Bech02: raises $1 to $2
alexandr699: raises $10 to $12
imhungarian8: folds 
Bech02: folds 
Uncalled bet ($10) returned to alexandr699
alexandr699 collected $5 from pot
alexandr699: doesn't show hand 
*** SUMMARY ***
Total pot $5 | Rake $0 
Seat 1: Bech02 (button) folded before Flop
Seat 2: alexandr699 (small blind) collected ($5)
Seat 3: imhungarian8 (big blind) folded before Flop
Seat 4: ghc_2 folded before Flop (didn't bet)
Seat 5: AndreaBsAs folded before Flop (didn't bet)
Seat 6: michasia folded before Flop (didn't bet)



PokerStars Hand #254641535089:  Hold'em No Limit ($0.50/$1.00 USD) - 2025/01/31 20:11:03 WET [2025/01/31 15:11:03 ET]
Table 'Palatia' 6-max Seat #2 is the button
Seat 1: Bech02 ($85.11 in chips) 
Seat 2: alexandr699 ($122.74 in chips) 
Seat 3: imhungarian8 ($127.59 in chips) 
Seat 4: ghc_2 ($154.41 in chips) 
Seat 5: AndreaBsAs ($100 in chips) 
Seat 6: michasia ($148.18 in chips) 
imhungarian8: posts small blind $0.50
ghc_2: posts big blind $1
*** HOLE CARDS ***
AndreaBsAs: folds 
michasia: folds 
Bech02: folds 
alexandr699: raises $1.98 to $2.98
imhungarian8: folds 
ghc_2: raises $10.52 to $13.50
alexandr699: raises $14.50 to $28
ghc_2: calls $14.50
*** FLOP *** [Ac Kh 7s]
ghc_2: checks 
alexandr699: bets $13.50
ghc_2: raises $13.50 to $27
alexandr699: calls $13.50
*** TURN *** [Ac Kh 7s] [6d]
ghc_2: checks 
alexandr699: bets $67.74 and is all-in
ghc_2: calls $67.74
*** RIVER *** [Ac Kh 7s 6d] [4h]
*** SHOW DOWN ***
ghc_2: shows [As Qh] (a pair of Aces)
alexandr699: shows [Kd 8d] (a pair of Kings)
ghc_2 collected $243.48 from pot
*** SUMMARY ***
Total pot $245.98 | Rake $2.50 
Board [Ac Kh 7s 6d 4h]
Seat 1: Bech02 folded before Flop (didn't bet)
Seat 2: alexandr699 (button) showed [Kd 8d] and lost with a pair of Kings
Seat 3: imhungarian8 (small blind) folded before Flop
Seat 4: ghc_2 (big blind) showed [As Qh] and won ($243.48) with a pair of Aces
Seat 5: AndreaBsAs folded before Flop (didn't bet)
Seat 6: michasia folded before Flop (didn't bet)



PokerStars Hand #254641577454:  Hold'em No Limit ($0.50/$1.00 USD) - 2025/01/31 20:13:27 WET [2025/01/31 15:13:27 ET]
Table 'Palatia' 6-max Seat #3 is the button
Seat 1: Bech02 ($85.11 in chips) 
Seat 2: alexandr699 ($100 in chips) 
Seat 3: imhungarian8 ($127.09 in chips) 
Seat 4: ghc_2 ($275.15 in chips) 
Seat 5: AndreaBsAs ($100 in chips) 
Seat 6: michasia ($148.18 in chips) 
ghc_2: posts small blind $0.50
AndreaBsAs: posts big blind $1
*** HOLE CARDS ***
michasia: folds 
Bech02: folds 
alexandr699: raises $1.98 to $2.98
imhungarian8: folds 
ghc_2: raises $9.02 to $12
AndreaBsAs: folds 
alexandr699: calls $9.02
*** FLOP *** [Ks 3s 2h]
ghc_2: bets $9.50
alexandr699: folds 
Uncalled bet ($9.50) returned to ghc_2
ghc_2 collected $23.75 from pot
ghc_2: doesn't show hand 
*** SUMMARY ***
Total pot $25 | Rake $1.25 
Board [Ks 3s 2h]
Seat 1: Bech02 folded before Flop (didn't bet)
Seat 2: alexandr699 folded on the Flop
Seat 3: imhungarian8 (button) folded before Flop (didn't bet)
Seat 4: ghc_2 (small blind) collected ($23.75)
Seat 5: AndreaBsAs (big blind) folded before Flop
Seat 6: michasia folded before Flop (didn't bet)



PokerStars Hand #254641595734:  Hold'em No Limit ($0.50/$1.00 USD) - 2025/01/31 20:14:29 WET [2025/01/31 15:14:29 ET]
Table 'Palatia' 6-max Seat #4 is the button
Seat 1: Bech02 ($85.11 in chips) 
Seat 2: alexandr699 ($100 in chips) 
Seat 3: imhungarian8 ($127.09 in chips) 
Seat 4: ghc_2 ($286.90 in chips) 
Seat 5: AndreaBsAs ($100 in chips) 
Seat 6: michasia ($148.18 in chips) 
AndreaBsAs: posts small blind $0.50
michasia: posts big blind $1
*** HOLE CARDS ***
Bech02: folds 
alexandr699: folds 
imhungarian8: raises $1.30 to $2.30
ghc_2: folds 
AndreaBsAs: folds 
michasia: calls $1.30
*** FLOP *** [8c 5s 5c]
michasia: checks 
imhungarian8: checks 
*** TURN *** [8c 5s 5c] [Jd]
michasia: checks 
imhungarian8: bets $3.63
michasia: calls $3.63
*** RIVER *** [8c 5s 5c Jd] [Kd]
michasia: checks 
imhungarian8: checks 
*** SHOW DOWN ***
michasia: shows [4c 6c] (a pair of Fives)
imhungarian8: shows [As Jh] (two pair, Jacks and Fives)
imhungarian8 collected $11.74 from pot
*** SUMMARY ***
Total pot $12.36 | Rake $0.62 
Board [8c 5s 5c Jd Kd]
Seat 1: Bech02 folded before Flop (didn't bet)
Seat 2: alexandr699 folded before Flop (didn't bet)
Seat 3: imhungarian8 showed [As Jh] and won ($11.74) with two pair, Jacks and Fives
Seat 4: ghc_2 (button) folded before Flop (didn't bet)
Seat 5: AndreaBsAs (small blind) folded before Flop
Seat 6: michasia (big blind) showed [4c 6c] and lost with a pair of Fives



PokerStars Hand #254641608922:  Hold'em No Limit ($0.50/$1.00 USD) - 2025/01/31 20:15:13 WET [2025/01/31 15:15:13 ET]
Table 'Palatia' 6-max Seat #5 is the button
Seat 1: Bech02 ($85.11 in chips) 
Seat 2: alexandr699 ($100 in chips) 
Seat 3: imhungarian8 ($132.90 in chips) 
Seat 4: ghc_2 ($286.90 in chips) 
Seat 5: AndreaBsAs ($100 in chips) 
Seat 6: michasia ($142.25 in chips) 
michasia: posts small blind $0.50
Bech02: posts big blind $1
*** HOLE CARDS ***
alexandr699: folds 
imhungarian8: raises $1 to $2
ghc_2: folds 
AndreaBsAs: calls $2
michasia: folds 
Bech02: folds 
*** FLOP *** [6d 9s Qs]
imhungarian8: checks 
AndreaBsAs: bets $1.72
imhungarian8: calls $1.72
*** TURN *** [6d 9s Qs] [7d]
imhungarian8: checks 
AndreaBsAs: bets $11.29
imhungarian8: folds 
Uncalled bet ($11.29) returned to AndreaBsAs
AndreaBsAs collected $8.49 from pot
*** SUMMARY ***
Total pot $8.94 | Rake $0.45 
Board [6d 9s Qs 7d]
Seat 1: Bech02 (big blind) folded before Flop
Seat 2: alexandr699 folded before Flop (didn't bet)
Seat 3: imhungarian8 folded on the Turn
Seat 4: ghc_2 folded before Flop (didn't bet)
Seat 5: AndreaBsAs (button) collected ($8.49)
Seat 6: michasia (small blind) folded before Flop



PokerStars Hand #254641623826:  Hold'em No Limit ($0.50/$1.00 USD) - 2025/01/31 20:16:03 WET [2025/01/31 15:16:03 ET]
Table 'Palatia' 6-max Seat #6 is the button
Seat 1: Bech02 ($84.11 in chips) 
Seat 2: alexandr699 ($100 in chips) 
Seat 3: imhungarian8 ($129.18 in chips) 
Seat 4: ghc_2 ($286.90 in chips) 
Seat 5: AndreaBsAs ($104.77 in chips) 
Seat 6: michasia ($141.75 in chips) 
Bech02: posts small blind $0.50
alexandr699: posts big blind $1
*** HOLE CARDS ***
imhungarian8: raises $1 to $2
ghc_2: folds 
AndreaBsAs: folds 
michasia: folds 
Bech02: folds 
alexandr699: folds 
Uncalled bet ($1) returned to imhungarian8
imhungarian8 collected $2.50 from pot
imhungarian8: doesn't show hand 
*** SUMMARY ***
Total pot $2.50 | Rake $0 
Seat 1: Bech02 (small blind) folded before Flop
Seat 2: alexandr699 (big blind) folded before Flop
Seat 3: imhungarian8 collected ($2.50)
Seat 4: ghc_2 folded before Flop (didn't bet)
Seat 5: AndreaBsAs folded before Flop (didn't bet)
Seat 6: michasia (button) folded before Flop (didn't bet)



PokerStars Hand #254641633272:  Hold'em No Limit ($0.50/$1.00 USD) - 2025/01/31 20:16:35 WET [2025/01/31 15:16:35 ET]
Table 'Palatia' 6-max Seat #1 is the button
Seat 1: Bech02 ($83.61 in chips) 
Seat 2: alexandr699 ($100 in chips) 
Seat 3: imhungarian8 ($130.68 in chips) 
Seat 4: ghc_2 ($286.90 in chips) 
Seat 5: AndreaBsAs ($104.77 in chips) 
Seat 6: michasia ($141.75 in chips) 
alexandr699: posts small blind $0.50
imhungarian8: posts big blind $1
*** HOLE CARDS ***
ghc_2: folds 
AndreaBsAs: folds 
michasia: folds 
Bech02: raises $1 to $2
alexandr699: raises $8 to $10
imhungarian8: folds 
Bech02: folds 
Uncalled bet ($8) returned to alexandr699
alexandr699 collected $5 from pot
alexandr699: doesn't show hand 
*** SUMMARY ***
Total pot $5 | Rake $0 
Seat 1: Bech02 (button) folded before Flop
Seat 2: alexandr699 (small blind) collected ($5)
Seat 3: imhungarian8 (big blind) folded before Flop
Seat 4: ghc_2 folded before Flop (didn't bet)
Seat 5: AndreaBsAs folded before Flop (didn't bet)
Seat 6: michasia folded before Flop (didn't bet)



PokerStars Hand #254641641081:  Hold'em No Limit ($0.50/$1.00 USD) - 2025/01/31 20:17:01 WET [2025/01/31 15:17:01 ET]
Table 'Palatia' 6-max Seat #2 is the button
Seat 1: Bech02 ($81.61 in chips) 
Seat 2: alexandr699 ($103 in chips) 
Seat 3: imhungarian8 ($129.68 in chips) 
Seat 4: ghc_2 ($286.90 in chips) 
Seat 5: AndreaBsAs ($104.77 in chips) 
Seat 6: michasia ($141.75 in chips) 
imhungarian8: posts small blind $0.50
ghc_2: posts big blind $1
*** HOLE CARDS ***
AndreaBsAs: folds 
michasia: folds 
Bech02: folds 
alexandr699: raises $1.98 to $2.98
imhungarian8: folds 
ghc_2: folds 
Uncalled bet ($1.98) returned to alexandr699
alexandr699 collected $2.50 from pot
alexandr699: doesn't show hand 
*** SUMMARY ***
Total pot $2.50 | Rake $0 
Seat 1: Bech02 folded before Flop (didn't bet)
Seat 2: alexandr699 (button) collected ($2.50)
Seat 3: imhungarian8 (small blind) folded before Flop
Seat 4: ghc_2 (big blind) folded before Flop
Seat 5: AndreaBsAs folded before Flop (didn't bet)
Seat 6: michasia folded before Flop (didn't bet)



PokerStars Hand #254641646598:  Hold'em No Limit ($0.50/$1.00 USD) - 2025/01/31 20:17:19 WET [2025/01/31 15:17:19 ET]
Table 'Palatia' 6-max Seat #3 is the button
Seat 1: Bech02 ($81.61 in chips) 
Seat 2: alexandr699 ($104.50 in chips) 
Seat 3: imhungarian8 ($129.18 in chips) 
Seat 4: ghc_2 ($285.90 in chips) 
Seat 5: AndreaBsAs ($104.77 in chips) 
Seat 6: michasia ($141.75 in chips) 
ghc_2: posts small blind $0.50
AndreaBsAs: posts big blind $1
*** HOLE CARDS ***
michasia: folds 
Bech02 has timed out
Bech02: folds 
alexandr699: raises $1.98 to $2.98
imhungarian8: raises $5.96 to $8.94
ghc_2: folds 
AndreaBsAs: raises $13.06 to $22
alexandr699: folds 
imhungarian8: folds 
Uncalled bet ($13.06) returned to AndreaBsAs
AndreaBsAs collected $21.36 from pot
*** SUMMARY ***
Total pot $21.36 | Rake $0 
Seat 1: Bech02 folded before Flop (didn't bet)
Seat 2: alexandr699 folded before Flop
Seat 3: imhungarian8 (button) folded before Flop
Seat 4: ghc_2 (small blind) folded before Flop
Seat 5: AndreaBsAs (big blind) collected ($21.36)
Seat 6: michasia folded before Flop (didn't bet)



PokerStars Hand #254641664031:  Hold'em No Limit ($0.50/$1.00 USD) - 2025/01/31 20:18:17 WET [2025/01/31 15:18:17 ET]
Table 'Palatia' 6-max Seat #4 is the button
Seat 1: Bech02 ($81.61 in chips) 
Seat 2: alexandr699 ($101.52 in chips) 
Seat 3: imhungarian8 ($120.24 in chips) 
Seat 4: ghc_2 ($285.40 in chips) 
Seat 5: AndreaBsAs ($117.19 in chips) 
Seat 6: michasia ($141.75 in chips) 
AndreaBsAs: posts small blind $0.50
michasia: posts big blind $1
*** HOLE CARDS ***
Bech02: raises $2 to $3
alexandr699: folds 
imhungarian8: folds 
ghc_2: folds 
AndreaBsAs: folds 
michasia: folds 
Uncalled bet ($2) returned to Bech02
Bech02 collected $2.50 from pot
Bech02: doesn't show hand 
*** SUMMARY ***
Total pot $2.50 | Rake $0 
Seat 1: Bech02 collected ($2.50)
Seat 2: alexandr699 folded before Flop (didn't bet)
Seat 3: imhungarian8 folded before Flop (didn't bet)
Seat 4: ghc_2 (button) folded before Flop (didn't bet)
Seat 5: AndreaBsAs (small blind) folded before Flop
Seat 6: michasia (big blind) folded before Flop



PokerStars Hand #254641674050:  Hold'em No Limit ($0.50/$1.00 USD) - 2025/01/31 20:18:51 WET [2025/01/31 15:18:51 ET]
Table 'Palatia' 6-max Seat #5 is the button
Seat 1: Bech02 ($83.11 in chips) 
Seat 2: alexandr699 ($101.52 in chips) 
Seat 3: imhungarian8 ($120.24 in chips) 
Seat 4: ghc_2 ($285.40 in chips) 
Seat 5: AndreaBsAs ($116.69 in chips) 
Seat 6: michasia ($140.75 in chips) 
michasia: posts small blind $0.50
Bech02: posts big blind $1
*** HOLE CARDS ***
alexandr699: folds 
imhungarian8: raises $1 to $2
ghc_2: folds 
AndreaBsAs: raises $5 to $7
michasia: folds 
Bech02: folds 
imhungarian8: folds 
Uncalled bet ($5) returned to AndreaBsAs
AndreaBsAs collected $5.50 from pot
*** SUMMARY ***
Total pot $5.50 | Rake $0 
Seat 1: Bech02 (big blind) folded before Flop
Seat 2: alexandr699 folded before Flop (didn't bet)
Seat 3: imhungarian8 folded before Flop
Seat 4: ghc_2 folded before Flop (didn't bet)
Seat 5: AndreaBsAs (button) collected ($5.50)
Seat 6: michasia (small blind) folded before Flop



PokerStars Hand #254641683320:  Hold'em No Limit ($0.50/$1.00 USD) - 2025/01/31 20:19:21 WET [2025/01/31 15:19:21 ET]
Table 'Palatia' 6-max Seat #6 is the button
Seat 1: Bech02 ($82.11 in chips) 
Seat 2: alexandr699 ($101.52 in chips) 
Seat 3: imhungarian8 ($118.24 in chips) 
Seat 4: ghc_2 ($285.40 in chips) 
Seat 5: AndreaBsAs ($120.19 in chips) 
Seat 6: michasia ($140.25 in chips) 
Bech02: posts small blind $0.50
alexandr699: posts big blind $1
*** HOLE CARDS ***
imhungarian8: folds 
ghc_2: folds 
AndreaBsAs: raises $1.50 to $2.50
michasia: folds 
Bech02: calls $2
alexandr699: calls $1.50
*** FLOP *** [Qh Ad 3c]
Bech02: bets $2.14
alexandr699: folds 
AndreaBsAs: raises $7.12 to $9.26
Bech02: folds 
Uncalled bet ($7.12) returned to AndreaBsAs
AndreaBsAs collected $11.19 from pot
*** SUMMARY ***
Total pot $11.78 | Rake $0.59 
Board [Qh Ad 3c]
Seat 1: Bech02 (small blind) folded on the Flop
Seat 2: alexandr699 (big blind) folded on the Flop
Seat 3: imhungarian8 folded before Flop (didn't bet)
Seat 4: ghc_2 folded before Flop (didn't bet)
Seat 5: AndreaBsAs collected ($11.19)
Seat 6: michasia (button) folded before Flop (didn't bet)



PokerStars Hand #254641696384:  Hold'em No Limit ($0.50/$1.00 USD) - 2025/01/31 20:20:05 WET [2025/01/31 15:20:05 ET]
Table 'Palatia' 6-max Seat #1 is the button
Seat 1: Bech02 ($77.47 in chips) 
Seat 2: alexandr699 ($100 in chips) 
Seat 3: imhungarian8 ($118.24 in chips) 
Seat 4: ghc_2 ($285.40 in chips) 
Seat 5: AndreaBsAs ($126.74 in chips) 
Seat 6: michasia ($140.25 in chips) 
alexandr699: posts small blind $0.50
imhungarian8: posts big blind $1
*** HOLE CARDS ***
ghc_2: folds 
AndreaBsAs: folds 
michasia: folds 
Bech02: raises $2 to $3
alexandr699: folds 
imhungarian8: folds 
Uncalled bet ($2) returned to Bech02
Bech02 collected $2.50 from pot
Bech02: doesn't show hand 
*** SUMMARY ***
Total pot $2.50 | Rake $0 
Seat 1: Bech02 (button) collected ($2.50)
Seat 2: alexandr699 (small blind) folded before Flop
Seat 3: imhungarian8 (big blind) folded before Flop
Seat 4: ghc_2 folded before Flop (didn't bet)
Seat 5: AndreaBsAs folded before Flop (didn't bet)
Seat 6: michasia folded before Flop (didn't bet)



PokerStars Hand #254641702260:  Hold'em No Limit ($0.50/$1.00 USD) - 2025/01/31 20:20:24 WET [2025/01/31 15:20:24 ET]
Table 'Palatia' 6-max Seat #2 is the button
Seat 1: Bech02 ($78.97 in chips) 
Seat 2: alexandr699 ($100 in chips) 
Seat 3: imhungarian8 ($117.24 in chips) 
Seat 4: ghc_2 ($285.40 in chips) 
Seat 5: AndreaBsAs ($126.74 in chips) 
Seat 6: michasia ($140.25 in chips) 
imhungarian8: posts small blind $0.50
ghc_2: posts big blind $1
*** HOLE CARDS ***
AndreaBsAs: raises $1.20 to $2.20
michasia: folds 
Bech02: calls $2.20
alexandr699: folds 
imhungarian8: folds 
ghc_2: folds 
*** FLOP *** [Qc 5s 7c]
AndreaBsAs: bets $2.80
Bech02: folds 
Uncalled bet ($2.80) returned to AndreaBsAs
AndreaBsAs collected $5.60 from pot
*** SUMMARY ***
Total pot $5.90 | Rake $0.30 
Board [Qc 5s 7c]
Seat 1: Bech02 folded on the Flop
Seat 2: alexandr699 (button) folded before Flop (didn't bet)
Seat 3: imhungarian8 (small blind) folded before Flop
Seat 4: ghc_2 (big blind) folded before Flop
Seat 5: AndreaBsAs collected ($5.60)
Seat 6: michasia folded before Flop (didn't bet)



PokerStars Hand #254641712087:  Hold'em No Limit ($0.50/$1.00 USD) - 2025/01/31 20:20:57 WET [2025/01/31 15:20:57 ET]
Table 'Palatia' 6-max Seat #3 is the button
Seat 1: Bech02 ($76.77 in chips) 
Seat 2: alexandr699 ($100 in chips) 
Seat 3: imhungarian8 ($116.74 in chips) 
Seat 4: ghc_2 ($284.40 in chips) 
Seat 5: AndreaBsAs ($130.14 in chips) 
Seat 6: michasia ($140.25 in chips) 
ghc_2: posts small blind $0.50
AndreaBsAs: posts big blind $1
*** HOLE CARDS ***
michasia: folds 
Bech02: raises $1 to $2
alexandr699: raises $4 to $6
imhungarian8: folds 
ghc_2: folds 
AndreaBsAs: folds 
Bech02: raises $13.50 to $19.50
alexandr699: folds 
Uncalled bet ($13.50) returned to Bech02
Bech02 collected $13.50 from pot
Bech02: doesn't show hand 
*** SUMMARY ***
Total pot $13.50 | Rake $0 
Seat 1: Bech02 collected ($13.50)
Seat 2: alexandr699 folded before Flop
Seat 3: imhungarian8 (button) folded before Flop (didn't bet)
Seat 4: ghc_2 (small blind) folded before Flop
Seat 5: AndreaBsAs (big blind) folded before Flop
Seat 6: michasia folded before Flop (didn't bet)



PokerStars Hand #254641720680:  Hold'em No Limit ($0.50/$1.00 USD) - 2025/01/31 20:21:25 WET [2025/01/31 15:21:25 ET]
Table 'Palatia' 6-max Seat #4 is the button
Seat 1: Bech02 ($84.27 in chips) 
Seat 2: alexandr699 ($100 in chips) 
Seat 3: imhungarian8 ($116.74 in chips) 
Seat 4: ghc_2 ($283.90 in chips) 
Seat 5: AndreaBsAs ($129.14 in chips) 
Seat 6: michasia ($140.25 in chips) 
AndreaBsAs: posts small blind $0.50
michasia: posts big blind $1
*** HOLE CARDS ***
Bech02: raises $1 to $2
alexandr699: folds 
imhungarian8: folds 
ghc_2: calls $2
AndreaBsAs: folds 
michasia: raises $11 to $13
Bech02: folds 
ghc_2: folds 
Uncalled bet ($11) returned to michasia
michasia collected $6.50 from pot
michasia: doesn't show hand 
*** SUMMARY ***
Total pot $6.50 | Rake $0 
Seat 1: Bech02 folded before Flop
Seat 2: alexandr699 folded before Flop (didn't bet)
Seat 3: imhungarian8 folded before Flop (didn't bet)
Seat 4: ghc_2 (button) folded before Flop
Seat 5: AndreaBsAs (small blind) folded before Flop
Seat 6: michasia (big blind) collected ($6.50)



PokerStars Hand #254641733842:  Hold'em No Limit ($0.50/$1.00 USD) - 2025/01/31 20:22:09 WET [2025/01/31 15:22:09 ET]
Table 'Palatia' 6-max Seat #5 is the button
Seat 1: Bech02 ($82.27 in chips) 
Seat 2: alexandr699 ($100 in chips) 
Seat 3: imhungarian8 ($116.74 in chips) 
Seat 4: ghc_2 ($281.90 in chips) 
Seat 5: AndreaBsAs ($128.64 in chips) 
Seat 6: michasia ($144.75 in chips) 
michasia: posts small blind $0.50
Bech02: posts big blind $1
*** HOLE CARDS ***
alexandr699: folds 
imhungarian8: folds 
ghc_2: folds 
AndreaBsAs: raises $1.50 to $2.50
michasia: folds 
Bech02: folds 
Uncalled bet ($1.50) returned to AndreaBsAs
AndreaBsAs collected $2.50 from pot
*** SUMMARY ***
Total pot $2.50 | Rake $0 
Seat 1: Bech02 (big blind) folded before Flop
Seat 2: alexandr699 folded before Flop (didn't bet)
Seat 3: imhungarian8 folded before Flop (didn't bet)
Seat 4: ghc_2 folded before Flop (didn't bet)
Seat 5: AndreaBsAs (button) collected ($2.50)
Seat 6: michasia (small blind) folded before Flop



PokerStars Hand #254641740150:  Hold'em No Limit ($0.50/$1.00 USD) - 2025/01/31 20:22:30 WET [2025/01/31 15:22:30 ET]
Table 'Palatia' 6-max Seat #6 is the button
Seat 1: Bech02 ($81.27 in chips) 
Seat 2: alexandr699 ($100 in chips) 
Seat 3: imhungarian8 ($116.74 in chips) 
Seat 4: ghc_2 ($281.90 in chips) 
Seat 5: AndreaBsAs ($130.14 in chips) 
Seat 6: michasia ($144.25 in chips) 
Bech02: posts small blind $0.50
alexandr699: posts big blind $1
*** HOLE CARDS ***
imhungarian8: folds 
ghc_2: raises $1 to $2
AndreaBsAs: folds 
michasia: folds 
Bech02: calls $1.50
alexandr699: raises $11 to $13
ghc_2: folds 
Bech02: folds 
Uncalled bet ($11) returned to alexandr699
alexandr699 collected $6 from pot
alexandr699: doesn't show hand 
*** SUMMARY ***
Total pot $6 | Rake $0 
Seat 1: Bech02 (small blind) folded before Flop
Seat 2: alexandr699 (big blind) collected ($6)
Seat 3: imhungarian8 folded before Flop (didn't bet)
Seat 4: ghc_2 folded before Flop
Seat 5: AndreaBsAs folded before Flop (didn't bet)
Seat 6: michasia (button) folded before Flop (didn't bet)



PokerStars Hand #254641750181:  Hold'em No Limit ($0.50/$1.00 USD) - 2025/01/31 20:23:03 WET [2025/01/31 15:23:03 ET]
Table 'Palatia' 6-max Seat #1 is the button
Seat 1: Bech02 ($79.27 in chips) 
Seat 2: alexandr699 ($104 in chips) 
Seat 3: imhungarian8 ($116.74 in chips) 
Seat 4: ghc_2 ($279.90 in chips) 
Seat 5: AndreaBsAs ($130.14 in chips) 
Seat 6: michasia ($144.25 in chips) 
alexandr699: posts small blind $0.50
imhungarian8: posts big blind $1
*** HOLE CARDS ***
ghc_2: folds 
AndreaBsAs: folds 
michasia: folds 
Bech02: folds 
alexandr699: raises $1.98 to $2.98
imhungarian8: folds 
Uncalled bet ($1.98) returned to alexandr699
alexandr699 collected $2 from pot
alexandr699: doesn't show hand 
*** SUMMARY ***
Total pot $2 | Rake $0 
Seat 1: Bech02 (button) folded before Flop (didn't bet)
Seat 2: alexandr699 (small blind) collected ($2)
Seat 3: imhungarian8 (big blind) folded before Flop
Seat 4: ghc_2 folded before Flop (didn't bet)
Seat 5: AndreaBsAs folded before Flop (didn't bet)
Seat 6: michasia folded before Flop (didn't bet)



PokerStars Hand #254641755431:  Hold'em No Limit ($0.50/$1.00 USD) - 2025/01/31 20:23:20 WET [2025/01/31 15:23:20 ET]
Table 'Palatia' 6-max Seat #2 is the button
Seat 1: Bech02 ($79.27 in chips) 
Seat 2: alexandr699 ($105 in chips) 
Seat 3: imhungarian8 ($115.74 in chips) 
Seat 4: ghc_2 ($279.90 in chips) 
Seat 5: AndreaBsAs ($130.14 in chips) 
Seat 6: michasia ($144.25 in chips) 
imhungarian8: posts small blind $0.50
ghc_2: posts big blind $1
*** HOLE CARDS ***
AndreaBsAs: folds 
michasia: raises $1.60 to $2.60
Bech02: folds 
alexandr699: folds 
imhungarian8: folds 
ghc_2: calls $1.60
*** FLOP *** [5h Ah 2s]
ghc_2: checks 
michasia: bets $1.79
ghc_2: raises $6.75 to $8.54
michasia: calls $6.75
*** TURN *** [5h Ah 2s] [4d]
ghc_2: bets $8.66
michasia: calls $8.66
*** RIVER *** [5h Ah 2s 4d] [Td]
ghc_2: checks 
michasia: checks 
*** SHOW DOWN ***
ghc_2: shows [7c 4c] (a pair of Fours)
michasia: shows [Js Ac] (a pair of Aces)
michasia collected $38.10 from pot
*** SUMMARY ***
Total pot $40.10 | Rake $2 
Board [5h Ah 2s 4d Td]
Seat 1: Bech02 folded before Flop (didn't bet)
Seat 2: alexandr699 (button) folded before Flop (didn't bet)
Seat 3: imhungarian8 (small blind) folded before Flop
Seat 4: ghc_2 (big blind) showed [7c 4c] and lost with a pair of Fours
Seat 5: AndreaBsAs folded before Flop (didn't bet)
Seat 6: michasia showed [Js Ac] and won ($38.10) with a pair of Aces



PokerStars Hand #254641778881:  Hold'em No Limit ($0.50/$1.00 USD) - 2025/01/31 20:24:39 WET [2025/01/31 15:24:39 ET]
Table 'Palatia' 6-max Seat #3 is the button
Seat 1: Bech02 ($79.27 in chips) 
Seat 2: alexandr699 ($105 in chips) 
Seat 3: imhungarian8 ($115.24 in chips) 
Seat 4: ghc_2 ($260.10 in chips) 
Seat 5: AndreaBsAs ($130.14 in chips) 
Seat 6: michasia ($162.55 in chips) 
ghc_2: posts small blind $0.50
AndreaBsAs: posts big blind $1
*** HOLE CARDS ***
michasia: folds 
Bech02: folds 
alexandr699: folds 
imhungarian8: folds 
ghc_2: folds 
Uncalled bet ($0.50) returned to AndreaBsAs
AndreaBsAs collected $1 from pot
*** SUMMARY ***
Total pot $1 | Rake $0 
Seat 1: Bech02 folded before Flop (didn't bet)
Seat 2: alexandr699 folded before Flop (didn't bet)
Seat 3: imhungarian8 (button) folded before Flop (didn't bet)
Seat 4: ghc_2 (small blind) folded before Flop
Seat 5: AndreaBsAs (big blind) collected ($1)
Seat 6: michasia folded before Flop (didn't bet)



PokerStars Hand #254641783409:  Hold'em No Limit ($0.50/$1.00 USD) - 2025/01/31 20:24:54 WET [2025/01/31 15:24:54 ET]
Table 'Palatia' 6-max Seat #4 is the button
Seat 1: Bech02 ($79.27 in chips) 
Seat 2: alexandr699 ($105 in chips) 
Seat 3: imhungarian8 ($115.24 in chips) 
Seat 4: ghc_2 ($259.60 in chips) 
Seat 5: AndreaBsAs ($130.64 in chips) 
Seat 6: michasia ($162.55 in chips) 
AndreaBsAs: posts small blind $0.50
michasia: posts big blind $1
*** HOLE CARDS ***
Bech02: folds 
alexandr699: raises $1.98 to $2.98
imhungarian8: folds 
ghc_2: folds 
AndreaBsAs: folds 
michasia: folds 
Uncalled bet ($1.98) returned to alexandr699
alexandr699 collected $2.50 from pot
alexandr699: doesn't show hand 
*** SUMMARY ***
Total pot $2.50 | Rake $0 
Seat 1: Bech02 folded before Flop (didn't bet)
Seat 2: alexandr699 collected ($2.50)
Seat 3: imhungarian8 folded before Flop (didn't bet)
Seat 4: ghc_2 (button) folded before Flop (didn't bet)
Seat 5: AndreaBsAs (small blind) folded before Flop
Seat 6: michasia (big blind) folded before Flop



PokerStars Hand #254641791226:  Hold'em No Limit ($0.50/$1.00 USD) - 2025/01/31 20:25:20 WET [2025/01/31 15:25:20 ET]
Table 'Palatia' 6-max Seat #5 is the button
Seat 1: Bech02 ($79.27 in chips) 
Seat 2: alexandr699 ($106.50 in chips) 
Seat 3: imhungarian8 ($115.24 in chips) 
Seat 4: ghc_2 ($259.60 in chips) 
Seat 5: AndreaBsAs ($130.14 in chips) 
Seat 6: michasia ($161.55 in chips) 
michasia: posts small blind $0.50
Bech02: posts big blind $1
*** HOLE CARDS ***
alexandr699: folds 
imhungarian8: folds 
ghc_2: folds 
AndreaBsAs: folds 
michasia: folds 
Uncalled bet ($0.50) returned to Bech02
Bech02 collected $1 from pot
Bech02: doesn't show hand 
*** SUMMARY ***
Total pot $1 | Rake $0 
Seat 1: Bech02 (big blind) collected ($1)
Seat 2: alexandr699 folded before Flop (didn't bet)
Seat 3: imhungarian8 folded before Flop (didn't bet)
Seat 4: ghc_2 folded before Flop (didn't bet)
Seat 5: AndreaBsAs (button) folded before Flop (didn't bet)
Seat 6: michasia (small blind) folded before Flop



PokerStars Hand #254641795048:  Hold'em No Limit ($0.50/$1.00 USD) - 2025/01/31 20:25:33 WET [2025/01/31 15:25:33 ET]
Table 'Palatia' 6-max Seat #6 is the button
Seat 1: Bech02 ($79.77 in chips) 
Seat 2: alexandr699 ($106.50 in chips) 
Seat 3: imhungarian8 ($115.24 in chips) 
Seat 4: ghc_2 ($259.60 in chips) 
Seat 5: AndreaBsAs ($130.14 in chips) 
Seat 6: michasia ($161.05 in chips) 
Bech02: posts small blind $0.50
alexandr699: posts big blind $1
*** HOLE CARDS ***
imhungarian8: raises $1 to $2
ghc_2: folds 
AndreaBsAs: folds 
michasia: folds 
Bech02: folds 
alexandr699: calls $1
*** FLOP *** [7c 4c 3s]
alexandr699: bets $1.41
imhungarian8: calls $1.41
*** TURN *** [7c 4c 3s] [Ac]
alexandr699: checks 
imhungarian8: bets $3.48
alexandr699: folds 
Uncalled bet ($3.48) returned to imhungarian8
imhungarian8 collected $6.95 from pot
imhungarian8: doesn't show hand 
*** SUMMARY ***
Total pot $7.32 | Rake $0.37 
Board [7c 4c 3s Ac]
Seat 1: Bech02 (small blind) folded before Flop
Seat 2: alexandr699 (big blind) folded on the Turn
Seat 3: imhungarian8 collected ($6.95)
Seat 4: ghc_2 folded before Flop (didn't bet)
Seat 5: AndreaBsAs folded before Flop (didn't bet)
Seat 6: michasia (button) folded before Flop (didn't bet)



PokerStars Hand #254641810375:  Hold'em No Limit ($0.50/$1.00 USD) - 2025/01/31 20:26:25 WET [2025/01/31 15:26:25 ET]
Table 'Palatia' 6-max Seat #1 is the button
Seat 1: Bech02 ($79.27 in chips) 
Seat 2: alexandr699 ($103.09 in chips) 
Seat 3: imhungarian8 ($118.78 in chips) 
Seat 4: ghc_2 ($259.60 in chips) 
Seat 5: AndreaBsAs ($130.14 in chips) 
Seat 6: michasia ($161.05 in chips) 
alexandr699: posts small blind $0.50
imhungarian8: posts big blind $1
*** HOLE CARDS ***
ghc_2: raises $1 to $2
AndreaBsAs: folds 
michasia: folds 
Bech02: folds 
alexandr699: folds 
imhungarian8: folds 
Uncalled bet ($1) returned to ghc_2
ghc_2 collected $2.50 from pot
Bech02 leaves the table
ghc_2: doesn't show hand 
*** SUMMARY ***
Total pot $2.50 | Rake $0 
Seat 1: Bech02 (button) folded before Flop (didn't bet)
Seat 2: alexandr699 (small blind) folded before Flop
Seat 3: imhungarian8 (big blind) folded before Flop
Seat 4: ghc_2 collected ($2.50)
Seat 5: AndreaBsAs folded before Flop (didn't bet)
Seat 6: michasia folded before Flop (didn't bet)



PokerStars Hand #254641815856:  Hold'em No Limit ($0.50/$1.00 USD) - 2025/01/31 20:26:43 WET [2025/01/31 15:26:43 ET]
Table 'Palatia' 6-max Seat #2 is the button
Seat 2: alexandr699 ($102.59 in chips) 
Seat 3: imhungarian8 ($117.78 in chips) 
Seat 4: ghc_2 ($261.10 in chips) 
Seat 5: AndreaBsAs ($130.14 in chips) 
Seat 6: michasia ($161.05 in chips) 
imhungarian8: posts small blind $0.50
ghc_2: posts big blind $1
*** HOLE CARDS ***
AndreaBsAs: folds 
michasia: folds 
alexandr699: raises $1.98 to $2.98
imhungarian8: raises $8.02 to $11
ghc_2: folds 
alexandr699: folds 
Uncalled bet ($8.02) returned to imhungarian8
imhungarian8 collected $6.96 from pot
imhungarian8: doesn't show hand 
*** SUMMARY ***
Total pot $6.96 | Rake $0 
Seat 2: alexandr699 (button) folded before Flop
Seat 3: imhungarian8 (small blind) collected ($6.96)
Seat 4: ghc_2 (big blind) folded before Flop
Seat 5: AndreaBsAs folded before Flop (didn't bet)
Seat 6: michasia folded before Flop (didn't bet)



