PokerStars Hand #254647259694:  Hold'em No Limit ($0.50/$1.00 USD) - 2025/01/31 2:40:29 WET [2025/01/31 21:40:29 ET]
Table 'Ruchbah' 6-max Seat #6 is the button
Seat 1: CurtainsCloser ($51.29 in chips) is sitting out
Seat 2: Massimolouie34 ($100 in chips) is sitting out
Seat 3: SorinS28 ($100 in chips) is sitting out
Seat 4: Calvmcd85 ($92.30 in chips) 
Seat 5: m0nTTu ($80 in chips) 
Seat 6: mironchikvld ($106.93 in chips) 
Calvmcd85: posts small blind $0.50
m0nTTu: posts big blind $1
*** HOLE CARDS ***
mironchikvld: folds 
Calvmcd85: calls $0.50
m0nTTu: checks 
*** FLOP *** [6s 8s Jd]
Calvmcd85: checks 
m0nTTu: bets $1
Calvmcd85: calls $1
*** TURN *** [6s 8s Jd] [Ah]
Calvmcd85: checks 
m0nTTu: bets $1
Calvmcd85: calls $1
*** RIVER *** [6s 8s Jd Ah] [5s]
Calvmcd85: checks 
m0nTTu: checks 
*** SHOW DOWN ***
Calvmcd85: shows [2h Ac] (a pair of Aces)
m0nTTu: mucks hand 
Calvmcd85 collected $5.70 from pot
*** SUMMARY ***
Total pot $6 | Rake $0.30 
Board [6s 8s Jd Ah 5s]
Seat 1: CurtainsCloser
Seat 2: Massimolouie34
Seat 3: SorinS28
Seat 4: Calvmcd85 (small blind) showed [2h Ac] and won ($5.70) with a pair of Aces
Seat 5: m0nTTu (big blind) mucked
Seat 6: mironchikvld (button) folded before Flop (didn't bet)



PokerStars Hand #254647267662:  Hold'em No Limit ($0.50/$1.00 USD) - 2025/01/31 2:41:18 WET [2025/01/31 21:41:18 ET]
Table 'Ruchbah' 6-max Seat #4 is the button
Seat 3: SorinS28 ($100 in chips) is sitting out
Seat 1: CurtainsCloser ($51.29 in chips) 
Seat 2: Massimolouie34 ($100 in chips) 
Seat 4: Calvmcd85 ($95 in chips) 
Seat 5: m0nTTu ($77 in chips) 
Seat 6: mironchikvld ($106.93 in chips) 
m0nTTu: posts small blind $0.50
mironchikvld: posts big blind $1
CurtainsCloser: posts big blind $1
Massimolouie34: posts big blind $1
SorinS28: sits out 
*** HOLE CARDS ***
CurtainsCloser: checks 
Massimolouie34: checks 
Calvmcd85: calls $1
m0nTTu: folds 
mironchikvld: checks 
*** FLOP *** [8d 8s Ks]
mironchikvld: checks 
CurtainsCloser: checks 
Massimolouie34: bets $2.14
Calvmcd85: calls $2.14
mironchikvld: folds 
CurtainsCloser: folds 
*** TURN *** [8d 8s Ks] [4h]
Massimolouie34: bets $4.17
Calvmcd85: folds 
Uncalled bet ($4.17) returned to Massimolouie34
Massimolouie34 collected $8.34 from pot
Massimolouie34: doesn't show hand 
*** SUMMARY ***
Total pot $8.78 | Rake $0.44 
Board [8d 8s Ks 4h]
Seat 3: SorinS28
Seat 1: CurtainsCloser folded on the Flop (didn't bet)
Seat 2: Massimolouie34 collected ($8.34)
Seat 4: Calvmcd85 (button) folded on the Turn
Seat 5: m0nTTu (small blind) folded before Flop
Seat 6: mironchikvld (big blind) folded on the Flop



PokerStars Hand #254647276521:  Hold'em No Limit ($0.50/$1.00 USD) - 2025/01/31 2:42:14 WET [2025/01/31 21:42:14 ET]
Table 'Ruchbah' 6-max Seat #5 is the button
Seat 3: SorinS28 ($100 in chips) is sitting out
Seat 1: CurtainsCloser ($50.29 in chips) 
Seat 2: Massimolouie34 ($105.20 in chips) 
Seat 4: Calvmcd85 ($91.86 in chips) 
Seat 5: m0nTTu ($100 in chips) 
Seat 6: mironchikvld ($105.93 in chips) 
mironchikvld: posts small blind $0.50
CurtainsCloser: posts big blind $1
SorinS28: sits out 
*** HOLE CARDS ***
Massimolouie34: folds 
Calvmcd85: calls $1
m0nTTu: folds 
mironchikvld: folds 
CurtainsCloser: raises $2 to $3
Calvmcd85: calls $2
*** FLOP *** [Ad 4s Qd]
CurtainsCloser: bets $3.09
Calvmcd85: calls $3.09
*** TURN *** [Ad 4s Qd] [Kc]
CurtainsCloser: checks 
Calvmcd85: checks 
*** RIVER *** [Ad 4s Qd Kc] [7c]
CurtainsCloser: bets $12.05
Calvmcd85: calls $12.05
*** SHOW DOWN ***
CurtainsCloser: shows [As 2c] (a pair of Aces)
Calvmcd85: shows [Ac Qh] (two pair, Aces and Queens)
Calvmcd85 collected $34.94 from pot
*** SUMMARY ***
Total pot $36.78 | Rake $1.84 
Board [Ad 4s Qd Kc 7c]
Seat 3: SorinS28
Seat 1: CurtainsCloser (big blind) showed [As 2c] and lost with a pair of Aces
Seat 2: Massimolouie34 folded before Flop (didn't bet)
Seat 4: Calvmcd85 showed [Ac Qh] and won ($34.94) with two pair, Aces and Queens
Seat 5: m0nTTu (button) folded before Flop (didn't bet)
Seat 6: mironchikvld (small blind) folded before Flop



PokerStars Hand #254647283685:  Hold'em No Limit ($0.50/$1.00 USD) - 2025/01/31 2:42:59 WET [2025/01/31 21:42:59 ET]
Table 'Ruchbah' 6-max Seat #6 is the button
Seat 3: SorinS28 ($100 in chips) is sitting out
Seat 1: CurtainsCloser ($32.15 in chips) 
Seat 2: Massimolouie34 ($105.20 in chips) 
Seat 4: Calvmcd85 ($108.66 in chips) 
Seat 5: m0nTTu ($100 in chips) 
Seat 6: mironchikvld ($105.43 in chips) 
CurtainsCloser: posts small blind $0.50
Massimolouie34: posts big blind $1
SorinS28: sits out 
*** HOLE CARDS ***
Calvmcd85: calls $1
m0nTTu: folds 
mironchikvld: raises $4 to $5
CurtainsCloser: folds 
Massimolouie34: calls $4
Calvmcd85: calls $4
*** FLOP *** [Jd Ah 2c]
Massimolouie34: checks 
Calvmcd85: checks 
mironchikvld: checks 
*** TURN *** [Jd Ah 2c] [Js]
Massimolouie34: bets $7.36
Calvmcd85: folds 
mironchikvld: folds 
Uncalled bet ($7.36) returned to Massimolouie34
Massimolouie34 collected $14.72 from pot
Massimolouie34: doesn't show hand 
*** SUMMARY ***
Total pot $15.50 | Rake $0.78 
Board [Jd Ah 2c Js]
Seat 3: SorinS28
Seat 1: CurtainsCloser (small blind) folded before Flop
Seat 2: Massimolouie34 (big blind) collected ($14.72)
Seat 4: Calvmcd85 folded on the Turn
Seat 5: m0nTTu folded before Flop (didn't bet)
Seat 6: mironchikvld (button) folded on the Turn



PokerStars Hand #254647293165:  Hold'em No Limit ($0.50/$1.00 USD) - 2025/01/31 2:43:58 WET [2025/01/31 21:43:58 ET]
Table 'Ruchbah' 6-max Seat #1 is the button
Seat 1: CurtainsCloser ($31.65 in chips) 
Seat 2: Massimolouie34 ($114.92 in chips) 
Seat 3: SorinS28 ($100 in chips) 
Seat 4: Calvmcd85 ($103.66 in chips) 
Seat 5: m0nTTu ($100 in chips) 
Seat 6: mironchikvld ($100.43 in chips) 
Massimolouie34: posts small blind $0.50
SorinS28: posts big blind $1
*** HOLE CARDS ***
Calvmcd85: calls $1
m0nTTu: folds 
mironchikvld: folds 
CurtainsCloser: raises $1 to $2
Massimolouie34: folds 
SorinS28: folds 
Calvmcd85: calls $1
*** FLOP *** [2c 9c 5h]
Calvmcd85: checks 
CurtainsCloser: bets $2.61
Calvmcd85: calls $2.61
*** TURN *** [2c 9c 5h] [3d]
Calvmcd85: bets $5
CurtainsCloser: folds 
Uncalled bet ($5) returned to Calvmcd85
Calvmcd85 collected $10.18 from pot
Calvmcd85: doesn't show hand 
*** SUMMARY ***
Total pot $10.72 | Rake $0.54 
Board [2c 9c 5h 3d]
Seat 1: CurtainsCloser (button) folded on the Turn
Seat 2: Massimolouie34 (small blind) folded before Flop
Seat 3: SorinS28 (big blind) folded before Flop
Seat 4: Calvmcd85 collected ($10.18)
Seat 5: m0nTTu folded before Flop (didn't bet)
Seat 6: mironchikvld folded before Flop (didn't bet)



PokerStars Hand #254647299064:  Hold'em No Limit ($0.50/$1.00 USD) - 2025/01/31 2:44:37 WET [2025/01/31 21:44:37 ET]
Table 'Ruchbah' 6-max Seat #2 is the button
Seat 1: CurtainsCloser ($27.04 in chips) 
Seat 2: Massimolouie34 ($114.42 in chips) 
Seat 3: SorinS28 ($100 in chips) 
Seat 4: Calvmcd85 ($109.23 in chips) 
Seat 5: m0nTTu ($100 in chips) 
Seat 6: mironchikvld ($100.43 in chips) 
SorinS28: posts small blind $0.50
Calvmcd85: posts big blind $1
*** HOLE CARDS ***
m0nTTu: folds 
mironchikvld: raises $2 to $3
CurtainsCloser: folds 
Massimolouie34: folds 
SorinS28: calls $2.50
Calvmcd85: calls $2
*** FLOP *** [7s As 6c]
SorinS28: checks 
Calvmcd85: bets $3
mironchikvld: calls $3
SorinS28: calls $3
*** TURN *** [7s As 6c] [Tc]
SorinS28: checks 
Calvmcd85: checks 
mironchikvld: checks 
*** RIVER *** [7s As 6c Tc] [Kh]
SorinS28: checks 
Calvmcd85: checks 
mironchikvld has timed out
mironchikvld: checks 
*** SHOW DOWN ***
SorinS28: shows [Ah Js] (a pair of Aces)
Calvmcd85: mucks hand 
mironchikvld: mucks hand 
SorinS28 collected $17.10 from pot
*** SUMMARY ***
Total pot $18 | Rake $0.90 
Board [7s As 6c Tc Kh]
Seat 1: CurtainsCloser folded before Flop (didn't bet)
Seat 2: Massimolouie34 (button) folded before Flop (didn't bet)
Seat 3: SorinS28 (small blind) showed [Ah Js] and won ($17.10) with a pair of Aces
Seat 4: Calvmcd85 (big blind) mucked
Seat 5: m0nTTu folded before Flop (didn't bet)
Seat 6: mironchikvld mucked



PokerStars Hand #254647315668:  Hold'em No Limit ($0.50/$1.00 USD) - 2025/01/31 2:46:24 WET [2025/01/31 21:46:24 ET]
Table 'Ruchbah' 6-max Seat #3 is the button
Seat 1: CurtainsCloser ($27.04 in chips) 
Seat 2: Massimolouie34 ($114.42 in chips) 
Seat 3: SorinS28 ($111.10 in chips) 
Seat 4: Calvmcd85 ($103.23 in chips) 
Seat 5: m0nTTu ($100 in chips) 
Seat 6: mironchikvld ($100 in chips) 
Calvmcd85: posts small blind $0.50
m0nTTu: posts big blind $1
*** HOLE CARDS ***
mironchikvld: folds 
CurtainsCloser: folds 
Massimolouie34: folds 
SorinS28: folds 
Calvmcd85: calls $0.50
m0nTTu: checks 
*** FLOP *** [4h 4s Jd]
Calvmcd85: checks 
m0nTTu: bets $1
Calvmcd85: folds 
Uncalled bet ($1) returned to m0nTTu
m0nTTu collected $1.90 from pot
m0nTTu: doesn't show hand 
*** SUMMARY ***
Total pot $2 | Rake $0.10 
Board [4h 4s Jd]
Seat 1: CurtainsCloser folded before Flop (didn't bet)
Seat 2: Massimolouie34 folded before Flop (didn't bet)
Seat 3: SorinS28 (button) folded before Flop (didn't bet)
Seat 4: Calvmcd85 (small blind) folded on the Flop
Seat 5: m0nTTu (big blind) collected ($1.90)
Seat 6: mironchikvld folded before Flop (didn't bet)



PokerStars Hand #254647323006:  Hold'em No Limit ($0.50/$1.00 USD) - 2025/01/31 2:47:11 WET [2025/01/31 21:47:11 ET]
Table 'Ruchbah' 6-max Seat #4 is the button
Seat 1: CurtainsCloser ($27.04 in chips) 
Seat 2: Massimolouie34 ($114.42 in chips) 
Seat 3: SorinS28 ($111.10 in chips) 
Seat 4: Calvmcd85 ($102.23 in chips) 
Seat 5: m0nTTu ($100.90 in chips) 
Seat 6: mironchikvld ($100 in chips) 
m0nTTu: posts small blind $0.50
mironchikvld: posts big blind $1
*** HOLE CARDS ***
CurtainsCloser: folds 
Massimolouie34: raises $2 to $3
SorinS28: folds 
Calvmcd85: folds 
m0nTTu: raises $7 to $10
mironchikvld: folds 
Massimolouie34: calls $7
*** FLOP *** [9h 3c 8d]
m0nTTu: checks 
Massimolouie34: checks 
*** TURN *** [9h 3c 8d] [2c]
m0nTTu: checks 
Massimolouie34: checks 
*** RIVER *** [9h 3c 8d 2c] [6d]
m0nTTu: checks 
Massimolouie34: checks 
*** SHOW DOWN ***
m0nTTu: shows [Ah Jd] (high card Ace)
Massimolouie34: mucks hand 
m0nTTu collected $19.95 from pot
*** SUMMARY ***
Total pot $21 | Rake $1.05 
Board [9h 3c 8d 2c 6d]
Seat 1: CurtainsCloser folded before Flop (didn't bet)
Seat 2: Massimolouie34 mucked
Seat 3: SorinS28 folded before Flop (didn't bet)
Seat 4: Calvmcd85 (button) folded before Flop (didn't bet)
Seat 5: m0nTTu (small blind) showed [Ah Jd] and won ($19.95) with high card Ace
Seat 6: mironchikvld (big blind) folded before Flop



PokerStars Hand #254647333149:  Hold'em No Limit ($0.50/$1.00 USD) - 2025/01/31 2:48:17 WET [2025/01/31 21:48:17 ET]
Table 'Ruchbah' 6-max Seat #5 is the button
Seat 1: CurtainsCloser ($27.04 in chips) 
Seat 2: Massimolouie34 ($104.42 in chips) 
Seat 3: SorinS28 ($111.10 in chips) 
Seat 4: Calvmcd85 ($102.23 in chips) 
Seat 5: m0nTTu ($110.85 in chips) 
Seat 6: mironchikvld ($100 in chips) 
mironchikvld: posts small blind $0.50
CurtainsCloser: posts big blind $1
*** HOLE CARDS ***
Massimolouie34: folds 
SorinS28: folds 
Calvmcd85: raises $2 to $3
m0nTTu: folds 
mironchikvld: raises $9 to $12
CurtainsCloser: folds 
Calvmcd85: folds 
Uncalled bet ($9) returned to mironchikvld
mironchikvld collected $7 from pot
mironchikvld: doesn't show hand 
*** SUMMARY ***
Total pot $7 | Rake $0 
Seat 1: CurtainsCloser (big blind) folded before Flop
Seat 2: Massimolouie34 folded before Flop (didn't bet)
Seat 3: SorinS28 folded before Flop (didn't bet)
Seat 4: Calvmcd85 folded before Flop
Seat 5: m0nTTu (button) folded before Flop (didn't bet)
Seat 6: mironchikvld (small blind) collected ($7)



PokerStars Hand #254647337083:  Hold'em No Limit ($0.50/$1.00 USD) - 2025/01/31 2:48:42 WET [2025/01/31 21:48:42 ET]
Table 'Ruchbah' 6-max Seat #6 is the button
Seat 1: CurtainsCloser ($26.04 in chips) 
Seat 2: Massimolouie34 ($104.42 in chips) 
Seat 3: SorinS28 ($111.10 in chips) 
Seat 4: Calvmcd85 ($99.23 in chips) 
Seat 5: m0nTTu ($110.85 in chips) 
Seat 6: mironchikvld ($104 in chips) 
CurtainsCloser: posts small blind $0.50
Massimolouie34: posts big blind $1
*** HOLE CARDS ***
SorinS28: folds 
Calvmcd85: folds 
m0nTTu: folds 
mironchikvld: raises $2 to $3
CurtainsCloser: folds 
Massimolouie34: calls $2
*** FLOP *** [2c 9h Ad]
Massimolouie34: checks 
mironchikvld: checks 
*** TURN *** [2c 9h Ad] [8h]
Massimolouie34: checks 
mironchikvld: checks 
*** RIVER *** [2c 9h Ad 8h] [Tc]
Massimolouie34: checks 
mironchikvld: checks 
*** SHOW DOWN ***
Massimolouie34: shows [6s 9d] (a pair of Nines)
mironchikvld: shows [4s 9s] (a pair of Nines)
Massimolouie34 collected $3.09 from pot
mironchikvld collected $3.09 from pot
*** SUMMARY ***
Total pot $6.50 | Rake $0.32 
Board [2c 9h Ad 8h Tc]
Seat 1: CurtainsCloser (small blind) folded before Flop
Seat 2: Massimolouie34 (big blind) showed [6s 9d] and won ($3.09) with a pair of Nines
Seat 3: SorinS28 folded before Flop (didn't bet)
Seat 4: Calvmcd85 folded before Flop (didn't bet)
Seat 5: m0nTTu folded before Flop (didn't bet)
Seat 6: mironchikvld (button) showed [4s 9s] and won ($3.09) with a pair of Nines



PokerStars Hand #254647347893:  Hold'em No Limit ($0.50/$1.00 USD) - 2025/01/31 2:49:52 WET [2025/01/31 21:49:52 ET]
Table 'Ruchbah' 6-max Seat #1 is the button
Seat 1: CurtainsCloser ($25.54 in chips) 
Seat 2: Massimolouie34 ($104.51 in chips) 
Seat 3: SorinS28 ($111.10 in chips) 
Seat 4: Calvmcd85 ($99.23 in chips) 
Seat 5: m0nTTu ($110.85 in chips) 
Seat 6: mironchikvld ($104.09 in chips) 
Massimolouie34: posts small blind $0.50
SorinS28: posts big blind $1
*** HOLE CARDS ***
Calvmcd85: folds 
m0nTTu: folds 
mironchikvld: folds 
CurtainsCloser: folds 
Massimolouie34: calls $0.50
SorinS28: checks 
*** FLOP *** [Ts Qd 2h]
Massimolouie34: checks 
SorinS28: checks 
*** TURN *** [Ts Qd 2h] [2d]
Massimolouie34: bets $1
SorinS28: folds 
Uncalled bet ($1) returned to Massimolouie34
Massimolouie34 collected $1.90 from pot
Massimolouie34: doesn't show hand 
*** SUMMARY ***
Total pot $2 | Rake $0.10 
Board [Ts Qd 2h 2d]
Seat 1: CurtainsCloser (button) folded before Flop (didn't bet)
Seat 2: Massimolouie34 (small blind) collected ($1.90)
Seat 3: SorinS28 (big blind) folded on the Turn
Seat 4: Calvmcd85 folded before Flop (didn't bet)
Seat 5: m0nTTu folded before Flop (didn't bet)
Seat 6: mironchikvld folded before Flop (didn't bet)



PokerStars Hand #254647353157:  Hold'em No Limit ($0.50/$1.00 USD) - 2025/01/31 2:50:26 WET [2025/01/31 21:50:26 ET]
Table 'Ruchbah' 6-max Seat #2 is the button
Seat 1: CurtainsCloser ($25.54 in chips) 
Seat 2: Massimolouie34 ($105.41 in chips) 
Seat 3: SorinS28 ($110.10 in chips) 
Seat 4: Calvmcd85 ($99.23 in chips) 
Seat 5: m0nTTu ($110.85 in chips) 
Seat 6: mironchikvld ($104.09 in chips) 
SorinS28: posts small blind $0.50
Calvmcd85: posts big blind $1
*** HOLE CARDS ***
m0nTTu: folds 
mironchikvld: folds 
CurtainsCloser: raises $1 to $2
Massimolouie34: calls $2
SorinS28: calls $1.50
Calvmcd85: calls $1
*** FLOP *** [4h Js 7c]
SorinS28: checks 
Calvmcd85: checks 
CurtainsCloser: checks 
Massimolouie34: bets $3.80
SorinS28: calls $3.80
Calvmcd85: folds 
CurtainsCloser: folds 
*** TURN *** [4h Js 7c] [Ac]
SorinS28: checks 
Massimolouie34: bets $7.41
SorinS28: calls $7.41
*** RIVER *** [4h Js 7c Ac] [8h]
SorinS28: checks 
Massimolouie34: bets $6
SorinS28: raises $90.89 to $96.89 and is all-in
Massimolouie34: folds 
Uncalled bet ($90.89) returned to SorinS28
SorinS28 collected $40.30 from pot
SorinS28: doesn't show hand 
*** SUMMARY ***
Total pot $42.42 | Rake $2.12 
Board [4h Js 7c Ac 8h]
Seat 1: CurtainsCloser folded on the Flop
Seat 2: Massimolouie34 (button) folded on the River
Seat 3: SorinS28 (small blind) collected ($40.30)
Seat 4: Calvmcd85 (big blind) folded on the Flop
Seat 5: m0nTTu folded before Flop (didn't bet)
Seat 6: mironchikvld folded before Flop (didn't bet)



PokerStars Hand #254647378328:  Hold'em No Limit ($0.50/$1.00 USD) - 2025/01/31 2:53:10 WET [2025/01/31 21:53:10 ET]
Table 'Ruchbah' 6-max Seat #3 is the button
Seat 1: CurtainsCloser ($23.54 in chips) 
Seat 2: Massimolouie34 ($86.20 in chips) 
Seat 3: SorinS28 ($131.19 in chips) 
Seat 4: Calvmcd85 ($97.23 in chips) 
Seat 5: m0nTTu ($110.85 in chips) 
Seat 6: mironchikvld ($104.09 in chips) 
Calvmcd85: posts small blind $0.50
m0nTTu: posts big blind $1
*** HOLE CARDS ***
mironchikvld: raises $2 to $3
CurtainsCloser: folds 
Massimolouie34: folds 
SorinS28: folds 
Calvmcd85: calls $2.50
m0nTTu: folds 
*** FLOP *** [Qc 4h 6c]
Calvmcd85: checks 
mironchikvld: bets $2.19
Calvmcd85: folds 
Uncalled bet ($2.19) returned to mironchikvld
mironchikvld collected $6.65 from pot
mironchikvld: doesn't show hand 
*** SUMMARY ***
Total pot $7 | Rake $0.35 
Board [Qc 4h 6c]
Seat 1: CurtainsCloser folded before Flop (didn't bet)
Seat 2: Massimolouie34 folded before Flop (didn't bet)
Seat 3: SorinS28 (button) folded before Flop (didn't bet)
Seat 4: Calvmcd85 (small blind) folded on the Flop
Seat 5: m0nTTu (big blind) folded before Flop
Seat 6: mironchikvld collected ($6.65)



PokerStars Hand #254647383167:  Hold'em No Limit ($0.50/$1.00 USD) - 2025/01/31 2:53:42 WET [2025/01/31 21:53:42 ET]
Table 'Ruchbah' 6-max Seat #4 is the button
Seat 1: CurtainsCloser ($23.54 in chips) 
Seat 2: Massimolouie34 ($86.20 in chips) 
Seat 3: SorinS28 ($131.19 in chips) 
Seat 4: Calvmcd85 ($94.23 in chips) 
Seat 5: m0nTTu ($109.85 in chips) 
Seat 6: mironchikvld ($107.74 in chips) 
m0nTTu: posts small blind $0.50
mironchikvld: posts big blind $1
*** HOLE CARDS ***
CurtainsCloser: folds 
Massimolouie34: raises $2 to $3
SorinS28: folds 
Calvmcd85: folds 
m0nTTu: folds 
mironchikvld: folds 
Uncalled bet ($2) returned to Massimolouie34
Massimolouie34 collected $2.50 from pot
Massimolouie34: doesn't show hand 
*** SUMMARY ***
Total pot $2.50 | Rake $0 
Seat 1: CurtainsCloser folded before Flop (didn't bet)
Seat 2: Massimolouie34 collected ($2.50)
Seat 3: SorinS28 folded before Flop (didn't bet)
Seat 4: Calvmcd85 (button) folded before Flop (didn't bet)
Seat 5: m0nTTu (small blind) folded before Flop
Seat 6: mironchikvld (big blind) folded before Flop



PokerStars Hand #254647386809:  Hold'em No Limit ($0.50/$1.00 USD) - 2025/01/31 2:54:06 WET [2025/01/31 21:54:06 ET]
Table 'Ruchbah' 6-max Seat #5 is the button
Seat 1: CurtainsCloser ($23.54 in chips) 
Seat 2: Massimolouie34 ($87.70 in chips) 
Seat 3: SorinS28 ($131.19 in chips) 
Seat 4: Calvmcd85 ($94.23 in chips) 
Seat 5: m0nTTu ($109.35 in chips) 
Seat 6: mironchikvld ($106.74 in chips) 
mironchikvld: posts small blind $0.50
CurtainsCloser: posts big blind $1
*** HOLE CARDS ***
Massimolouie34: folds 
SorinS28: folds 
Calvmcd85: raises $2 to $3
m0nTTu: raises $6 to $9
mironchikvld: folds 
CurtainsCloser: folds 
Calvmcd85: folds 
Uncalled bet ($6) returned to m0nTTu
m0nTTu collected $7.50 from pot
m0nTTu: doesn't show hand 
*** SUMMARY ***
Total pot $7.50 | Rake $0 
Seat 1: CurtainsCloser (big blind) folded before Flop
Seat 2: Massimolouie34 folded before Flop (didn't bet)
Seat 3: SorinS28 folded before Flop (didn't bet)
Seat 4: Calvmcd85 folded before Flop
Seat 5: m0nTTu (button) collected ($7.50)
Seat 6: mironchikvld (small blind) folded before Flop



PokerStars Hand #254647393501:  Hold'em No Limit ($0.50/$1.00 USD) - 2025/01/31 2:54:49 WET [2025/01/31 21:54:49 ET]
Table 'Ruchbah' 6-max Seat #6 is the button
Seat 1: CurtainsCloser ($22.54 in chips) 
Seat 2: Massimolouie34 ($87.70 in chips) 
Seat 3: SorinS28 ($131.19 in chips) 
Seat 4: Calvmcd85 ($91.23 in chips) 
Seat 5: m0nTTu ($113.85 in chips) 
Seat 6: mironchikvld ($106.24 in chips) 
CurtainsCloser: posts small blind $0.50
Massimolouie34: posts big blind $1
*** HOLE CARDS ***
SorinS28: folds 
Calvmcd85: calls $1
m0nTTu: folds 
mironchikvld: folds 
CurtainsCloser: folds 
Massimolouie34: checks 
*** FLOP *** [Ad 8h 6h]
Massimolouie34: checks 
Calvmcd85: checks 
*** TURN *** [Ad 8h 6h] [Qs]
Massimolouie34: bets $1.19
Calvmcd85: calls $1.19
*** RIVER *** [Ad 8h 6h Qs] [7s]
Massimolouie34: bets $2.32
Calvmcd85: calls $2.32
*** SHOW DOWN ***
Massimolouie34: shows [3s Td] (high card Ace)
Calvmcd85: shows [Js Qh] (a pair of Queens)
Calvmcd85 collected $9.04 from pot
*** SUMMARY ***
Total pot $9.52 | Rake $0.48 
Board [Ad 8h 6h Qs 7s]
Seat 1: CurtainsCloser (small blind) folded before Flop
Seat 2: Massimolouie34 (big blind) showed [3s Td] and lost with high card Ace
Seat 3: SorinS28 folded before Flop (didn't bet)
Seat 4: Calvmcd85 showed [Js Qh] and won ($9.04) with a pair of Queens
Seat 5: m0nTTu folded before Flop (didn't bet)
Seat 6: mironchikvld (button) folded before Flop (didn't bet)



PokerStars Hand #254647401102:  Hold'em No Limit ($0.50/$1.00 USD) - 2025/01/31 2:55:47 WET [2025/01/31 21:55:47 ET]
Table 'Ruchbah' 6-max Seat #1 is the button
Seat 1: CurtainsCloser ($22.04 in chips) 
Seat 2: Massimolouie34 ($83.19 in chips) 
Seat 3: SorinS28 ($131.19 in chips) 
Seat 4: Calvmcd85 ($95.76 in chips) 
Seat 5: m0nTTu ($113.85 in chips) 
Seat 6: mironchikvld ($106.24 in chips) 
Massimolouie34: posts small blind $0.50
SorinS28: posts big blind $1
*** HOLE CARDS ***
Calvmcd85: calls $1
m0nTTu: folds 
mironchikvld: folds 
CurtainsCloser: folds 
Massimolouie34: raises $2 to $3
SorinS28: folds 
Calvmcd85: calls $2
*** FLOP *** [Jc 3s 2s]
Massimolouie34: checks 
Calvmcd85: checks 
*** TURN *** [Jc 3s 2s] [Qs]
Massimolouie34: checks 
Calvmcd85: bets $3
Massimolouie34: folds 
Uncalled bet ($3) returned to Calvmcd85
Calvmcd85 collected $6.65 from pot
Calvmcd85: doesn't show hand 
*** SUMMARY ***
Total pot $7 | Rake $0.35 
Board [Jc 3s 2s Qs]
Seat 1: CurtainsCloser (button) folded before Flop (didn't bet)
Seat 2: Massimolouie34 (small blind) folded on the Turn
Seat 3: SorinS28 (big blind) folded before Flop
Seat 4: Calvmcd85 collected ($6.65)
Seat 5: m0nTTu folded before Flop (didn't bet)
Seat 6: mironchikvld folded before Flop (didn't bet)



PokerStars Hand #254647405312:  Hold'em No Limit ($0.50/$1.00 USD) - 2025/01/31 2:56:23 WET [2025/01/31 21:56:23 ET]
Table 'Ruchbah' 6-max Seat #2 is the button
Seat 1: CurtainsCloser ($22.04 in chips) 
Seat 2: Massimolouie34 ($80.19 in chips) 
Seat 3: SorinS28 ($130.19 in chips) 
Seat 4: Calvmcd85 ($99.41 in chips) 
Seat 5: m0nTTu ($113.85 in chips) 
Seat 6: mironchikvld ($106.24 in chips) 
SorinS28: posts small blind $0.50
Calvmcd85: posts big blind $1
*** HOLE CARDS ***
m0nTTu: folds 
mironchikvld: folds 
CurtainsCloser: folds 
Massimolouie34: calls $1
SorinS28: folds 
Calvmcd85: checks 
*** FLOP *** [2s Kc 6s]
Calvmcd85: bets $3
Massimolouie34: calls $3
*** TURN *** [2s Kc 6s] [Jc]
Calvmcd85: bets $5
Massimolouie34: folds 
Uncalled bet ($5) returned to Calvmcd85
Calvmcd85 collected $8.08 from pot
Calvmcd85: doesn't show hand 
*** SUMMARY ***
Total pot $8.50 | Rake $0.42 
Board [2s Kc 6s Jc]
Seat 1: CurtainsCloser folded before Flop (didn't bet)
Seat 2: Massimolouie34 (button) folded on the Turn
Seat 3: SorinS28 (small blind) folded before Flop
Seat 4: Calvmcd85 (big blind) collected ($8.08)
Seat 5: m0nTTu folded before Flop (didn't bet)
Seat 6: mironchikvld folded before Flop (didn't bet)



PokerStars Hand #254647409065:  Hold'em No Limit ($0.50/$1.00 USD) - 2025/01/31 2:56:55 WET [2025/01/31 21:56:55 ET]
Table 'Ruchbah' 6-max Seat #3 is the button
Seat 1: CurtainsCloser ($22.04 in chips) 
Seat 2: Massimolouie34 ($76.19 in chips) 
Seat 3: SorinS28 ($129.69 in chips) 
Seat 4: Calvmcd85 ($103.49 in chips) 
Seat 5: m0nTTu ($113.85 in chips) 
Seat 6: mironchikvld ($106.24 in chips) 
Calvmcd85: posts small blind $0.50
m0nTTu: posts big blind $1
*** HOLE CARDS ***
mironchikvld: folds 
CurtainsCloser: folds 
Massimolouie34: folds 
SorinS28: folds 
Calvmcd85: folds 
Uncalled bet ($0.50) returned to m0nTTu
m0nTTu collected $1 from pot
m0nTTu: doesn't show hand 
*** SUMMARY ***
Total pot $1 | Rake $0 
Seat 1: CurtainsCloser folded before Flop (didn't bet)
Seat 2: Massimolouie34 folded before Flop (didn't bet)
Seat 3: SorinS28 (button) folded before Flop (didn't bet)
Seat 4: Calvmcd85 (small blind) folded before Flop
Seat 5: m0nTTu (big blind) collected ($1)
Seat 6: mironchikvld folded before Flop (didn't bet)



PokerStars Hand #254647410439:  Hold'em No Limit ($0.50/$1.00 USD) - 2025/01/31 2:57:06 WET [2025/01/31 21:57:06 ET]
Table 'Ruchbah' 6-max Seat #4 is the button
Seat 1: CurtainsCloser ($22.04 in chips) 
Seat 2: Massimolouie34 ($76.19 in chips) 
Seat 3: SorinS28 ($129.69 in chips) 
Seat 4: Calvmcd85 ($102.99 in chips) 
Seat 5: m0nTTu ($114.35 in chips) 
Seat 6: mironchikvld ($106.24 in chips) 
m0nTTu: posts small blind $0.50
mironchikvld: posts big blind $1
*** HOLE CARDS ***
CurtainsCloser: folds 
Massimolouie34: folds 
SorinS28: raises $1.30 to $2.30
Calvmcd85: folds 
Calvmcd85 leaves the table
m0nTTu: folds 
mironchikvld: folds 
Uncalled bet ($1.30) returned to SorinS28
SorinS28 collected $2.50 from pot
SorinS28: doesn't show hand 
*** SUMMARY ***
Total pot $2.50 | Rake $0 
Seat 1: CurtainsCloser folded before Flop (didn't bet)
Seat 2: Massimolouie34 folded before Flop (didn't bet)
Seat 3: SorinS28 collected ($2.50)
Seat 4: Calvmcd85 (button) folded before Flop (didn't bet)
Seat 5: m0nTTu (small blind) folded before Flop
Seat 6: mironchikvld (big blind) folded before Flop



PokerStars Hand #254647412678:  Hold'em No Limit ($0.50/$1.00 USD) - 2025/01/31 2:57:24 WET [2025/01/31 21:57:24 ET]
Table 'Ruchbah' 6-max Seat #5 is the button
Seat 1: CurtainsCloser ($22.04 in chips) 
Seat 2: Massimolouie34 ($76.19 in chips) 
Seat 3: SorinS28 ($131.19 in chips) 
Seat 5: m0nTTu ($113.85 in chips) 
Seat 6: mironchikvld ($105.24 in chips) 
mironchikvld: posts small blind $0.50
CurtainsCloser: posts big blind $1
*** HOLE CARDS ***
Massimolouie34: folds 
BeauParleur joins the table at seat #4 
SorinS28: folds 
m0nTTu: folds 
mironchikvld: raises $2 to $3
CurtainsCloser: folds 
Uncalled bet ($2) returned to mironchikvld
mironchikvld collected $2 from pot
mironchikvld: doesn't show hand 
*** SUMMARY ***
Total pot $2 | Rake $0 
Seat 1: CurtainsCloser (big blind) folded before Flop
Seat 2: Massimolouie34 folded before Flop (didn't bet)
Seat 3: SorinS28 folded before Flop (didn't bet)
Seat 5: m0nTTu (button) folded before Flop (didn't bet)
Seat 6: mironchikvld (small blind) collected ($2)



PokerStars Hand #254647414929:  Hold'em No Limit ($0.50/$1.00 USD) - 2025/01/31 2:57:43 WET [2025/01/31 21:57:43 ET]
Table 'Ruchbah' 6-max Seat #6 is the button
Seat 4: BeauParleur ($100 in chips) is sitting out
Seat 1: CurtainsCloser ($21.04 in chips) 
Seat 2: Massimolouie34 ($76.19 in chips) 
Seat 3: SorinS28 ($131.19 in chips) 
Seat 5: m0nTTu ($113.85 in chips) 
Seat 6: mironchikvld ($106.24 in chips) 
CurtainsCloser: posts small blind $0.50
Massimolouie34: posts big blind $1
BeauParleur: sits out 
*** HOLE CARDS ***
SorinS28: raises $1.02 to $2.02
m0nTTu: folds 
mironchikvld: folds 
CurtainsCloser: calls $1.52
Massimolouie34: calls $1.02
*** FLOP *** [Jc 2s 3s]
CurtainsCloser: checks 
Massimolouie34: checks 
SorinS28: bets $1.61
CurtainsCloser: folds 
Massimolouie34: calls $1.61
*** TURN *** [Jc 2s 3s] [5c]
Massimolouie34: checks 
SorinS28: bets $6.62
Massimolouie34: calls $6.62
*** RIVER *** [Jc 2s 3s 5c] [7d]
Massimolouie34: checks 
SorinS28: bets $10.70
Massimolouie34: folds 
Uncalled bet ($10.70) returned to SorinS28
SorinS28 collected $21.39 from pot
SorinS28: doesn't show hand 
*** SUMMARY ***
Total pot $22.52 | Rake $1.13 
Board [Jc 2s 3s 5c 7d]
Seat 4: BeauParleur
Seat 1: CurtainsCloser (small blind) folded on the Flop
Seat 2: Massimolouie34 (big blind) folded on the River
Seat 3: SorinS28 collected ($21.39)
Seat 5: m0nTTu folded before Flop (didn't bet)
Seat 6: mironchikvld (button) folded before Flop (didn't bet)



PokerStars Hand #254647426578:  Hold'em No Limit ($0.50/$1.00 USD) - 2025/01/31 2:59:20 WET [2025/01/31 21:59:20 ET]
Table 'Ruchbah' 6-max Seat #1 is the button
Seat 3: SorinS28 ($142.33 in chips) is sitting out
Seat 1: CurtainsCloser ($19.02 in chips) 
Seat 2: Massimolouie34 ($65.94 in chips) 
Seat 4: BeauParleur ($100 in chips) 
Seat 5: m0nTTu ($113.85 in chips) 
Seat 6: mironchikvld ($106.24 in chips) 
Massimolouie34: posts small blind $0.50
SorinS28: is sitting out 
BeauParleur: posts big blind $1
*** HOLE CARDS ***
m0nTTu: folds 
mironchikvld: folds 
CurtainsCloser: raises $1 to $2
Massimolouie34: folds 
BeauParleur: raises $88 to $90
CurtainsCloser: calls $17.02 and is all-in
Uncalled bet ($70.98) returned to BeauParleur
*** FLOP *** [8d 2c 5d]
*** TURN *** [8d 2c 5d] [Jc]
*** RIVER *** [8d 2c 5d Jc] [Qh]
*** SHOW DOWN ***
BeauParleur: shows [Kc As] (high card Ace)
CurtainsCloser: shows [7h Kh] (high card King)
BeauParleur collected $36.61 from pot
CurtainsCloser cashed out the hand for $10.53 | Cash Out Fee $0.21
*** SUMMARY ***
Total pot $38.54 | Rake $1.93 
Board [8d 2c 5d Jc Qh]
Seat 3: SorinS28
Seat 1: CurtainsCloser (button) showed [7h Kh] and lost with high card King (cashed out).
Seat 2: Massimolouie34 (small blind) folded before Flop
Seat 4: BeauParleur (big blind) showed [Kc As] and won ($36.61) with high card Ace
Seat 5: m0nTTu folded before Flop (didn't bet)
Seat 6: mironchikvld folded before Flop (didn't bet)



PokerStars Hand #254647432066:  Hold'em No Limit ($0.50/$1.00 USD) - 2025/01/31 3:00:06 WET [2025/01/31 22:00:06 ET]
Table 'Ruchbah' 6-max Seat #2 is the button
Seat 3: SorinS28 ($142.33 in chips) is sitting out
Seat 5: m0nTTu ($113.85 in chips) is sitting out
Seat 1: CurtainsCloser ($10.53 in chips) 
Seat 2: Massimolouie34 ($65.44 in chips) 
Seat 4: BeauParleur ($117.59 in chips) 
Seat 6: mironchikvld ($106.24 in chips) 
BeauParleur: posts small blind $0.50
m0nTTu: is sitting out 
mironchikvld: posts big blind $1
*** HOLE CARDS ***
CurtainsCloser: folds 
m0nTTu leaves the table
Massimolouie34: raises $2 to $3
BeauParleur: folds 
mironchikvld: folds 
Uncalled bet ($2) returned to Massimolouie34
Massimolouie34 collected $2.50 from pot
Massimolouie34: doesn't show hand 
*** SUMMARY ***
Total pot $2.50 | Rake $0 
Seat 3: SorinS28
Seat 5: m0nTTu
Seat 1: CurtainsCloser folded before Flop (didn't bet)
Seat 2: Massimolouie34 (button) collected ($2.50)
Seat 4: BeauParleur (small blind) folded before Flop
Seat 6: mironchikvld (big blind) folded before Flop



PokerStars Hand #254647434417:  Hold'em No Limit ($0.50/$1.00 USD) - 2025/01/31 3:00:25 WET [2025/01/31 22:00:25 ET]
Table 'Ruchbah' 6-max Seat #4 is the button
Seat 3: SorinS28 ($142.33 in chips) is sitting out
Seat 1: CurtainsCloser ($10.53 in chips) 
Seat 2: Massimolouie34 ($66.94 in chips) 
Seat 4: BeauParleur ($117.09 in chips) 
Seat 6: mironchikvld ($105.24 in chips) 
mironchikvld: posts small blind $0.50
CurtainsCloser: posts big blind $1
SorinS28: sits out 
*** HOLE CARDS ***
Sukres44 joins the table at seat #5 
Sukres44 is disconnected 
Massimolouie34: raises $2 to $3
BeauParleur: folds 
mironchikvld: folds 
CurtainsCloser: folds 
Uncalled bet ($2) returned to Massimolouie34
Massimolouie34 collected $2.50 from pot
Massimolouie34: doesn't show hand 
*** SUMMARY ***
Total pot $2.50 | Rake $0 
Seat 3: SorinS28
Seat 1: CurtainsCloser (big blind) folded before Flop
Seat 2: Massimolouie34 collected ($2.50)
Seat 4: BeauParleur (button) folded before Flop (didn't bet)
Seat 6: mironchikvld (small blind) folded before Flop



PokerStars Hand #254647439229:  Hold'em No Limit ($0.50/$1.00 USD) - 2025/01/31 3:01:01 WET [2025/01/31 22:01:01 ET]
Table 'Ruchbah' 6-max Seat #6 is the button
Seat 3: SorinS28 ($142.33 in chips) is sitting out
Seat 5: Sukres44 ($75.16 in chips) is sitting out
Seat 1: CurtainsCloser ($9.53 in chips) 
Seat 2: Massimolouie34 ($68.44 in chips) 
Seat 4: BeauParleur ($117.09 in chips) 
Seat 6: mironchikvld ($104.74 in chips) 
CurtainsCloser: posts small blind $0.50
Massimolouie34: posts big blind $1
SorinS28: sits out 
Sukres44: sits out 
*** HOLE CARDS ***
BeauParleur: raises $1.25 to $2.25
mironchikvld: folds 
CurtainsCloser: raises $7.28 to $9.53 and is all-in
Massimolouie34: folds 
BeauParleur: calls $7.28
*** FLOP *** [3d 5c 9h]
*** TURN *** [3d 5c 9h] [Qh]
*** RIVER *** [3d 5c 9h Qh] [6d]
*** SHOW DOWN ***
CurtainsCloser: shows [8d 8s] (a pair of Eights)
BeauParleur: shows [Ah 2h] (high card Ace)
CurtainsCloser collected $19.06 from pot
*** SUMMARY ***
Total pot $20.06 | Rake $1 
Board [3d 5c 9h Qh 6d]
Seat 3: SorinS28
Seat 5: Sukres44
Seat 1: CurtainsCloser (small blind) showed [8d 8s] and won ($19.06) with a pair of Eights
Seat 2: Massimolouie34 (big blind) folded before Flop
Seat 4: BeauParleur showed [Ah 2h] and lost with high card Ace
Seat 6: mironchikvld (button) folded before Flop (didn't bet)



PokerStars Hand #254647443397:  Hold'em No Limit ($0.50/$1.00 USD) - 2025/01/31 3:01:30 WET [2025/01/31 22:01:30 ET]
Table 'Ruchbah' 6-max Seat #1 is the button
Seat 1: CurtainsCloser ($19.06 in chips) 
Seat 2: Massimolouie34 ($67.44 in chips) 
Seat 3: SorinS28 ($142.33 in chips) 
Seat 4: BeauParleur ($107.56 in chips) 
Seat 5: Sukres44 ($75.16 in chips) 
Seat 6: mironchikvld ($104.74 in chips) 
Massimolouie34: posts small blind $0.50
SorinS28: posts big blind $1
Sukres44: posts big blind $1
*** HOLE CARDS ***
BeauParleur: folds 
Sukres44: checks 
mironchikvld: folds 
CurtainsCloser: folds 
Massimolouie34: folds 
SorinS28: checks 
*** FLOP *** [8s Qh 2h]
SorinS28: checks 
Sukres44: bets $1.19
SorinS28: folds 
Uncalled bet ($1.19) returned to Sukres44
Sukres44 collected $2.35 from pot
*** SUMMARY ***
Total pot $2.50 | Rake $0.15 
Board [8s Qh 2h]
Seat 1: CurtainsCloser (button) folded before Flop (didn't bet)
Seat 2: Massimolouie34 (small blind) folded before Flop
Seat 3: SorinS28 (big blind) folded on the Flop
Seat 4: BeauParleur folded before Flop (didn't bet)
Seat 5: Sukres44 collected ($2.35)
Seat 6: mironchikvld folded before Flop (didn't bet)



PokerStars Hand #254647447326:  Hold'em No Limit ($0.50/$1.00 USD) - 2025/01/31 3:01:57 WET [2025/01/31 22:01:57 ET]
Table 'Ruchbah' 6-max Seat #2 is the button
Seat 1: CurtainsCloser ($19.06 in chips) 
Seat 2: Massimolouie34 ($66.94 in chips) 
Seat 3: SorinS28 ($141.33 in chips) 
Seat 4: BeauParleur ($107.56 in chips) 
Seat 5: Sukres44 ($76.51 in chips) 
Seat 6: mironchikvld ($104.74 in chips) 
SorinS28: posts small blind $0.50
BeauParleur: posts big blind $1
*** HOLE CARDS ***
Sukres44: calls $1
mironchikvld: folds 
CurtainsCloser: folds 
Massimolouie34: raises $2 to $3
SorinS28: calls $2.50
BeauParleur: folds 
Sukres44: calls $2
*** FLOP *** [Kh 8c 7c]
SorinS28: checks 
Sukres44: checks 
Massimolouie34: bets $4
SorinS28: calls $4
Sukres44: folds 
*** TURN *** [Kh 8c 7c] [8d]
SorinS28: checks 
Massimolouie34: checks 
*** RIVER *** [Kh 8c 7c 8d] [8s]
SorinS28: bets $11.46
Massimolouie34: calls $11.46
*** SHOW DOWN ***
SorinS28: shows [4c 3c] (three of a kind, Eights)
Massimolouie34: shows [Ad 7h] (a full house, Eights full of Sevens)
Massimolouie34 collected $38.87 from pot
*** SUMMARY ***
Total pot $40.92 | Rake $2.05 
Board [Kh 8c 7c 8d 8s]
Seat 1: CurtainsCloser folded before Flop (didn't bet)
Seat 2: Massimolouie34 (button) showed [Ad 7h] and won ($38.87) with a full house, Eights full of Sevens
Seat 3: SorinS28 (small blind) showed [4c 3c] and lost with three of a kind, Eights
Seat 4: BeauParleur (big blind) folded before Flop
Seat 5: Sukres44 folded on the Flop
Seat 6: mironchikvld folded before Flop (didn't bet)



PokerStars Hand #254647459091:  Hold'em No Limit ($0.50/$1.00 USD) - 2025/01/31 3:03:15 WET [2025/01/31 22:03:15 ET]
Table 'Ruchbah' 6-max Seat #3 is the button
Seat 1: CurtainsCloser ($19.06 in chips) 
Seat 2: Massimolouie34 ($87.35 in chips) 
Seat 3: SorinS28 ($122.87 in chips) 
Seat 4: BeauParleur ($106.56 in chips) 
Seat 5: Sukres44 ($73.51 in chips) 
Seat 6: mironchikvld ($104.74 in chips) 
BeauParleur: posts small blind $0.50
Sukres44: posts big blind $1
*** HOLE CARDS ***
mironchikvld: raises $2 to $3
CurtainsCloser: raises $16.06 to $19.06 and is all-in
Massimolouie34: folds 
SorinS28: folds 
BeauParleur: folds 
Sukres44: calls $18.06
mironchikvld: folds 
*** FLOP *** [4s 8d 9c]
*** TURN *** [4s 8d 9c] [4d]
*** RIVER *** [4s 8d 9c 4d] [5h]
*** SHOW DOWN ***
Sukres44: shows [Ts Td] (two pair, Tens and Fours)
CurtainsCloser: shows [Qc Ad] (a pair of Fours)
Sukres44 collected $39.02 from pot
*** SUMMARY ***
Total pot $41.62 | Rake $2.60 
Board [4s 8d 9c 4d 5h]
Seat 1: CurtainsCloser showed [Qc Ad] and lost with a pair of Fours
Seat 2: Massimolouie34 folded before Flop (didn't bet)
Seat 3: SorinS28 (button) folded before Flop (didn't bet)
Seat 4: BeauParleur (small blind) folded before Flop
Seat 5: Sukres44 (big blind) showed [Ts Td] and won ($39.02) with two pair, Tens and Fours
Seat 6: mironchikvld folded before Flop



PokerStars Hand #254647464554:  Hold'em No Limit ($0.50/$1.00 USD) - 2025/01/31 3:03:51 WET [2025/01/31 22:03:51 ET]
Table 'Ruchbah' 6-max Seat #4 is the button
Seat 1: CurtainsCloser ($0 in chips) is sitting out
Seat 2: Massimolouie34 ($87.35 in chips) 
Seat 3: SorinS28 ($122.87 in chips) 
Seat 4: BeauParleur ($106.06 in chips) 
Seat 5: Sukres44 ($93.47 in chips) 
Seat 6: mironchikvld ($101.74 in chips) 
Sukres44: posts small blind $0.50
mironchikvld: posts big blind $1
*** HOLE CARDS ***
Massimolouie34: folds 
SorinS28: folds 
BeauParleur: folds 
Sukres44: calls $0.50
Massimolouie34 leaves the table
mironchikvld: checks 
*** FLOP *** [8c Jc 4c]
Sukres44: bets $1
mironchikvld: folds 
Uncalled bet ($1) returned to Sukres44
CurtainsCloser leaves the table
Sukres44 collected $1.88 from pot
*** SUMMARY ***
Total pot $2 | Rake $0.12 
Board [8c Jc 4c]
Seat 1: CurtainsCloser
Seat 2: Massimolouie34 folded before Flop (didn't bet)
Seat 3: SorinS28 folded before Flop (didn't bet)
Seat 4: BeauParleur (button) folded before Flop (didn't bet)
Seat 5: Sukres44 (small blind) collected ($1.88)
Seat 6: mironchikvld (big blind) folded on the Flop



PokerStars Hand #254647468414:  Hold'em No Limit ($0.50/$1.00 USD) - 2025/01/31 3:04:17 WET [2025/01/31 22:04:17 ET]
Table 'Ruchbah' 6-max Seat #5 is the button
Seat 3: SorinS28 ($122.87 in chips) 
Seat 4: BeauParleur ($106.06 in chips) 
Seat 5: Sukres44 ($94.35 in chips) 
Seat 6: mironchikvld ($100.74 in chips) 
mironchikvld: posts small blind $0.50
SorinS28: posts big blind $1
*** HOLE CARDS ***
BeauParleur: folds 
Sukres44: calls $1
mironchikvld: folds 
SorinS28: checks 
*** FLOP *** [5d 2s Kc]
SorinS28: checks 
Sukres44: bets $1.19
SorinS28: folds 
Uncalled bet ($1.19) returned to Sukres44
Sukres44 collected $2.35 from pot
reeqar joins the table at seat #1 
*** SUMMARY ***
Total pot $2.50 | Rake $0.15 
Board [5d 2s Kc]
Seat 3: SorinS28 (big blind) folded on the Flop
Seat 4: BeauParleur folded before Flop (didn't bet)
Seat 5: Sukres44 (button) collected ($2.35)
Seat 6: mironchikvld (small blind) folded before Flop



PokerStars Hand #254647471581:  Hold'em No Limit ($0.50/$1.00 USD) - 2025/01/31 3:04:38 WET [2025/01/31 22:04:38 ET]
Table 'Ruchbah' 6-max Seat #6 is the button
Seat 1: reeqar ($100 in chips) is sitting out
Seat 3: SorinS28 ($121.87 in chips) 
Seat 4: BeauParleur ($106.06 in chips) 
Seat 5: Sukres44 ($95.70 in chips) 
Seat 6: mironchikvld ($100.24 in chips) 
SorinS28: posts small blind $0.50
BeauParleur: posts big blind $1
*** HOLE CARDS ***
Sukres44: folds 
mironchikvld: raises $2 to $3
SorinS28: folds 
BeauParleur: folds 
Uncalled bet ($2) returned to mironchikvld
mironchikvld collected $2.50 from pot
mironchikvld: doesn't show hand 
m0nTTu joins the table at seat #2 
*** SUMMARY ***
Total pot $2.50 | Rake $0 
Seat 1: reeqar
Seat 3: SorinS28 (small blind) folded before Flop
Seat 4: BeauParleur (big blind) folded before Flop
Seat 5: Sukres44 folded before Flop (didn't bet)
Seat 6: mironchikvld (button) collected ($2.50)



PokerStars Hand #254647473905:  Hold'em No Limit ($0.50/$1.00 USD) - 2025/01/31 3:04:53 WET [2025/01/31 22:04:53 ET]
Table 'Ruchbah' 6-max Seat #3 is the button
Seat 1: reeqar ($100 in chips) is sitting out
Seat 2: m0nTTu ($113.85 in chips) is sitting out
Seat 3: SorinS28 ($121.37 in chips) 
Seat 4: BeauParleur ($105.06 in chips) 
Seat 5: Sukres44 ($95.70 in chips) 
Seat 6: mironchikvld ($101.74 in chips) 
BeauParleur: posts small blind $0.50
Sukres44: posts big blind $1
reeqar: sits out 
m0nTTu: sits out 
*** HOLE CARDS ***
mironchikvld: folds 
SorinS28: raises $1.50 to $2.50
BeauParleur: folds 
Sukres44: calls $1.50
*** FLOP *** [7c 9h Ac]
Sukres44: checks 
SorinS28: bets $1.46
Sukres44: calls $1.46
*** TURN *** [7c 9h Ac] [6s]
Sukres44: checks 
SorinS28: bets $6
Sukres44: calls $6
*** RIVER *** [7c 9h Ac 6s] [9d]
Sukres44: checks 
SorinS28: checks 
*** SHOW DOWN ***
Sukres44: shows [Ad Th] (two pair, Aces and Nines)
SorinS28: mucks hand 
Sukres44 collected $19.17 from pot
*** SUMMARY ***
Total pot $20.42 | Rake $1.25 
Board [7c 9h Ac 6s 9d]
Seat 1: reeqar
Seat 2: m0nTTu
Seat 3: SorinS28 (button) mucked
Seat 4: BeauParleur (small blind) folded before Flop
Seat 5: Sukres44 (big blind) showed [Ad Th] and won ($19.17) with two pair, Aces and Nines
Seat 6: mironchikvld folded before Flop (didn't bet)



PokerStars Hand #254647480602:  Hold'em No Limit ($0.50/$1.00 USD) - 2025/01/31 3:05:38 WET [2025/01/31 22:05:38 ET]
Table 'Ruchbah' 6-max Seat #4 is the button
Seat 1: reeqar ($100 in chips) is sitting out
Seat 2: m0nTTu ($113.85 in chips) is sitting out
Seat 3: SorinS28 ($111.41 in chips) 
Seat 4: BeauParleur ($104.56 in chips) 
Seat 5: Sukres44 ($104.91 in chips) 
Seat 6: mironchikvld ($101.74 in chips) 
Sukres44: posts small blind $0.50
mironchikvld: posts big blind $1
reeqar: sits out 
m0nTTu: sits out 
*** HOLE CARDS ***
SorinS28: folds 
BeauParleur: folds 
Sukres44: folds 
Uncalled bet ($0.50) returned to mironchikvld
mironchikvld collected $1 from pot
mironchikvld: doesn't show hand 
*** SUMMARY ***
Total pot $1 | Rake $0 
Seat 1: reeqar
Seat 2: m0nTTu
Seat 3: SorinS28 folded before Flop (didn't bet)
Seat 4: BeauParleur (button) folded before Flop (didn't bet)
Seat 5: Sukres44 (small blind) folded before Flop
Seat 6: mironchikvld (big blind) collected ($1)



PokerStars Hand #254647481801:  Hold'em No Limit ($0.50/$1.00 USD) - 2025/01/31 3:05:47 WET [2025/01/31 22:05:47 ET]
Table 'Ruchbah' 6-max Seat #5 is the button
Seat 2: m0nTTu ($113.85 in chips) is sitting out
Seat 1: reeqar ($100 in chips) 
Seat 3: SorinS28 ($111.41 in chips) 
Seat 4: BeauParleur ($104.56 in chips) 
Seat 5: Sukres44 ($104.41 in chips) 
Seat 6: mironchikvld ($102.24 in chips) 
mironchikvld: posts small blind $0.50
reeqar: posts big blind $1
m0nTTu: sits out 
*** HOLE CARDS ***
SorinS28: folds 
BeauParleur: raises $1.25 to $2.25
Sukres44: folds 
mironchikvld: folds 
reeqar: folds 
Uncalled bet ($1.25) returned to BeauParleur
BeauParleur collected $2.50 from pot
BeauParleur: doesn't show hand 
*** SUMMARY ***
Total pot $2.50 | Rake $0 
Seat 2: m0nTTu
Seat 1: reeqar (big blind) folded before Flop
Seat 3: SorinS28 folded before Flop (didn't bet)
Seat 4: BeauParleur collected ($2.50)
Seat 5: Sukres44 (button) folded before Flop (didn't bet)
Seat 6: mironchikvld (small blind) folded before Flop



PokerStars Hand #254647484951:  Hold'em No Limit ($0.50/$1.00 USD) - 2025/01/31 3:06:08 WET [2025/01/31 22:06:08 ET]
Table 'Ruchbah' 6-max Seat #6 is the button
Seat 1: reeqar ($100 in chips) 
Seat 2: m0nTTu ($113.85 in chips) 
Seat 3: SorinS28 ($111.41 in chips) 
Seat 4: BeauParleur ($106.06 in chips) 
Seat 5: Sukres44 ($104.41 in chips) 
Seat 6: mironchikvld ($101.74 in chips) 
reeqar: posts small blind $0.50
m0nTTu: posts big blind $1
*** HOLE CARDS ***
SorinS28: folds 
BeauParleur: folds 
Sukres44: calls $1
mironchikvld: folds 
reeqar: folds 
m0nTTu: checks 
*** FLOP *** [6c Jh 4d]
m0nTTu: checks 
Sukres44: checks 
*** TURN *** [6c Jh 4d] [5c]
m0nTTu: bets $1.19
Sukres44: calls $1.19
*** RIVER *** [6c Jh 4d 5c] [8d]
m0nTTu: bets $2.32
Sukres44: calls $2.32
*** SHOW DOWN ***
m0nTTu: shows [9c 9h] (a pair of Nines)
Sukres44: shows [Js 3h] (a pair of Jacks)
Sukres44 collected $8.92 from pot
*** SUMMARY ***
Total pot $9.52 | Rake $0.60 
Board [6c Jh 4d 5c 8d]
Seat 1: reeqar (small blind) folded before Flop
Seat 2: m0nTTu (big blind) showed [9c 9h] and lost with a pair of Nines
Seat 3: SorinS28 folded before Flop (didn't bet)
Seat 4: BeauParleur folded before Flop (didn't bet)
Seat 5: Sukres44 showed [Js 3h] and won ($8.92) with a pair of Jacks
Seat 6: mironchikvld (button) folded before Flop (didn't bet)



PokerStars Hand #254647541906:  Hold'em No Limit ($0.50/$1.00 USD) - 2025/01/31 3:12:35 WET [2025/01/31 22:12:35 ET]
Table 'Ruchbah' 6-max Seat #5 is the button
Seat 1: reeqar ($100 in chips) 
Seat 2: m0nTTu ($109.59 in chips) 
Seat 3: SorinS28 ($163.12 in chips) 
Seat 4: BeauParleur ($115.04 in chips) 
Seat 5: Sukres44 ($90.35 in chips) 
Seat 6: mironchikvld ($100.74 in chips) 
mironchikvld: posts small blind $0.50
reeqar: posts big blind $1
*** HOLE CARDS ***
m0nTTu: folds 
SorinS28: folds 
BeauParleur: folds 
Sukres44: calls $1
mironchikvld: folds 
reeqar: checks 
*** FLOP *** [4c Ad 9c]
reeqar: checks 
Sukres44: bets $1
reeqar: calls $1
*** TURN *** [4c Ad 9c] [9h]
reeqar: checks 
Sukres44: bets $2.14
reeqar: folds 
Uncalled bet ($2.14) returned to Sukres44
Sukres44 collected $4.22 from pot
*** SUMMARY ***
Total pot $4.50 | Rake $0.28 
Board [4c Ad 9c 9h]
Seat 1: reeqar (big blind) folded on the Turn
Seat 2: m0nTTu folded before Flop (didn't bet)
Seat 3: SorinS28 folded before Flop (didn't bet)
Seat 4: BeauParleur folded before Flop (didn't bet)
Seat 5: Sukres44 (button) collected ($4.22)
Seat 6: mironchikvld (small blind) folded before Flop



PokerStars Hand #254647549320:  Hold'em No Limit ($0.50/$1.00 USD) - 2025/01/31 3:13:27 WET [2025/01/31 22:13:27 ET]
Table 'Ruchbah' 6-max Seat #6 is the button
Seat 1: reeqar ($100 in chips) 
Seat 2: m0nTTu ($109.59 in chips) 
Seat 3: SorinS28 ($163.12 in chips) 
Seat 4: BeauParleur ($115.04 in chips) 
Seat 5: Sukres44 ($92.57 in chips) 
Seat 6: mironchikvld ($100.24 in chips) 
reeqar: posts small blind $0.50
m0nTTu: posts big blind $1
*** HOLE CARDS ***
SorinS28: folds 
BeauParleur: folds 
Sukres44: calls $1
mironchikvld: folds 
reeqar: folds 
m0nTTu: checks 
*** FLOP *** [Ad 4h Tc]
m0nTTu: checks 
Sukres44: bets $1.19
m0nTTu: folds 
Uncalled bet ($1.19) returned to Sukres44
Sukres44 collected $2.35 from pot
*** SUMMARY ***
Total pot $2.50 | Rake $0.15 
Board [Ad 4h Tc]
Seat 1: reeqar (small blind) folded before Flop
Seat 2: m0nTTu (big blind) folded on the Flop
Seat 3: SorinS28 folded before Flop (didn't bet)
Seat 4: BeauParleur folded before Flop (didn't bet)
Seat 5: Sukres44 collected ($2.35)
Seat 6: mironchikvld (button) folded before Flop (didn't bet)



PokerStars Hand #254647554119:  Hold'em No Limit ($0.50/$1.00 USD) - 2025/01/31 3:14:00 WET [2025/01/31 22:14:00 ET]
Table 'Ruchbah' 6-max Seat #1 is the button
Seat 1: reeqar ($100 in chips) 
Seat 2: m0nTTu ($108.59 in chips) 
Seat 3: SorinS28 ($163.12 in chips) 
Seat 4: BeauParleur ($115.04 in chips) 
Seat 5: Sukres44 ($93.92 in chips) 
Seat 6: mironchikvld ($100.24 in chips) 
m0nTTu: posts small blind $0.50
SorinS28: posts big blind $1
*** HOLE CARDS ***
BeauParleur: folds 
Sukres44: calls $1
mironchikvld: folds 
reeqar: folds 
m0nTTu: folds 
SorinS28: checks 
*** FLOP *** [Ks Qc 5c]
SorinS28: checks 
Sukres44: checks 
*** TURN *** [Ks Qc 5c] [4h]
SorinS28: checks 
Sukres44: bets $1.19
SorinS28: folds 
Uncalled bet ($1.19) returned to Sukres44
Sukres44 collected $2.35 from pot
*** SUMMARY ***
Total pot $2.50 | Rake $0.15 
Board [Ks Qc 5c 4h]
Seat 1: reeqar (button) folded before Flop (didn't bet)
Seat 2: m0nTTu (small blind) folded before Flop
Seat 3: SorinS28 (big blind) folded on the Turn
Seat 4: BeauParleur folded before Flop (didn't bet)
Seat 5: Sukres44 collected ($2.35)
Seat 6: mironchikvld folded before Flop (didn't bet)



PokerStars Hand #254647558099:  Hold'em No Limit ($0.50/$1.00 USD) - 2025/01/31 3:14:29 WET [2025/01/31 22:14:29 ET]
Table 'Ruchbah' 6-max Seat #2 is the button
Seat 1: reeqar ($100 in chips) 
Seat 2: m0nTTu ($108.09 in chips) 
Seat 3: SorinS28 ($162.12 in chips) 
Seat 4: BeauParleur ($115.04 in chips) 
Seat 5: Sukres44 ($95.27 in chips) 
Seat 6: mironchikvld ($100.24 in chips) 
SorinS28: posts small blind $0.50
BeauParleur: posts big blind $1
*** HOLE CARDS ***
Sukres44: folds 
mironchikvld: raises $2 to $3
reeqar: folds 
m0nTTu: folds 
SorinS28: folds 
BeauParleur: folds 
Uncalled bet ($2) returned to mironchikvld
mironchikvld collected $2.50 from pot
mironchikvld: doesn't show hand 
*** SUMMARY ***
Total pot $2.50 | Rake $0 
Seat 1: reeqar folded before Flop (didn't bet)
Seat 2: m0nTTu (button) folded before Flop (didn't bet)
Seat 3: SorinS28 (small blind) folded before Flop
Seat 4: BeauParleur (big blind) folded before Flop
Seat 5: Sukres44 folded before Flop (didn't bet)
Seat 6: mironchikvld collected ($2.50)



PokerStars Hand #254647561334:  Hold'em No Limit ($0.50/$1.00 USD) - 2025/01/31 3:14:52 WET [2025/01/31 22:14:52 ET]
Table 'Ruchbah' 6-max Seat #3 is the button
Seat 1: reeqar ($100 in chips) 
Seat 2: m0nTTu ($108.09 in chips) 
Seat 3: SorinS28 ($161.62 in chips) 
Seat 4: BeauParleur ($114.04 in chips) 
Seat 5: Sukres44 ($95.27 in chips) 
Seat 6: mironchikvld ($101.74 in chips) 
BeauParleur: posts small blind $0.50
Sukres44: posts big blind $1
*** HOLE CARDS ***
mironchikvld: folds 
reeqar: raises $1.50 to $2.50
m0nTTu: folds 
SorinS28: folds 
BeauParleur: folds 
Sukres44: calls $1.50
*** FLOP *** [9c 8h 4c]
Sukres44: checks 
reeqar: bets $2.61
Sukres44: calls $2.61
*** TURN *** [9c 8h 4c] [9h]
Sukres44: bets $4
reeqar: calls $4
*** RIVER *** [9c 8h 4c 9h] [Qc]
Sukres44: checks 
reeqar: bets $17.25
Sukres44: folds 
Uncalled bet ($17.25) returned to reeqar
reeqar collected $17.78 from pot
reeqar: doesn't show hand 
*** SUMMARY ***
Total pot $18.72 | Rake $0.94 
Board [9c 8h 4c 9h Qc]
Seat 1: reeqar collected ($17.78)
Seat 2: m0nTTu folded before Flop (didn't bet)
Seat 3: SorinS28 (button) folded before Flop (didn't bet)
Seat 4: BeauParleur (small blind) folded before Flop
Seat 5: Sukres44 (big blind) folded on the River
Seat 6: mironchikvld folded before Flop (didn't bet)



PokerStars Hand #254647570170:  Hold'em No Limit ($0.50/$1.00 USD) - 2025/01/31 3:15:54 WET [2025/01/31 22:15:54 ET]
Table 'Ruchbah' 6-max Seat #4 is the button
Seat 1: reeqar ($108.67 in chips) 
Seat 2: m0nTTu ($108.09 in chips) 
Seat 3: SorinS28 ($161.62 in chips) 
Seat 4: BeauParleur ($113.54 in chips) 
Seat 5: Sukres44 ($86.16 in chips) 
Seat 6: mironchikvld ($101.74 in chips) 
Sukres44: posts small blind $0.50
mironchikvld: posts big blind $1
*** HOLE CARDS ***
reeqar: folds 
m0nTTu: raises $1.50 to $2.50
SorinS28: folds 
BeauParleur: folds 
Sukres44: calls $2
mironchikvld: folds 
*** FLOP *** [Tc 7d Kh]
Sukres44: bets $2.85
m0nTTu: calls $2.85
*** TURN *** [Tc 7d Kh] [8c]
Sukres44: checks 
m0nTTu: checks 
*** RIVER *** [Tc 7d Kh 8c] [8d]
Sukres44: bets $5.56
m0nTTu: raises $11.94 to $17.50
Sukres44: folds 
Uncalled bet ($11.94) returned to m0nTTu
m0nTTu collected $21.68 from pot
m0nTTu: doesn't show hand 
*** SUMMARY ***
Total pot $22.82 | Rake $1.14 
Board [Tc 7d Kh 8c 8d]
Seat 1: reeqar folded before Flop (didn't bet)
Seat 2: m0nTTu collected ($21.68)
Seat 3: SorinS28 folded before Flop (didn't bet)
Seat 4: BeauParleur (button) folded before Flop (didn't bet)
Seat 5: Sukres44 (small blind) folded on the River
Seat 6: mironchikvld (big blind) folded before Flop



PokerStars Hand #254647492846:  Hold'em No Limit ($0.50/$1.00 USD) - 2025/01/31 3:07:01 WET [2025/01/31 22:07:01 ET]
Table 'Ruchbah' 6-max Seat #1 is the button
Seat 1: reeqar ($100 in chips) 
Seat 2: m0nTTu ($109.34 in chips) 
Seat 3: SorinS28 ($111.41 in chips) 
Seat 4: BeauParleur ($106.06 in chips) 
Seat 5: Sukres44 ($108.82 in chips) 
Seat 6: mironchikvld ($101.74 in chips) 
m0nTTu: posts small blind $0.50
SorinS28: posts big blind $1
*** HOLE CARDS ***
BeauParleur: folds 
Sukres44: folds 
mironchikvld: folds 
reeqar: raises $1.50 to $2.50
m0nTTu: folds 
SorinS28: raises $10.50 to $13
reeqar: calls $10.50
*** FLOP *** [6h 4d 4h]
SorinS28: bets $15
reeqar: calls $15
*** TURN *** [6h 4d 4h] [8s]
SorinS28: checks 
reeqar: bets $17.82
SorinS28: calls $17.82
*** RIVER *** [6h 4d 4h 8s] [Kh]
SorinS28: checks 
reeqar: checks 
*** SHOW DOWN ***
SorinS28: shows [6d Kd] (two pair, Kings and Sixes)
reeqar: mucks hand 
SorinS28 collected $89.64 from pot
*** SUMMARY ***
Total pot $92.14 | Rake $2.50 
Board [6h 4d 4h 8s Kh]
Seat 1: reeqar (button) mucked
Seat 2: m0nTTu (small blind) folded before Flop
Seat 3: SorinS28 (big blind) showed [6d Kd] and won ($89.64) with two pair, Kings and Sixes
Seat 4: BeauParleur folded before Flop (didn't bet)
Seat 5: Sukres44 folded before Flop (didn't bet)
Seat 6: mironchikvld folded before Flop (didn't bet)



PokerStars Hand #254647511563:  Hold'em No Limit ($0.50/$1.00 USD) - 2025/01/31 3:09:06 WET [2025/01/31 22:09:06 ET]
Table 'Ruchbah' 6-max Seat #2 is the button
Seat 1: reeqar ($100 in chips) 
Seat 2: m0nTTu ($108.84 in chips) 
Seat 3: SorinS28 ($155.23 in chips) 
Seat 4: BeauParleur ($106.06 in chips) 
Seat 5: Sukres44 ($108.82 in chips) 
Seat 6: mironchikvld ($101.74 in chips) 
SorinS28: posts small blind $0.50
BeauParleur: posts big blind $1
*** HOLE CARDS ***
Sukres44: calls $1
mironchikvld: folds 
reeqar: folds 
m0nTTu: folds 
SorinS28: folds 
BeauParleur: checks 
*** FLOP *** [6s Qs 2c]
BeauParleur: checks 
Sukres44: checks 
*** TURN *** [6s Qs 2c] [4d]
BeauParleur: bets $2.98
Sukres44: calls $2.98
*** RIVER *** [6s Qs 2c 4d] [3s]
BeauParleur: bets $6.03
Sukres44: calls $6.03
*** SHOW DOWN ***
BeauParleur: shows [5h 8h] (a straight, Deuce to Six)
Sukres44: mucks hand 
BeauParleur collected $19.49 from pot
*** SUMMARY ***
Total pot $20.52 | Rake $1.03 
Board [6s Qs 2c 4d 3s]
Seat 1: reeqar folded before Flop (didn't bet)
Seat 2: m0nTTu (button) folded before Flop (didn't bet)
Seat 3: SorinS28 (small blind) folded before Flop
Seat 4: BeauParleur (big blind) showed [5h 8h] and won ($19.49) with a straight, Deuce to Six
Seat 5: Sukres44 mucked
Seat 6: mironchikvld folded before Flop (didn't bet)



PokerStars Hand #254647521210:  Hold'em No Limit ($0.50/$1.00 USD) - 2025/01/31 3:10:12 WET [2025/01/31 22:10:12 ET]
Table 'Ruchbah' 6-max Seat #3 is the button
Seat 1: reeqar ($100 in chips) 
Seat 2: m0nTTu ($108.84 in chips) 
Seat 3: SorinS28 ($154.73 in chips) 
Seat 4: BeauParleur ($115.54 in chips) 
Seat 5: Sukres44 ($98.81 in chips) 
Seat 6: mironchikvld ($101.74 in chips) 
BeauParleur: posts small blind $0.50
Sukres44: posts big blind $1
*** HOLE CARDS ***
mironchikvld: folds 
reeqar: folds 
m0nTTu: folds 
SorinS28: raises $1.50 to $2.50
BeauParleur: folds 
Sukres44: calls $1.50
*** FLOP *** [8s 6d Kc]
Sukres44: checks 
SorinS28: bets $1.46
Sukres44: calls $1.46
*** TURN *** [8s 6d Kc] [6c]
Sukres44: checks 
SorinS28: checks 
*** RIVER *** [8s 6d Kc 6c] [Qh]
Sukres44: bets $4
SorinS28: calls $4
*** SHOW DOWN ***
Sukres44: shows [4h 4d] (two pair, Sixes and Fours)
SorinS28: shows [As 8d] (two pair, Eights and Sixes)
SorinS28 collected $15.60 from pot
*** SUMMARY ***
Total pot $16.42 | Rake $0.82 
Board [8s 6d Kc 6c Qh]
Seat 1: reeqar folded before Flop (didn't bet)
Seat 2: m0nTTu folded before Flop (didn't bet)
Seat 3: SorinS28 (button) showed [As 8d] and won ($15.60) with two pair, Eights and Sixes
Seat 4: BeauParleur (small blind) folded before Flop
Seat 5: Sukres44 (big blind) showed [4h 4d] and lost with two pair, Sixes and Fours
Seat 6: mironchikvld folded before Flop (didn't bet)



PokerStars Hand #254647526819:  Hold'em No Limit ($0.50/$1.00 USD) - 2025/01/31 3:10:50 WET [2025/01/31 22:10:50 ET]
Table 'Ruchbah' 6-max Seat #4 is the button
Seat 1: reeqar ($100 in chips) 
Seat 2: m0nTTu ($108.84 in chips) 
Seat 3: SorinS28 ($162.37 in chips) 
Seat 4: BeauParleur ($115.04 in chips) 
Seat 5: Sukres44 ($90.85 in chips) 
Seat 6: mironchikvld ($101.74 in chips) 
Sukres44: posts small blind $0.50
mironchikvld: posts big blind $1
*** HOLE CARDS ***
reeqar: raises $1.50 to $2.50
m0nTTu: raises $5.50 to $8
SorinS28: raises $10 to $18
BeauParleur: folds 
Sukres44: folds 
mironchikvld: folds 
reeqar: folds 
m0nTTu: calls $10
*** FLOP *** [2d 9c 8s]
m0nTTu: checks 
SorinS28: bets $7.98
m0nTTu: calls $7.98
*** TURN *** [2d 9c 8s] [Qc]
m0nTTu: checks 
SorinS28: checks 
*** RIVER *** [2d 9c 8s Qc] [7d]
m0nTTu: checks 
SorinS28: checks 
*** SHOW DOWN ***
m0nTTu: shows [Kd Ac] (high card Ace)
SorinS28: shows [As Ks] (high card Ace)
m0nTTu collected $26.73 from pot
SorinS28 collected $26.73 from pot
*** SUMMARY ***
Total pot $55.96 | Rake $2.50 
Board [2d 9c 8s Qc 7d]
Seat 1: reeqar folded before Flop
Seat 2: m0nTTu showed [Kd Ac] and won ($26.73) with high card Ace
Seat 3: SorinS28 showed [As Ks] and won ($26.73) with high card Ace
Seat 4: BeauParleur (button) folded before Flop (didn't bet)
Seat 5: Sukres44 (small blind) folded before Flop
Seat 6: mironchikvld (big blind) folded before Flop



PokerStars Hand #254647579772:  Hold'em No Limit ($0.50/$1.00 USD) - 2025/01/31 3:17:02 WET [2025/01/31 22:17:02 ET]
Table 'Ruchbah' 6-max Seat #5 is the button
Seat 1: reeqar ($108.67 in chips) 
Seat 2: m0nTTu ($118.86 in chips) 
Seat 3: SorinS28 ($161.62 in chips) 
Seat 4: BeauParleur ($113.54 in chips) 
Seat 5: Sukres44 ($75.25 in chips) 
Seat 6: mironchikvld ($100.74 in chips) 
mironchikvld: posts small blind $0.50
reeqar: posts big blind $1
*** HOLE CARDS ***
m0nTTu: folds 
SorinS28: folds 
BeauParleur: raises $1.25 to $2.25
Sukres44: calls $2.25
mironchikvld: folds 
reeqar: folds 
*** FLOP *** [3d Ad Jh]
BeauParleur: bets $1.88
Sukres44: calls $1.88
*** TURN *** [3d Ad Jh] [9c]
BeauParleur: bets $11.59
Sukres44: folds 
Uncalled bet ($11.59) returned to BeauParleur
BeauParleur collected $9.27 from pot
BeauParleur: doesn't show hand 
*** SUMMARY ***
Total pot $9.76 | Rake $0.49 
Board [3d Ad Jh 9c]
Seat 1: reeqar (big blind) folded before Flop
Seat 2: m0nTTu folded before Flop (didn't bet)
Seat 3: SorinS28 folded before Flop (didn't bet)
Seat 4: BeauParleur collected ($9.27)
Seat 5: Sukres44 (button) folded on the Turn
Seat 6: mironchikvld (small blind) folded before Flop



PokerStars Hand #254647586310:  Hold'em No Limit ($0.50/$1.00 USD) - 2025/01/31 3:17:48 WET [2025/01/31 22:17:48 ET]
Table 'Ruchbah' 6-max Seat #6 is the button
Seat 1: reeqar ($107.67 in chips) 
Seat 2: m0nTTu ($118.86 in chips) 
Seat 3: SorinS28 ($161.62 in chips) 
Seat 4: BeauParleur ($118.68 in chips) 
Seat 5: Sukres44 ($71.12 in chips) 
Seat 6: mironchikvld ($100.24 in chips) 
reeqar: posts small blind $0.50
m0nTTu: posts big blind $1
*** HOLE CARDS ***
SorinS28: folds 
BeauParleur: folds 
Sukres44: calls $1
mironchikvld: folds 
reeqar: folds 
m0nTTu: checks 
*** FLOP *** [Qd 6s 6h]
m0nTTu: checks 
Sukres44: bets $1.19
m0nTTu: calls $1.19
*** TURN *** [Qd 6s 6h] [As]
m0nTTu: checks 
Sukres44: bets $2.32
m0nTTu: calls $2.32
*** RIVER *** [Qd 6s 6h As] [Qh]
m0nTTu: checks 
Sukres44: checks 
*** SHOW DOWN ***
m0nTTu: shows [6c 8s] (a full house, Sixes full of Queens)
Sukres44: mucks hand 
m0nTTu collected $9.04 from pot
*** SUMMARY ***
Total pot $9.52 | Rake $0.48 
Board [Qd 6s 6h As Qh]
Seat 1: reeqar (small blind) folded before Flop
Seat 2: m0nTTu (big blind) showed [6c 8s] and won ($9.04) with a full house, Sixes full of Queens
Seat 3: SorinS28 folded before Flop (didn't bet)
Seat 4: BeauParleur folded before Flop (didn't bet)
Seat 5: Sukres44 mucked
Seat 6: mironchikvld (button) folded before Flop (didn't bet)



PokerStars Hand #254647592745:  Hold'em No Limit ($0.50/$1.00 USD) - 2025/01/31 3:18:33 WET [2025/01/31 22:18:33 ET]
Table 'Ruchbah' 6-max Seat #1 is the button
Seat 1: reeqar ($107.17 in chips) 
Seat 2: m0nTTu ($123.39 in chips) 
Seat 3: SorinS28 ($161.62 in chips) 
Seat 4: BeauParleur ($118.68 in chips) 
Seat 5: Sukres44 ($66.61 in chips) 
Seat 6: mironchikvld ($100.24 in chips) 
m0nTTu: posts small blind $0.50
SorinS28: posts big blind $1
*** HOLE CARDS ***
BeauParleur: folds 
Sukres44: calls $1
mironchikvld: folds 
reeqar: folds 
m0nTTu: folds 
SorinS28: checks 
*** FLOP *** [4c 6d Qh]
SorinS28: checks 
Sukres44: bets $1
SorinS28: folds 
Uncalled bet ($1) returned to Sukres44
Sukres44 collected $2.35 from pot
*** SUMMARY ***
Total pot $2.50 | Rake $0.15 
Board [4c 6d Qh]
Seat 1: reeqar (button) folded before Flop (didn't bet)
Seat 2: m0nTTu (small blind) folded before Flop
Seat 3: SorinS28 (big blind) folded on the Flop
Seat 4: BeauParleur folded before Flop (didn't bet)
Seat 5: Sukres44 collected ($2.35)
Seat 6: mironchikvld folded before Flop (didn't bet)



PokerStars Hand #254647628481:  Hold'em No Limit ($0.50/$1.00 USD) - 2025/01/31 3:22:48 WET [2025/01/31 22:22:48 ET]
Table 'Ruchbah' 6-max Seat #6 is the button
Seat 1: reeqar ($143.48 in chips) 
Seat 2: m0nTTu ($122.89 in chips) 
Seat 3: SorinS28 ($124.81 in chips) 
Seat 4: BeauParleur ($120.38 in chips) 
Seat 5: Sukres44 ($57.84 in chips) 
Seat 6: mironchikvld ($105.45 in chips) 
reeqar: posts small blind $0.50
m0nTTu: posts big blind $1
*** HOLE CARDS ***
SorinS28: folds 
BeauParleur: folds 
Sukres44: folds 
mironchikvld: folds 
reeqar: folds 
Uncalled bet ($0.50) returned to m0nTTu
m0nTTu collected $1 from pot
m0nTTu: doesn't show hand 
*** SUMMARY ***
Total pot $1 | Rake $0 
Seat 1: reeqar (small blind) folded before Flop
Seat 2: m0nTTu (big blind) collected ($1)
Seat 3: SorinS28 folded before Flop (didn't bet)
Seat 4: BeauParleur folded before Flop (didn't bet)
Seat 5: Sukres44 folded before Flop (didn't bet)
Seat 6: mironchikvld (button) folded before Flop (didn't bet)



PokerStars Hand #254647631168:  Hold'em No Limit ($0.50/$1.00 USD) - 2025/01/31 3:23:07 WET [2025/01/31 22:23:07 ET]
Table 'Ruchbah' 6-max Seat #1 is the button
Seat 1: reeqar ($142.98 in chips) 
Seat 2: m0nTTu ($123.39 in chips) 
Seat 3: SorinS28 ($124.81 in chips) 
Seat 4: BeauParleur ($120.38 in chips) 
Seat 5: Sukres44 ($57.84 in chips) 
Seat 6: mironchikvld ($105.45 in chips) 
m0nTTu: posts small blind $0.50
SorinS28: posts big blind $1
*** HOLE CARDS ***
BeauParleur: folds 
Sukres44: folds 
mironchikvld: raises $2 to $3
reeqar: folds 
Sukres44 leaves the table
m0nTTu: folds 
SorinS28: calls $2
*** FLOP *** [9d 5h 5d]
SorinS28: checks 
mironchikvld: checks 
*** TURN *** [9d 5h 5d] [Ac]
SorinS28: checks 
mironchikvld: checks 
*** RIVER *** [9d 5h 5d Ac] [7d]
SorinS28: checks 
mironchikvld: checks 
*** SHOW DOWN ***
SorinS28: shows [9h 7h] (two pair, Nines and Sevens)
mironchikvld: mucks hand 
SorinS28 collected $6.18 from pot
*** SUMMARY ***
Total pot $6.50 | Rake $0.32 
Board [9d 5h 5d Ac 7d]
Seat 1: reeqar (button) folded before Flop (didn't bet)
Seat 2: m0nTTu (small blind) folded before Flop
Seat 3: SorinS28 (big blind) showed [9h 7h] and won ($6.18) with two pair, Nines and Sevens
Seat 4: BeauParleur folded before Flop (didn't bet)
Seat 5: Sukres44 folded before Flop (didn't bet)
Seat 6: mironchikvld mucked



PokerStars Hand #254647640035:  Hold'em No Limit ($0.50/$1.00 USD) - 2025/01/31 3:24:11 WET [2025/01/31 22:24:11 ET]
Table 'Ruchbah' 6-max Seat #2 is the button
Seat 1: reeqar ($142.98 in chips) 
Seat 2: m0nTTu ($122.89 in chips) 
Seat 3: SorinS28 ($127.99 in chips) 
Seat 4: BeauParleur ($120.38 in chips) 
Seat 6: mironchikvld ($102.45 in chips) 
SorinS28: posts small blind $0.50
BeauParleur: posts big blind $1
*** HOLE CARDS ***
mironchikvld: folds 
reeqar: folds 
m0nTTu: folds 
SorinS28: folds 
Uncalled bet ($0.50) returned to BeauParleur
BeauParleur collected $1 from pot
BeauParleur: doesn't show hand 
*** SUMMARY ***
Total pot $1 | Rake $0 
Seat 1: reeqar folded before Flop (didn't bet)
Seat 2: m0nTTu (button) folded before Flop (didn't bet)
Seat 3: SorinS28 (small blind) folded before Flop
Seat 4: BeauParleur (big blind) collected ($1)
Seat 6: mironchikvld folded before Flop (didn't bet)



PokerStars Hand #254647642506:  Hold'em No Limit ($0.50/$1.00 USD) - 2025/01/31 3:24:29 WET [2025/01/31 22:24:29 ET]
Table 'Ruchbah' 6-max Seat #3 is the button
Seat 1: reeqar ($142.98 in chips) 
Seat 2: m0nTTu ($122.89 in chips) 
Seat 3: SorinS28 ($127.49 in chips) 
Seat 4: BeauParleur ($120.88 in chips) 
Seat 6: mironchikvld ($102.45 in chips) 
BeauParleur: posts small blind $0.50
mironchikvld: posts big blind $1
*** HOLE CARDS ***
reeqar: folds 
reeqar leaves the table
m0nTTu: folds 
SorinS28: folds 
BeauParleur: folds 
Uncalled bet ($0.50) returned to mironchikvld
mironchikvld collected $1 from pot
mironchikvld: doesn't show hand 
*** SUMMARY ***
Total pot $1 | Rake $0 
Seat 1: reeqar folded before Flop (didn't bet)
Seat 2: m0nTTu folded before Flop (didn't bet)
Seat 3: SorinS28 (button) folded before Flop (didn't bet)
Seat 4: BeauParleur (small blind) folded before Flop
Seat 6: mironchikvld (big blind) collected ($1)



PokerStars Hand #254647645622:  Hold'em No Limit ($0.50/$1.00 USD) - 2025/01/31 3:24:51 WET [2025/01/31 22:24:51 ET]
Table 'Ruchbah' 6-max Seat #6 is the button
Seat 2: m0nTTu ($122.89 in chips) is sitting out
Seat 3: SorinS28 ($127.49 in chips) is sitting out
Seat 4: BeauParleur ($120.38 in chips) 
Seat 6: mironchikvld ($102.95 in chips) 
mironchikvld: posts small blind $0.50
m0nTTu: is sitting out 
SorinS28: is sitting out 
BeauParleur: posts big blind $1
*** HOLE CARDS ***
SorinS28 leaves the table
mironchikvld: folds 
Uncalled bet ($0.50) returned to BeauParleur
BeauParleur collected $1 from pot
BeauParleur: doesn't show hand 
m0nTTu leaves the table
*** SUMMARY ***
Total pot $1 | Rake $0 
Seat 2: m0nTTu
Seat 3: SorinS28
Seat 4: BeauParleur (big blind) collected ($1)
Seat 6: mironchikvld (button) (small blind) folded before Flop



