PokerStars Hand #254639081817:  Hold'em No Limit ($0.50/$1.00 USD) - 2025/01/31 17:31:57 WET [2025/01/31 12:31:57 ET]
Table 'Jovita' 6-max Seat #4 is the button
Seat 1: paramourx ($100 in chips) 
Seat 2: YeeesMan ($100 in chips) 
Seat 3: AlexPinsk1 ($133.16 in chips) 
Seat 4: IREQO ($117.69 in chips) 
Seat 5: MauriFierro27 ($100 in chips) 
Seat 6: DrFoodenstein ($30.34 in chips) 
MauriFierro27: posts small blind $0.50
DrFoodenstein: posts big blind $1
*** HOLE CARDS ***
paramourx: folds 
YeeesMan: folds 
AlexPinsk1: folds 
IREQO has timed out
IREQO: folds 
MauriFierro27: raises $1.50 to $2.50
DrFoodenstein: calls $1.50
*** FLOP *** [9s 6c Kh]
MauriFierro27: bets $1.57
DrFoodenstein: raises $2.57 to $4.14
MauriFierro27: raises $6.36 to $10.50
DrFoodenstein: calls $6.36
*** TURN *** [9s 6c Kh] [9d]
MauriFierro27: bets $18.52
DrFoodenstein: folds 
Uncalled bet ($18.52) returned to MauriFierro27
MauriFierro27 collected $24.70 from pot
MauriFierro27: doesn't show hand 
*** SUMMARY ***
Total pot $26 | Rake $1.30 
Board [9s 6c Kh 9d]
Seat 1: paramourx folded before Flop (didn't bet)
Seat 2: YeeesMan folded before Flop (didn't bet)
Seat 3: AlexPinsk1 folded before Flop (didn't bet)
Seat 4: IREQO (button) folded before Flop (didn't bet)
Seat 5: MauriFierro27 (small blind) collected ($24.70)
Seat 6: DrFoodenstein (big blind) folded on the Turn



PokerStars Hand #254639092978:  Hold'em No Limit ($0.50/$1.00 USD) - 2025/01/31 17:32:42 WET [2025/01/31 12:32:42 ET]
Table 'Jovita' 6-max Seat #5 is the button
Seat 1: paramourx ($100 in chips) 
Seat 2: YeeesMan ($100 in chips) 
Seat 3: AlexPinsk1 ($133.16 in chips) 
Seat 4: IREQO ($117.69 in chips) 
Seat 5: MauriFierro27 ($111.70 in chips) 
Seat 6: DrFoodenstein ($17.34 in chips) 
DrFoodenstein: posts small blind $0.50
paramourx: posts big blind $1
*** HOLE CARDS ***
DrFoodenstein is disconnected 
YeeesMan: folds 
AlexPinsk1: folds 
IREQO: raises $1.50 to $2.50
MauriFierro27: folds 
DrFoodenstein has timed out while disconnected
DrFoodenstein: folds 
paramourx: folds 
Uncalled bet ($1.50) returned to IREQO
IREQO collected $2.50 from pot
IREQO: doesn't show hand 
*** SUMMARY ***
Total pot $2.50 | Rake $0 
Seat 1: paramourx (big blind) folded before Flop
Seat 2: YeeesMan folded before Flop (didn't bet)
Seat 3: AlexPinsk1 folded before Flop (didn't bet)
Seat 4: IREQO collected ($2.50)
Seat 5: MauriFierro27 (button) folded before Flop (didn't bet)
Seat 6: DrFoodenstein (small blind) folded before Flop



PokerStars Hand #254639102371:  Hold'em No Limit ($0.50/$1.00 USD) - 2025/01/31 17:33:20 WET [2025/01/31 12:33:20 ET]
Table 'Jovita' 6-max Seat #1 is the button
Seat 6: DrFoodenstein ($16.84 in chips) is sitting out
Seat 1: paramourx ($100 in chips) 
Seat 2: YeeesMan ($100 in chips) 
Seat 3: AlexPinsk1 ($133.16 in chips) 
Seat 4: IREQO ($119.19 in chips) 
Seat 5: MauriFierro27 ($111.70 in chips) 
YeeesMan: posts small blind $0.50
AlexPinsk1: posts big blind $1
*** HOLE CARDS ***
IREQO: folds 
MauriFierro27: folds 
paramourx: raises $2 to $3
YeeesMan: raises $8 to $11
AlexPinsk1: folds 
paramourx: folds 
Uncalled bet ($8) returned to YeeesMan
YeeesMan collected $7 from pot
YeeesMan: doesn't show hand 
*** SUMMARY ***
Total pot $7 | Rake $0 
Seat 6: DrFoodenstein
Seat 1: paramourx (button) folded before Flop
Seat 2: YeeesMan (small blind) collected ($7)
Seat 3: AlexPinsk1 (big blind) folded before Flop
Seat 4: IREQO folded before Flop (didn't bet)
Seat 5: MauriFierro27 folded before Flop (didn't bet)



PokerStars Hand #254639107734:  Hold'em No Limit ($0.50/$1.00 USD) - 2025/01/31 17:33:43 WET [2025/01/31 12:33:43 ET]
Table 'Jovita' 6-max Seat #2 is the button
Seat 6: DrFoodenstein ($16.84 in chips) is sitting out
Seat 1: paramourx ($100 in chips) 
Seat 2: YeeesMan ($104 in chips) 
Seat 3: AlexPinsk1 ($132.16 in chips) 
Seat 4: IREQO ($119.19 in chips) 
Seat 5: MauriFierro27 ($111.70 in chips) 
AlexPinsk1: posts small blind $0.50
IREQO: posts big blind $1
*** HOLE CARDS ***
MauriFierro27: folds 
paramourx: folds 
YeeesMan: raises $1.50 to $2.50
AlexPinsk1: folds 
IREQO: folds 
Uncalled bet ($1.50) returned to YeeesMan
YeeesMan collected $2.50 from pot
YeeesMan: doesn't show hand 
*** SUMMARY ***
Total pot $2.50 | Rake $0 
Seat 6: DrFoodenstein
Seat 1: paramourx folded before Flop (didn't bet)
Seat 2: YeeesMan (button) collected ($2.50)
Seat 3: AlexPinsk1 (small blind) folded before Flop
Seat 4: IREQO (big blind) folded before Flop
Seat 5: MauriFierro27 folded before Flop (didn't bet)



PokerStars Hand #254639112684:  Hold'em No Limit ($0.50/$1.00 USD) - 2025/01/31 17:34:02 WET [2025/01/31 12:34:02 ET]
Table 'Jovita' 6-max Seat #3 is the button
Seat 6: DrFoodenstein ($16.84 in chips) is sitting out
Seat 1: paramourx ($100 in chips) 
Seat 2: YeeesMan ($105.50 in chips) 
Seat 3: AlexPinsk1 ($131.66 in chips) 
Seat 4: IREQO ($118.19 in chips) 
Seat 5: MauriFierro27 ($111.70 in chips) 
IREQO: posts small blind $0.50
MauriFierro27: posts big blind $1
*** HOLE CARDS ***
paramourx: raises $2 to $3
YeeesMan: folds 
AlexPinsk1: folds 
IREQO: folds 
MauriFierro27: folds 
Uncalled bet ($2) returned to paramourx
paramourx collected $2.50 from pot
paramourx: doesn't show hand 
*** SUMMARY ***
Total pot $2.50 | Rake $0 
Seat 6: DrFoodenstein
Seat 1: paramourx collected ($2.50)
Seat 2: YeeesMan folded before Flop (didn't bet)
Seat 3: AlexPinsk1 (button) folded before Flop (didn't bet)
Seat 4: IREQO (small blind) folded before Flop
Seat 5: MauriFierro27 (big blind) folded before Flop



PokerStars Hand #254639117038:  Hold'em No Limit ($0.50/$1.00 USD) - 2025/01/31 17:34:21 WET [2025/01/31 12:34:21 ET]
Table 'Jovita' 6-max Seat #4 is the button
Seat 6: DrFoodenstein ($16.84 in chips) is sitting out
Seat 1: paramourx ($101.50 in chips) 
Seat 2: YeeesMan ($105.50 in chips) 
Seat 3: AlexPinsk1 ($131.66 in chips) 
Seat 4: IREQO ($117.69 in chips) 
Seat 5: MauriFierro27 ($110.70 in chips) 
MauriFierro27: posts small blind $0.50
paramourx: posts big blind $1
*** HOLE CARDS ***
YeeesMan: folds 
AlexPinsk1: folds 
IREQO: raises $1.50 to $2.50
MauriFierro27: folds 
paramourx: folds 
Uncalled bet ($1.50) returned to IREQO
IREQO collected $2.50 from pot
IREQO: doesn't show hand 
*** SUMMARY ***
Total pot $2.50 | Rake $0 
Seat 6: DrFoodenstein
Seat 1: paramourx (big blind) folded before Flop
Seat 2: YeeesMan folded before Flop (didn't bet)
Seat 3: AlexPinsk1 folded before Flop (didn't bet)
Seat 4: IREQO (button) collected ($2.50)
Seat 5: MauriFierro27 (small blind) folded before Flop



PokerStars Hand #254639120112:  Hold'em No Limit ($0.50/$1.00 USD) - 2025/01/31 17:34:33 WET [2025/01/31 12:34:33 ET]
Table 'Jovita' 6-max Seat #5 is the button
Seat 2: YeeesMan ($105.50 in chips) is sitting out
Seat 6: DrFoodenstein ($16.84 in chips) is sitting out
Seat 1: paramourx ($100.50 in chips) 
Seat 3: AlexPinsk1 ($131.66 in chips) 
Seat 4: IREQO ($119.19 in chips) 
Seat 5: MauriFierro27 ($110.20 in chips) 
paramourx: posts small blind $0.50
YeeesMan: is sitting out 
AlexPinsk1: posts big blind $1
*** HOLE CARDS ***
YeeesMan leaves the table
IREQO: folds 
MauriFierro27: folds 
paramourx: folds 
Uncalled bet ($0.50) returned to AlexPinsk1
AlexPinsk1 collected $1 from pot
AlexPinsk1: doesn't show hand 
*** SUMMARY ***
Total pot $1 | Rake $0 
Seat 2: YeeesMan
Seat 6: DrFoodenstein
Seat 1: paramourx (small blind) folded before Flop
Seat 3: AlexPinsk1 (big blind) collected ($1)
Seat 4: IREQO folded before Flop (didn't bet)
Seat 5: MauriFierro27 (button) folded before Flop (didn't bet)



PokerStars Hand #254639123224:  Hold'em No Limit ($0.50/$1.00 USD) - 2025/01/31 17:34:46 WET [2025/01/31 12:34:46 ET]
Table 'Jovita' 6-max Seat #3 is the button
Seat 4: IREQO ($119.19 in chips) is sitting out
Seat 5: MauriFierro27 ($110.20 in chips) is sitting out
Seat 6: DrFoodenstein ($16.84 in chips) is sitting out
Seat 1: paramourx ($100 in chips) 
Seat 3: AlexPinsk1 ($132.16 in chips) 
AlexPinsk1: posts small blind $0.50
IREQO: is sitting out 
MauriFierro27: is sitting out 
paramourx: posts big blind $1
*** HOLE CARDS ***
AlexPinsk1: raises $1.50 to $2.50
paramourx: folds 
Uncalled bet ($1.50) returned to AlexPinsk1
AlexPinsk1 collected $2 from pot
AlexPinsk1: doesn't show hand 
*** SUMMARY ***
Total pot $2 | Rake $0 
Seat 4: IREQO
Seat 5: MauriFierro27
Seat 6: DrFoodenstein
Seat 1: paramourx (big blind) folded before Flop
Seat 3: AlexPinsk1 (button) (small blind) collected ($2)



PokerStars Hand #254639126084:  Hold'em No Limit ($0.50/$1.00 USD) - 2025/01/31 17:34:57 WET [2025/01/31 12:34:57 ET]
Table 'Jovita' 6-max Seat #1 is the button
Seat 4: IREQO ($119.19 in chips) is sitting out
Seat 5: MauriFierro27 ($110.20 in chips) is sitting out
Seat 6: DrFoodenstein ($16.84 in chips) is sitting out
Seat 1: paramourx ($100 in chips) 
Seat 3: AlexPinsk1 ($133.16 in chips) 
paramourx: posts small blind $0.50
AlexPinsk1: posts big blind $1
*** HOLE CARDS ***
paramourx: folds 
Uncalled bet ($0.50) returned to AlexPinsk1
AlexPinsk1 collected $1 from pot
AlexPinsk1: doesn't show hand 
*** SUMMARY ***
Total pot $1 | Rake $0 
Seat 4: IREQO
Seat 5: MauriFierro27
Seat 6: DrFoodenstein
Seat 1: paramourx (button) (small blind) folded before Flop
Seat 3: AlexPinsk1 (big blind) collected ($1)



PokerStars Hand #254639172069:  Hold'em No Limit ($0.50/$1.00 USD) - 2025/01/31 17:38:06 WET [2025/01/31 12:38:06 ET]
Table 'Jovita' 6-max Seat #2 is the button
Seat 6: DrFoodenstein ($16.84 in chips) is sitting out
Seat 1: trueYes.3970 ($10 in chips) 
Seat 2: S3MPR3IGUAL ($100 in chips) 
S3MPR3IGUAL: posts small blind $0.50
trueYes.3970: posts big blind $1
*** HOLE CARDS ***
IREQO joins the table at seat #4 
S3MPR3IGUAL: raises $1.20 to $2.20
trueYes.3970: folds 
Uncalled bet ($1.20) returned to S3MPR3IGUAL
S3MPR3IGUAL collected $2 from pot
S3MPR3IGUAL: doesn't show hand 
*** SUMMARY ***
Total pot $2 | Rake $0 
Seat 6: DrFoodenstein
Seat 1: trueYes.3970 (big blind) folded before Flop
Seat 2: S3MPR3IGUAL (button) (small blind) collected ($2)



PokerStars Hand #254639175214:  Hold'em No Limit ($0.50/$1.00 USD) - 2025/01/31 17:38:19 WET [2025/01/31 12:38:19 ET]
Table 'Jovita' 6-max Seat #1 is the button
Seat 6: DrFoodenstein ($16.84 in chips) is sitting out
Seat 1: trueYes.3970 ($9 in chips) 
Seat 2: S3MPR3IGUAL ($101 in chips) 
Seat 4: IREQO ($119.19 in chips) 
S3MPR3IGUAL: posts small blind $0.50
IREQO: posts big blind $1
*** HOLE CARDS ***
trueYes.3970: raises $2.50 to $3.50
S3MPR3IGUAL: folds 
Oli3579 joins the table at seat #3 
IREQO: folds 
Uncalled bet ($2.50) returned to trueYes.3970
trueYes.3970 collected $2.50 from pot
*** SUMMARY ***
Total pot $2.50 | Rake $0 
Seat 6: DrFoodenstein
Seat 1: trueYes.3970 (button) collected ($2.50)
Seat 2: S3MPR3IGUAL (small blind) folded before Flop
Seat 4: IREQO (big blind) folded before Flop



PokerStars Hand #254639177946:  Hold'em No Limit ($0.50/$1.00 USD) - 2025/01/31 17:38:30 WET [2025/01/31 12:38:30 ET]
Table 'Jovita' 6-max Seat #2 is the button
Seat 3: Oli3579 ($100 in chips) is sitting out
Seat 6: DrFoodenstein ($16.84 in chips) is sitting out
Seat 1: trueYes.3970 ($10.50 in chips) 
Seat 2: S3MPR3IGUAL ($100.50 in chips) 
Seat 4: IREQO ($118.19 in chips) 
IREQO: posts small blind $0.50
trueYes.3970: posts big blind $1
*** HOLE CARDS ***
S3MPR3IGUAL: raises $1.20 to $2.20
IREQO: folds 
trueYes.3970: folds 
Uncalled bet ($1.20) returned to S3MPR3IGUAL
S3MPR3IGUAL collected $2.50 from pot
S3MPR3IGUAL: doesn't show hand 
*** SUMMARY ***
Total pot $2.50 | Rake $0 
Seat 3: Oli3579
Seat 6: DrFoodenstein
Seat 1: trueYes.3970 (big blind) folded before Flop
Seat 2: S3MPR3IGUAL (button) collected ($2.50)
Seat 4: IREQO (small blind) folded before Flop



PokerStars Hand #254639180170:  Hold'em No Limit ($0.50/$1.00 USD) - 2025/01/31 17:38:39 WET [2025/01/31 12:38:39 ET]
Table 'Jovita' 6-max Seat #4 is the button
Seat 3: Oli3579 ($100 in chips) is sitting out
Seat 6: DrFoodenstein ($16.84 in chips) is sitting out
Seat 1: trueYes.3970 ($9.50 in chips) 
Seat 2: S3MPR3IGUAL ($102 in chips) 
Seat 4: IREQO ($117.69 in chips) 
trueYes.3970: posts small blind $0.50
S3MPR3IGUAL: posts big blind $1
Oli3579: sits out 
*** HOLE CARDS ***
IREQO: folds 
trueYes.3970: folds 
Uncalled bet ($0.50) returned to S3MPR3IGUAL
S3MPR3IGUAL collected $1 from pot
S3MPR3IGUAL: doesn't show hand 
*** SUMMARY ***
Total pot $1 | Rake $0 
Seat 3: Oli3579
Seat 6: DrFoodenstein
Seat 1: trueYes.3970 (small blind) folded before Flop
Seat 2: S3MPR3IGUAL (big blind) collected ($1)
Seat 4: IREQO (button) folded before Flop (didn't bet)



PokerStars Hand #254639182122:  Hold'em No Limit ($0.50/$1.00 USD) - 2025/01/31 17:38:48 WET [2025/01/31 12:38:48 ET]
Table 'Jovita' 6-max Seat #1 is the button
Seat 6: DrFoodenstein ($16.84 in chips) is sitting out
Seat 1: trueYes.3970 ($9 in chips) 
Seat 2: S3MPR3IGUAL ($102.50 in chips) 
Seat 3: Oli3579 ($100 in chips) 
Seat 4: IREQO ($117.69 in chips) 
S3MPR3IGUAL: posts small blind $0.50
Oli3579: posts big blind $1
*** HOLE CARDS ***
IREQO: raises $1.50 to $2.50
trueYes.3970: folds 
S3MPR3IGUAL: folds 
Oli3579: calls $1.50
*** FLOP *** [Jc Kd 9s]
S3MPR3IGUAL leaves the table
Oli3579: checks 
IREQO: checks 
*** TURN *** [Jc Kd 9s] [Ts]
BGS013 joins the table at seat #2 
Oli3579: checks 
IREQO: checks 
*** RIVER *** [Jc Kd 9s Ts] [2h]
Oli3579: checks 
IREQO: checks 
*** SHOW DOWN ***
Oli3579: shows [9d 7d] (a pair of Nines)
IREQO: shows [Ad Js] (a pair of Jacks)
IREQO collected $5.22 from pot
*** SUMMARY ***
Total pot $5.50 | Rake $0.28 
Board [Jc Kd 9s Ts 2h]
Seat 6: DrFoodenstein
Seat 1: trueYes.3970 (button) folded before Flop (didn't bet)
Seat 2: S3MPR3IGUAL (small blind) folded before Flop
Seat 3: Oli3579 (big blind) showed [9d 7d] and lost with a pair of Nines
Seat 4: IREQO showed [Ad Js] and won ($5.22) with a pair of Jacks



PokerStars Hand #254639201904:  Hold'em No Limit ($0.50/$1.00 USD) - 2025/01/31 17:40:09 WET [2025/01/31 12:40:09 ET]
Table 'Jovita' 6-max Seat #3 is the button
Seat 2: BGS013 ($100 in chips) is sitting out
Seat 6: DrFoodenstein ($16.84 in chips) is sitting out
Seat 1: trueYes.3970 ($9 in chips) 
Seat 3: Oli3579 ($100 in chips) 
Seat 4: IREQO ($120.41 in chips) 
IREQO: posts small blind $0.50
trueYes.3970: posts big blind $1
BGS013: sits out 
*** HOLE CARDS ***
Oli3579: raises $1 to $2
IREQO: folds 
trueYes.3970: calls $1
*** FLOP *** [9d 4c 2d]
trueYes.3970: checks 
Oli3579: bets $1
WatchTheBaby joins the table at seat #5 
trueYes.3970: calls $1
*** TURN *** [9d 4c 2d] [4s]
WatchTheBaby is disconnected 
trueYes.3970: checks 
Oli3579: checks 
*** RIVER *** [9d 4c 2d 4s] [Qs]
trueYes.3970: checks 
Oli3579: checks 
*** SHOW DOWN ***
trueYes.3970: shows [5c Kd] (a pair of Fours)
Oli3579: shows [Kh 6h] (a pair of Fours)
trueYes.3970 collected $3.09 from pot
Oli3579 collected $3.09 from pot
*** SUMMARY ***
Total pot $6.50 | Rake $0.32 
Board [9d 4c 2d 4s Qs]
Seat 2: BGS013
Seat 6: DrFoodenstein
Seat 1: trueYes.3970 (big blind) showed [5c Kd] and won ($3.09) with a pair of Fours
Seat 3: Oli3579 (button) showed [Kh 6h] and won ($3.09) with a pair of Fours
Seat 4: IREQO (small blind) folded before Flop



PokerStars Hand #254639209227:  Hold'em No Limit ($0.50/$1.00 USD) - 2025/01/31 17:40:39 WET [2025/01/31 12:40:39 ET]
Table 'Jovita' 6-max Seat #4 is the button
Seat 5: WatchTheBaby ($100 in chips) is sitting out
Seat 6: DrFoodenstein ($16.84 in chips) is sitting out
Seat 1: trueYes.3970 ($9.09 in chips) 
Seat 2: BGS013 ($100 in chips) 
Seat 3: Oli3579 ($100.09 in chips) 
Seat 4: IREQO ($119.91 in chips) 
trueYes.3970: posts small blind $0.50
BGS013: posts big blind $1
*** HOLE CARDS ***
Oli3579: folds 
IREQO: folds 
trueYes.3970: folds 
Uncalled bet ($0.50) returned to BGS013
BGS013 collected $1 from pot
BGS013: doesn't show hand 
*** SUMMARY ***
Total pot $1 | Rake $0 
Seat 5: WatchTheBaby
Seat 6: DrFoodenstein
Seat 1: trueYes.3970 (small blind) folded before Flop
Seat 2: BGS013 (big blind) collected ($1)
Seat 3: Oli3579 folded before Flop (didn't bet)
Seat 4: IREQO (button) folded before Flop (didn't bet)



PokerStars Hand #254639212223:  Hold'em No Limit ($0.50/$1.00 USD) - 2025/01/31 17:40:51 WET [2025/01/31 12:40:51 ET]
Table 'Jovita' 6-max Seat #1 is the button
Seat 5: WatchTheBaby ($100 in chips) is sitting out
Seat 6: DrFoodenstein ($16.84 in chips) is sitting out
Seat 1: trueYes.3970 ($8.59 in chips) 
Seat 2: BGS013 ($100.50 in chips) 
Seat 3: Oli3579 ($100.09 in chips) 
Seat 4: IREQO ($119.91 in chips) 
BGS013: posts small blind $0.50
Oli3579: posts big blind $1
WatchTheBaby: sits out 
*** HOLE CARDS ***
IREQO: folds 
trueYes.3970: folds 
BGS013: folds 
Uncalled bet ($0.50) returned to Oli3579
Oli3579 collected $1 from pot
Oli3579: doesn't show hand 
*** SUMMARY ***
Total pot $1 | Rake $0 
Seat 5: WatchTheBaby
Seat 6: DrFoodenstein
Seat 1: trueYes.3970 (button) folded before Flop (didn't bet)
Seat 2: BGS013 (small blind) folded before Flop
Seat 3: Oli3579 (big blind) collected ($1)
Seat 4: IREQO folded before Flop (didn't bet)



PokerStars Hand #254639214803:  Hold'em No Limit ($0.50/$1.00 USD) - 2025/01/31 17:41:02 WET [2025/01/31 12:41:02 ET]
Table 'Jovita' 6-max Seat #2 is the button
Seat 5: WatchTheBaby ($100 in chips) is sitting out
Seat 6: DrFoodenstein ($16.84 in chips) is sitting out
Seat 1: trueYes.3970 ($8.59 in chips) 
Seat 2: BGS013 ($100 in chips) 
Seat 3: Oli3579 ($100.59 in chips) 
Seat 4: IREQO ($119.91 in chips) 
Oli3579: posts small blind $0.50
IREQO: posts big blind $1
WatchTheBaby: sits out 
*** HOLE CARDS ***
trueYes.3970: folds 
BGS013: folds 
Oli3579: raises $2 to $3
IREQO: folds 
Uncalled bet ($2) returned to Oli3579
Oli3579 collected $2 from pot
Oli3579: doesn't show hand 
*** SUMMARY ***
Total pot $2 | Rake $0 
Seat 5: WatchTheBaby
Seat 6: DrFoodenstein
Seat 1: trueYes.3970 folded before Flop (didn't bet)
Seat 2: BGS013 (button) folded before Flop (didn't bet)
Seat 3: Oli3579 (small blind) collected ($2)
Seat 4: IREQO (big blind) folded before Flop



PokerStars Hand #254639220175:  Hold'em No Limit ($0.50/$1.00 USD) - 2025/01/31 17:41:24 WET [2025/01/31 12:41:24 ET]
Table 'Jovita' 6-max Seat #3 is the button
Seat 6: DrFoodenstein ($16.84 in chips) is sitting out
Seat 1: trueYes.3970 ($8.59 in chips) 
Seat 2: BGS013 ($100 in chips) 
Seat 3: Oli3579 ($101.59 in chips) 
Seat 4: IREQO ($118.91 in chips) 
Seat 5: WatchTheBaby ($100 in chips) 
IREQO: posts small blind $0.50
WatchTheBaby: posts big blind $1
*** HOLE CARDS ***
trueYes.3970: raises $1.28 to $2.28
BGS013: folds 
Oli3579: folds 
IREQO: folds 
WatchTheBaby: folds 
Uncalled bet ($1.28) returned to trueYes.3970
trueYes.3970 collected $2.50 from pot
trueYes.3970: doesn't show hand 
*** SUMMARY ***
Total pot $2.50 | Rake $0 
Seat 6: DrFoodenstein
Seat 1: trueYes.3970 collected ($2.50)
Seat 2: BGS013 folded before Flop (didn't bet)
Seat 3: Oli3579 (button) folded before Flop (didn't bet)
Seat 4: IREQO (small blind) folded before Flop
Seat 5: WatchTheBaby (big blind) folded before Flop



PokerStars Hand #254639225816:  Hold'em No Limit ($0.50/$1.00 USD) - 2025/01/31 17:41:47 WET [2025/01/31 12:41:47 ET]
Table 'Jovita' 6-max Seat #4 is the button
Seat 6: DrFoodenstein ($16.84 in chips) is sitting out
Seat 1: trueYes.3970 ($10.09 in chips) 
Seat 2: BGS013 ($100 in chips) 
Seat 3: Oli3579 ($101.59 in chips) 
Seat 4: IREQO ($118.41 in chips) 
Seat 5: WatchTheBaby ($100 in chips) 
WatchTheBaby: posts small blind $0.50
trueYes.3970: posts big blind $1
*** HOLE CARDS ***
BGS013: folds 
Oli3579: raises $1 to $2
IREQO: folds 
WatchTheBaby: folds 
trueYes.3970: calls $1
*** FLOP *** [Ts Ah Kh]
trueYes.3970: checks 
Oli3579: bets $1
trueYes.3970: calls $1
*** TURN *** [Ts Ah Kh] [Ac]
trueYes.3970: checks 
Oli3579: checks 
*** RIVER *** [Ts Ah Kh Ac] [8h]
trueYes.3970: checks 
Oli3579: checks 
*** SHOW DOWN ***
trueYes.3970: shows [Jd 7h] (a pair of Aces)
Oli3579: shows [8d Kd] (two pair, Aces and Kings)
Oli3579 collected $6.18 from pot
*** SUMMARY ***
Total pot $6.50 | Rake $0.32 
Board [Ts Ah Kh Ac 8h]
Seat 6: DrFoodenstein
Seat 1: trueYes.3970 (big blind) showed [Jd 7h] and lost with a pair of Aces
Seat 2: BGS013 folded before Flop (didn't bet)
Seat 3: Oli3579 showed [8d Kd] and won ($6.18) with two pair, Aces and Kings
Seat 4: IREQO (button) folded before Flop (didn't bet)
Seat 5: WatchTheBaby (small blind) folded before Flop



PokerStars Hand #254639233725:  Hold'em No Limit ($0.50/$1.00 USD) - 2025/01/31 17:42:19 WET [2025/01/31 12:42:19 ET]
Table 'Jovita' 6-max Seat #5 is the button
Seat 6: DrFoodenstein ($16.84 in chips) is sitting out
Seat 1: trueYes.3970 ($7.09 in chips) 
Seat 2: BGS013 ($100 in chips) 
Seat 3: Oli3579 ($104.77 in chips) 
Seat 4: IREQO ($118.41 in chips) 
Seat 5: WatchTheBaby ($100 in chips) 
trueYes.3970: posts small blind $0.50
BGS013: posts big blind $1
*** HOLE CARDS ***
Oli3579: folds 
IREQO: raises $1.50 to $2.50
WatchTheBaby: folds 
trueYes.3970: folds 
BGS013: calls $1.50
*** FLOP *** [Qd 5h 9s]
BGS013: checks 
IREQO: checks 
*** TURN *** [Qd 5h 9s] [4c]
BGS013: checks 
DrFoodenstein leaves the table
IREQO: bets $2.61
BGS013: calls $2.61
*** RIVER *** [Qd 5h 9s 4c] [7c]
BGS013: checks 
Kristo 914 joins the table at seat #6 
IREQO: checks 
*** SHOW DOWN ***
BGS013: shows [9d Ac] (a pair of Nines)
IREQO: shows [Ts Td] (a pair of Tens)
IREQO collected $10.18 from pot
*** SUMMARY ***
Total pot $10.72 | Rake $0.54 
Board [Qd 5h 9s 4c 7c]
Seat 6: DrFoodenstein
Seat 1: trueYes.3970 (small blind) folded before Flop
Seat 2: BGS013 (big blind) showed [9d Ac] and lost with a pair of Nines
Seat 3: Oli3579 folded before Flop (didn't bet)
Seat 4: IREQO showed [Ts Td] and won ($10.18) with a pair of Tens
Seat 5: WatchTheBaby (button) folded before Flop (didn't bet)



PokerStars Hand #254639252392:  Hold'em No Limit ($0.50/$1.00 USD) - 2025/01/31 17:43:36 WET [2025/01/31 12:43:36 ET]
Table 'Jovita' 6-max Seat #1 is the button
Seat 6: Kristo 914 ($100 in chips) is sitting out
Seat 1: trueYes.3970 ($6.59 in chips) 
Seat 2: BGS013 ($100 in chips) 
Seat 3: Oli3579 ($104.77 in chips) 
Seat 4: IREQO ($123.48 in chips) 
Seat 5: WatchTheBaby ($100 in chips) 
BGS013: posts small blind $0.50
Oli3579: posts big blind $1
Kristo 914: sits out 
*** HOLE CARDS ***
IREQO: folds 
WatchTheBaby: folds 
trueYes.3970: folds 
BGS013: raises $2 to $3
Oli3579: raises $6.50 to $9.50
BGS013: folds 
Uncalled bet ($6.50) returned to Oli3579
Oli3579 collected $6 from pot
Oli3579: doesn't show hand 
*** SUMMARY ***
Total pot $6 | Rake $0 
Seat 6: Kristo 914
Seat 1: trueYes.3970 (button) folded before Flop (didn't bet)
Seat 2: BGS013 (small blind) folded before Flop
Seat 3: Oli3579 (big blind) collected ($6)
Seat 4: IREQO folded before Flop (didn't bet)
Seat 5: WatchTheBaby folded before Flop (didn't bet)



PokerStars Hand #254639259555:  Hold'em No Limit ($0.50/$1.00 USD) - 2025/01/31 17:44:06 WET [2025/01/31 12:44:06 ET]
Table 'Jovita' 6-max Seat #2 is the button
Seat 6: Kristo 914 ($100 in chips) is sitting out
Seat 1: trueYes.3970 ($6.59 in chips) 
Seat 2: BGS013 ($100 in chips) 
Seat 3: Oli3579 ($107.77 in chips) 
Seat 4: IREQO ($123.48 in chips) 
Seat 5: WatchTheBaby ($100 in chips) 
Oli3579: posts small blind $0.50
IREQO: posts big blind $1
Kristo 914: sits out 
*** HOLE CARDS ***
WatchTheBaby: folds 
trueYes.3970: raises $4.59 to $5.59
BGS013: folds 
Oli3579: folds 
IREQO: folds 
Uncalled bet ($4.59) returned to trueYes.3970
trueYes.3970 collected $2.50 from pot
*** SUMMARY ***
Total pot $2.50 | Rake $0 
Seat 6: Kristo 914
Seat 1: trueYes.3970 collected ($2.50)
Seat 2: BGS013 (button) folded before Flop (didn't bet)
Seat 3: Oli3579 (small blind) folded before Flop
Seat 4: IREQO (big blind) folded before Flop
Seat 5: WatchTheBaby folded before Flop (didn't bet)



PokerStars Hand #254639264258:  Hold'em No Limit ($0.50/$1.00 USD) - 2025/01/31 17:44:25 WET [2025/01/31 12:44:25 ET]
Table 'Jovita' 6-max Seat #3 is the button
Seat 6: Kristo 914 ($100 in chips) is sitting out
Seat 1: trueYes.3970 ($8.09 in chips) 
Seat 2: BGS013 ($100 in chips) 
Seat 3: Oli3579 ($107.27 in chips) 
Seat 4: IREQO ($122.48 in chips) 
Seat 5: WatchTheBaby ($100 in chips) 
IREQO: posts small blind $0.50
WatchTheBaby: posts big blind $1
Kristo 914: sits out 
*** HOLE CARDS ***
trueYes.3970: folds 
BGS013 has timed out
BGS013: folds 
Oli3579: raises $1.25 to $2.25
IREQO: folds 
WatchTheBaby: raises $5 to $7.25
Oli3579: folds 
Uncalled bet ($5) returned to WatchTheBaby
WatchTheBaby collected $5 from pot
*** SUMMARY ***
Total pot $5 | Rake $0 
Seat 6: Kristo 914
Seat 1: trueYes.3970 folded before Flop (didn't bet)
Seat 2: BGS013 folded before Flop (didn't bet)
Seat 3: Oli3579 (button) folded before Flop
Seat 4: IREQO (small blind) folded before Flop
Seat 5: WatchTheBaby (big blind) collected ($5)



PokerStars Hand #254639273292:  Hold'em No Limit ($0.50/$1.00 USD) - 2025/01/31 17:45:02 WET [2025/01/31 12:45:02 ET]
Table 'Jovita' 6-max Seat #4 is the button
Seat 1: trueYes.3970 ($8.09 in chips) 
Seat 2: BGS013 ($100 in chips) 
Seat 3: Oli3579 ($105.02 in chips) 
Seat 4: IREQO ($121.98 in chips) 
Seat 5: WatchTheBaby ($102.75 in chips) 
Seat 6: Kristo 914 ($100 in chips) 
WatchTheBaby: posts small blind $0.50
Kristo 914: posts big blind $1
*** HOLE CARDS ***
trueYes.3970: folds 
BGS013: folds 
Oli3579: folds 
IREQO: raises $1.50 to $2.50
WatchTheBaby: folds 
Kristo 914: calls $1.50
*** FLOP *** [3s 4c Ac]
Kristo 914: checks 
IREQO: bets $3.45
Kristo 914: calls $3.45
*** TURN *** [3s 4c Ac] [5d]
Kristo 914: checks 
IREQO: bets $11
Kristo 914: calls $11
*** RIVER *** [3s 4c Ac 5d] [Js]
Kristo 914: checks 
IREQO: checks 
*** SHOW DOWN ***
Kristo 914: shows [Kc 6c] (high card Ace)
IREQO: shows [Ks As] (a pair of Aces)
IREQO collected $32.68 from pot
*** SUMMARY ***
Total pot $34.40 | Rake $1.72 
Board [3s 4c Ac 5d Js]
Seat 1: trueYes.3970 folded before Flop (didn't bet)
Seat 2: BGS013 folded before Flop (didn't bet)
Seat 3: Oli3579 folded before Flop (didn't bet)
Seat 4: IREQO (button) showed [Ks As] and won ($32.68) with a pair of Aces
Seat 5: WatchTheBaby (small blind) folded before Flop
Seat 6: Kristo 914 (big blind) showed [Kc 6c] and lost with high card Ace



PokerStars Hand #254639304211:  Hold'em No Limit ($0.50/$1.00 USD) - 2025/01/31 17:47:07 WET [2025/01/31 12:47:07 ET]
Table 'Jovita' 6-max Seat #5 is the button
Seat 1: trueYes.3970 ($8.09 in chips) 
Seat 2: BGS013 ($100 in chips) 
Seat 3: Oli3579 ($105.02 in chips) 
Seat 4: IREQO ($137.71 in chips) 
Seat 5: WatchTheBaby ($102.25 in chips) 
Seat 6: Kristo 914 ($100 in chips) 
Kristo 914: posts small blind $0.50
trueYes.3970: posts big blind $1
*** HOLE CARDS ***
BGS013: folds 
Oli3579: folds 
IREQO: folds 
WatchTheBaby: folds 
Kristo 914: raises $2 to $3
trueYes.3970: calls $2
*** FLOP *** [2d Tc 3s]
Kristo 914: bets $1
trueYes.3970: calls $1
*** TURN *** [2d Tc 3s] [As]
Kristo 914: bets $24
trueYes.3970: calls $4.09 and is all-in
Uncalled bet ($19.91) returned to Kristo 914
*** RIVER *** [2d Tc 3s As] [7s]
*** SHOW DOWN ***
Kristo 914: shows [5s 8s] (a flush, Ace high)
trueYes.3970: shows [8h Kc] (high card Ace)
Kristo 914 collected $15.37 from pot
*** SUMMARY ***
Total pot $16.18 | Rake $0.81 
Board [2d Tc 3s As 7s]
Seat 1: trueYes.3970 (big blind) showed [8h Kc] and lost with high card Ace
Seat 2: BGS013 folded before Flop (didn't bet)
Seat 3: Oli3579 folded before Flop (didn't bet)
Seat 4: IREQO folded before Flop (didn't bet)
Seat 5: WatchTheBaby (button) folded before Flop (didn't bet)
Seat 6: Kristo 914 (small blind) showed [5s 8s] and won ($15.37) with a flush, Ace high



PokerStars Hand #254639311823:  Hold'em No Limit ($0.50/$1.00 USD) - 2025/01/31 17:47:38 WET [2025/01/31 12:47:38 ET]
Table 'Jovita' 6-max Seat #6 is the button
Seat 1: trueYes.3970 ($0 in chips) is sitting out
Seat 2: BGS013 ($100 in chips) 
Seat 3: Oli3579 ($105.02 in chips) 
Seat 4: IREQO ($137.71 in chips) 
Seat 5: WatchTheBaby ($102.25 in chips) 
Seat 6: Kristo 914 ($107.28 in chips) 
BGS013: posts small blind $0.50
Oli3579: posts big blind $1
*** HOLE CARDS ***
IREQO: folds 
WatchTheBaby: folds 
Kristo 914: folds 
IREQO leaves the table
BGS013: folds 
Uncalled bet ($0.50) returned to Oli3579
Oli3579 collected $1 from pot
Oli3579: doesn't show hand 
*** SUMMARY ***
Total pot $1 | Rake $0 
Seat 1: trueYes.3970
Seat 2: BGS013 (small blind) folded before Flop
Seat 3: Oli3579 (big blind) collected ($1)
Seat 4: IREQO folded before Flop (didn't bet)
Seat 5: WatchTheBaby folded before Flop (didn't bet)
Seat 6: Kristo 914 (button) folded before Flop (didn't bet)



PokerStars Hand #254639317126:  Hold'em No Limit ($0.50/$1.00 USD) - 2025/01/31 17:47:59 WET [2025/01/31 12:47:59 ET]
Table 'Jovita' 6-max Seat #2 is the button
Seat 1: trueYes.3970 ($0 in chips) is sitting out
Seat 2: BGS013 ($100 in chips) 
Seat 3: Oli3579 ($105.52 in chips) 
Seat 5: WatchTheBaby ($102.25 in chips) 
Seat 6: Kristo 914 ($107.28 in chips) 
Oli3579: posts small blind $0.50
WatchTheBaby: posts big blind $1
*** HOLE CARDS ***
Kristo 914: folds 
BGS013: folds 
Oli3579: folds 
Uncalled bet ($0.50) returned to WatchTheBaby
WatchTheBaby collected $1 from pot
*** SUMMARY ***
Total pot $1 | Rake $0 
Seat 1: trueYes.3970
Seat 2: BGS013 (button) folded before Flop (didn't bet)
Seat 3: Oli3579 (small blind) folded before Flop
Seat 5: WatchTheBaby (big blind) collected ($1)
Seat 6: Kristo 914 folded before Flop (didn't bet)



PokerStars Hand #254639318946:  Hold'em No Limit ($0.50/$1.00 USD) - 2025/01/31 17:48:06 WET [2025/01/31 12:48:06 ET]
Table 'Jovita' 6-max Seat #3 is the button
Seat 1: trueYes.3970 ($0 in chips) is sitting out
Seat 2: BGS013 ($100 in chips) 
Seat 3: Oli3579 ($105.02 in chips) 
Seat 5: WatchTheBaby ($102.75 in chips) 
Seat 6: Kristo 914 ($107.28 in chips) 
WatchTheBaby: posts small blind $0.50
Kristo 914: posts big blind $1
*** HOLE CARDS ***
BGS013: folds 
Oli3579: folds 
WatchTheBaby: raises $2 to $3
Kristo 914: calls $2
*** FLOP *** [5h Qh Kc]
WatchTheBaby: bets $3.85
Kristo 914: folds 
Uncalled bet ($3.85) returned to WatchTheBaby
WatchTheBaby collected $5.70 from pot
*** SUMMARY ***
Total pot $6 | Rake $0.30 
Board [5h Qh Kc]
Seat 1: trueYes.3970
Seat 2: BGS013 folded before Flop (didn't bet)
Seat 3: Oli3579 (button) folded before Flop (didn't bet)
Seat 5: WatchTheBaby (small blind) collected ($5.70)
Seat 6: Kristo 914 (big blind) folded on the Flop



PokerStars Hand #254639324760:  Hold'em No Limit ($0.50/$1.00 USD) - 2025/01/31 17:48:30 WET [2025/01/31 12:48:30 ET]
Table 'Jovita' 6-max Seat #5 is the button
Seat 1: trueYes.3970 ($0 in chips) is sitting out
Seat 2: BGS013 ($100 in chips) 
Seat 3: Oli3579 ($105.02 in chips) 
Seat 5: WatchTheBaby ($105.45 in chips) 
Seat 6: Kristo 914 ($104.28 in chips) 
Kristo 914: posts small blind $0.50
BGS013: posts big blind $1
*** HOLE CARDS ***
Oli3579: folds 
WatchTheBaby: raises $2 to $3
Kristo 914: folds 
BGS013: folds 
Uncalled bet ($2) returned to WatchTheBaby
WatchTheBaby collected $2.50 from pot
*** SUMMARY ***
Total pot $2.50 | Rake $0 
Seat 1: trueYes.3970
Seat 2: BGS013 (big blind) folded before Flop
Seat 3: Oli3579 folded before Flop (didn't bet)
Seat 5: WatchTheBaby (button) collected ($2.50)
Seat 6: Kristo 914 (small blind) folded before Flop



PokerStars Hand #254639331734:  Hold'em No Limit ($0.50/$1.00 USD) - 2025/01/31 17:48:58 WET [2025/01/31 12:48:58 ET]
Table 'Jovita' 6-max Seat #6 is the button
Seat 1: trueYes.3970 ($12.51 in chips) is sitting out
Seat 2: BGS013 ($100 in chips) 
Seat 3: Oli3579 ($105.02 in chips) 
Seat 5: WatchTheBaby ($106.95 in chips) 
Seat 6: Kristo 914 ($103.78 in chips) 
BGS013: posts small blind $0.50
Oli3579: posts big blind $1
*** HOLE CARDS ***
WatchTheBaby: raises $2 to $3
Kristo 914: folds 
BGS013: folds 
Bejondeiala joins the table at seat #4 
Oli3579: folds 
Uncalled bet ($2) returned to WatchTheBaby
WatchTheBaby collected $2.50 from pot
*** SUMMARY ***
Total pot $2.50 | Rake $0 
Seat 1: trueYes.3970
Seat 2: BGS013 (small blind) folded before Flop
Seat 3: Oli3579 (big blind) folded before Flop
Seat 5: WatchTheBaby collected ($2.50)
Seat 6: Kristo 914 (button) folded before Flop (didn't bet)



PokerStars Hand #254639338999:  Hold'em No Limit ($0.50/$1.00 USD) - 2025/01/31 17:49:27 WET [2025/01/31 12:49:27 ET]
Table 'Jovita' 6-max Seat #2 is the button
Seat 1: trueYes.3970 ($12.51 in chips) 
Seat 2: BGS013 ($100 in chips) 
Seat 3: Oli3579 ($104.02 in chips) 
Seat 4: Bejondeiala ($50 in chips) 
Seat 5: WatchTheBaby ($108.45 in chips) 
Seat 6: Kristo 914 ($103.78 in chips) 
Oli3579: posts small blind $0.50
Bejondeiala: posts big blind $1
trueYes.3970: posts small & big blinds $1.50
*** HOLE CARDS ***
WatchTheBaby: raises $2 to $3
Kristo 914: folds 
trueYes.3970: folds 
BGS013: folds 
Oli3579: folds 
Bejondeiala: folds 
Uncalled bet ($2) returned to WatchTheBaby
WatchTheBaby collected $4 from pot
*** SUMMARY ***
Total pot $4 | Rake $0 
Seat 1: trueYes.3970 folded before Flop (didn't bet)
Seat 2: BGS013 (button) folded before Flop (didn't bet)
Seat 3: Oli3579 (small blind) folded before Flop
Seat 4: Bejondeiala (big blind) folded before Flop
Seat 5: WatchTheBaby collected ($4)
Seat 6: Kristo 914 folded before Flop (didn't bet)



PokerStars Hand #254639347117:  Hold'em No Limit ($0.50/$1.00 USD) - 2025/01/31 17:50:00 WET [2025/01/31 12:50:00 ET]
Table 'Jovita' 6-max Seat #3 is the button
Seat 1: trueYes.3970 ($11.01 in chips) 
Seat 2: BGS013 ($100 in chips) 
Seat 3: Oli3579 ($103.52 in chips) 
Seat 4: Bejondeiala ($50 in chips) 
Seat 5: WatchTheBaby ($111.45 in chips) 
Seat 6: Kristo 914 ($103.78 in chips) 
Bejondeiala: posts small blind $0.50
WatchTheBaby: posts big blind $1
*** HOLE CARDS ***
Kristo 914: raises $1.40 to $2.40
trueYes.3970: raises $8.61 to $11.01 and is all-in
BGS013: folds 
Oli3579: folds 
Bejondeiala: folds 
WatchTheBaby: folds 
Kristo 914: folds 
Uncalled bet ($8.61) returned to trueYes.3970
trueYes.3970 collected $6.30 from pot
*** SUMMARY ***
Total pot $6.30 | Rake $0 
Seat 1: trueYes.3970 collected ($6.30)
Seat 2: BGS013 folded before Flop (didn't bet)
Seat 3: Oli3579 (button) folded before Flop (didn't bet)
Seat 4: Bejondeiala (small blind) folded before Flop
Seat 5: WatchTheBaby (big blind) folded before Flop
Seat 6: Kristo 914 folded before Flop



PokerStars Hand #254639359868:  Hold'em No Limit ($0.50/$1.00 USD) - 2025/01/31 17:50:51 WET [2025/01/31 12:50:51 ET]
Table 'Jovita' 6-max Seat #4 is the button
Seat 1: trueYes.3970 ($14.91 in chips) 
Seat 2: BGS013 ($100 in chips) 
Seat 3: Oli3579 ($103.52 in chips) 
Seat 4: Bejondeiala ($50 in chips) 
Seat 5: WatchTheBaby ($110.45 in chips) 
Seat 6: Kristo 914 ($101.38 in chips) 
WatchTheBaby: posts small blind $0.50
Kristo 914: posts big blind $1
*** HOLE CARDS ***
trueYes.3970: calls $1
BGS013: folds 
Oli3579: folds 
Bejondeiala: folds 
WatchTheBaby: calls $0.50
Kristo 914: checks 
*** FLOP *** [Qs As Ts]
WatchTheBaby: checks 
Kristo 914: checks 
trueYes.3970: checks 
*** TURN *** [Qs As Ts] [Qh]
WatchTheBaby: checks 
Kristo 914: checks 
trueYes.3970: bets $1.90
WatchTheBaby: folds 
Kristo 914: folds 
Uncalled bet ($1.90) returned to trueYes.3970
trueYes.3970 collected $2.85 from pot
*** SUMMARY ***
Total pot $3 | Rake $0.15 
Board [Qs As Ts Qh]
Seat 1: trueYes.3970 collected ($2.85)
Seat 2: BGS013 folded before Flop (didn't bet)
Seat 3: Oli3579 folded before Flop (didn't bet)
Seat 4: Bejondeiala (button) folded before Flop (didn't bet)
Seat 5: WatchTheBaby (small blind) folded on the Turn
Seat 6: Kristo 914 (big blind) folded on the Turn



PokerStars Hand #254639377287:  Hold'em No Limit ($0.50/$1.00 USD) - 2025/01/31 17:52:01 WET [2025/01/31 12:52:01 ET]
Table 'Jovita' 6-max Seat #5 is the button
Seat 1: trueYes.3970 ($16.76 in chips) 
Seat 2: BGS013 ($100 in chips) 
Seat 3: Oli3579 ($103.52 in chips) 
Seat 4: Bejondeiala ($50 in chips) 
Seat 5: WatchTheBaby ($109.45 in chips) 
Seat 6: Kristo 914 ($100.38 in chips) 
Kristo 914: posts small blind $0.50
trueYes.3970: posts big blind $1
*** HOLE CARDS ***
BGS013: folds 
Oli3579: folds 
Bejondeiala: folds 
WatchTheBaby: folds 
Kristo 914: raises $1.40 to $2.40
trueYes.3970: calls $1.40
*** FLOP *** [Qh 9h 4c]
Kristo 914: checks 
trueYes.3970: checks 
*** TURN *** [Qh 9h 4c] [Qd]
Kristo 914: checks 
trueYes.3970: checks 
*** RIVER *** [Qh 9h 4c Qd] [6d]
Kristo 914: checks 
trueYes.3970: checks 
*** SHOW DOWN ***
Kristo 914: shows [Ks Tc] (a pair of Queens)
trueYes.3970: shows [5d 4h] (two pair, Queens and Fours)
trueYes.3970 collected $4.56 from pot
*** SUMMARY ***
Total pot $4.80 | Rake $0.24 
Board [Qh 9h 4c Qd 6d]
Seat 1: trueYes.3970 (big blind) showed [5d 4h] and won ($4.56) with two pair, Queens and Fours
Seat 2: BGS013 folded before Flop (didn't bet)
Seat 3: Oli3579 folded before Flop (didn't bet)
Seat 4: Bejondeiala folded before Flop (didn't bet)
Seat 5: WatchTheBaby (button) folded before Flop (didn't bet)
Seat 6: Kristo 914 (small blind) showed [Ks Tc] and lost with a pair of Queens



PokerStars Hand #254639392065:  Hold'em No Limit ($0.50/$1.00 USD) - 2025/01/31 17:53:00 WET [2025/01/31 12:53:00 ET]
Table 'Jovita' 6-max Seat #6 is the button
Seat 1: trueYes.3970 ($18.92 in chips) 
Seat 2: BGS013 ($100 in chips) 
Seat 3: Oli3579 ($103.52 in chips) 
Seat 4: Bejondeiala ($50 in chips) 
Seat 5: WatchTheBaby ($109.45 in chips) 
Seat 6: Kristo 914 ($100 in chips) 
trueYes.3970: posts small blind $0.50
BGS013: posts big blind $1
*** HOLE CARDS ***
Oli3579: folds 
Bejondeiala: folds 
WatchTheBaby: folds 
Kristo 914: raises $1.40 to $2.40
trueYes.3970: folds 
BGS013: calls $1.40
*** FLOP *** [Tc 7d Kd]
BGS013: checks 
Kristo 914: bets $1.46
BGS013: folds 
Uncalled bet ($1.46) returned to Kristo 914
Kristo 914 collected $5.04 from pot
Kristo 914: doesn't show hand 
*** SUMMARY ***
Total pot $5.30 | Rake $0.26 
Board [Tc 7d Kd]
Seat 1: trueYes.3970 (small blind) folded before Flop
Seat 2: BGS013 (big blind) folded on the Flop
Seat 3: Oli3579 folded before Flop (didn't bet)
Seat 4: Bejondeiala folded before Flop (didn't bet)
Seat 5: WatchTheBaby folded before Flop (didn't bet)
Seat 6: Kristo 914 (button) collected ($5.04)



PokerStars Hand #254639400585:  Hold'em No Limit ($0.50/$1.00 USD) - 2025/01/31 17:53:34 WET [2025/01/31 12:53:34 ET]
Table 'Jovita' 6-max Seat #1 is the button
Seat 1: trueYes.3970 ($18.42 in chips) 
Seat 2: BGS013 ($100 in chips) 
Seat 3: Oli3579 ($103.52 in chips) 
Seat 4: Bejondeiala ($50 in chips) 
Seat 5: WatchTheBaby ($109.45 in chips) 
Seat 6: Kristo 914 ($102.64 in chips) 
BGS013: posts small blind $0.50
Oli3579: posts big blind $1
*** HOLE CARDS ***
Bejondeiala: raises $1.10 to $2.10
WatchTheBaby: folds 
Kristo 914: folds 
trueYes.3970: folds 
BGS013: folds 
Oli3579: folds 
Uncalled bet ($1.10) returned to Bejondeiala
Bejondeiala collected $2.50 from pot
Bejondeiala: doesn't show hand 
*** SUMMARY ***
Total pot $2.50 | Rake $0 
Seat 1: trueYes.3970 (button) folded before Flop (didn't bet)
Seat 2: BGS013 (small blind) folded before Flop
Seat 3: Oli3579 (big blind) folded before Flop
Seat 4: Bejondeiala collected ($2.50)
Seat 5: WatchTheBaby folded before Flop (didn't bet)
Seat 6: Kristo 914 folded before Flop (didn't bet)



PokerStars Hand #254639408201:  Hold'em No Limit ($0.50/$1.00 USD) - 2025/01/31 17:54:04 WET [2025/01/31 12:54:04 ET]
Table 'Jovita' 6-max Seat #2 is the button
Seat 4: Bejondeiala ($51.50 in chips) is sitting out
Seat 1: trueYes.3970 ($18.42 in chips) 
Seat 2: BGS013 ($100 in chips) 
Seat 3: Oli3579 ($102.52 in chips) 
Seat 5: WatchTheBaby ($109.45 in chips) 
Seat 6: Kristo 914 ($102.64 in chips) 
Oli3579: posts small blind $0.50
Bejondeiala: is sitting out 
WatchTheBaby: posts big blind $1
*** HOLE CARDS ***
Bejondeiala leaves the table
Kristo 914: folds 
trueYes.3970: raises $1.22 to $2.22
BGS013: folds 
Oli3579: calls $1.72
IREQO joins the table at seat #4 
WatchTheBaby: calls $1.22
*** FLOP *** [2d Kh 7h]
Oli3579: checks 
WatchTheBaby: checks 
trueYes.3970: bets $6.33
Oli3579: folds 
WatchTheBaby: folds 
Uncalled bet ($6.33) returned to trueYes.3970
trueYes.3970 collected $6.33 from pot
*** SUMMARY ***
Total pot $6.66 | Rake $0.33 
Board [2d Kh 7h]
Seat 4: Bejondeiala
Seat 1: trueYes.3970 collected ($6.33)
Seat 2: BGS013 (button) folded before Flop (didn't bet)
Seat 3: Oli3579 (small blind) folded on the Flop
Seat 5: WatchTheBaby (big blind) folded on the Flop
Seat 6: Kristo 914 folded before Flop (didn't bet)



PokerStars Hand #254639417897:  Hold'em No Limit ($0.50/$1.00 USD) - 2025/01/31 17:54:43 WET [2025/01/31 12:54:43 ET]
Table 'Jovita' 6-max Seat #3 is the button
Seat 1: trueYes.3970 ($22.53 in chips) is sitting out
Seat 4: IREQO ($137.71 in chips) is sitting out
Seat 2: BGS013 ($100 in chips) 
Seat 3: Oli3579 ($100.30 in chips) 
Seat 5: WatchTheBaby ($107.23 in chips) 
Seat 6: Kristo 914 ($102.64 in chips) 
WatchTheBaby: posts small blind $0.50
Kristo 914: posts big blind $1
*** HOLE CARDS ***
BGS013: folds 
Oli3579: folds 
WatchTheBaby: folds 
Uncalled bet ($0.50) returned to Kristo 914
Kristo 914 collected $1 from pot
Kristo 914: doesn't show hand 
trueYes.3970 leaves the table
*** SUMMARY ***
Total pot $1 | Rake $0 
Seat 1: trueYes.3970
Seat 4: IREQO
Seat 2: BGS013 folded before Flop (didn't bet)
Seat 3: Oli3579 (button) folded before Flop (didn't bet)
Seat 5: WatchTheBaby (small blind) folded before Flop
Seat 6: Kristo 914 (big blind) collected ($1)



PokerStars Hand #254639419790:  Hold'em No Limit ($0.50/$1.00 USD) - 2025/01/31 17:54:51 WET [2025/01/31 12:54:51 ET]
Table 'Jovita' 6-max Seat #5 is the button
Seat 4: IREQO ($137.71 in chips) is sitting out
Seat 2: BGS013 ($100 in chips) 
Seat 3: Oli3579 ($100.30 in chips) 
Seat 5: WatchTheBaby ($106.73 in chips) 
Seat 6: Kristo 914 ($103.14 in chips) 
Kristo 914: posts small blind $0.50
BGS013: posts big blind $1
IREQO: sits out 
*** HOLE CARDS ***
Oli3579: folds 
WatchTheBaby: raises $2 to $3
Kristo 914: folds 
BGS013: folds 
Uncalled bet ($2) returned to WatchTheBaby
WatchTheBaby collected $2.50 from pot
*** SUMMARY ***
Total pot $2.50 | Rake $0 
Seat 4: IREQO
Seat 2: BGS013 (big blind) folded before Flop
Seat 3: Oli3579 folded before Flop (didn't bet)
Seat 5: WatchTheBaby (button) collected ($2.50)
Seat 6: Kristo 914 (small blind) folded before Flop



PokerStars Hand #254639422674:  Hold'em No Limit ($0.50/$1.00 USD) - 2025/01/31 17:55:02 WET [2025/01/31 12:55:02 ET]
Table 'Jovita' 6-max Seat #6 is the button
Seat 4: IREQO ($137.71 in chips) is sitting out
Seat 2: BGS013 ($100 in chips) 
Seat 3: Oli3579 ($100.30 in chips) 
Seat 5: WatchTheBaby ($108.23 in chips) 
Seat 6: Kristo 914 ($102.64 in chips) 
BGS013: posts small blind $0.50
Oli3579: posts big blind $1
IREQO: sits out 
*** HOLE CARDS ***
WatchTheBaby: folds 
Kristo 914: folds 
BGS013: raises $2 to $3
Oli3579: folds 
Uncalled bet ($2) returned to BGS013
BGS013 collected $2 from pot
BGS013: doesn't show hand 
*** SUMMARY ***
Total pot $2 | Rake $0 
Seat 4: IREQO
Seat 2: BGS013 (small blind) collected ($2)
Seat 3: Oli3579 (big blind) folded before Flop
Seat 5: WatchTheBaby folded before Flop (didn't bet)
Seat 6: Kristo 914 (button) folded before Flop (didn't bet)



PokerStars Hand #254639426686:  Hold'em No Limit ($0.50/$1.00 USD) - 2025/01/31 17:55:20 WET [2025/01/31 12:55:20 ET]
Table 'Jovita' 6-max Seat #2 is the button
Seat 2: BGS013 ($101 in chips) 
Seat 3: Oli3579 ($100 in chips) 
Seat 4: IREQO ($137.71 in chips) 
Seat 5: WatchTheBaby ($108.23 in chips) 
Seat 6: Kristo 914 ($102.64 in chips) 
Oli3579: posts small blind $0.50
IREQO: posts big blind $1
*** HOLE CARDS ***
WatchTheBaby: folds 
WatchTheBaby leaves the table
Kristo 914: folds 
BGS013: folds 
Oli3579: folds 
Uncalled bet ($0.50) returned to IREQO
IREQO collected $1 from pot
IREQO: doesn't show hand 
*** SUMMARY ***
Total pot $1 | Rake $0 
Seat 2: BGS013 (button) folded before Flop (didn't bet)
Seat 3: Oli3579 (small blind) folded before Flop
Seat 4: IREQO (big blind) collected ($1)
Seat 5: WatchTheBaby folded before Flop (didn't bet)
Seat 6: Kristo 914 folded before Flop (didn't bet)



PokerStars Hand #254639429436:  Hold'em No Limit ($0.50/$1.00 USD) - 2025/01/31 17:55:35 WET [2025/01/31 12:55:35 ET]
Table 'Jovita' 6-max Seat #3 is the button
Seat 2: BGS013 ($101 in chips) 
Seat 3: Oli3579 ($100 in chips) 
Seat 4: IREQO ($138.21 in chips) 
Seat 6: Kristo 914 ($102.64 in chips) 
IREQO: posts small blind $0.50
Kristo 914: posts big blind $1
*** HOLE CARDS ***
BGS013: raises $1.50 to $2.50
Oli3579: folds 
IREQO: folds 
Kristo 914: calls $1.50
*** FLOP *** [Jc Js As]
Kristo 914: checks 
BGS013: bets $1.36
Kristo 914: folds 
Uncalled bet ($1.36) returned to BGS013
BGS013 collected $5.22 from pot
BGS013: doesn't show hand 
*** SUMMARY ***
Total pot $5.50 | Rake $0.28 
Board [Jc Js As]
Seat 2: BGS013 collected ($5.22)
Seat 3: Oli3579 (button) folded before Flop (didn't bet)
Seat 4: IREQO (small blind) folded before Flop
Seat 6: Kristo 914 (big blind) folded on the Flop



PokerStars Hand #254639438190:  Hold'em No Limit ($0.50/$1.00 USD) - 2025/01/31 17:56:22 WET [2025/01/31 12:56:22 ET]
Table 'Jovita' 6-max Seat #4 is the button
Seat 2: BGS013 ($103.72 in chips) 
Seat 3: Oli3579 ($100 in chips) 
Seat 4: IREQO ($137.71 in chips) 
Seat 6: Kristo 914 ($100.14 in chips) 
Kristo 914: posts small blind $0.50
BGS013: posts big blind $1
*** HOLE CARDS ***
michasia joins the table at seat #1 
Oli3579: raises $1.25 to $2.25
IREQO: folds 
Kristo 914: folds 
BGS013: folds 
Uncalled bet ($1.25) returned to Oli3579
Oli3579 collected $2.50 from pot
Oli3579: doesn't show hand 
*** SUMMARY ***
Total pot $2.50 | Rake $0 
Seat 2: BGS013 (big blind) folded before Flop
Seat 3: Oli3579 collected ($2.50)
Seat 4: IREQO (button) folded before Flop (didn't bet)
Seat 6: Kristo 914 (small blind) folded before Flop



PokerStars Hand #254639440436:  Hold'em No Limit ($0.50/$1.00 USD) - 2025/01/31 17:56:34 WET [2025/01/31 12:56:34 ET]
Table 'Jovita' 6-max Seat #6 is the button
Seat 1: michasia ($100 in chips) is sitting out
Seat 2: BGS013 ($102.72 in chips) 
Seat 3: Oli3579 ($101.50 in chips) 
Seat 4: IREQO ($137.71 in chips) 
Seat 6: Kristo 914 ($100 in chips) 
BGS013: posts small blind $0.50
Oli3579: posts big blind $1
*** HOLE CARDS ***
IREQO: folds 
Kristo 914: folds 
BGS013: raises $2 to $3
Oli3579: folds 
Uncalled bet ($2) returned to BGS013
BGS013 collected $2 from pot
BGS013: doesn't show hand 
*** SUMMARY ***
Total pot $2 | Rake $0 
Seat 1: michasia
Seat 2: BGS013 (small blind) collected ($2)
Seat 3: Oli3579 (big blind) folded before Flop
Seat 4: IREQO folded before Flop (didn't bet)
Seat 6: Kristo 914 (button) folded before Flop (didn't bet)



PokerStars Hand #254639443239:  Hold'em No Limit ($0.50/$1.00 USD) - 2025/01/31 17:56:50 WET [2025/01/31 12:56:50 ET]
Table 'Jovita' 6-max Seat #2 is the button
Seat 1: michasia ($100 in chips) is sitting out
Seat 4: IREQO ($137.71 in chips) is sitting out
Seat 2: BGS013 ($103.72 in chips) 
Seat 3: Oli3579 ($100.50 in chips) 
Seat 6: Kristo 914 ($100 in chips) 
Oli3579: posts small blind $0.50
IREQO: is sitting out 
Kristo 914: posts big blind $1
michasia: sits out 
*** HOLE CARDS ***
IREQO leaves the table
BGS013: raises $1.50 to $2.50
Oli3579: folds 
Kristo 914: folds 
Uncalled bet ($1.50) returned to BGS013
BGS013 collected $2.50 from pot
BGS013: doesn't show hand 
*** SUMMARY ***
Total pot $2.50 | Rake $0 
Seat 1: michasia
Seat 4: IREQO
Seat 2: BGS013 (button) collected ($2.50)
Seat 3: Oli3579 (small blind) folded before Flop
Seat 6: Kristo 914 (big blind) folded before Flop



PokerStars Hand #254639445099:  Hold'em No Limit ($0.50/$1.00 USD) - 2025/01/31 17:57:00 WET [2025/01/31 12:57:00 ET]
Table 'Jovita' 6-max Seat #3 is the button
Seat 1: michasia ($100 in chips) 
Seat 2: BGS013 ($105.22 in chips) 
Seat 3: Oli3579 ($100 in chips) 
Seat 6: Kristo 914 ($100 in chips) 
Kristo 914: posts small blind $0.50
michasia: posts big blind $1
*** HOLE CARDS ***
BGS013: folds 
Oli3579: raises $1.25 to $2.25
Kristo 914: folds 
michasia: calls $1.25
*** FLOP *** [7h Td 7c]
michasia: checks 
Oli3579: bets $1.57
michasia: calls $1.57
*** TURN *** [7h Td 7c] [4h]
michasia: checks 
Oli3579: checks 
*** RIVER *** [7h Td 7c 4h] [Tc]
michasia: checks 
Oli3579: bets $5.10
michasia: calls $5.10
*** SHOW DOWN ***
Oli3579: shows [5d 9d] (two pair, Tens and Sevens)
michasia: shows [Ad Jc] (two pair, Tens and Sevens - Ace kicker)
michasia collected $17.42 from pot
*** SUMMARY ***
Total pot $18.34 | Rake $0.92 
Board [7h Td 7c 4h Tc]
Seat 1: michasia (big blind) showed [Ad Jc] and won ($17.42) with two pair, Tens and Sevens
Seat 2: BGS013 folded before Flop (didn't bet)
Seat 3: Oli3579 (button) showed [5d 9d] and lost with two pair, Tens and Sevens
Seat 6: Kristo 914 (small blind) folded before Flop



PokerStars Hand #254639457583:  Hold'em No Limit ($0.50/$1.00 USD) - 2025/01/31 17:58:06 WET [2025/01/31 12:58:06 ET]
Table 'Jovita' 6-max Seat #6 is the button
Seat 1: michasia ($108.50 in chips) 
Seat 2: BGS013 ($105.22 in chips) 
Seat 3: Oli3579 ($100 in chips) 
Seat 6: Kristo 914 ($100 in chips) 
michasia: posts small blind $0.50
BGS013: posts big blind $1
*** HOLE CARDS ***
Oli3579: folds 
Kristo 914: folds 
michasia: raises $2 to $3
Oli3579 leaves the table
BGS013: folds 
Uncalled bet ($2) returned to michasia
michasia collected $2 from pot
michasia: doesn't show hand 
*** SUMMARY ***
Total pot $2 | Rake $0 
Seat 1: michasia (small blind) collected ($2)
Seat 2: BGS013 (big blind) folded before Flop
Seat 3: Oli3579 folded before Flop (didn't bet)
Seat 6: Kristo 914 (button) folded before Flop (didn't bet)



PokerStars Hand #254639459806:  Hold'em No Limit ($0.50/$1.00 USD) - 2025/01/31 17:58:18 WET [2025/01/31 12:58:18 ET]
Table 'Jovita' 6-max Seat #1 is the button
Seat 1: michasia ($109.50 in chips) 
Seat 2: BGS013 ($104.22 in chips) 
Seat 6: Kristo 914 ($100 in chips) 
BGS013: posts small blind $0.50
Kristo 914: posts big blind $1
*** HOLE CARDS ***
michasia: folds 
michasia leaves the table
BGS013: raises $2 to $3
Kristo 914: folds 
Uncalled bet ($2) returned to BGS013
Kristo 914 leaves the table
BGS013 collected $2 from pot
BGS013: doesn't show hand 
*** SUMMARY ***
Total pot $2 | Rake $0 
Seat 1: michasia (button) folded before Flop (didn't bet)
Seat 2: BGS013 (small blind) collected ($2)
Seat 6: Kristo 914 (big blind) folded before Flop



