PokerStars Hand #254643819039:  Hold'em No Limit ($0.50/$1.00 USD) - 2025/01/31 22:19:46 WET [2025/01/31 17:19:46 ET]
Table 'Espinette' 6-max Seat #2 is the button
Seat 1: XneferX ($100 in chips) 
Seat 2: sure2fold ($100 in chips) 
Seat 3: alexandr699 ($100 in chips) 
Seat 4: Manifestorr ($100 in chips) 
Seat 5: aoish30 ($100 in chips) 
Seat 6: Alinyr ($100 in chips) 
alexandr699: posts small blind $0.50
Manifestorr: posts big blind $1
*** HOLE CARDS ***
aoish30: raises $1.10 to $2.10
Alinyr: raises $4.40 to $6.50
XneferX: folds 
sure2fold: folds 
alexandr699: folds 
Manifestorr: folds 
aoish30: folds 
Uncalled bet ($4.40) returned to Alinyr
Alinyr collected $5.70 from pot
Alinyr: doesn't show hand 
*** SUMMARY ***
Total pot $5.70 | Rake $0 
Seat 1: XneferX folded before Flop (didn't bet)
Seat 2: sure2fold (button) folded before Flop (didn't bet)
Seat 3: alexandr699 (small blind) folded before Flop
Seat 4: Manifestorr (big blind) folded before Flop
Seat 5: aoish30 folded before Flop
Seat 6: Alinyr collected ($5.70)



PokerStars Hand #254643826731:  Hold'em No Limit ($0.50/$1.00 USD) - 2025/01/31 22:20:12 WET [2025/01/31 17:20:12 ET]
Table 'Espinette' 6-max Seat #3 is the button
Seat 1: XneferX ($100 in chips) 
Seat 2: sure2fold ($100 in chips) 
Seat 3: alexandr699 ($100 in chips) 
Seat 4: Manifestorr ($100 in chips) 
Seat 5: aoish30 ($100 in chips) 
Seat 6: Alinyr ($103.60 in chips) 
Manifestorr: posts small blind $0.50
aoish30: posts big blind $1
*** HOLE CARDS ***
Alinyr: folds 
XneferX: folds 
sure2fold: folds 
alexandr699: folds 
Manifestorr: folds 
Uncalled bet ($0.50) returned to aoish30
aoish30 collected $1 from pot
aoish30: doesn't show hand 
*** SUMMARY ***
Total pot $1 | Rake $0 
Seat 1: XneferX folded before Flop (didn't bet)
Seat 2: sure2fold folded before Flop (didn't bet)
Seat 3: alexandr699 (button) folded before Flop (didn't bet)
Seat 4: Manifestorr (small blind) folded before Flop
Seat 5: aoish30 (big blind) collected ($1)
Seat 6: Alinyr folded before Flop (didn't bet)



PokerStars Hand #254643831636:  Hold'em No Limit ($0.50/$1.00 USD) - 2025/01/31 22:20:28 WET [2025/01/31 17:20:28 ET]
Table 'Espinette' 6-max Seat #4 is the button
Seat 1: XneferX ($100 in chips) 
Seat 2: sure2fold ($100 in chips) 
Seat 3: alexandr699 ($100 in chips) 
Seat 4: Manifestorr ($100 in chips) 
Seat 5: aoish30 ($100.50 in chips) 
Seat 6: Alinyr ($103.60 in chips) 
aoish30: posts small blind $0.50
Alinyr: posts big blind $1
*** HOLE CARDS ***
XneferX: folds 
sure2fold: raises $3 to $4
alexandr699: folds 
Manifestorr: folds 
aoish30: folds 
Alinyr: folds 
Uncalled bet ($3) returned to sure2fold
sure2fold collected $2.50 from pot
sure2fold: doesn't show hand 
*** SUMMARY ***
Total pot $2.50 | Rake $0 
Seat 1: XneferX folded before Flop (didn't bet)
Seat 2: sure2fold collected ($2.50)
Seat 3: alexandr699 folded before Flop (didn't bet)
Seat 4: Manifestorr (button) folded before Flop (didn't bet)
Seat 5: aoish30 (small blind) folded before Flop
Seat 6: Alinyr (big blind) folded before Flop



PokerStars Hand #254643839222:  Hold'em No Limit ($0.50/$1.00 USD) - 2025/01/31 22:20:54 WET [2025/01/31 17:20:54 ET]
Table 'Espinette' 6-max Seat #5 is the button
Seat 1: XneferX ($100 in chips) 
Seat 2: sure2fold ($101.50 in chips) 
Seat 3: alexandr699 ($100 in chips) 
Seat 4: Manifestorr ($100 in chips) 
Seat 5: aoish30 ($100 in chips) 
Seat 6: Alinyr ($102.60 in chips) 
Alinyr: posts small blind $0.50
XneferX: posts big blind $1
*** HOLE CARDS ***
sure2fold: folds 
alexandr699: folds 
Manifestorr: folds 
aoish30: raises $1.50 to $2.50
Alinyr: folds 
XneferX: folds 
Uncalled bet ($1.50) returned to aoish30
aoish30 collected $2.50 from pot
aoish30: doesn't show hand 
*** SUMMARY ***
Total pot $2.50 | Rake $0 
Seat 1: XneferX (big blind) folded before Flop
Seat 2: sure2fold folded before Flop (didn't bet)
Seat 3: alexandr699 folded before Flop (didn't bet)
Seat 4: Manifestorr folded before Flop (didn't bet)
Seat 5: aoish30 (button) collected ($2.50)
Seat 6: Alinyr (small blind) folded before Flop



PokerStars Hand #254643844386:  Hold'em No Limit ($0.50/$1.00 USD) - 2025/01/31 22:21:11 WET [2025/01/31 17:21:11 ET]
Table 'Espinette' 6-max Seat #6 is the button
Seat 1: XneferX ($100 in chips) 
Seat 2: sure2fold ($101.50 in chips) 
Seat 3: alexandr699 ($100 in chips) 
Seat 4: Manifestorr ($100 in chips) 
Seat 5: aoish30 ($101.50 in chips) 
Seat 6: Alinyr ($102.10 in chips) 
XneferX: posts small blind $0.50
sure2fold: posts big blind $1
*** HOLE CARDS ***
alexandr699: folds 
Manifestorr: folds 
aoish30: folds 
Alinyr: raises $1.50 to $2.50
XneferX: folds 
sure2fold: raises $6.50 to $9
Alinyr: folds 
Uncalled bet ($6.50) returned to sure2fold
sure2fold collected $5.50 from pot
sure2fold: doesn't show hand 
*** SUMMARY ***
Total pot $5.50 | Rake $0 
Seat 1: XneferX (small blind) folded before Flop
Seat 2: sure2fold (big blind) collected ($5.50)
Seat 3: alexandr699 folded before Flop (didn't bet)
Seat 4: Manifestorr folded before Flop (didn't bet)
Seat 5: aoish30 folded before Flop (didn't bet)
Seat 6: Alinyr (button) folded before Flop



PokerStars Hand #254643853788:  Hold'em No Limit ($0.50/$1.00 USD) - 2025/01/31 22:21:43 WET [2025/01/31 17:21:43 ET]
Table 'Espinette' 6-max Seat #1 is the button
Seat 1: XneferX ($100 in chips) 
Seat 2: sure2fold ($104.50 in chips) 
Seat 3: alexandr699 ($100 in chips) 
Seat 4: Manifestorr ($100 in chips) 
Seat 5: aoish30 ($101.50 in chips) 
Seat 6: Alinyr ($100 in chips) 
sure2fold: posts small blind $0.50
alexandr699: posts big blind $1
*** HOLE CARDS ***
Manifestorr: raises $1.20 to $2.20
aoish30: folds 
Alinyr: folds 
XneferX: calls $2.20
sure2fold: calls $1.70
alexandr699: calls $1.20
*** FLOP *** [2c 6h 7c]
sure2fold: checks 
alexandr699: bets $2.76
Manifestorr: raises $7.24 to $10
XneferX: folds 
sure2fold: folds 
alexandr699: calls $7.24
*** TURN *** [2c 6h 7c] [Qd]
alexandr699: checks 
Manifestorr: bets $20.52
alexandr699: folds 
Uncalled bet ($20.52) returned to Manifestorr
Manifestorr collected $27.36 from pot
*** SUMMARY ***
Total pot $28.80 | Rake $1.44 
Board [2c 6h 7c Qd]
Seat 1: XneferX (button) folded on the Flop
Seat 2: sure2fold (small blind) folded on the Flop
Seat 3: alexandr699 (big blind) folded on the Turn
Seat 4: Manifestorr collected ($27.36)
Seat 5: aoish30 folded before Flop (didn't bet)
Seat 6: Alinyr folded before Flop (didn't bet)



PokerStars Hand #254643954948:  Hold'em No Limit ($0.50/$1.00 USD) - 2025/01/31 22:27:27 WET [2025/01/31 17:27:27 ET]
Table 'Espinette' 6-max Seat #4 is the button
Seat 1: aoish30 ($103.20 in chips) is sitting out
Seat 2: sure2fold ($105.40 in chips) 
Seat 3: alexandr699 ($105.62 in chips) 
Seat 4: Manifestorr ($111.57 in chips) 
Seat 5: Semko97 ($60.56 in chips) 
Seat 6: Pippa83 ($100 in chips) 
Semko97: posts small blind $0.50
Pippa83: posts big blind $1
aoish30: sits out 
*** HOLE CARDS ***
sure2fold: folds 
alexandr699: folds 
Manifestorr: raises $1.20 to $2.20
Semko97: folds 
Pippa83: raises $8.80 to $11
Manifestorr: folds 
Uncalled bet ($8.80) returned to Pippa83
Pippa83 collected $4.90 from pot
Pippa83: doesn't show hand 
*** SUMMARY ***
Total pot $4.90 | Rake $0 
Seat 1: aoish30
Seat 2: sure2fold folded before Flop (didn't bet)
Seat 3: alexandr699 folded before Flop (didn't bet)
Seat 4: Manifestorr (button) folded before Flop
Seat 5: Semko97 (small blind) folded before Flop
Seat 6: Pippa83 (big blind) collected ($4.90)



PokerStars Hand #254643961182:  Hold'em No Limit ($0.50/$1.00 USD) - 2025/01/31 22:27:49 WET [2025/01/31 17:27:49 ET]
Table 'Espinette' 6-max Seat #5 is the button
Seat 1: aoish30 ($103.20 in chips) 
Seat 2: sure2fold ($105.40 in chips) 
Seat 3: alexandr699 ($105.62 in chips) 
Seat 4: Manifestorr ($109.37 in chips) 
Seat 5: Semko97 ($60.06 in chips) 
Seat 6: Pippa83 ($102.70 in chips) 
Pippa83: posts small blind $0.50
aoish30: posts big blind $1
*** HOLE CARDS ***
sure2fold: folds 
alexandr699: folds 
Manifestorr: raises $1.20 to $2.20
Semko97: folds 
Pippa83: folds 
aoish30: folds 
Uncalled bet ($1.20) returned to Manifestorr
Manifestorr collected $2.50 from pot
*** SUMMARY ***
Total pot $2.50 | Rake $0 
Seat 1: aoish30 (big blind) folded before Flop
Seat 2: sure2fold folded before Flop (didn't bet)
Seat 3: alexandr699 folded before Flop (didn't bet)
Seat 4: Manifestorr collected ($2.50)
Seat 5: Semko97 (button) folded before Flop (didn't bet)
Seat 6: Pippa83 (small blind) folded before Flop



PokerStars Hand #254643965800:  Hold'em No Limit ($0.50/$1.00 USD) - 2025/01/31 22:28:05 WET [2025/01/31 17:28:05 ET]
Table 'Espinette' 6-max Seat #6 is the button
Seat 1: aoish30 ($102.20 in chips) 
Seat 2: sure2fold ($105.40 in chips) 
Seat 3: alexandr699 ($105.62 in chips) 
Seat 4: Manifestorr ($110.87 in chips) 
Seat 5: Semko97 ($60.06 in chips) 
Seat 6: Pippa83 ($102.20 in chips) 
aoish30: posts small blind $0.50
sure2fold: posts big blind $1
*** HOLE CARDS ***
alexandr699: raises $1.98 to $2.98
Manifestorr: folds 
Semko97: folds 
Pippa83: folds 
aoish30: folds 
sure2fold: calls $1.98
*** FLOP *** [9d 5c 4d]
sure2fold: checks 
alexandr699: bets $5.22
sure2fold: calls $5.22
*** TURN *** [9d 5c 4d] [2h]
sure2fold: checks 
alexandr699: bets $13.65
sure2fold: folds 
Uncalled bet ($13.65) returned to alexandr699
alexandr699 collected $16.06 from pot
alexandr699: doesn't show hand 
*** SUMMARY ***
Total pot $16.90 | Rake $0.84 
Board [9d 5c 4d 2h]
Seat 1: aoish30 (small blind) folded before Flop
Seat 2: sure2fold (big blind) folded on the Turn
Seat 3: alexandr699 collected ($16.06)
Seat 4: Manifestorr folded before Flop (didn't bet)
Seat 5: Semko97 folded before Flop (didn't bet)
Seat 6: Pippa83 (button) folded before Flop (didn't bet)



PokerStars Hand #254643984600:  Hold'em No Limit ($0.50/$1.00 USD) - 2025/01/31 22:29:09 WET [2025/01/31 17:29:09 ET]
Table 'Espinette' 6-max Seat #1 is the button
Seat 1: aoish30 ($101.70 in chips) 
Seat 2: sure2fold ($97.20 in chips) 
Seat 3: alexandr699 ($113.48 in chips) 
Seat 4: Manifestorr ($110.87 in chips) 
Seat 5: Semko97 ($60.06 in chips) 
Seat 6: Pippa83 ($102.20 in chips) 
sure2fold: posts small blind $0.50
alexandr699: posts big blind $1
*** HOLE CARDS ***
Manifestorr: folds 
Semko97: calls $1
Pippa83: folds 
aoish30: folds 
sure2fold: raises $2 to $3
alexandr699: calls $2
Semko97: calls $2
*** FLOP *** [4s Js Ac]
sure2fold: bets $4.28
alexandr699: calls $4.28
Semko97: calls $4.28
*** TURN *** [4s Js Ac] [6s]
sure2fold: bets $10.38
alexandr699: calls $10.38
Semko97: calls $10.38
*** RIVER *** [4s Js Ac 6s] [6h]
sure2fold: checks 
alexandr699: bets $95.82 and is all-in
Semko97: calls $42.40 and is all-in
sure2fold: folds 
Uncalled bet ($53.42) returned to alexandr699
*** SHOW DOWN ***
alexandr699: shows [6d Jd] (a full house, Sixes full of Jacks)
Semko97: shows [9s Qs] (a flush, Queen high)
alexandr699 collected $135.28 from pot
*** SUMMARY ***
Total pot $137.78 | Rake $2.50 
Board [4s Js Ac 6s 6h]
Seat 1: aoish30 (button) folded before Flop (didn't bet)
Seat 2: sure2fold (small blind) folded on the River
Seat 3: alexandr699 (big blind) showed [6d Jd] and won ($135.28) with a full house, Sixes full of Jacks
Seat 4: Manifestorr folded before Flop (didn't bet)
Seat 5: Semko97 showed [9s Qs] and lost with a flush, Queen high
Seat 6: Pippa83 folded before Flop (didn't bet)



PokerStars Hand #254644005398:  Hold'em No Limit ($0.50/$1.00 USD) - 2025/01/31 22:30:21 WET [2025/01/31 17:30:21 ET]
Table 'Espinette' 6-max Seat #2 is the button
Seat 5: Semko97 ($0 in chips) is sitting out
Seat 1: aoish30 ($101.70 in chips) 
Seat 2: sure2fold ($79.54 in chips) 
Seat 3: alexandr699 ($188.70 in chips) 
Seat 4: Manifestorr ($110.87 in chips) 
Seat 6: Pippa83 ($102.20 in chips) 
alexandr699: posts small blind $0.50
Manifestorr: posts big blind $1
*** HOLE CARDS ***
Pippa83: folds 
aoish30: folds 
sure2fold: raises $1 to $2
Semko97 leaves the table
alexandr699: folds 
Manifestorr: folds 
Uncalled bet ($1) returned to sure2fold
sure2fold collected $2.50 from pot
sure2fold: doesn't show hand 
*** SUMMARY ***
Total pot $2.50 | Rake $0 
Seat 5: Semko97
Seat 1: aoish30 folded before Flop (didn't bet)
Seat 2: sure2fold (button) collected ($2.50)
Seat 3: alexandr699 (small blind) folded before Flop
Seat 4: Manifestorr (big blind) folded before Flop
Seat 6: Pippa83 folded before Flop (didn't bet)



PokerStars Hand #254644011705:  Hold'em No Limit ($0.50/$1.00 USD) - 2025/01/31 22:30:43 WET [2025/01/31 17:30:43 ET]
Table 'Espinette' 6-max Seat #3 is the button
Seat 1: aoish30 ($101.70 in chips) 
Seat 2: sure2fold ($81.04 in chips) 
Seat 3: alexandr699 ($188.20 in chips) 
Seat 4: Manifestorr ($109.87 in chips) 
Seat 6: Pippa83 ($102.20 in chips) 
Manifestorr: posts small blind $0.50
Pippa83: posts big blind $1
*** HOLE CARDS ***
aoish30: folds 
sure2fold: folds 
alexandr699: raises $1.98 to $2.98
Manifestorr: folds 
Pippa83: folds 
Uncalled bet ($1.98) returned to alexandr699
alexandr699 collected $2.50 from pot
alexandr699: doesn't show hand 
*** SUMMARY ***
Total pot $2.50 | Rake $0 
Seat 1: aoish30 folded before Flop (didn't bet)
Seat 2: sure2fold folded before Flop (didn't bet)
Seat 3: alexandr699 (button) collected ($2.50)
Seat 4: Manifestorr (small blind) folded before Flop
Seat 6: Pippa83 (big blind) folded before Flop



PokerStars Hand #254644015791:  Hold'em No Limit ($0.50/$1.00 USD) - 2025/01/31 22:30:57 WET [2025/01/31 17:30:57 ET]
Table 'Espinette' 6-max Seat #4 is the button
Seat 1: aoish30 ($101.70 in chips) 
Seat 2: sure2fold ($81.04 in chips) 
Seat 3: alexandr699 ($189.70 in chips) 
Seat 4: Manifestorr ($109.37 in chips) 
Seat 6: Pippa83 ($101.20 in chips) 
Pippa83: posts small blind $0.50
aoish30: posts big blind $1
*** HOLE CARDS ***
sure2fold: raises $2 to $3
alexandr699: folds 
BGS013 joins the table at seat #5 
Manifestorr: folds 
Pippa83: raises $8 to $11
aoish30: folds 
sure2fold: raises $70.04 to $81.04 and is all-in
Pippa83: folds 
Uncalled bet ($70.04) returned to sure2fold
sure2fold collected $23 from pot
sure2fold: doesn't show hand 
*** SUMMARY ***
Total pot $23 | Rake $0 
Seat 1: aoish30 (big blind) folded before Flop
Seat 2: sure2fold collected ($23)
Seat 3: alexandr699 folded before Flop (didn't bet)
Seat 4: Manifestorr (button) folded before Flop (didn't bet)
Seat 6: Pippa83 (small blind) folded before Flop



PokerStars Hand #254644023476:  Hold'em No Limit ($0.50/$1.00 USD) - 2025/01/31 22:31:23 WET [2025/01/31 17:31:23 ET]
Table 'Espinette' 6-max Seat #6 is the button
Seat 5: BGS013 ($100 in chips) is sitting out
Seat 1: aoish30 ($100.70 in chips) 
Seat 2: sure2fold ($93.04 in chips) 
Seat 3: alexandr699 ($189.70 in chips) 
Seat 4: Manifestorr ($109.37 in chips) 
Seat 6: Pippa83 ($100 in chips) 
aoish30: posts small blind $0.50
sure2fold: posts big blind $1
BGS013: sits out 
*** HOLE CARDS ***
alexandr699: folds 
Manifestorr: folds 
Pippa83: folds 
aoish30: folds 
Uncalled bet ($0.50) returned to sure2fold
sure2fold collected $1 from pot
sure2fold: doesn't show hand 
*** SUMMARY ***
Total pot $1 | Rake $0 
Seat 5: BGS013
Seat 1: aoish30 (small blind) folded before Flop
Seat 2: sure2fold (big blind) collected ($1)
Seat 3: alexandr699 folded before Flop (didn't bet)
Seat 4: Manifestorr folded before Flop (didn't bet)
Seat 6: Pippa83 (button) folded before Flop (didn't bet)



PokerStars Hand #254644026702:  Hold'em No Limit ($0.50/$1.00 USD) - 2025/01/31 22:31:34 WET [2025/01/31 17:31:34 ET]
Table 'Espinette' 6-max Seat #1 is the button
Seat 5: BGS013 ($100 in chips) is sitting out
Seat 1: aoish30 ($100.20 in chips) 
Seat 2: sure2fold ($93.54 in chips) 
Seat 3: alexandr699 ($189.70 in chips) 
Seat 4: Manifestorr ($109.37 in chips) 
Seat 6: Pippa83 ($100 in chips) 
sure2fold: posts small blind $0.50
alexandr699: posts big blind $1
BGS013: sits out 
*** HOLE CARDS ***
Manifestorr: folds 
Pippa83: folds 
aoish30: folds 
sure2fold: folds 
Uncalled bet ($0.50) returned to alexandr699
alexandr699 collected $1 from pot
alexandr699: doesn't show hand 
*** SUMMARY ***
Total pot $1 | Rake $0 
Seat 5: BGS013
Seat 1: aoish30 (button) folded before Flop (didn't bet)
Seat 2: sure2fold (small blind) folded before Flop
Seat 3: alexandr699 (big blind) collected ($1)
Seat 4: Manifestorr folded before Flop (didn't bet)
Seat 6: Pippa83 folded before Flop (didn't bet)



PokerStars Hand #254644029210:  Hold'em No Limit ($0.50/$1.00 USD) - 2025/01/31 22:31:43 WET [2025/01/31 17:31:43 ET]
Table 'Espinette' 6-max Seat #2 is the button
Seat 5: BGS013 ($100 in chips) is sitting out
Seat 1: aoish30 ($100.20 in chips) 
Seat 2: sure2fold ($93.04 in chips) 
Seat 3: alexandr699 ($190.20 in chips) 
Seat 4: Manifestorr ($109.37 in chips) 
Seat 6: Pippa83 ($100 in chips) 
alexandr699: posts small blind $0.50
Manifestorr: posts big blind $1
BGS013: sits out 
*** HOLE CARDS ***
Pippa83: folds 
aoish30: folds 
sure2fold: raises $3 to $4
alexandr699: folds 
Manifestorr: folds 
Uncalled bet ($3) returned to sure2fold
sure2fold collected $2.50 from pot
sure2fold: doesn't show hand 
*** SUMMARY ***
Total pot $2.50 | Rake $0 
Seat 5: BGS013
Seat 1: aoish30 folded before Flop (didn't bet)
Seat 2: sure2fold (button) collected ($2.50)
Seat 3: alexandr699 (small blind) folded before Flop
Seat 4: Manifestorr (big blind) folded before Flop
Seat 6: Pippa83 folded before Flop (didn't bet)



PokerStars Hand #254644036489:  Hold'em No Limit ($0.50/$1.00 USD) - 2025/01/31 22:32:07 WET [2025/01/31 17:32:07 ET]
Table 'Espinette' 6-max Seat #3 is the button
Seat 1: aoish30 ($100.20 in chips) 
Seat 2: sure2fold ($94.54 in chips) 
Seat 3: alexandr699 ($189.70 in chips) 
Seat 4: Manifestorr ($108.37 in chips) 
Seat 5: BGS013 ($100 in chips) 
Seat 6: Pippa83 ($100 in chips) 
Manifestorr: posts small blind $0.50
BGS013: posts big blind $1
*** HOLE CARDS ***
Pippa83: folds 
aoish30: folds 
sure2fold: folds 
alexandr699: raises $1.98 to $2.98
Manifestorr: folds 
BGS013: folds 
Uncalled bet ($1.98) returned to alexandr699
alexandr699 collected $2.50 from pot
alexandr699: doesn't show hand 
*** SUMMARY ***
Total pot $2.50 | Rake $0 
Seat 1: aoish30 folded before Flop (didn't bet)
Seat 2: sure2fold folded before Flop (didn't bet)
Seat 3: alexandr699 (button) collected ($2.50)
Seat 4: Manifestorr (small blind) folded before Flop
Seat 5: BGS013 (big blind) folded before Flop
Seat 6: Pippa83 folded before Flop (didn't bet)



PokerStars Hand #254644040161:  Hold'em No Limit ($0.50/$1.00 USD) - 2025/01/31 22:32:20 WET [2025/01/31 17:32:20 ET]
Table 'Espinette' 6-max Seat #4 is the button
Seat 1: aoish30 ($100.20 in chips) 
Seat 2: sure2fold ($94.54 in chips) 
Seat 3: alexandr699 ($191.20 in chips) 
Seat 4: Manifestorr ($107.87 in chips) 
Seat 5: BGS013 ($100 in chips) 
Seat 6: Pippa83 ($100 in chips) 
BGS013: posts small blind $0.50
Pippa83: posts big blind $1
*** HOLE CARDS ***
aoish30: raises $1.10 to $2.10
sure2fold: folds 
alexandr699: folds 
Manifestorr: folds 
BGS013: raises $8.90 to $11
Pippa83: folds 
aoish30: calls $8.90
*** FLOP *** [As Jh 5h]
BGS013: bets $5.68
aoish30: raises $16.61 to $22.29
BGS013: calls $16.61
*** TURN *** [As Jh 5h] [2d]
BGS013: checks 
aoish30: bets $66.91 and is all-in
BGS013: folds 
Uncalled bet ($66.91) returned to aoish30
aoish30 collected $65.08 from pot
aoish30: doesn't show hand 
*** SUMMARY ***
Total pot $67.58 | Rake $2.50 
Board [As Jh 5h 2d]
Seat 1: aoish30 collected ($65.08)
Seat 2: sure2fold folded before Flop (didn't bet)
Seat 3: alexandr699 folded before Flop (didn't bet)
Seat 4: Manifestorr (button) folded before Flop (didn't bet)
Seat 5: BGS013 (small blind) folded on the Turn
Seat 6: Pippa83 (big blind) folded before Flop



PokerStars Hand #254644065480:  Hold'em No Limit ($0.50/$1.00 USD) - 2025/01/31 22:33:47 WET [2025/01/31 17:33:47 ET]
Table 'Espinette' 6-max Seat #5 is the button
Seat 1: aoish30 ($131.99 in chips) 
Seat 2: sure2fold ($94.54 in chips) 
Seat 3: alexandr699 ($191.20 in chips) 
Seat 4: Manifestorr ($107.87 in chips) 
Seat 5: BGS013 ($100 in chips) 
Seat 6: Pippa83 ($100 in chips) 
Pippa83: posts small blind $0.50
aoish30: posts big blind $1
*** HOLE CARDS ***
sure2fold has timed out
sure2fold: folds 
alexandr699: folds 
Manifestorr: raises $1.20 to $2.20
BGS013: folds 
Pippa83: folds 
aoish30: folds 
Uncalled bet ($1.20) returned to Manifestorr
Manifestorr collected $2.50 from pot
*** SUMMARY ***
Total pot $2.50 | Rake $0 
Seat 1: aoish30 (big blind) folded before Flop
Seat 2: sure2fold folded before Flop (didn't bet)
Seat 3: alexandr699 folded before Flop (didn't bet)
Seat 4: Manifestorr collected ($2.50)
Seat 5: BGS013 (button) folded before Flop (didn't bet)
Seat 6: Pippa83 (small blind) folded before Flop



PokerStars Hand #254644072550:  Hold'em No Limit ($0.50/$1.00 USD) - 2025/01/31 22:34:11 WET [2025/01/31 17:34:11 ET]
Table 'Espinette' 6-max Seat #6 is the button
Seat 1: aoish30 ($130.99 in chips) 
Seat 2: sure2fold ($94.54 in chips) 
Seat 3: alexandr699 ($191.20 in chips) 
Seat 4: Manifestorr ($109.37 in chips) 
Seat 5: BGS013 ($100 in chips) 
Seat 6: Pippa83 ($100 in chips) 
aoish30: posts small blind $0.50
sure2fold: posts big blind $1
*** HOLE CARDS ***
alexandr699: folds 
Manifestorr: folds 
BGS013: raises $1.50 to $2.50
Pippa83: folds 
aoish30: raises $10 to $12.50
sure2fold: raises $82.04 to $94.54 and is all-in
BGS013: folds 
aoish30: calls $82.04
*** FLOP *** [7s Th Kc]
*** TURN *** [7s Th Kc] [3s]
*** RIVER *** [7s Th Kc 3s] [2h]
*** SHOW DOWN ***
aoish30: shows [9c 9s] (a pair of Nines)
sure2fold: shows [8h 8c] (a pair of Eights)
aoish30 collected $189.08 from pot
*** SUMMARY ***
Total pot $191.58 | Rake $2.50 
Board [7s Th Kc 3s 2h]
Seat 1: aoish30 (small blind) showed [9c 9s] and won ($189.08) with a pair of Nines
Seat 2: sure2fold (big blind) showed [8h 8c] and lost with a pair of Eights
Seat 3: alexandr699 folded before Flop (didn't bet)
Seat 4: Manifestorr folded before Flop (didn't bet)
Seat 5: BGS013 folded before Flop
Seat 6: Pippa83 (button) folded before Flop (didn't bet)



PokerStars Hand #254644081662:  Hold'em No Limit ($0.50/$1.00 USD) - 2025/01/31 22:34:43 WET [2025/01/31 17:34:43 ET]
Table 'Espinette' 6-max Seat #1 is the button
Seat 2: sure2fold ($0 in chips) is sitting out
Seat 1: aoish30 ($225.53 in chips) 
Seat 3: alexandr699 ($191.20 in chips) 
Seat 4: Manifestorr ($109.37 in chips) 
Seat 5: BGS013 ($100 in chips) 
Seat 6: Pippa83 ($100 in chips) 
alexandr699: posts small blind $0.50
Manifestorr: posts big blind $1
*** HOLE CARDS ***
BGS013: folds 
Pippa83: folds 
aoish30: folds 
alexandr699: raises $1.98 to $2.98
Manifestorr: folds 
Uncalled bet ($1.98) returned to alexandr699
sure2fold leaves the table
alexandr699 collected $2 from pot
alexandr699: doesn't show hand 
*** SUMMARY ***
Total pot $2 | Rake $0 
Seat 2: sure2fold
Seat 1: aoish30 (button) folded before Flop (didn't bet)
Seat 3: alexandr699 (small blind) collected ($2)
Seat 4: Manifestorr (big blind) folded before Flop
Seat 5: BGS013 folded before Flop (didn't bet)
Seat 6: Pippa83 folded before Flop (didn't bet)



PokerStars Hand #254644085617:  Hold'em No Limit ($0.50/$1.00 USD) - 2025/01/31 22:34:56 WET [2025/01/31 17:34:56 ET]
Table 'Espinette' 6-max Seat #3 is the button
Seat 1: aoish30 ($225.53 in chips) 
Seat 3: alexandr699 ($192.20 in chips) 
Seat 4: Manifestorr ($108.37 in chips) 
Seat 5: BGS013 ($100 in chips) 
Seat 6: Pippa83 ($100 in chips) 
Manifestorr: posts small blind $0.50
BGS013: posts big blind $1
*** HOLE CARDS ***
Pippa83: folds 
aoish30: raises $1.50 to $2.50
alexandr699: folds 
Manifestorr: folds 
BGS013: raises $9.50 to $12
aoish30: folds 
Uncalled bet ($9.50) returned to BGS013
BGS013 collected $5.50 from pot
BGS013: doesn't show hand 
*** SUMMARY ***
Total pot $5.50 | Rake $0 
Seat 1: aoish30 folded before Flop
Seat 3: alexandr699 (button) folded before Flop (didn't bet)
Seat 4: Manifestorr (small blind) folded before Flop
Seat 5: BGS013 (big blind) collected ($5.50)
Seat 6: Pippa83 folded before Flop (didn't bet)



PokerStars Hand #254644090588:  Hold'em No Limit ($0.50/$1.00 USD) - 2025/01/31 22:35:13 WET [2025/01/31 17:35:13 ET]
Table 'Espinette' 6-max Seat #4 is the button
Seat 1: aoish30 ($223.03 in chips) 
Seat 3: alexandr699 ($192.20 in chips) 
Seat 4: Manifestorr ($107.87 in chips) 
Seat 5: BGS013 ($103 in chips) 
Seat 6: Pippa83 ($100 in chips) 
BGS013: posts small blind $0.50
Pippa83: posts big blind $1
*** HOLE CARDS ***
aoish30: folds 
alexandr699: folds 
Manifestorr: folds 
BGS013: raises $2 to $3
Pippa83: folds 
Uncalled bet ($2) returned to BGS013
BGS013 collected $2 from pot
BGS013: doesn't show hand 
*** SUMMARY ***
Total pot $2 | Rake $0 
Seat 1: aoish30 folded before Flop (didn't bet)
Seat 3: alexandr699 folded before Flop (didn't bet)
Seat 4: Manifestorr (button) folded before Flop (didn't bet)
Seat 5: BGS013 (small blind) collected ($2)
Seat 6: Pippa83 (big blind) folded before Flop



PokerStars Hand #254644095576:  Hold'em No Limit ($0.50/$1.00 USD) - 2025/01/31 22:35:30 WET [2025/01/31 17:35:30 ET]
Table 'Espinette' 6-max Seat #5 is the button
Seat 1: aoish30 ($223.03 in chips) 
Seat 3: alexandr699 ($192.20 in chips) 
Seat 4: Manifestorr ($107.87 in chips) 
Seat 5: BGS013 ($104 in chips) 
Seat 6: Pippa83 ($100 in chips) 
Pippa83: posts small blind $0.50
aoish30: posts big blind $1
*** HOLE CARDS ***
alexandr699: folds 
Manifestorr: folds 
alexandr699 leaves the table
BGS013: folds 
Pippa83: raises $2 to $3
aoish30: calls $2
*** FLOP *** [9h 3c Ad]
Pippa83: bets $1.43
aoish30: raises $5.57 to $7
Pippa83: folds 
Uncalled bet ($5.57) returned to aoish30
aoish30 collected $8.42 from pot
aoish30: doesn't show hand 
*** SUMMARY ***
Total pot $8.86 | Rake $0.44 
Board [9h 3c Ad]
Seat 1: aoish30 (big blind) collected ($8.42)
Seat 3: alexandr699 folded before Flop (didn't bet)
Seat 4: Manifestorr folded before Flop (didn't bet)
Seat 5: BGS013 (button) folded before Flop (didn't bet)
Seat 6: Pippa83 (small blind) folded on the Flop



