PokerStars Hand #254644750194:  Hold'em No Limit ($0.50/$1.00 USD) - 2025/01/31 23:16:15 WET [2025/01/31 18:16:15 ET]
Table 'Despina' 6-max Seat #1 is the button
Seat 1: ImaPeppaPig ($118.70 in chips) 
Seat 2: kuca86 ($100 in chips) 
ImaPeppaPig: posts small blind $0.50
kuca86: posts big blind $1
*** HOLE CARDS ***
ImaPeppaPig: raises $1.50 to $2.50
kuca86: folds 
Uncalled bet ($1.50) returned to ImaPeppaPig
ImaPeppaPig collected $2 from pot
ImaPeppaPig: doesn't show hand 
*** SUMMARY ***
Total pot $2 | Rake $0 
Seat 1: ImaPeppaPig (button) (small blind) collected ($2)
Seat 2: kuca86 (big blind) folded before Flop



PokerStars Hand #254644754274:  Hold'em No Limit ($0.50/$1.00 USD) - 2025/01/31 23:16:30 WET [2025/01/31 18:16:30 ET]
Table 'Despina' 6-max Seat #2 is the button
Seat 1: ImaPeppaPig ($119.70 in chips) 
Seat 2: kuca86 ($100 in chips) 
kuca86: posts small blind $0.50
ImaPeppaPig: posts big blind $1
*** HOLE CARDS ***
kuca86: raises $1.50 to $2.50
ImaPeppaPig: calls $1.50
*** FLOP *** [3d 7s 9c]
ImaPeppaPig: checks 
kuca86: bets $1.76
ImaPeppaPig: raises $4.30 to $6.06
kuca86: calls $4.30
*** TURN *** [3d 7s 9c] [7c]
ImaPeppaPig: checks 
kuca86: bets $6.02
ImaPeppaPig: calls $6.02
*** RIVER *** [3d 7s 9c 7c] [6c]
ImaPeppaPig: checks 
kuca86: checks 
*** SHOW DOWN ***
ImaPeppaPig: shows [Ks 9d] (two pair, Nines and Sevens)
kuca86: mucks hand 
ImaPeppaPig collected $28.16 from pot
*** SUMMARY ***
Total pot $29.16 | Rake $1 
Board [3d 7s 9c 7c 6c]
Seat 1: ImaPeppaPig (big blind) showed [Ks 9d] and won ($28.16) with two pair, Nines and Sevens
Seat 2: kuca86 (button) (small blind) mucked



PokerStars Hand #254644772021:  Hold'em No Limit ($0.50/$1.00 USD) - 2025/01/31 23:17:36 WET [2025/01/31 18:17:36 ET]
Table 'Despina' 6-max Seat #1 is the button
Seat 1: ImaPeppaPig ($133.28 in chips) 
Seat 2: kuca86 ($100 in chips) 
ImaPeppaPig: posts small blind $0.50
kuca86: posts big blind $1
*** HOLE CARDS ***
ImaPeppaPig: folds 
Uncalled bet ($0.50) returned to kuca86
kuca86 collected $1 from pot
kuca86: doesn't show hand 
*** SUMMARY ***
Total pot $1 | Rake $0 
Seat 1: ImaPeppaPig (button) (small blind) folded before Flop
Seat 2: kuca86 (big blind) collected ($1)



PokerStars Hand #254644774278:  Hold'em No Limit ($0.50/$1.00 USD) - 2025/01/31 23:17:44 WET [2025/01/31 18:17:44 ET]
Table 'Despina' 6-max Seat #2 is the button
Seat 1: ImaPeppaPig ($132.78 in chips) 
Seat 2: kuca86 ($100.50 in chips) 
kuca86: posts small blind $0.50
ImaPeppaPig: posts big blind $1
*** HOLE CARDS ***
kuca86: raises $1.50 to $2.50
ImaPeppaPig: raises $9.50 to $12
kuca86: folds 
Uncalled bet ($9.50) returned to ImaPeppaPig
ImaPeppaPig collected $5 from pot
ImaPeppaPig: doesn't show hand 
*** SUMMARY ***
Total pot $5 | Rake $0 
Seat 1: ImaPeppaPig (big blind) collected ($5)
Seat 2: kuca86 (button) (small blind) folded before Flop



PokerStars Hand #254644778052:  Hold'em No Limit ($0.50/$1.00 USD) - 2025/01/31 23:17:59 WET [2025/01/31 18:17:59 ET]
Table 'Despina' 6-max Seat #1 is the button
Seat 1: ImaPeppaPig ($135.28 in chips) 
Seat 2: kuca86 ($100 in chips) 
ImaPeppaPig: posts small blind $0.50
kuca86: posts big blind $1
*** HOLE CARDS ***
ImaPeppaPig: raises $1.50 to $2.50
kuca86: folds 
Uncalled bet ($1.50) returned to ImaPeppaPig
ImaPeppaPig collected $2 from pot
ImaPeppaPig: doesn't show hand 
*** SUMMARY ***
Total pot $2 | Rake $0 
Seat 1: ImaPeppaPig (button) (small blind) collected ($2)
Seat 2: kuca86 (big blind) folded before Flop



PokerStars Hand #254644780886:  Hold'em No Limit ($0.50/$1.00 USD) - 2025/01/31 23:18:09 WET [2025/01/31 18:18:09 ET]
Table 'Despina' 6-max Seat #2 is the button
Seat 1: ImaPeppaPig ($136.28 in chips) 
Seat 2: kuca86 ($100 in chips) 
kuca86: posts small blind $0.50
ImaPeppaPig: posts big blind $1
*** HOLE CARDS ***
kuca86: folds 
Uncalled bet ($0.50) returned to ImaPeppaPig
ImaPeppaPig collected $1 from pot
ImaPeppaPig: doesn't show hand 
*** SUMMARY ***
Total pot $1 | Rake $0 
Seat 1: ImaPeppaPig (big blind) collected ($1)
Seat 2: kuca86 (button) (small blind) folded before Flop



PokerStars Hand #254644782853:  Hold'em No Limit ($0.50/$1.00 USD) - 2025/01/31 23:18:17 WET [2025/01/31 18:18:17 ET]
Table 'Despina' 6-max Seat #1 is the button
Seat 1: ImaPeppaPig ($136.78 in chips) 
Seat 2: kuca86 ($100 in chips) 
ImaPeppaPig: posts small blind $0.50
kuca86: posts big blind $1
*** HOLE CARDS ***
ImaPeppaPig: folds 
Uncalled bet ($0.50) returned to kuca86
kuca86 collected $1 from pot
kuca86: doesn't show hand 
*** SUMMARY ***
Total pot $1 | Rake $0 
Seat 1: ImaPeppaPig (button) (small blind) folded before Flop
Seat 2: kuca86 (big blind) collected ($1)



PokerStars Hand #254644784462:  Hold'em No Limit ($0.50/$1.00 USD) - 2025/01/31 23:18:23 WET [2025/01/31 18:18:23 ET]
Table 'Despina' 6-max Seat #2 is the button
Seat 1: ImaPeppaPig ($136.28 in chips) 
Seat 2: kuca86 ($100.50 in chips) 
kuca86: posts small blind $0.50
ImaPeppaPig: posts big blind $1
*** HOLE CARDS ***
kuca86: raises $1.50 to $2.50
ImaPeppaPig: calls $1.50
*** FLOP *** [Jh 3s As]
ImaPeppaPig: checks 
kuca86: bets $5.46
ImaPeppaPig: folds 
Uncalled bet ($5.46) returned to kuca86
kuca86 collected $4.75 from pot
kuca86: doesn't show hand 
*** SUMMARY ***
Total pot $5 | Rake $0.25 
Board [Jh 3s As]
Seat 1: ImaPeppaPig (big blind) folded on the Flop
Seat 2: kuca86 (button) (small blind) collected ($4.75)



PokerStars Hand #254644791735:  Hold'em No Limit ($0.50/$1.00 USD) - 2025/01/31 23:18:49 WET [2025/01/31 18:18:49 ET]
Table 'Despina' 6-max Seat #1 is the button
Seat 1: ImaPeppaPig ($133.78 in chips) 
Seat 2: kuca86 ($102.75 in chips) 
ImaPeppaPig: posts small blind $0.50
kuca86: posts big blind $1
*** HOLE CARDS ***
ImaPeppaPig: raises $1.50 to $2.50
kuca86: raises $7.50 to $10
ImaPeppaPig: raises $123.78 to $133.78 and is all-in
kuca86: calls $92.75 and is all-in
Uncalled bet ($31.03) returned to ImaPeppaPig
*** FLOP *** [Ac 6c Ks]
*** TURN *** [Ac 6c Ks] [5h]
*** RIVER *** [Ac 6c Ks 5h] [3d]
*** SHOW DOWN ***
kuca86: shows [As Ah] (three of a kind, Aces)
ImaPeppaPig: shows [4s 4c] (a pair of Fours)
kuca86 collected $204.50 from pot
*** SUMMARY ***
Total pot $205.50 | Rake $1 
Board [Ac 6c Ks 5h 3d]
Seat 1: ImaPeppaPig (button) (small blind) showed [4s 4c] and lost with a pair of Fours
Seat 2: kuca86 (big blind) showed [As Ah] and won ($204.50) with three of a kind, Aces



PokerStars Hand #254644799737:  Hold'em No Limit ($0.50/$1.00 USD) - 2025/01/31 23:19:19 WET [2025/01/31 18:19:19 ET]
Table 'Despina' 6-max Seat #2 is the button
Seat 1: ImaPeppaPig ($100 in chips) 
Seat 2: kuca86 ($204.50 in chips) 
kuca86: posts small blind $0.50
ImaPeppaPig: posts big blind $1
*** HOLE CARDS ***
kuca86: raises $1.50 to $2.50
ImaPeppaPig: calls $1.50
*** FLOP *** [6h 4c 9d]
ImaPeppaPig: checks 
kuca86: bets $1.76
ImaPeppaPig: folds 
Uncalled bet ($1.76) returned to kuca86
kuca86 collected $4.75 from pot
kuca86: doesn't show hand 
*** SUMMARY ***
Total pot $5 | Rake $0.25 
Board [6h 4c 9d]
Seat 1: ImaPeppaPig (big blind) folded on the Flop
Seat 2: kuca86 (button) (small blind) collected ($4.75)



PokerStars Hand #254644806480:  Hold'em No Limit ($0.50/$1.00 USD) - 2025/01/31 23:19:44 WET [2025/01/31 18:19:44 ET]
Table 'Despina' 6-max Seat #1 is the button
Seat 1: ImaPeppaPig ($100 in chips) 
Seat 2: kuca86 ($206.75 in chips) 
ImaPeppaPig: posts small blind $0.50
kuca86: posts big blind $1
*** HOLE CARDS ***
ImaPeppaPig: raises $1.50 to $2.50
kuca86: calls $1.50
*** FLOP *** [9d 4s Jh]
kuca86: checks 
ImaPeppaPig: bets $2.47
kuca86: folds 
Uncalled bet ($2.47) returned to ImaPeppaPig
ImaPeppaPig collected $4.75 from pot
ImaPeppaPig: doesn't show hand 
*** SUMMARY ***
Total pot $5 | Rake $0.25 
Board [9d 4s Jh]
Seat 1: ImaPeppaPig (button) (small blind) collected ($4.75)
Seat 2: kuca86 (big blind) folded on the Flop



PokerStars Hand #254644815035:  Hold'em No Limit ($0.50/$1.00 USD) - 2025/01/31 23:20:15 WET [2025/01/31 18:20:15 ET]
Table 'Despina' 6-max Seat #2 is the button
Seat 1: ImaPeppaPig ($102.25 in chips) 
Seat 2: kuca86 ($204.25 in chips) 
kuca86: posts small blind $0.50
ImaPeppaPig: posts big blind $1
*** HOLE CARDS ***
kuca86: raises $1.50 to $2.50
ImaPeppaPig: folds 
Uncalled bet ($1.50) returned to kuca86
kuca86 collected $2 from pot
kuca86: doesn't show hand 
*** SUMMARY ***
Total pot $2 | Rake $0 
Seat 1: ImaPeppaPig (big blind) folded before Flop
Seat 2: kuca86 (button) (small blind) collected ($2)



PokerStars Hand #254644817781:  Hold'em No Limit ($0.50/$1.00 USD) - 2025/01/31 23:20:25 WET [2025/01/31 18:20:25 ET]
Table 'Despina' 6-max Seat #1 is the button
Seat 1: ImaPeppaPig ($101.25 in chips) 
Seat 2: kuca86 ($205.25 in chips) 
ImaPeppaPig: posts small blind $0.50
kuca86: posts big blind $1
*** HOLE CARDS ***
ImaPeppaPig: raises $1.50 to $2.50
kuca86: raises $7.50 to $10
ImaPeppaPig: folds 
Uncalled bet ($7.50) returned to kuca86
kuca86 collected $5 from pot
kuca86: doesn't show hand 
*** SUMMARY ***
Total pot $5 | Rake $0 
Seat 1: ImaPeppaPig (button) (small blind) folded before Flop
Seat 2: kuca86 (big blind) collected ($5)



PokerStars Hand #254644822976:  Hold'em No Limit ($0.50/$1.00 USD) - 2025/01/31 23:20:45 WET [2025/01/31 18:20:45 ET]
Table 'Despina' 6-max Seat #2 is the button
Seat 1: ImaPeppaPig ($100 in chips) 
Seat 2: kuca86 ($207.75 in chips) 
kuca86: posts small blind $0.50
ImaPeppaPig: posts big blind $1
*** HOLE CARDS ***
kuca86: raises $1.50 to $2.50
ImaPeppaPig: folds 
Uncalled bet ($1.50) returned to kuca86
kuca86 collected $2 from pot
kuca86: doesn't show hand 
*** SUMMARY ***
Total pot $2 | Rake $0 
Seat 1: ImaPeppaPig (big blind) folded before Flop
Seat 2: kuca86 (button) (small blind) collected ($2)



PokerStars Hand #254644826044:  Hold'em No Limit ($0.50/$1.00 USD) - 2025/01/31 23:20:56 WET [2025/01/31 18:20:56 ET]
Table 'Despina' 6-max Seat #1 is the button
Seat 1: ImaPeppaPig ($100 in chips) 
Seat 2: kuca86 ($208.75 in chips) 
ImaPeppaPig: posts small blind $0.50
kuca86: posts big blind $1
*** HOLE CARDS ***
ImaPeppaPig: raises $1.50 to $2.50
kuca86: folds 
Uncalled bet ($1.50) returned to ImaPeppaPig
ImaPeppaPig collected $2 from pot
ImaPeppaPig: doesn't show hand 
*** SUMMARY ***
Total pot $2 | Rake $0 
Seat 1: ImaPeppaPig (button) (small blind) collected ($2)
Seat 2: kuca86 (big blind) folded before Flop



PokerStars Hand #254644829754:  Hold'em No Limit ($0.50/$1.00 USD) - 2025/01/31 23:21:10 WET [2025/01/31 18:21:10 ET]
Table 'Despina' 6-max Seat #2 is the button
Seat 1: ImaPeppaPig ($101 in chips) 
Seat 2: kuca86 ($207.75 in chips) 
kuca86: posts small blind $0.50
ImaPeppaPig: posts big blind $1
*** HOLE CARDS ***
kuca86: raises $1.50 to $2.50
ImaPeppaPig: folds 
Uncalled bet ($1.50) returned to kuca86
kuca86 collected $2 from pot
kuca86: doesn't show hand 
*** SUMMARY ***
Total pot $2 | Rake $0 
Seat 1: ImaPeppaPig (big blind) folded before Flop
Seat 2: kuca86 (button) (small blind) collected ($2)



PokerStars Hand #254644832778:  Hold'em No Limit ($0.50/$1.00 USD) - 2025/01/31 23:21:21 WET [2025/01/31 18:21:21 ET]
Table 'Despina' 6-max Seat #1 is the button
Seat 1: ImaPeppaPig ($100 in chips) 
Seat 2: kuca86 ($208.75 in chips) 
ImaPeppaPig: posts small blind $0.50
kuca86: posts big blind $1
*** HOLE CARDS ***
ImaPeppaPig: raises $1.50 to $2.50
kuca86: folds 
Uncalled bet ($1.50) returned to ImaPeppaPig
ImaPeppaPig collected $2 from pot
ImaPeppaPig: doesn't show hand 
*** SUMMARY ***
Total pot $2 | Rake $0 
Seat 1: ImaPeppaPig (button) (small blind) collected ($2)
Seat 2: kuca86 (big blind) folded before Flop



PokerStars Hand #254644835793:  Hold'em No Limit ($0.50/$1.00 USD) - 2025/01/31 23:21:32 WET [2025/01/31 18:21:32 ET]
Table 'Despina' 6-max Seat #2 is the button
Seat 1: ImaPeppaPig ($101 in chips) 
Seat 2: kuca86 ($207.75 in chips) 
kuca86: posts small blind $0.50
ImaPeppaPig: posts big blind $1
*** HOLE CARDS ***
kuca86: raises $1.50 to $2.50
ImaPeppaPig: folds 
Uncalled bet ($1.50) returned to kuca86
kuca86 collected $2 from pot
kuca86: doesn't show hand 
*** SUMMARY ***
Total pot $2 | Rake $0 
Seat 1: ImaPeppaPig (big blind) folded before Flop
Seat 2: kuca86 (button) (small blind) collected ($2)



PokerStars Hand #254644839022:  Hold'em No Limit ($0.50/$1.00 USD) - 2025/01/31 23:21:44 WET [2025/01/31 18:21:44 ET]
Table 'Despina' 6-max Seat #1 is the button
Seat 1: ImaPeppaPig ($100 in chips) 
Seat 2: kuca86 ($208.75 in chips) 
ImaPeppaPig: posts small blind $0.50
kuca86: posts big blind $1
*** HOLE CARDS ***
ImaPeppaPig: raises $1.50 to $2.50
kuca86: calls $1.50
*** FLOP *** [Jh 2h Ac]
kuca86: checks 
ImaPeppaPig: bets $1.47
kuca86: folds 
Uncalled bet ($1.47) returned to ImaPeppaPig
ImaPeppaPig collected $4.75 from pot
ImaPeppaPig: doesn't show hand 
*** SUMMARY ***
Total pot $5 | Rake $0.25 
Board [Jh 2h Ac]
Seat 1: ImaPeppaPig (button) (small blind) collected ($4.75)
Seat 2: kuca86 (big blind) folded on the Flop



PokerStars Hand #254644847089:  Hold'em No Limit ($0.50/$1.00 USD) - 2025/01/31 23:22:14 WET [2025/01/31 18:22:14 ET]
Table 'Despina' 6-max Seat #2 is the button
Seat 1: ImaPeppaPig ($102.25 in chips) 
Seat 2: kuca86 ($206.25 in chips) 
kuca86: posts small blind $0.50
ImaPeppaPig: posts big blind $1
*** HOLE CARDS ***
kuca86: raises $1.50 to $2.50
ImaPeppaPig: calls $1.50
*** FLOP *** [Js 3d Jd]
ImaPeppaPig: checks 
kuca86: bets $1.19
ImaPeppaPig: folds 
Uncalled bet ($1.19) returned to kuca86
kuca86 collected $4.75 from pot
kuca86: doesn't show hand 
*** SUMMARY ***
Total pot $5 | Rake $0.25 
Board [Js 3d Jd]
Seat 1: ImaPeppaPig (big blind) folded on the Flop
Seat 2: kuca86 (button) (small blind) collected ($4.75)



PokerStars Hand #254644854799:  Hold'em No Limit ($0.50/$1.00 USD) - 2025/01/31 23:22:42 WET [2025/01/31 18:22:42 ET]
Table 'Despina' 6-max Seat #1 is the button
Seat 1: ImaPeppaPig ($100 in chips) 
Seat 2: kuca86 ($208.50 in chips) 
ImaPeppaPig: posts small blind $0.50
kuca86: posts big blind $1
*** HOLE CARDS ***
ImaPeppaPig: raises $1.50 to $2.50
kuca86: folds 
Uncalled bet ($1.50) returned to ImaPeppaPig
ImaPeppaPig collected $2 from pot
ImaPeppaPig: doesn't show hand 
*** SUMMARY ***
Total pot $2 | Rake $0 
Seat 1: ImaPeppaPig (button) (small blind) collected ($2)
Seat 2: kuca86 (big blind) folded before Flop



PokerStars Hand #254644859159:  Hold'em No Limit ($0.50/$1.00 USD) - 2025/01/31 23:22:58 WET [2025/01/31 18:22:58 ET]
Table 'Despina' 6-max Seat #2 is the button
Seat 1: ImaPeppaPig ($101 in chips) 
Seat 2: kuca86 ($207.50 in chips) 
kuca86: posts small blind $0.50
ImaPeppaPig: posts big blind $1
*** HOLE CARDS ***
kuca86: raises $1.50 to $2.50
ImaPeppaPig: calls $1.50
*** FLOP *** [Ad 9c 2s]
ImaPeppaPig: checks 
kuca86: bets $1.19
ImaPeppaPig: folds 
Uncalled bet ($1.19) returned to kuca86
kuca86 collected $4.75 from pot
kuca86: doesn't show hand 
*** SUMMARY ***
Total pot $5 | Rake $0.25 
Board [Ad 9c 2s]
Seat 1: ImaPeppaPig (big blind) folded on the Flop
Seat 2: kuca86 (button) (small blind) collected ($4.75)



PokerStars Hand #254644903024:  Hold'em No Limit ($0.50/$1.00 USD) - 2025/01/31 23:25:40 WET [2025/01/31 18:25:40 ET]
Table 'Despina' 6-max Seat #1 is the button
Seat 1: ImaPeppaPig ($100 in chips) 
Seat 2: kuca86 ($230.50 in chips) 
ImaPeppaPig: posts small blind $0.50
kuca86: posts big blind $1
*** HOLE CARDS ***
ImaPeppaPig: folds 
Uncalled bet ($0.50) returned to kuca86
kuca86 collected $1 from pot
kuca86: doesn't show hand 
*** SUMMARY ***
Total pot $1 | Rake $0 
Seat 1: ImaPeppaPig (button) (small blind) folded before Flop
Seat 2: kuca86 (big blind) collected ($1)



PokerStars Hand #254644904630:  Hold'em No Limit ($0.50/$1.00 USD) - 2025/01/31 23:25:46 WET [2025/01/31 18:25:46 ET]
Table 'Despina' 6-max Seat #2 is the button
Seat 1: ImaPeppaPig ($100 in chips) 
Seat 2: kuca86 ($231 in chips) 
kuca86: posts small blind $0.50
ImaPeppaPig: posts big blind $1
*** HOLE CARDS ***
kuca86: raises $1.50 to $2.50
ImaPeppaPig: raises $10.50 to $13
kuca86: folds 
Uncalled bet ($10.50) returned to ImaPeppaPig
ImaPeppaPig collected $5 from pot
ImaPeppaPig: doesn't show hand 
*** SUMMARY ***
Total pot $5 | Rake $0 
Seat 1: ImaPeppaPig (big blind) collected ($5)
Seat 2: kuca86 (button) (small blind) folded before Flop



PokerStars Hand #254644908064:  Hold'em No Limit ($0.50/$1.00 USD) - 2025/01/31 23:25:58 WET [2025/01/31 18:25:58 ET]
Table 'Despina' 6-max Seat #1 is the button
Seat 1: ImaPeppaPig ($102.50 in chips) 
Seat 2: kuca86 ($228.50 in chips) 
ImaPeppaPig: posts small blind $0.50
kuca86: posts big blind $1
*** HOLE CARDS ***
ImaPeppaPig: raises $1.50 to $2.50
kuca86: calls $1.50
*** FLOP *** [Qd 8h 8c]
kuca86: checks 
ImaPeppaPig is connected 
ImaPeppaPig: checks 
*** TURN *** [Qd 8h 8c] [8s]
kuca86: checks 
ImaPeppaPig: bets $3
kuca86: folds 
Uncalled bet ($3) returned to ImaPeppaPig
ImaPeppaPig collected $4.75 from pot
ImaPeppaPig: doesn't show hand 
*** SUMMARY ***
Total pot $5 | Rake $0.25 
Board [Qd 8h 8c 8s]
Seat 1: ImaPeppaPig (button) (small blind) collected ($4.75)
Seat 2: kuca86 (big blind) folded on the Turn



PokerStars Hand #254644921523:  Hold'em No Limit ($0.50/$1.00 USD) - 2025/01/31 23:26:47 WET [2025/01/31 18:26:47 ET]
Table 'Despina' 6-max Seat #2 is the button
Seat 1: ImaPeppaPig ($104.75 in chips) 
Seat 2: kuca86 ($226 in chips) 
kuca86: posts small blind $0.50
ImaPeppaPig: posts big blind $1
*** HOLE CARDS ***
kuca86: raises $1.50 to $2.50
ImaPeppaPig: calls $1.50
*** FLOP *** [5h Qs 2s]
ImaPeppaPig: checks 
kuca86: bets $1.19
ImaPeppaPig: folds 
Uncalled bet ($1.19) returned to kuca86
kuca86 collected $4.75 from pot
kuca86: doesn't show hand 
*** SUMMARY ***
Total pot $5 | Rake $0.25 
Board [5h Qs 2s]
Seat 1: ImaPeppaPig (big blind) folded on the Flop
Seat 2: kuca86 (button) (small blind) collected ($4.75)



PokerStars Hand #254644930164:  Hold'em No Limit ($0.50/$1.00 USD) - 2025/01/31 23:27:19 WET [2025/01/31 18:27:19 ET]
Table 'Despina' 6-max Seat #1 is the button
Seat 1: ImaPeppaPig ($102.25 in chips) 
Seat 2: kuca86 ($228.25 in chips) 
ImaPeppaPig: posts small blind $0.50
kuca86: posts big blind $1
*** HOLE CARDS ***
ImaPeppaPig: folds 
Uncalled bet ($0.50) returned to kuca86
kuca86 collected $1 from pot
kuca86: doesn't show hand 
*** SUMMARY ***
Total pot $1 | Rake $0 
Seat 1: ImaPeppaPig (button) (small blind) folded before Flop
Seat 2: kuca86 (big blind) collected ($1)



PokerStars Hand #254644931803:  Hold'em No Limit ($0.50/$1.00 USD) - 2025/01/31 23:27:25 WET [2025/01/31 18:27:25 ET]
Table 'Despina' 6-max Seat #2 is the button
Seat 1: ImaPeppaPig ($101.75 in chips) 
Seat 2: kuca86 ($228.75 in chips) 
kuca86: posts small blind $0.50
ImaPeppaPig: posts big blind $1
*** HOLE CARDS ***
kuca86: raises $1.50 to $2.50
ImaPeppaPig: calls $1.50
*** FLOP *** [Th 9c 4c]
ImaPeppaPig: checks 
kuca86: checks 
*** TURN *** [Th 9c 4c] [7c]
ImaPeppaPig: checks 
kuca86: bets $3.32
ImaPeppaPig: folds 
Uncalled bet ($3.32) returned to kuca86
kuca86 collected $4.75 from pot
kuca86: doesn't show hand 
*** SUMMARY ***
Total pot $5 | Rake $0.25 
Board [Th 9c 4c 7c]
Seat 1: ImaPeppaPig (big blind) folded on the Turn
Seat 2: kuca86 (button) (small blind) collected ($4.75)



PokerStars Hand #254644942188:  Hold'em No Limit ($0.50/$1.00 USD) - 2025/01/31 23:28:04 WET [2025/01/31 18:28:04 ET]
Table 'Despina' 6-max Seat #1 is the button
Seat 1: ImaPeppaPig ($100 in chips) 
Seat 2: kuca86 ($231 in chips) 
ImaPeppaPig: posts small blind $0.50
kuca86: posts big blind $1
*** HOLE CARDS ***
ImaPeppaPig: raises $1.50 to $2.50
kuca86: folds 
Uncalled bet ($1.50) returned to ImaPeppaPig
ImaPeppaPig collected $2 from pot
ImaPeppaPig: doesn't show hand 
*** SUMMARY ***
Total pot $2 | Rake $0 
Seat 1: ImaPeppaPig (button) (small blind) collected ($2)
Seat 2: kuca86 (big blind) folded before Flop



PokerStars Hand #254644947503:  Hold'em No Limit ($0.50/$1.00 USD) - 2025/01/31 23:28:23 WET [2025/01/31 18:28:23 ET]
Table 'Despina' 6-max Seat #2 is the button
Seat 1: ImaPeppaPig ($101 in chips) 
Seat 2: kuca86 ($230 in chips) 
kuca86: posts small blind $0.50
ImaPeppaPig: posts big blind $1
*** HOLE CARDS ***
kuca86: raises $1.50 to $2.50
ImaPeppaPig: folds 
Uncalled bet ($1.50) returned to kuca86
kuca86 collected $2 from pot
kuca86: doesn't show hand 
*** SUMMARY ***
Total pot $2 | Rake $0 
Seat 1: ImaPeppaPig (big blind) folded before Flop
Seat 2: kuca86 (button) (small blind) collected ($2)



PokerStars Hand #254644949808:  Hold'em No Limit ($0.50/$1.00 USD) - 2025/01/31 23:28:32 WET [2025/01/31 18:28:32 ET]
Table 'Despina' 6-max Seat #1 is the button
Seat 1: ImaPeppaPig ($100 in chips) 
Seat 2: kuca86 ($231 in chips) 
ImaPeppaPig: posts small blind $0.50
kuca86: posts big blind $1
*** HOLE CARDS ***
ImaPeppaPig: folds 
Uncalled bet ($0.50) returned to kuca86
kuca86 collected $1 from pot
kuca86: doesn't show hand 
*** SUMMARY ***
Total pot $1 | Rake $0 
Seat 1: ImaPeppaPig (button) (small blind) folded before Flop
Seat 2: kuca86 (big blind) collected ($1)



PokerStars Hand #254644951659:  Hold'em No Limit ($0.50/$1.00 USD) - 2025/01/31 23:28:39 WET [2025/01/31 18:28:39 ET]
Table 'Despina' 6-max Seat #2 is the button
Seat 1: ImaPeppaPig ($100 in chips) 
Seat 2: kuca86 ($231.50 in chips) 
kuca86: posts small blind $0.50
ImaPeppaPig: posts big blind $1
*** HOLE CARDS ***
kuca86: raises $1.50 to $2.50
ImaPeppaPig: calls $1.50
*** FLOP *** [3c 3d Kh]
ImaPeppaPig: checks 
kuca86: checks 
*** TURN *** [3c 3d Kh] [8h]
ImaPeppaPig: checks 
kuca86: checks 
*** RIVER *** [3c 3d Kh 8h] [Jc]
ImaPeppaPig: checks 
kuca86: bets $3.33
ImaPeppaPig: folds 
Uncalled bet ($3.33) returned to kuca86
kuca86 collected $4.75 from pot
kuca86: doesn't show hand 
*** SUMMARY ***
Total pot $5 | Rake $0.25 
Board [3c 3d Kh 8h Jc]
Seat 1: ImaPeppaPig (big blind) folded on the River
Seat 2: kuca86 (button) (small blind) collected ($4.75)



PokerStars Hand #254644962197:  Hold'em No Limit ($0.50/$1.00 USD) - 2025/01/31 23:29:18 WET [2025/01/31 18:29:18 ET]
Table 'Despina' 6-max Seat #1 is the button
Seat 1: ImaPeppaPig ($100 in chips) 
Seat 2: kuca86 ($233.75 in chips) 
ImaPeppaPig: posts small blind $0.50
kuca86: posts big blind $1
*** HOLE CARDS ***
ImaPeppaPig: folds 
Uncalled bet ($0.50) returned to kuca86
kuca86 collected $1 from pot
kuca86: doesn't show hand 
*** SUMMARY ***
Total pot $1 | Rake $0 
Seat 1: ImaPeppaPig (button) (small blind) folded before Flop
Seat 2: kuca86 (big blind) collected ($1)



PokerStars Hand #254644988921:  Hold'em No Limit ($0.50/$1.00 USD) - 2025/01/31 23:30:58 WET [2025/01/31 18:30:58 ET]
Table 'Despina' 6-max Seat #2 is the button
Seat 1: Mr_Dick666 ($100 in chips) 
Seat 2: kuca86 ($234.25 in chips) 
Seat 3: Nicedaymybro ($100 in chips) 
Seat 4: Rezzonner ($100 in chips) 
Nicedaymybro: posts small blind $0.50
Rezzonner: posts big blind $1
*** HOLE CARDS ***
Mr_Dick666: folds 
kuca86: folds 
mariofcd joins the table at seat #5 
Nicedaymybro: raises $2 to $3
Rezzonner: folds 
Uncalled bet ($2) returned to Nicedaymybro
Nicedaymybro collected $2 from pot
Nicedaymybro: doesn't show hand 
*** SUMMARY ***
Total pot $2 | Rake $0 
Seat 1: Mr_Dick666 folded before Flop (didn't bet)
Seat 2: kuca86 (button) folded before Flop (didn't bet)
Seat 3: Nicedaymybro (small blind) collected ($2)
Seat 4: Rezzonner (big blind) folded before Flop



PokerStars Hand #254644993610:  Hold'em No Limit ($0.50/$1.00 USD) - 2025/01/31 23:31:16 WET [2025/01/31 18:31:16 ET]
Table 'Despina' 6-max Seat #3 is the button
Seat 1: Mr_Dick666 ($100 in chips) 
Seat 2: kuca86 ($234.25 in chips) 
Seat 3: Nicedaymybro ($101 in chips) 
Seat 4: Rezzonner ($100 in chips) 
Seat 5: mariofcd ($100 in chips) 
Rezzonner: posts small blind $0.50
mariofcd: posts big blind $1
*** HOLE CARDS ***
Cythian182 joins the table at seat #6 
Cythian182 is disconnected 
Mr_Dick666: raises $1 to $2
kuca86: folds 
Nicedaymybro: raises $5 to $7
Rezzonner: folds 
mariofcd: folds 
Mr_Dick666: folds 
Uncalled bet ($5) returned to Nicedaymybro
Nicedaymybro collected $5.50 from pot
Nicedaymybro: doesn't show hand 
*** SUMMARY ***
Total pot $5.50 | Rake $0 
Seat 1: Mr_Dick666 folded before Flop
Seat 2: kuca86 folded before Flop (didn't bet)
Seat 3: Nicedaymybro (button) collected ($5.50)
Seat 4: Rezzonner (small blind) folded before Flop
Seat 5: mariofcd (big blind) folded before Flop



PokerStars Hand #254645003354:  Hold'em No Limit ($0.50/$1.00 USD) - 2025/01/31 23:31:53 WET [2025/01/31 18:31:53 ET]
Table 'Despina' 6-max Seat #4 is the button
Seat 1: Mr_Dick666 ($100 in chips) 
Seat 2: kuca86 ($234.25 in chips) 
Seat 3: Nicedaymybro ($104.50 in chips) 
Seat 4: Rezzonner ($100 in chips) 
Seat 5: mariofcd ($100 in chips) 
Seat 6: Cythian182 ($100 in chips) 
mariofcd: posts small blind $0.50
Cythian182: posts big blind $1
*** HOLE CARDS ***
Mr_Dick666: folds 
kuca86: raises $1.50 to $2.50
Nicedaymybro: folds 
Rezzonner: folds 
mariofcd: folds 
Cythian182: folds 
Uncalled bet ($1.50) returned to kuca86
kuca86 collected $2.50 from pot
kuca86: doesn't show hand 
*** SUMMARY ***
Total pot $2.50 | Rake $0 
Seat 1: Mr_Dick666 folded before Flop (didn't bet)
Seat 2: kuca86 collected ($2.50)
Seat 3: Nicedaymybro folded before Flop (didn't bet)
Seat 4: Rezzonner (button) folded before Flop (didn't bet)
Seat 5: mariofcd (small blind) folded before Flop
Seat 6: Cythian182 (big blind) folded before Flop



PokerStars Hand #254645009557:  Hold'em No Limit ($0.50/$1.00 USD) - 2025/01/31 23:32:16 WET [2025/01/31 18:32:16 ET]
Table 'Despina' 6-max Seat #5 is the button
Seat 1: Mr_Dick666 ($100 in chips) is sitting out
Seat 2: kuca86 ($235.75 in chips) 
Seat 3: Nicedaymybro ($104.50 in chips) 
Seat 4: Rezzonner ($100 in chips) 
Seat 5: mariofcd ($100 in chips) 
Seat 6: Cythian182 ($99 in chips) 
Cythian182: posts small blind $0.50
Mr_Dick666: is sitting out 
kuca86: posts big blind $1
*** HOLE CARDS ***
Mr_Dick666 leaves the table
Nicedaymybro: raises $1.50 to $2.50
Rezzonner: folds 
mariofcd: folds 
Cythian182: folds 
kuca86: folds 
Uncalled bet ($1.50) returned to Nicedaymybro
Nicedaymybro collected $2.50 from pot
Nicedaymybro: doesn't show hand 
*** SUMMARY ***
Total pot $2.50 | Rake $0 
Seat 1: Mr_Dick666
Seat 2: kuca86 (big blind) folded before Flop
Seat 3: Nicedaymybro collected ($2.50)
Seat 4: Rezzonner folded before Flop (didn't bet)
Seat 5: mariofcd (button) folded before Flop (didn't bet)
Seat 6: Cythian182 (small blind) folded before Flop



PokerStars Hand #254645019475:  Hold'em No Limit ($0.50/$1.00 USD) - 2025/01/31 23:32:53 WET [2025/01/31 18:32:53 ET]
Table 'Despina' 6-max Seat #6 is the button
Seat 2: kuca86 ($234.75 in chips) 
Seat 3: Nicedaymybro ($106 in chips) 
Seat 4: Rezzonner ($100 in chips) 
Seat 5: mariofcd ($100 in chips) 
Seat 6: Cythian182 ($98.50 in chips) 
kuca86: posts small blind $0.50
Nicedaymybro: posts big blind $1
*** HOLE CARDS ***
Rezzonner: raises $1.50 to $2.50
mariofcd: folds 
Cythian182: raises $8.50 to $11
kuca86: folds 
Nicedaymybro: folds 
Rezzonner: folds 
Uncalled bet ($8.50) returned to Cythian182
Cythian182 collected $6.50 from pot
*** SUMMARY ***
Total pot $6.50 | Rake $0 
Seat 2: kuca86 (small blind) folded before Flop
Seat 3: Nicedaymybro (big blind) folded before Flop
Seat 4: Rezzonner folded before Flop
Seat 5: mariofcd folded before Flop (didn't bet)
Seat 6: Cythian182 (button) collected ($6.50)



PokerStars Hand #254645026321:  Hold'em No Limit ($0.50/$1.00 USD) - 2025/01/31 23:33:19 WET [2025/01/31 18:33:19 ET]
Table 'Despina' 6-max Seat #2 is the button
Seat 2: kuca86 ($234.25 in chips) 
Seat 3: Nicedaymybro ($105 in chips) 
Seat 4: Rezzonner ($100 in chips) 
Seat 5: mariofcd ($100 in chips) 
Seat 6: Cythian182 ($102.50 in chips) 
Nicedaymybro: posts small blind $0.50
Rezzonner: posts big blind $1
*** HOLE CARDS ***
Nazareno1999 joins the table at seat #1 
mariofcd has timed out
mariofcd: folds 
Cythian182: folds 
kuca86: raises $1.50 to $2.50
Nicedaymybro: folds 
Rezzonner: calls $1.50
*** FLOP *** [Qs 5d 9d]
Rezzonner: checks 
mariofcd leaves the table
kuca86: bets $3.65
Rezzonner: calls $3.65
*** TURN *** [Qs 5d 9d] [Qh]
Rezzonner: checks 
kuca86: checks 
*** RIVER *** [Qs 5d 9d Qh] [Ad]
Rezzonner: checks 
kuca86: checks 
*** SHOW DOWN ***
Rezzonner: shows [6d Td] (a flush, Ace high)
kuca86: mucks hand 
Rezzonner collected $12.16 from pot
*** SUMMARY ***
Total pot $12.80 | Rake $0.64 
Board [Qs 5d 9d Qh Ad]
Seat 2: kuca86 (button) mucked
Seat 3: Nicedaymybro (small blind) folded before Flop
Seat 4: Rezzonner (big blind) showed [6d Td] and won ($12.16) with a flush, Ace high
Seat 5: mariofcd folded before Flop (didn't bet)
Seat 6: Cythian182 folded before Flop (didn't bet)



PokerStars Hand #254645046637:  Hold'em No Limit ($0.50/$1.00 USD) - 2025/01/31 23:34:35 WET [2025/01/31 18:34:35 ET]
Table 'Despina' 6-max Seat #3 is the button
Seat 1: Nazareno1999 ($100 in chips) is sitting out
Seat 2: kuca86 ($228.10 in chips) 
Seat 3: Nicedaymybro ($104.50 in chips) 
Seat 4: Rezzonner ($106.01 in chips) 
Seat 6: Cythian182 ($102.50 in chips) 
Rezzonner: posts small blind $0.50
Cythian182: posts big blind $1
Nazareno1999: sits out 
*** HOLE CARDS ***
kuca86: raises $1.50 to $2.50
Nazareno1999 leaves the table
Nicedaymybro: folds 
Rezzonner: folds 
Cythian182: folds 
Uncalled bet ($1.50) returned to kuca86
kuca86 collected $2.50 from pot
kuca86: doesn't show hand 
*** SUMMARY ***
Total pot $2.50 | Rake $0 
Seat 1: Nazareno1999
Seat 2: kuca86 collected ($2.50)
Seat 3: Nicedaymybro (button) folded before Flop (didn't bet)
Seat 4: Rezzonner (small blind) folded before Flop
Seat 6: Cythian182 (big blind) folded before Flop



PokerStars Hand #254645050404:  Hold'em No Limit ($0.50/$1.00 USD) - 2025/01/31 23:34:49 WET [2025/01/31 18:34:49 ET]
Table 'Despina' 6-max Seat #4 is the button
Seat 2: kuca86 ($229.60 in chips) 
Seat 3: Nicedaymybro ($104.50 in chips) 
Seat 4: Rezzonner ($105.51 in chips) 
Seat 6: Cythian182 ($101.50 in chips) 
Cythian182: posts small blind $0.50
kuca86: posts big blind $1
*** HOLE CARDS ***
Nicedaymybro: folds 
Rezzonner: folds 
Cythian182: raises $2 to $3
kuca86: calls $2
*** FLOP *** [8h 3c 2d]
Nicedaymybro leaves the table
Cythian182: bets $3
kuca86: raises $8.19 to $11.19
Cythian182: folds 
Uncalled bet ($8.19) returned to kuca86
kuca86 collected $11.40 from pot
kuca86: doesn't show hand 
*** SUMMARY ***
Total pot $12 | Rake $0.60 
Board [8h 3c 2d]
Seat 2: kuca86 (big blind) collected ($11.40)
Seat 3: Nicedaymybro folded before Flop (didn't bet)
Seat 4: Rezzonner (button) folded before Flop (didn't bet)
Seat 6: Cythian182 (small blind) folded on the Flop



PokerStars Hand #254645065426:  Hold'em No Limit ($0.50/$1.00 USD) - 2025/01/31 23:35:46 WET [2025/01/31 18:35:46 ET]
Table 'Despina' 6-max Seat #2 is the button
Seat 4: Rezzonner ($105.51 in chips) is sitting out
Seat 2: kuca86 ($235 in chips) 
Seat 6: Cythian182 ($95.50 in chips) 
kuca86: posts small blind $0.50
Rezzonner: is sitting out 
Cythian182: posts big blind $1
*** HOLE CARDS ***
kuca86: raises $1.50 to $2.50
Rezzonner leaves the table
Cythian182: calls $1.50
*** FLOP *** [6s 7d 7c]
Cythian182: checks 
kuca86: checks 
*** TURN *** [6s 7d 7c] [Tc]
Cythian182: bets $4.75
kuca86: calls $4.75
*** RIVER *** [6s 7d 7c Tc] [Qd]
Cythian182: bets $16
kuca86: folds 
Uncalled bet ($16) returned to Cythian182
Cythian182 collected $13.78 from pot
*** SUMMARY ***
Total pot $14.50 | Rake $0.72 
Board [6s 7d 7c Tc Qd]
Seat 4: Rezzonner
Seat 2: kuca86 (button) (small blind) folded on the River
Seat 6: Cythian182 (big blind) collected ($13.78)



PokerStars Hand #254645079106:  Hold'em No Limit ($0.50/$1.00 USD) - 2025/01/31 23:36:37 WET [2025/01/31 18:36:37 ET]
Table 'Despina' 6-max Seat #6 is the button
Seat 2: kuca86 ($227.75 in chips) 
Seat 6: Cythian182 ($102.03 in chips) 
Cythian182: posts small blind $0.50
kuca86: posts big blind $1
*** HOLE CARDS ***
Cythian182: raises $2 to $3
kuca86: folds 
Uncalled bet ($2) returned to Cythian182
Cythian182 collected $2 from pot
*** SUMMARY ***
Total pot $2 | Rake $0 
Seat 2: kuca86 (big blind) folded before Flop
Seat 6: Cythian182 (button) (small blind) collected ($2)



PokerStars Hand #254645085426:  Hold'em No Limit ($0.50/$1.00 USD) - 2025/01/31 23:37:01 WET [2025/01/31 18:37:01 ET]
Table 'Despina' 6-max Seat #2 is the button
Seat 2: kuca86 ($226.75 in chips) 
Seat 6: Cythian182 ($103.03 in chips) 
kuca86: posts small blind $0.50
Cythian182: posts big blind $1
*** HOLE CARDS ***
kuca86: raises $1.50 to $2.50
Cythian182: raises $8.50 to $11
kuca86: folds 
Uncalled bet ($8.50) returned to Cythian182
Cythian182 collected $5 from pot
*** SUMMARY ***
Total pot $5 | Rake $0 
Seat 2: kuca86 (button) (small blind) folded before Flop
Seat 6: Cythian182 (big blind) collected ($5)



PokerStars Hand #254645092472:  Hold'em No Limit ($0.50/$1.00 USD) - 2025/01/31 23:37:28 WET [2025/01/31 18:37:28 ET]
Table 'Despina' 6-max Seat #6 is the button
Seat 2: kuca86 ($224.25 in chips) 
Seat 6: Cythian182 ($105.53 in chips) 
Cythian182: posts small blind $0.50
kuca86: posts big blind $1
*** HOLE CARDS ***
Cythian182: raises $2 to $3
kuca86: raises $8 to $11
Cythian182: calls $8
*** FLOP *** [Kc Ad Jc]
kuca86: bets $5.25
aaronbengert joins the table at seat #1 
CichiChanMarian joins the table at seat #3 
Nicedaymybro joins the table at seat #4 
Cythian182: raises $17.75 to $23
Rezzonner joins the table at seat #5 
kuca86: folds 
Uncalled bet ($17.75) returned to Cythian182
Cythian182 collected $31.50 from pot
*** SUMMARY ***
Total pot $32.50 | Rake $1 
Board [Kc Ad Jc]
Seat 2: kuca86 (big blind) folded on the Flop
Seat 6: Cythian182 (button) (small blind) collected ($31.50)



PokerStars Hand #254645105246:  Hold'em No Limit ($0.50/$1.00 USD) - 2025/01/31 23:38:16 WET [2025/01/31 18:38:16 ET]
Table 'Despina' 6-max Seat #2 is the button
Seat 3: CichiChanMarian ($100 in chips) is sitting out
Seat 4: Nicedaymybro ($104.50 in chips) is sitting out
Seat 5: Rezzonner ($105.51 in chips) is sitting out
Seat 1: aaronbengert ($50 in chips) 
Seat 2: kuca86 ($208 in chips) 
Seat 6: Cythian182 ($120.78 in chips) 
Cythian182: posts small blind $0.50
aaronbengert: posts big blind $1
*** HOLE CARDS ***
kuca86: raises $1.50 to $2.50
Cythian182: folds 
aaronbengert: calls $1.50
*** FLOP *** [Ad 8c 2h]
aaronbengert: bets $1
kuca86: raises $2.67 to $3.67
aaronbengert: folds 
Uncalled bet ($2.67) returned to kuca86
kuca86 collected $7.12 from pot
kuca86: doesn't show hand 
*** SUMMARY ***
Total pot $7.50 | Rake $0.38 
Board [Ad 8c 2h]
Seat 3: CichiChanMarian
Seat 4: Nicedaymybro
Seat 5: Rezzonner
Seat 1: aaronbengert (big blind) folded on the Flop
Seat 2: kuca86 (button) collected ($7.12)
Seat 6: Cythian182 (small blind) folded before Flop



PokerStars Hand #254645114129:  Hold'em No Limit ($0.50/$1.00 USD) - 2025/01/31 23:38:50 WET [2025/01/31 18:38:50 ET]
Table 'Despina' 6-max Seat #6 is the button
Seat 3: CichiChanMarian ($100 in chips) is sitting out
Seat 4: Nicedaymybro ($104.50 in chips) is sitting out
Seat 5: Rezzonner ($105.51 in chips) is sitting out
Seat 1: aaronbengert ($46.50 in chips) 
Seat 2: kuca86 ($211.62 in chips) 
Seat 6: Cythian182 ($120.28 in chips) 
aaronbengert: posts small blind $0.50
kuca86: posts big blind $1
CichiChanMarian: sits out 
Nicedaymybro: sits out 
Rezzonner: sits out 
*** HOLE CARDS ***
Cythian182: raises $2 to $3
aaronbengert: folds 
kuca86: folds 
Uncalled bet ($2) returned to Cythian182
Cythian182 collected $2.50 from pot
*** SUMMARY ***
Total pot $2.50 | Rake $0 
Seat 3: CichiChanMarian
Seat 4: Nicedaymybro
Seat 5: Rezzonner
Seat 1: aaronbengert (small blind) folded before Flop
Seat 2: kuca86 (big blind) folded before Flop
Seat 6: Cythian182 (button) collected ($2.50)



PokerStars Hand #254645118935:  Hold'em No Limit ($0.50/$1.00 USD) - 2025/01/31 23:39:08 WET [2025/01/31 18:39:08 ET]
Table 'Despina' 6-max Seat #1 is the button
Seat 4: Nicedaymybro ($104.50 in chips) is sitting out
Seat 5: Rezzonner ($105.51 in chips) is sitting out
Seat 1: aaronbengert ($46 in chips) 
Seat 2: kuca86 ($210.62 in chips) 
Seat 3: CichiChanMarian ($100 in chips) 
Seat 6: Cythian182 ($121.78 in chips) 
kuca86: posts small blind $0.50
CichiChanMarian: posts big blind $1
Nicedaymybro: sits out 
Rezzonner: sits out 
*** HOLE CARDS ***
Cythian182: folds 
aaronbengert: calls $1
kuca86: folds 
CichiChanMarian: raises $4 to $5
aaronbengert: folds 
Uncalled bet ($4) returned to CichiChanMarian
CichiChanMarian collected $2.50 from pot
CichiChanMarian: doesn't show hand 
*** SUMMARY ***
Total pot $2.50 | Rake $0 
Seat 4: Nicedaymybro
Seat 5: Rezzonner
Seat 1: aaronbengert (button) folded before Flop
Seat 2: kuca86 (small blind) folded before Flop
Seat 3: CichiChanMarian (big blind) collected ($2.50)
Seat 6: Cythian182 folded before Flop (didn't bet)



PokerStars Hand #254645126407:  Hold'em No Limit ($0.50/$1.00 USD) - 2025/01/31 23:39:36 WET [2025/01/31 18:39:36 ET]
Table 'Despina' 6-max Seat #2 is the button
Seat 5: Rezzonner ($105.51 in chips) is sitting out
Seat 1: aaronbengert ($45 in chips) 
Seat 2: kuca86 ($210.12 in chips) 
Seat 3: CichiChanMarian ($101.50 in chips) 
Seat 4: Nicedaymybro ($104.50 in chips) 
Seat 6: Cythian182 ($121.78 in chips) 
CichiChanMarian: posts small blind $0.50
Nicedaymybro: posts big blind $1
Rezzonner: sits out 
*** HOLE CARDS ***
Cythian182: folds 
aaronbengert: folds 
kuca86: folds 
CichiChanMarian: folds 
Uncalled bet ($0.50) returned to Nicedaymybro
Nicedaymybro collected $1 from pot
Nicedaymybro: doesn't show hand 
*** SUMMARY ***
Total pot $1 | Rake $0 
Seat 5: Rezzonner
Seat 1: aaronbengert folded before Flop (didn't bet)
Seat 2: kuca86 (button) folded before Flop (didn't bet)
Seat 3: CichiChanMarian (small blind) folded before Flop
Seat 4: Nicedaymybro (big blind) collected ($1)
Seat 6: Cythian182 folded before Flop (didn't bet)



PokerStars Hand #254645130415:  Hold'em No Limit ($0.50/$1.00 USD) - 2025/01/31 23:39:52 WET [2025/01/31 18:39:52 ET]
Table 'Despina' 6-max Seat #3 is the button
Seat 1: aaronbengert ($45 in chips) 
Seat 2: kuca86 ($210.12 in chips) 
Seat 3: CichiChanMarian ($101 in chips) 
Seat 4: Nicedaymybro ($105 in chips) 
Seat 5: Rezzonner ($105.51 in chips) 
Seat 6: Cythian182 ($121.78 in chips) 
Nicedaymybro: posts small blind $0.50
Rezzonner: posts big blind $1
*** HOLE CARDS ***
Cythian182: folds 
aaronbengert: folds 
kuca86: raises $1.50 to $2.50
CichiChanMarian: folds 
Nicedaymybro: folds 
Rezzonner: folds 
Uncalled bet ($1.50) returned to kuca86
kuca86 collected $2.50 from pot
kuca86: doesn't show hand 
*** SUMMARY ***
Total pot $2.50 | Rake $0 
Seat 1: aaronbengert folded before Flop (didn't bet)
Seat 2: kuca86 collected ($2.50)
Seat 3: CichiChanMarian (button) folded before Flop (didn't bet)
Seat 4: Nicedaymybro (small blind) folded before Flop
Seat 5: Rezzonner (big blind) folded before Flop
Seat 6: Cythian182 folded before Flop (didn't bet)



PokerStars Hand #254645136904:  Hold'em No Limit ($0.50/$1.00 USD) - 2025/01/31 23:40:15 WET [2025/01/31 18:40:15 ET]
Table 'Despina' 6-max Seat #4 is the button
Seat 1: aaronbengert ($45 in chips) 
Seat 2: kuca86 ($211.62 in chips) 
Seat 3: CichiChanMarian ($101 in chips) 
Seat 4: Nicedaymybro ($104.50 in chips) 
Seat 5: Rezzonner ($104.51 in chips) 
Seat 6: Cythian182 ($121.78 in chips) 
Rezzonner: posts small blind $0.50
Cythian182: posts big blind $1
*** HOLE CARDS ***
aaronbengert: raises $3 to $4
kuca86: folds 
CichiChanMarian: folds 
Nicedaymybro: folds 
Rezzonner: folds 
Cythian182: folds 
Uncalled bet ($3) returned to aaronbengert
aaronbengert collected $2.50 from pot
aaronbengert: doesn't show hand 
*** SUMMARY ***
Total pot $2.50 | Rake $0 
Seat 1: aaronbengert collected ($2.50)
Seat 2: kuca86 folded before Flop (didn't bet)
Seat 3: CichiChanMarian folded before Flop (didn't bet)
Seat 4: Nicedaymybro (button) folded before Flop (didn't bet)
Seat 5: Rezzonner (small blind) folded before Flop
Seat 6: Cythian182 (big blind) folded before Flop



PokerStars Hand #254645145133:  Hold'em No Limit ($0.50/$1.00 USD) - 2025/01/31 23:40:47 WET [2025/01/31 18:40:47 ET]
Table 'Despina' 6-max Seat #5 is the button
Seat 1: aaronbengert ($46.50 in chips) 
Seat 2: kuca86 ($211.62 in chips) 
Seat 3: CichiChanMarian ($101 in chips) 
Seat 4: Nicedaymybro ($104.50 in chips) 
Seat 5: Rezzonner ($104.01 in chips) 
Seat 6: Cythian182 ($120.78 in chips) 
Cythian182: posts small blind $0.50
aaronbengert: posts big blind $1
*** HOLE CARDS ***
kuca86: folds 
CichiChanMarian: folds 
Nicedaymybro: folds 
Rezzonner: folds 
Cythian182: raises $2 to $3
aaronbengert: calls $2
*** FLOP *** [4c Th 6h]
Cythian182: bets $3
aaronbengert: raises $5 to $8
Cythian182: calls $5
*** TURN *** [4c Th 6h] [Kd]
Cythian182: checks 
aaronbengert: checks 
*** RIVER *** [4c Th 6h Kd] [3s]
Cythian182: bets $17
aaronbengert: calls $17
*** SHOW DOWN ***
Cythian182: shows [Ah Ad] (a pair of Aces)
aaronbengert: mucks hand 
Cythian182 collected $53.50 from pot
*** SUMMARY ***
Total pot $56 | Rake $2.50 
Board [4c Th 6h Kd 3s]
Seat 1: aaronbengert (big blind) mucked
Seat 2: kuca86 folded before Flop (didn't bet)
Seat 3: CichiChanMarian folded before Flop (didn't bet)
Seat 4: Nicedaymybro folded before Flop (didn't bet)
Seat 5: Rezzonner (button) folded before Flop (didn't bet)
Seat 6: Cythian182 (small blind) showed [Ah Ad] and won ($53.50) with a pair of Aces



PokerStars Hand #254645166944:  Hold'em No Limit ($0.50/$1.00 USD) - 2025/01/31 23:42:10 WET [2025/01/31 18:42:10 ET]
Table 'Despina' 6-max Seat #6 is the button
Seat 1: aaronbengert ($18.50 in chips) 
Seat 2: kuca86 ($211.62 in chips) 
Seat 3: CichiChanMarian ($101 in chips) 
Seat 4: Nicedaymybro ($104.50 in chips) 
Seat 5: Rezzonner ($104.01 in chips) 
Seat 6: Cythian182 ($146.28 in chips) 
aaronbengert: posts small blind $0.50
kuca86: posts big blind $1
*** HOLE CARDS ***
CichiChanMarian: folds 
Nicedaymybro: folds 
Rezzonner: folds 
Cythian182: folds 
aaronbengert: calls $0.50
kuca86: raises $2.50 to $3.50
aaronbengert: raises $15 to $18.50 and is all-in
kuca86: calls $15
*** FLOP *** [5s 7h 5h]
*** TURN *** [5s 7h 5h] [9s]
*** RIVER *** [5s 7h 5h 9s] [Ac]
*** SHOW DOWN ***
aaronbengert: shows [As 2c] (two pair, Aces and Fives)
kuca86: shows [Ad 8c] (two pair, Aces and Fives)
aaronbengert collected $17.58 from pot
kuca86 collected $17.57 from pot
*** SUMMARY ***
Total pot $37 | Rake $1.85 
Board [5s 7h 5h 9s Ac]
Seat 1: aaronbengert (small blind) showed [As 2c] and won ($17.58) with two pair, Aces and Fives
Seat 2: kuca86 (big blind) showed [Ad 8c] and won ($17.57) with two pair, Aces and Fives
Seat 3: CichiChanMarian folded before Flop (didn't bet)
Seat 4: Nicedaymybro folded before Flop (didn't bet)
Seat 5: Rezzonner folded before Flop (didn't bet)
Seat 6: Cythian182 (button) folded before Flop (didn't bet)



PokerStars Hand #254645177438:  Hold'em No Limit ($0.50/$1.00 USD) - 2025/01/31 23:42:51 WET [2025/01/31 18:42:51 ET]
Table 'Despina' 6-max Seat #1 is the button
Seat 1: aaronbengert ($17.58 in chips) 
Seat 2: kuca86 ($210.69 in chips) 
Seat 3: CichiChanMarian ($101 in chips) 
Seat 4: Nicedaymybro ($104.50 in chips) 
Seat 5: Rezzonner ($104.01 in chips) 
Seat 6: Cythian182 ($146.28 in chips) 
kuca86: posts small blind $0.50
CichiChanMarian: posts big blind $1
*** HOLE CARDS ***
Nicedaymybro: raises $1.50 to $2.50
Rezzonner: folds 
Cythian182: folds 
aaronbengert: folds 
kuca86: folds 
CichiChanMarian: calls $1.50
*** FLOP *** [Ts Qc Kh]
CichiChanMarian: checks 
Nicedaymybro: checks 
*** TURN *** [Ts Qc Kh] [Qs]
CichiChanMarian: checks 
Nicedaymybro: checks 
*** RIVER *** [Ts Qc Kh Qs] [3d]
CichiChanMarian: checks 
Nicedaymybro: checks 
*** SHOW DOWN ***
CichiChanMarian: shows [2c 2s] (two pair, Queens and Deuces)
Nicedaymybro: shows [6h 6d] (two pair, Queens and Sixes)
Nicedaymybro collected $5.22 from pot
*** SUMMARY ***
Total pot $5.50 | Rake $0.28 
Board [Ts Qc Kh Qs 3d]
Seat 1: aaronbengert (button) folded before Flop (didn't bet)
Seat 2: kuca86 (small blind) folded before Flop
Seat 3: CichiChanMarian (big blind) showed [2c 2s] and lost with two pair, Queens and Deuces
Seat 4: Nicedaymybro showed [6h 6d] and won ($5.22) with two pair, Queens and Sixes
Seat 5: Rezzonner folded before Flop (didn't bet)
Seat 6: Cythian182 folded before Flop (didn't bet)



PokerStars Hand #254645187135:  Hold'em No Limit ($0.50/$1.00 USD) - 2025/01/31 23:43:28 WET [2025/01/31 18:43:28 ET]
Table 'Despina' 6-max Seat #2 is the button
Seat 1: aaronbengert ($17.58 in chips) 
Seat 2: kuca86 ($210.19 in chips) 
Seat 3: CichiChanMarian ($100 in chips) 
Seat 4: Nicedaymybro ($107.22 in chips) 
Seat 5: Rezzonner ($104.01 in chips) 
Seat 6: Cythian182 ($146.28 in chips) 
CichiChanMarian: posts small blind $0.50
Nicedaymybro: posts big blind $1
*** HOLE CARDS ***
Rezzonner: folds 
Cythian182: folds 
aaronbengert: folds 
kuca86: raises $1.50 to $2.50
CichiChanMarian: folds 
Nicedaymybro: folds 
Uncalled bet ($1.50) returned to kuca86
kuca86 collected $2.50 from pot
kuca86: doesn't show hand 
*** SUMMARY ***
Total pot $2.50 | Rake $0 
Seat 1: aaronbengert folded before Flop (didn't bet)
Seat 2: kuca86 (button) collected ($2.50)
Seat 3: CichiChanMarian (small blind) folded before Flop
Seat 4: Nicedaymybro (big blind) folded before Flop
Seat 5: Rezzonner folded before Flop (didn't bet)
Seat 6: Cythian182 folded before Flop (didn't bet)



PokerStars Hand #254645192785:  Hold'em No Limit ($0.50/$1.00 USD) - 2025/01/31 23:43:50 WET [2025/01/31 18:43:50 ET]
Table 'Despina' 6-max Seat #3 is the button
Seat 1: aaronbengert ($17.58 in chips) 
Seat 2: kuca86 ($211.69 in chips) 
Seat 3: CichiChanMarian ($100 in chips) 
Seat 4: Nicedaymybro ($106.22 in chips) 
Seat 5: Rezzonner ($104.01 in chips) 
Seat 6: Cythian182 ($146.28 in chips) 
Nicedaymybro: posts small blind $0.50
Rezzonner: posts big blind $1
*** HOLE CARDS ***
Cythian182: raises $2 to $3
aaronbengert: folds 
kuca86: folds 
CichiChanMarian: folds 
Nicedaymybro: folds 
Rezzonner: folds 
Uncalled bet ($2) returned to Cythian182
Cythian182 collected $2.50 from pot
*** SUMMARY ***
Total pot $2.50 | Rake $0 
Seat 1: aaronbengert folded before Flop (didn't bet)
Seat 2: kuca86 folded before Flop (didn't bet)
Seat 3: CichiChanMarian (button) folded before Flop (didn't bet)
Seat 4: Nicedaymybro (small blind) folded before Flop
Seat 5: Rezzonner (big blind) folded before Flop
Seat 6: Cythian182 collected ($2.50)



PokerStars Hand #254645201275:  Hold'em No Limit ($0.50/$1.00 USD) - 2025/01/31 23:44:23 WET [2025/01/31 18:44:23 ET]
Table 'Despina' 6-max Seat #4 is the button
Seat 1: aaronbengert ($17.58 in chips) 
Seat 2: kuca86 ($211.69 in chips) 
Seat 3: CichiChanMarian ($100 in chips) 
Seat 4: Nicedaymybro ($105.72 in chips) 
Seat 5: Rezzonner ($103.01 in chips) 
Seat 6: Cythian182 ($147.78 in chips) 
Rezzonner: posts small blind $0.50
Cythian182: posts big blind $1
*** HOLE CARDS ***
aaronbengert: folds 
kuca86: folds 
CichiChanMarian: raises $1.50 to $2.50
Nicedaymybro: folds 
Rezzonner: folds 
Cythian182: calls $1.50
*** FLOP *** [3s As 2c]
Cythian182: checks 
CichiChanMarian: checks 
*** TURN *** [3s As 2c] [Jd]
Cythian182: checks 
CichiChanMarian: bets $1.72
Cythian182: calls $1.72
*** RIVER *** [3s As 2c Jd] [3h]
Cythian182: checks 
CichiChanMarian: checks 
*** SHOW DOWN ***
Cythian182: shows [Kd 3d] (three of a kind, Threes)
CichiChanMarian: mucks hand 
Cythian182 collected $8.49 from pot
*** SUMMARY ***
Total pot $8.94 | Rake $0.45 
Board [3s As 2c Jd 3h]
Seat 1: aaronbengert folded before Flop (didn't bet)
Seat 2: kuca86 folded before Flop (didn't bet)
Seat 3: CichiChanMarian mucked
Seat 4: Nicedaymybro (button) folded before Flop (didn't bet)
Seat 5: Rezzonner (small blind) folded before Flop
Seat 6: Cythian182 (big blind) showed [Kd 3d] and won ($8.49) with three of a kind, Threes



PokerStars Hand #254645218309:  Hold'em No Limit ($0.50/$1.00 USD) - 2025/01/31 23:45:30 WET [2025/01/31 18:45:30 ET]
Table 'Despina' 6-max Seat #5 is the button
Seat 1: aaronbengert ($17.58 in chips) 
Seat 2: kuca86 ($211.69 in chips) 
Seat 3: CichiChanMarian ($100 in chips) 
Seat 4: Nicedaymybro ($105.72 in chips) 
Seat 5: Rezzonner ($102.51 in chips) 
Seat 6: Cythian182 ($152.05 in chips) 
Cythian182: posts small blind $0.50
aaronbengert: posts big blind $1
*** HOLE CARDS ***
kuca86: folds 
CichiChanMarian: folds 
Nicedaymybro: raises $1.50 to $2.50
Rezzonner: folds 
Cythian182: folds 
aaronbengert: calls $1.50
*** FLOP *** [3s 4s 7s]
aaronbengert: checks 
Nicedaymybro: bets $5.22
aaronbengert: folds 
Uncalled bet ($5.22) returned to Nicedaymybro
Nicedaymybro collected $5.22 from pot
Nicedaymybro: doesn't show hand 
*** SUMMARY ***
Total pot $5.50 | Rake $0.28 
Board [3s 4s 7s]
Seat 1: aaronbengert (big blind) folded on the Flop
Seat 2: kuca86 folded before Flop (didn't bet)
Seat 3: CichiChanMarian folded before Flop (didn't bet)
Seat 4: Nicedaymybro collected ($5.22)
Seat 5: Rezzonner (button) folded before Flop (didn't bet)
Seat 6: Cythian182 (small blind) folded before Flop



PokerStars Hand #254645226850:  Hold'em No Limit ($0.50/$1.00 USD) - 2025/01/31 23:46:03 WET [2025/01/31 18:46:03 ET]
Table 'Despina' 6-max Seat #6 is the button
Seat 1: aaronbengert ($15.08 in chips) 
Seat 2: kuca86 ($211.69 in chips) 
Seat 3: CichiChanMarian ($100 in chips) 
Seat 4: Nicedaymybro ($108.44 in chips) 
Seat 5: Rezzonner ($102.51 in chips) 
Seat 6: Cythian182 ($151.55 in chips) 
aaronbengert: posts small blind $0.50
kuca86: posts big blind $1
*** HOLE CARDS ***
CichiChanMarian: folds 
Nicedaymybro: folds 
Rezzonner: folds 
Cythian182: folds 
aaronbengert: calls $0.50
kuca86: checks 
*** FLOP *** [5h Td 2c]
aaronbengert: checks 
kuca86: checks 
*** TURN *** [5h Td 2c] [7h]
aaronbengert: checks 
kuca86: bets $1
aaronbengert: calls $1
*** RIVER *** [5h Td 2c 7h] [Jd]
aaronbengert: bets $3
kuca86: folds 
Uncalled bet ($3) returned to aaronbengert
aaronbengert collected $3.80 from pot
aaronbengert: doesn't show hand 
*** SUMMARY ***
Total pot $4 | Rake $0.20 
Board [5h Td 2c 7h Jd]
Seat 1: aaronbengert (small blind) collected ($3.80)
Seat 2: kuca86 (big blind) folded on the River
Seat 3: CichiChanMarian folded before Flop (didn't bet)
Seat 4: Nicedaymybro folded before Flop (didn't bet)
Seat 5: Rezzonner folded before Flop (didn't bet)
Seat 6: Cythian182 (button) folded before Flop (didn't bet)



PokerStars Hand #254645249218:  Hold'em No Limit ($0.50/$1.00 USD) - 2025/01/31 23:47:32 WET [2025/01/31 18:47:32 ET]
Table 'Despina' 6-max Seat #1 is the button
Seat 3: CichiChanMarian ($100 in chips) is sitting out
Seat 1: aaronbengert ($16.88 in chips) 
Seat 2: kuca86 ($209.69 in chips) 
Seat 4: Nicedaymybro ($108.44 in chips) 
Seat 5: Rezzonner ($102.51 in chips) 
Seat 6: Cythian182 ($151.55 in chips) 
kuca86: posts small blind $0.50
CichiChanMarian: is sitting out 
Nicedaymybro: posts big blind $1
*** HOLE CARDS ***
Rezzonner: folds 
Cythian182: folds 
aaronbengert: folds 
CichiChanMarian leaves the table
kuca86: folds 
Uncalled bet ($0.50) returned to Nicedaymybro
Nicedaymybro collected $1 from pot
Nicedaymybro: doesn't show hand 
*** SUMMARY ***
Total pot $1 | Rake $0 
Seat 3: CichiChanMarian
Seat 1: aaronbengert (button) folded before Flop (didn't bet)
Seat 2: kuca86 (small blind) folded before Flop
Seat 4: Nicedaymybro (big blind) collected ($1)
Seat 5: Rezzonner folded before Flop (didn't bet)
Seat 6: Cythian182 folded before Flop (didn't bet)



PokerStars Hand #254645253037:  Hold'em No Limit ($0.50/$1.00 USD) - 2025/01/31 23:47:47 WET [2025/01/31 18:47:47 ET]
Table 'Despina' 6-max Seat #2 is the button
Seat 1: aaronbengert ($16.88 in chips) 
Seat 2: kuca86 ($209.19 in chips) 
Seat 4: Nicedaymybro ($108.94 in chips) 
Seat 5: Rezzonner ($102.51 in chips) 
Seat 6: Cythian182 ($151.55 in chips) 
Nicedaymybro: posts small blind $0.50
Rezzonner: posts big blind $1
*** HOLE CARDS ***
Cythian182: folds 
XneferX joins the table at seat #3 
aaronbengert: folds 
kuca86: folds 
Nicedaymybro: folds 
Uncalled bet ($0.50) returned to Rezzonner
Rezzonner collected $1 from pot
Rezzonner: doesn't show hand 
*** SUMMARY ***
Total pot $1 | Rake $0 
Seat 1: aaronbengert folded before Flop (didn't bet)
Seat 2: kuca86 (button) folded before Flop (didn't bet)
Seat 4: Nicedaymybro (small blind) folded before Flop
Seat 5: Rezzonner (big blind) collected ($1)
Seat 6: Cythian182 folded before Flop (didn't bet)



PokerStars Hand #254645257603:  Hold'em No Limit ($0.50/$1.00 USD) - 2025/01/31 23:48:05 WET [2025/01/31 18:48:05 ET]
Table 'Despina' 6-max Seat #4 is the button
Seat 3: XneferX ($100 in chips) is sitting out
Seat 1: aaronbengert ($16.88 in chips) 
Seat 2: kuca86 ($209.19 in chips) 
Seat 4: Nicedaymybro ($108.44 in chips) 
Seat 5: Rezzonner ($103.01 in chips) 
Seat 6: Cythian182 ($151.55 in chips) 
Rezzonner: posts small blind $0.50
Cythian182: posts big blind $1
XneferX: sits out 
*** HOLE CARDS ***
aaronbengert: folds 
kuca86: folds 
Nicedaymybro: raises $1.50 to $2.50
Rezzonner: raises $7.50 to $10
Cythian182: folds 
Nicedaymybro: raises $12 to $22
Rezzonner: folds 
Uncalled bet ($12) returned to Nicedaymybro
Nicedaymybro collected $21 from pot
Nicedaymybro: doesn't show hand 
*** SUMMARY ***
Total pot $21 | Rake $0 
Seat 3: XneferX
Seat 1: aaronbengert folded before Flop (didn't bet)
Seat 2: kuca86 folded before Flop (didn't bet)
Seat 4: Nicedaymybro (button) collected ($21)
Seat 5: Rezzonner (small blind) folded before Flop
Seat 6: Cythian182 (big blind) folded before Flop



PokerStars Hand #254645266956:  Hold'em No Limit ($0.50/$1.00 USD) - 2025/01/31 23:48:43 WET [2025/01/31 18:48:43 ET]
Table 'Despina' 6-max Seat #5 is the button
Seat 3: XneferX ($100 in chips) is sitting out
Seat 1: aaronbengert ($16.88 in chips) 
Seat 2: kuca86 ($209.19 in chips) 
Seat 4: Nicedaymybro ($119.44 in chips) 
Seat 5: Rezzonner ($100 in chips) 
Seat 6: Cythian182 ($150.55 in chips) 
Cythian182: posts small blind $0.50
aaronbengert: posts big blind $1
XneferX: sits out 
*** HOLE CARDS ***
kuca86: folds 
Nicedaymybro: raises $1.50 to $2.50
Rezzonner: folds 
Cythian182: folds 
aaronbengert: calls $1.50
*** FLOP *** [Ac 9h 5h]
aaronbengert: bets $14.38 and is all-in
Nicedaymybro: calls $14.38
*** TURN *** [Ac 9h 5h] [8s]
*** RIVER *** [Ac 9h 5h 8s] [3s]
*** SHOW DOWN ***
aaronbengert: shows [5d 4d] (a pair of Fives)
Nicedaymybro: shows [As Tc] (a pair of Aces)
Nicedaymybro collected $32.55 from pot
*** SUMMARY ***
Total pot $34.26 | Rake $1.71 
Board [Ac 9h 5h 8s 3s]
Seat 3: XneferX
Seat 1: aaronbengert (big blind) showed [5d 4d] and lost with a pair of Fives
Seat 2: kuca86 folded before Flop (didn't bet)
Seat 4: Nicedaymybro showed [As Tc] and won ($32.55) with a pair of Aces
Seat 5: Rezzonner (button) folded before Flop (didn't bet)
Seat 6: Cythian182 (small blind) folded before Flop



PokerStars Hand #254645275512:  Hold'em No Limit ($0.50/$1.00 USD) - 2025/01/31 23:49:18 WET [2025/01/31 18:49:18 ET]
Table 'Despina' 6-max Seat #6 is the button
Seat 1: aaronbengert ($0 in chips) is sitting out
Seat 2: kuca86 ($209.19 in chips) 
Seat 3: XneferX ($100 in chips) 
Seat 4: Nicedaymybro ($135.11 in chips) 
Seat 5: Rezzonner ($100 in chips) 
Seat 6: Cythian182 ($150.05 in chips) 
kuca86: posts small blind $0.50
XneferX: posts big blind $1
*** HOLE CARDS ***
aaronbengert leaves the table
Nicedaymybro: raises $1.50 to $2.50
Rezzonner: folds 
Cythian182: folds 
kuca86: folds 
XneferX: folds 
Uncalled bet ($1.50) returned to Nicedaymybro
Nicedaymybro collected $2.50 from pot
Nicedaymybro: doesn't show hand 
*** SUMMARY ***
Total pot $2.50 | Rake $0 
Seat 1: aaronbengert
Seat 2: kuca86 (small blind) folded before Flop
Seat 3: XneferX (big blind) folded before Flop
Seat 4: Nicedaymybro collected ($2.50)
Seat 5: Rezzonner folded before Flop (didn't bet)
Seat 6: Cythian182 (button) folded before Flop (didn't bet)



PokerStars Hand #254645279644:  Hold'em No Limit ($0.50/$1.00 USD) - 2025/01/31 23:49:34 WET [2025/01/31 18:49:34 ET]
Table 'Despina' 6-max Seat #2 is the button
Seat 4: Nicedaymybro ($136.61 in chips) is sitting out
Seat 2: kuca86 ($208.69 in chips) 
Seat 3: XneferX ($100 in chips) 
Seat 5: Rezzonner ($100 in chips) 
Seat 6: Cythian182 ($150.05 in chips) 
XneferX: posts small blind $0.50
Nicedaymybro: is sitting out 
Rezzonner: posts big blind $1
*** HOLE CARDS ***
Cythian182: folds 
Nicedaymybro leaves the table
kuca86: raises $1.50 to $2.50
XneferX: folds 
Rezzonner: folds 
Uncalled bet ($1.50) returned to kuca86
kuca86 collected $2.50 from pot
kuca86: doesn't show hand 
*** SUMMARY ***
Total pot $2.50 | Rake $0 
Seat 4: Nicedaymybro
Seat 2: kuca86 (button) collected ($2.50)
Seat 3: XneferX (small blind) folded before Flop
Seat 5: Rezzonner (big blind) folded before Flop
Seat 6: Cythian182 folded before Flop (didn't bet)



PokerStars Hand #254645282693:  Hold'em No Limit ($0.50/$1.00 USD) - 2025/01/31 23:49:46 WET [2025/01/31 18:49:46 ET]
Table 'Despina' 6-max Seat #3 is the button
Seat 2: kuca86 ($210.19 in chips) 
Seat 3: XneferX ($100 in chips) 
Seat 5: Rezzonner ($100 in chips) 
Seat 6: Cythian182 ($150.05 in chips) 
Rezzonner: posts small blind $0.50
Cythian182: posts big blind $1
*** HOLE CARDS ***
kuca86: folds 
XneferX: folds 
Rezzonner: folds 
Uncalled bet ($0.50) returned to Cythian182
Cythian182 collected $1 from pot
*** SUMMARY ***
Total pot $1 | Rake $0 
Seat 2: kuca86 folded before Flop (didn't bet)
Seat 3: XneferX (button) folded before Flop (didn't bet)
Seat 5: Rezzonner (small blind) folded before Flop
Seat 6: Cythian182 (big blind) collected ($1)



PokerStars Hand #254645286147:  Hold'em No Limit ($0.50/$1.00 USD) - 2025/01/31 23:50:01 WET [2025/01/31 18:50:01 ET]
Table 'Despina' 6-max Seat #5 is the button
Seat 2: kuca86 ($210.19 in chips) 
Seat 3: XneferX ($100 in chips) 
Seat 5: Rezzonner ($100 in chips) 
Seat 6: Cythian182 ($150.55 in chips) 
Cythian182: posts small blind $0.50
kuca86: posts big blind $1
*** HOLE CARDS ***
XneferX: folds 
Rezzonner: raises $1.50 to $2.50
Cythian182: folds 
kuca86: raises $7.50 to $10
Rezzonner: calls $7.50
*** FLOP *** [Qh 4h 8h]
kuca86: bets $4.88
Rezzonner: raises $14.63 to $19.51
kuca86: calls $14.63
*** TURN *** [Qh 4h 8h] [Qd]
kuca86: checks 
Rezzonner: bets $70.49 and is all-in
kuca86: folds 
Uncalled bet ($70.49) returned to Rezzonner
XneferX leaves the table
Rezzonner collected $58.52 from pot
Rezzonner: doesn't show hand 
*** SUMMARY ***
Total pot $59.52 | Rake $1 
Board [Qh 4h 8h Qd]
Seat 2: kuca86 (big blind) folded on the Turn
Seat 3: XneferX folded before Flop (didn't bet)
Seat 5: Rezzonner (button) collected ($58.52)
Seat 6: Cythian182 (small blind) folded before Flop



PokerStars Hand #254645309126:  Hold'em No Limit ($0.50/$1.00 USD) - 2025/01/31 23:51:34 WET [2025/01/31 18:51:34 ET]
Table 'Despina' 6-max Seat #2 is the button
Seat 5: Rezzonner ($129.01 in chips) is sitting out
Seat 2: kuca86 ($180.68 in chips) 
Seat 6: Cythian182 ($150.05 in chips) 
kuca86: posts small blind $0.50
Rezzonner: is sitting out 
Cythian182: posts big blind $1
*** HOLE CARDS ***
Rezzonner leaves the table
kuca86: raises $1.50 to $2.50
Cythian182: raises $8.50 to $11
kuca86: calls $8.50
*** FLOP *** [Th Td 9h]
Cythian182: bets $14
kuca86: calls $14
*** TURN *** [Th Td 9h] [4s]
kledpro101 joins the table at seat #4 
andutu34 joins the table at seat #1 
SorinS28 joins the table at seat #5 
Cythian182: bets $32
Manifestorr joins the table at seat #3 
kuca86: calls $32
*** RIVER *** [Th Td 9h 4s] [Ad]
Cythian182: bets $93.05 and is all-in
kuca86: folds 
Uncalled bet ($93.05) returned to Cythian182
Cythian182 collected $113 from pot
*** SUMMARY ***
Total pot $114 | Rake $1 
Board [Th Td 9h 4s Ad]
Seat 5: Rezzonner
Seat 2: kuca86 (button) (small blind) folded on the River
Seat 6: Cythian182 (big blind) collected ($113)



PokerStars Hand #254645337361:  Hold'em No Limit ($0.50/$1.00 USD) - 2025/01/31 23:53:31 WET [2025/01/31 18:53:31 ET]
Table 'Despina' 6-max Seat #6 is the button
Seat 1: andutu34 ($100 in chips) is sitting out
Seat 5: SorinS28 ($100 in chips) is sitting out
Seat 2: kuca86 ($123.68 in chips) 
Seat 3: Manifestorr ($100 in chips) 
Seat 4: kledpro101 ($80 in chips) 
Seat 6: Cythian182 ($206.05 in chips) 
kuca86: posts small blind $0.50
Manifestorr: posts big blind $1
kledpro101: posts big blind $1
SorinS28: sits out 
*** HOLE CARDS ***
kledpro101: checks 
Cythian182: raises $3.50 to $4.50
kuca86: folds 
Manifestorr: folds 
kledpro101: calls $3.50
*** FLOP *** [3c Jh 4h]
kledpro101: bets $9.98
Cythian182: folds 
Uncalled bet ($9.98) returned to kledpro101
kledpro101 collected $9.85 from pot
*** SUMMARY ***
Total pot $10.50 | Rake $0.65 
Board [3c Jh 4h]
Seat 1: andutu34
Seat 5: SorinS28
Seat 2: kuca86 (small blind) folded before Flop
Seat 3: Manifestorr (big blind) folded before Flop
Seat 4: kledpro101 collected ($9.85)
Seat 6: Cythian182 (button) folded on the Flop



PokerStars Hand #254645344550:  Hold'em No Limit ($0.50/$1.00 USD) - 2025/01/31 23:54:00 WET [2025/01/31 18:54:00 ET]
Table 'Despina' 6-max Seat #2 is the button
Seat 1: andutu34 ($100 in chips) is sitting out
Seat 5: SorinS28 ($100 in chips) is sitting out
Seat 2: kuca86 ($123.18 in chips) 
Seat 3: Manifestorr ($100 in chips) 
Seat 4: kledpro101 ($85.35 in chips) 
Seat 6: Cythian182 ($201.55 in chips) 
Manifestorr: posts small blind $0.50
kledpro101: posts big blind $1
SorinS28: sits out 
andutu34: sits out 
*** HOLE CARDS ***
Cythian182: raises $2 to $3
kuca86: raises $6 to $9
Manifestorr: folds 
kledpro101: calls $8
Cythian182: calls $6
*** FLOP *** [7d Kh 3d]
kledpro101: checks 
Cythian182: checks 
kuca86: bets $9.80
kledpro101: folds 
Cythian182: calls $9.80
*** TURN *** [7d Kh 3d] [4s]
Cythian182: checks 
kuca86: bets $23.05
Cythian182: folds 
Uncalled bet ($23.05) returned to kuca86
kuca86 collected $46.10 from pot
kuca86: doesn't show hand 
*** SUMMARY ***
Total pot $47.10 | Rake $1 
Board [7d Kh 3d 4s]
Seat 1: andutu34
Seat 5: SorinS28
Seat 2: kuca86 (button) collected ($46.10)
Seat 3: Manifestorr (small blind) folded before Flop
Seat 4: kledpro101 (big blind) folded on the Flop
Seat 6: Cythian182 folded on the Turn



PokerStars Hand #254645369339:  Hold'em No Limit ($0.50/$1.00 USD) - 2025/01/31 23:55:50 WET [2025/01/31 18:55:50 ET]
Table 'Despina' 6-max Seat #3 is the button
Seat 1: andutu34 ($100 in chips) is sitting out
Seat 2: kuca86 ($150.48 in chips) 
Seat 3: Manifestorr ($100 in chips) 
Seat 4: kledpro101 ($76.35 in chips) 
Seat 5: SorinS28 ($100 in chips) 
Seat 6: Cythian182 ($182.75 in chips) 
kledpro101: posts small blind $0.50
SorinS28: posts big blind $1
andutu34: sits out 
*** HOLE CARDS ***
Cythian182: folds 
kuca86: folds 
Manifestorr: raises $1.20 to $2.20
kledpro101: calls $1.70
SorinS28: raises $11.30 to $13.50
Manifestorr: folds 
kledpro101: folds 
Uncalled bet ($11.30) returned to SorinS28
SorinS28 collected $6.60 from pot
SorinS28: doesn't show hand 
*** SUMMARY ***
Total pot $6.60 | Rake $0 
Seat 1: andutu34
Seat 2: kuca86 folded before Flop (didn't bet)
Seat 3: Manifestorr (button) folded before Flop
Seat 4: kledpro101 (small blind) folded before Flop
Seat 5: SorinS28 (big blind) collected ($6.60)
Seat 6: Cythian182 folded before Flop (didn't bet)



PokerStars Hand #254645374711:  Hold'em No Limit ($0.50/$1.00 USD) - 2025/01/31 23:56:18 WET [2025/01/31 18:56:18 ET]
Table 'Despina' 6-max Seat #4 is the button
Seat 1: andutu34 ($100 in chips) is sitting out
Seat 2: kuca86 ($150.48 in chips) 
Seat 3: Manifestorr ($100 in chips) 
Seat 4: kledpro101 ($74.15 in chips) 
Seat 5: SorinS28 ($104.40 in chips) 
Seat 6: Cythian182 ($182.75 in chips) 
SorinS28: posts small blind $0.50
Cythian182: posts big blind $1
andutu34: sits out 
*** HOLE CARDS ***
kuca86: folds 
Manifestorr: folds 
kledpro101: folds 
SorinS28: folds 
Uncalled bet ($0.50) returned to Cythian182
Cythian182 collected $1 from pot
*** SUMMARY ***
Total pot $1 | Rake $0 
Seat 1: andutu34
Seat 2: kuca86 folded before Flop (didn't bet)
Seat 3: Manifestorr folded before Flop (didn't bet)
Seat 4: kledpro101 (button) folded before Flop (didn't bet)
Seat 5: SorinS28 (small blind) folded before Flop
Seat 6: Cythian182 (big blind) collected ($1)



PokerStars Hand #254645379339:  Hold'em No Limit ($0.50/$1.00 USD) - 2025/01/31 23:56:42 WET [2025/01/31 18:56:42 ET]
Table 'Despina' 6-max Seat #5 is the button
Seat 1: andutu34 ($100 in chips) 
Seat 2: kuca86 ($150.48 in chips) 
Seat 3: Manifestorr ($100 in chips) 
Seat 4: kledpro101 ($74.15 in chips) 
Seat 5: SorinS28 ($103.90 in chips) 
Seat 6: Cythian182 ($183.25 in chips) 
Cythian182: posts small blind $0.50
andutu34: posts big blind $1
*** HOLE CARDS ***
kuca86: folds 
Manifestorr: raises $1.20 to $2.20
kledpro101: calls $2.20
SorinS28: folds 
Cythian182: folds 
andutu34: calls $1.20
*** FLOP *** [9h 7s 2d]
andutu34: checks 
Manifestorr: checks 
kledpro101: bets $6.74
andutu34: folds 
Manifestorr: folds 
Uncalled bet ($6.74) returned to kledpro101
kledpro101 collected $6.65 from pot
*** SUMMARY ***
Total pot $7.10 | Rake $0.45 
Board [9h 7s 2d]
Seat 1: andutu34 (big blind) folded on the Flop
Seat 2: kuca86 folded before Flop (didn't bet)
Seat 3: Manifestorr folded on the Flop
Seat 4: kledpro101 collected ($6.65)
Seat 5: SorinS28 (button) folded before Flop (didn't bet)
Seat 6: Cythian182 (small blind) folded before Flop



PokerStars Hand #254645387138:  Hold'em No Limit ($0.50/$1.00 USD) - 2025/01/31 23:57:22 WET [2025/01/31 18:57:22 ET]
Table 'Despina' 6-max Seat #6 is the button
Seat 1: andutu34 ($100 in chips) 
Seat 2: kuca86 ($150.48 in chips) 
Seat 3: Manifestorr ($100 in chips) 
Seat 4: kledpro101 ($78.60 in chips) 
Seat 5: SorinS28 ($103.90 in chips) 
Seat 6: Cythian182 ($182.75 in chips) 
andutu34: posts small blind $0.50
kuca86: posts big blind $1
*** HOLE CARDS ***
Manifestorr: folds 
kledpro101: folds 
SorinS28: folds 
Cythian182: raises $2 to $3
andutu34: folds 
kuca86: folds 
Uncalled bet ($2) returned to Cythian182
Cythian182 collected $2.50 from pot
*** SUMMARY ***
Total pot $2.50 | Rake $0 
Seat 1: andutu34 (small blind) folded before Flop
Seat 2: kuca86 (big blind) folded before Flop
Seat 3: Manifestorr folded before Flop (didn't bet)
Seat 4: kledpro101 folded before Flop (didn't bet)
Seat 5: SorinS28 folded before Flop (didn't bet)
Seat 6: Cythian182 (button) collected ($2.50)



PokerStars Hand #254645390318:  Hold'em No Limit ($0.50/$1.00 USD) - 2025/01/31 23:57:39 WET [2025/01/31 18:57:39 ET]
Table 'Despina' 6-max Seat #1 is the button
Seat 1: andutu34 ($100 in chips) 
Seat 2: kuca86 ($149.48 in chips) 
Seat 3: Manifestorr ($100 in chips) 
Seat 4: kledpro101 ($78.60 in chips) 
Seat 5: SorinS28 ($103.90 in chips) 
Seat 6: Cythian182 ($184.25 in chips) 
kuca86: posts small blind $0.50
Manifestorr: posts big blind $1
*** HOLE CARDS ***
kledpro101: folds 
SorinS28: folds 
Cythian182: folds 
andutu34: folds 
kuca86: folds 
Uncalled bet ($0.50) returned to Manifestorr
Manifestorr collected $1 from pot
*** SUMMARY ***
Total pot $1 | Rake $0 
Seat 1: andutu34 (button) folded before Flop (didn't bet)
Seat 2: kuca86 (small blind) folded before Flop
Seat 3: Manifestorr (big blind) collected ($1)
Seat 4: kledpro101 folded before Flop (didn't bet)
Seat 5: SorinS28 folded before Flop (didn't bet)
Seat 6: Cythian182 folded before Flop (didn't bet)



PokerStars Hand #254645393911:  Hold'em No Limit ($0.50/$1.00 USD) - 2025/01/31 23:57:57 WET [2025/01/31 18:57:57 ET]
Table 'Despina' 6-max Seat #2 is the button
Seat 1: andutu34 ($100 in chips) 
Seat 2: kuca86 ($148.98 in chips) 
Seat 3: Manifestorr ($100.50 in chips) 
Seat 4: kledpro101 ($78.60 in chips) 
Seat 5: SorinS28 ($103.90 in chips) 
Seat 6: Cythian182 ($184.25 in chips) 
Manifestorr: posts small blind $0.50
kledpro101: posts big blind $1
*** HOLE CARDS ***
SorinS28: folds 
Cythian182: folds 
andutu34: folds 
kuca86: raises $1.50 to $2.50
Manifestorr: folds 
kledpro101: calls $1.50
*** FLOP *** [2s 8c 8h]
kledpro101: bets $5.22
kuca86: raises $7.83 to $13.05
kledpro101: calls $7.83
*** TURN *** [2s 8c 8h] [4h]
kledpro101: bets $30.02
kuca86: raises $63.04 to $93.06
kledpro101: folds 
Uncalled bet ($63.04) returned to kuca86
kuca86 collected $89.14 from pot
kuca86: doesn't show hand 
*** SUMMARY ***
Total pot $91.64 | Rake $2.50 
Board [2s 8c 8h 4h]
Seat 1: andutu34 folded before Flop (didn't bet)
Seat 2: kuca86 (button) collected ($89.14)
Seat 3: Manifestorr (small blind) folded before Flop
Seat 4: kledpro101 (big blind) folded on the Turn
Seat 5: SorinS28 folded before Flop (didn't bet)
Seat 6: Cythian182 folded before Flop (didn't bet)



PokerStars Hand #254645406740:  Hold'em No Limit ($0.50/$1.00 USD) - 2025/01/31 23:59:04 WET [2025/01/31 18:59:04 ET]
Table 'Despina' 6-max Seat #3 is the button
Seat 1: andutu34 ($100 in chips) 
Seat 2: kuca86 ($192.55 in chips) 
Seat 3: Manifestorr ($100 in chips) 
Seat 4: kledpro101 ($33.03 in chips) 
Seat 5: SorinS28 ($103.90 in chips) 
Seat 6: Cythian182 ($184.25 in chips) 
kledpro101: posts small blind $0.50
SorinS28: posts big blind $1
*** HOLE CARDS ***
Cythian182: raises $2 to $3
andutu34: folds 
kuca86: folds 
Manifestorr: folds 
kledpro101: calls $2.50
SorinS28: folds 
*** FLOP *** [5d Kc 4d]
kledpro101: bets $6.65
Cythian182: calls $6.65
*** TURN *** [5d Kc 4d] [Qs]
kledpro101: bets $23.38 and is all-in
Cythian182: folds 
Uncalled bet ($23.38) returned to kledpro101
kledpro101 collected $19.02 from pot
*** SUMMARY ***
Total pot $20.30 | Rake $1.28 
Board [5d Kc 4d Qs]
Seat 1: andutu34 folded before Flop (didn't bet)
Seat 2: kuca86 folded before Flop (didn't bet)
Seat 3: Manifestorr (button) folded before Flop (didn't bet)
Seat 4: kledpro101 (small blind) collected ($19.02)
Seat 5: SorinS28 (big blind) folded before Flop
Seat 6: Cythian182 folded on the Turn



PokerStars Hand #254645412718:  Hold'em No Limit ($0.50/$1.00 USD) - 2025/01/31 23:59:35 WET [2025/01/31 18:59:35 ET]
Table 'Despina' 6-max Seat #4 is the button
Seat 1: andutu34 ($100 in chips) 
Seat 2: kuca86 ($192.55 in chips) 
Seat 3: Manifestorr ($100 in chips) 
Seat 4: kledpro101 ($42.40 in chips) 
Seat 5: SorinS28 ($102.90 in chips) 
Seat 6: Cythian182 ($174.60 in chips) 
SorinS28: posts small blind $0.50
Cythian182: posts big blind $1
*** HOLE CARDS ***
andutu34: folds 
kuca86: folds 
Manifestorr: folds 
kledpro101: folds 
SorinS28: raises $2 to $3
Cythian182: folds 
Uncalled bet ($2) returned to SorinS28
SorinS28 collected $2 from pot
SorinS28: doesn't show hand 
*** SUMMARY ***
Total pot $2 | Rake $0 
Seat 1: andutu34 folded before Flop (didn't bet)
Seat 2: kuca86 folded before Flop (didn't bet)
Seat 3: Manifestorr folded before Flop (didn't bet)
Seat 4: kledpro101 (button) folded before Flop (didn't bet)
Seat 5: SorinS28 (small blind) collected ($2)
Seat 6: Cythian182 (big blind) folded before Flop



PokerStars Hand #254645417062:  Hold'em No Limit ($0.50/$1.00 USD) - 2025/01/31 23:59:57 WET [2025/01/31 18:59:57 ET]
Table 'Despina' 6-max Seat #5 is the button
Seat 1: andutu34 ($100 in chips) is sitting out
Seat 2: kuca86 ($192.55 in chips) 
Seat 3: Manifestorr ($100 in chips) 
Seat 4: kledpro101 ($42.40 in chips) 
Seat 5: SorinS28 ($103.90 in chips) 
Seat 6: Cythian182 ($173.60 in chips) 
Cythian182: posts small blind $0.50
andutu34: is sitting out 
kuca86: posts big blind $1
*** HOLE CARDS ***
Manifestorr: raises $1.20 to $2.20
kledpro101: folds 
SorinS28: folds 
Cythian182: folds 
kuca86: folds 
Uncalled bet ($1.20) returned to Manifestorr
kuca86 leaves the table
Manifestorr collected $2.50 from pot
*** SUMMARY ***
Total pot $2.50 | Rake $0 
Seat 1: andutu34
Seat 2: kuca86 (big blind) folded before Flop
Seat 3: Manifestorr collected ($2.50)
Seat 4: kledpro101 folded before Flop (didn't bet)
Seat 5: SorinS28 (button) folded before Flop (didn't bet)
Seat 6: Cythian182 (small blind) folded before Flop



PokerStars Hand #254645423130:  Hold'em No Limit ($0.50/$1.00 USD) - 2025/01/31 0:00:28 WET [2025/01/31 19:00:28 ET]
Table 'Despina' 6-max Seat #6 is the button
Seat 1: andutu34 ($100 in chips) is sitting out
Seat 3: Manifestorr ($101.50 in chips) 
Seat 4: kledpro101 ($42.40 in chips) 
Seat 5: SorinS28 ($103.90 in chips) 
Seat 6: Cythian182 ($173.10 in chips) 
Manifestorr: posts small blind $0.50
kledpro101: posts big blind $1
*** HOLE CARDS ***
SorinS28: folds 
Cythian182: raises $2 to $3
Manifestorr: folds 
kledpro101: calls $2
*** FLOP *** [Tc 4c 5c]
XneferX joins the table at seat #2 
kledpro101: bets $6.18
Cythian182: calls $6.18
*** TURN *** [Tc 4c 5c] [2c]
kledpro101: bets $6
Cythian182: calls $6
*** RIVER *** [Tc 4c 5c 2c] [8s]
kledpro101: bets $27.22 and is all-in
Cythian182: calls $27.22
*** SHOW DOWN ***
kledpro101: shows [4d Kc] (a flush, King high)
Cythian182: shows [Qc 8c] (a flush, Queen high)
kledpro101 collected $84.05 from pot
*** SUMMARY ***
Total pot $85.30 | Rake $1.25 
Board [Tc 4c 5c 2c 8s]
Seat 1: andutu34
Seat 3: Manifestorr (small blind) folded before Flop
Seat 4: kledpro101 (big blind) showed [4d Kc] and won ($84.05) with a flush, King high
Seat 5: SorinS28 folded before Flop (didn't bet)
Seat 6: Cythian182 (button) showed [Qc 8c] and lost with a flush, Queen high



PokerStars Hand #254645436656:  Hold'em No Limit ($0.50/$1.00 USD) - 2025/01/31 0:01:30 WET [2025/01/31 19:01:30 ET]
Table 'Despina' 6-max Seat #3 is the button
Seat 1: andutu34 ($100 in chips) is sitting out
Seat 2: XneferX ($100 in chips) is sitting out
Seat 3: Manifestorr ($101 in chips) 
Seat 4: kledpro101 ($84.05 in chips) 
Seat 5: SorinS28 ($103.90 in chips) 
Seat 6: Cythian182 ($130.70 in chips) 
kledpro101: posts small blind $0.50
SorinS28: posts big blind $1
andutu34: sits out 
XneferX: sits out 
*** HOLE CARDS ***
Cythian182: folds 
Manifestorr: folds 
kledpro101: folds 
Uncalled bet ($0.50) returned to SorinS28
SorinS28 collected $1 from pot
SorinS28: doesn't show hand 
*** SUMMARY ***
Total pot $1 | Rake $0 
Seat 1: andutu34
Seat 2: XneferX
Seat 3: Manifestorr (button) folded before Flop (didn't bet)
Seat 4: kledpro101 (small blind) folded before Flop
Seat 5: SorinS28 (big blind) collected ($1)
Seat 6: Cythian182 folded before Flop (didn't bet)



PokerStars Hand #254645440215:  Hold'em No Limit ($0.50/$1.00 USD) - 2025/01/31 0:01:46 WET [2025/01/31 19:01:46 ET]
Table 'Despina' 6-max Seat #4 is the button
Seat 1: andutu34 ($100 in chips) is sitting out
Seat 2: XneferX ($100 in chips) is sitting out
Seat 3: Manifestorr ($101 in chips) 
Seat 4: kledpro101 ($83.55 in chips) 
Seat 5: SorinS28 ($104.40 in chips) 
Seat 6: Cythian182 ($130.70 in chips) 
SorinS28: posts small blind $0.50
Cythian182: posts big blind $1
andutu34: sits out 
XneferX: sits out 
*** HOLE CARDS ***
Manifestorr: raises $1.20 to $2.20
kledpro101: folds 
SorinS28: folds 
Cythian182: folds 
Uncalled bet ($1.20) returned to Manifestorr
Manifestorr collected $2.50 from pot
*** SUMMARY ***
Total pot $2.50 | Rake $0 
Seat 1: andutu34
Seat 2: XneferX
Seat 3: Manifestorr collected ($2.50)
Seat 4: kledpro101 (button) folded before Flop (didn't bet)
Seat 5: SorinS28 (small blind) folded before Flop
Seat 6: Cythian182 (big blind) folded before Flop



PokerStars Hand #254645443924:  Hold'em No Limit ($0.50/$1.00 USD) - 2025/01/31 0:02:01 WET [2025/01/31 19:02:01 ET]
Table 'Despina' 6-max Seat #5 is the button
Seat 2: XneferX ($100 in chips) is sitting out
Seat 1: andutu34 ($100 in chips) 
Seat 3: Manifestorr ($102.50 in chips) 
Seat 4: kledpro101 ($83.55 in chips) 
Seat 5: SorinS28 ($103.90 in chips) 
Seat 6: Cythian182 ($129.70 in chips) 
Cythian182: posts small blind $0.50
andutu34: posts big blind $1
XneferX: sits out 
*** HOLE CARDS ***
Manifestorr: folds 
kledpro101: folds 
SorinS28: folds 
Cythian182: raises $2 to $3
andutu34: calls $2
*** FLOP *** [Th Qs Qc]
Cythian182: bets $2.70
andutu34: folds 
Uncalled bet ($2.70) returned to Cythian182
Cythian182 collected $5.70 from pot
*** SUMMARY ***
Total pot $6 | Rake $0.30 
Board [Th Qs Qc]
Seat 2: XneferX
Seat 1: andutu34 (big blind) folded on the Flop
Seat 3: Manifestorr folded before Flop (didn't bet)
Seat 4: kledpro101 folded before Flop (didn't bet)
Seat 5: SorinS28 (button) folded before Flop (didn't bet)
Seat 6: Cythian182 (small blind) collected ($5.70)



PokerStars Hand #254645454008:  Hold'em No Limit ($0.50/$1.00 USD) - 2025/01/31 0:02:43 WET [2025/01/31 19:02:43 ET]
Table 'Despina' 6-max Seat #6 is the button
Seat 1: andutu34 ($100 in chips) 
Seat 2: XneferX ($100 in chips) 
Seat 3: Manifestorr ($102.50 in chips) 
Seat 4: kledpro101 ($83.55 in chips) 
Seat 5: SorinS28 ($103.90 in chips) 
Seat 6: Cythian182 ($132.40 in chips) 
andutu34: posts small blind $0.50
XneferX: posts big blind $1
*** HOLE CARDS ***
Manifestorr: folds 
kledpro101: folds 
SorinS28: folds 
Cythian182: folds 
andutu34: folds 
Uncalled bet ($0.50) returned to XneferX
XneferX collected $1 from pot
XneferX: doesn't show hand 
*** SUMMARY ***
Total pot $1 | Rake $0 
Seat 1: andutu34 (small blind) folded before Flop
Seat 2: XneferX (big blind) collected ($1)
Seat 3: Manifestorr folded before Flop (didn't bet)
Seat 4: kledpro101 folded before Flop (didn't bet)
Seat 5: SorinS28 folded before Flop (didn't bet)
Seat 6: Cythian182 (button) folded before Flop (didn't bet)



PokerStars Hand #254645458342:  Hold'em No Limit ($0.50/$1.00 USD) - 2025/01/31 0:03:01 WET [2025/01/31 19:03:01 ET]
Table 'Despina' 6-max Seat #1 is the button
Seat 1: andutu34 ($100 in chips) 
Seat 2: XneferX ($100.50 in chips) 
Seat 3: Manifestorr ($102.50 in chips) 
Seat 4: kledpro101 ($83.55 in chips) 
Seat 5: SorinS28 ($103.90 in chips) 
Seat 6: Cythian182 ($132.40 in chips) 
XneferX: posts small blind $0.50
Manifestorr: posts big blind $1
*** HOLE CARDS ***
kledpro101: folds 
SorinS28: folds 
Cythian182: folds 
andutu34: raises $1.49 to $2.49
XneferX: folds 
Manifestorr: folds 
Uncalled bet ($1.49) returned to andutu34
andutu34 collected $2.50 from pot
andutu34: doesn't show hand 
*** SUMMARY ***
Total pot $2.50 | Rake $0 
Seat 1: andutu34 (button) collected ($2.50)
Seat 2: XneferX (small blind) folded before Flop
Seat 3: Manifestorr (big blind) folded before Flop
Seat 4: kledpro101 folded before Flop (didn't bet)
Seat 5: SorinS28 folded before Flop (didn't bet)
Seat 6: Cythian182 folded before Flop (didn't bet)



PokerStars Hand #254645465053:  Hold'em No Limit ($0.50/$1.00 USD) - 2025/01/31 0:03:29 WET [2025/01/31 19:03:29 ET]
Table 'Despina' 6-max Seat #2 is the button
Seat 1: andutu34 ($101.50 in chips) 
Seat 2: XneferX ($100 in chips) 
Seat 3: Manifestorr ($101.50 in chips) 
Seat 4: kledpro101 ($83.55 in chips) 
Seat 5: SorinS28 ($103.90 in chips) 
Seat 6: Cythian182 ($132.40 in chips) 
Manifestorr: posts small blind $0.50
kledpro101: posts big blind $1
*** HOLE CARDS ***
SorinS28: raises $1.02 to $2.02
Cythian182: calls $2.02
andutu34: folds 
XneferX: folds 
Manifestorr: folds 
kledpro101: calls $1.02
*** FLOP *** [5d 4d Qh]
kledpro101: checks 
SorinS28: checks 
Cythian182: bets $1.72
kledpro101: folds 
SorinS28: folds 
Uncalled bet ($1.72) returned to Cythian182
Cythian182 collected $6.23 from pot
*** SUMMARY ***
Total pot $6.56 | Rake $0.33 
Board [5d 4d Qh]
Seat 1: andutu34 folded before Flop (didn't bet)
Seat 2: XneferX (button) folded before Flop (didn't bet)
Seat 3: Manifestorr (small blind) folded before Flop
Seat 4: kledpro101 (big blind) folded on the Flop
Seat 5: SorinS28 folded on the Flop
Seat 6: Cythian182 collected ($6.23)



PokerStars Hand #254645476132:  Hold'em No Limit ($0.50/$1.00 USD) - 2025/01/31 0:04:16 WET [2025/01/31 19:04:16 ET]
Table 'Despina' 6-max Seat #3 is the button
Seat 1: andutu34 ($101.50 in chips) 
Seat 2: XneferX ($100 in chips) 
Seat 3: Manifestorr ($101 in chips) 
Seat 4: kledpro101 ($81.53 in chips) 
Seat 5: SorinS28 ($101.88 in chips) 
Seat 6: Cythian182 ($136.61 in chips) 
kledpro101: posts small blind $0.50
SorinS28: posts big blind $1
*** HOLE CARDS ***
Cythian182: folds 
andutu34: folds 
XneferX: folds 
Manifestorr: raises $1.20 to $2.20
kledpro101: folds 
SorinS28: folds 
Uncalled bet ($1.20) returned to Manifestorr
Manifestorr collected $2.50 from pot
*** SUMMARY ***
Total pot $2.50 | Rake $0 
Seat 1: andutu34 folded before Flop (didn't bet)
Seat 2: XneferX folded before Flop (didn't bet)
Seat 3: Manifestorr (button) collected ($2.50)
Seat 4: kledpro101 (small blind) folded before Flop
Seat 5: SorinS28 (big blind) folded before Flop
Seat 6: Cythian182 folded before Flop (didn't bet)



PokerStars Hand #254645480040:  Hold'em No Limit ($0.50/$1.00 USD) - 2025/01/31 0:04:32 WET [2025/01/31 19:04:32 ET]
Table 'Despina' 6-max Seat #4 is the button
Seat 1: andutu34 ($101.50 in chips) 
Seat 2: XneferX ($100 in chips) 
Seat 3: Manifestorr ($102.50 in chips) 
Seat 4: kledpro101 ($81.03 in chips) 
Seat 5: SorinS28 ($100.88 in chips) 
Seat 6: Cythian182 ($136.61 in chips) 
SorinS28: posts small blind $0.50
Cythian182: posts big blind $1
*** HOLE CARDS ***
andutu34: folds 
XneferX: folds 
Manifestorr: folds 
kledpro101: folds 
SorinS28: folds 
Uncalled bet ($0.50) returned to Cythian182
Cythian182 collected $1 from pot
*** SUMMARY ***
Total pot $1 | Rake $0 
Seat 1: andutu34 folded before Flop (didn't bet)
Seat 2: XneferX folded before Flop (didn't bet)
Seat 3: Manifestorr folded before Flop (didn't bet)
Seat 4: kledpro101 (button) folded before Flop (didn't bet)
Seat 5: SorinS28 (small blind) folded before Flop
Seat 6: Cythian182 (big blind) collected ($1)



PokerStars Hand #254645485397:  Hold'em No Limit ($0.50/$1.00 USD) - 2025/01/31 0:04:54 WET [2025/01/31 19:04:54 ET]
Table 'Despina' 6-max Seat #5 is the button
Seat 1: andutu34 ($101.50 in chips) 
Seat 2: XneferX ($100 in chips) 
Seat 3: Manifestorr ($102.50 in chips) 
Seat 4: kledpro101 ($81.03 in chips) 
Seat 5: SorinS28 ($100.38 in chips) 
Seat 6: Cythian182 ($137.11 in chips) 
Cythian182: posts small blind $0.50
andutu34: posts big blind $1
*** HOLE CARDS ***
XneferX: folds 
Manifestorr: raises $1.20 to $2.20
kledpro101: calls $2.20
SorinS28: folds 
Cythian182: folds 
andutu34: folds 
*** FLOP *** [5c 8h Qd]
Manifestorr: bets $4.20
kledpro101: raises $4.20 to $8.40
Manifestorr: calls $4.20
*** TURN *** [5c 8h Qd] [4s]
Manifestorr: checks 
kledpro101: bets $10.78
Manifestorr: calls $10.78
*** RIVER *** [5c 8h Qd 4s] [Ts]
Manifestorr: checks 
kledpro101: checks 
*** SHOW DOWN ***
Manifestorr: shows [Qh Td] (two pair, Queens and Tens)
kledpro101: mucks hand 
Manifestorr collected $42.05 from pot
*** SUMMARY ***
Total pot $44.26 | Rake $2.21 
Board [5c 8h Qd 4s Ts]
Seat 1: andutu34 (big blind) folded before Flop
Seat 2: XneferX folded before Flop (didn't bet)
Seat 3: Manifestorr showed [Qh Td] and won ($42.05) with two pair, Queens and Tens
Seat 4: kledpro101 mucked
Seat 5: SorinS28 (button) folded before Flop (didn't bet)
Seat 6: Cythian182 (small blind) folded before Flop



PokerStars Hand #254645497410:  Hold'em No Limit ($0.50/$1.00 USD) - 2025/01/31 0:05:44 WET [2025/01/31 19:05:44 ET]
Table 'Despina' 6-max Seat #6 is the button
Seat 1: andutu34 ($100.50 in chips) 
Seat 2: XneferX ($100 in chips) 
Seat 3: Manifestorr ($123.17 in chips) 
Seat 4: kledpro101 ($59.65 in chips) 
Seat 5: SorinS28 ($100.38 in chips) 
Seat 6: Cythian182 ($136.61 in chips) 
andutu34: posts small blind $0.50
XneferX: posts big blind $1
*** HOLE CARDS ***
Manifestorr: folds 
kledpro101: calls $1
SorinS28: folds 
Cythian182: folds 
andutu34: folds 
XneferX: checks 
*** FLOP *** [Th 5c 3c]
XneferX: checks 
kledpro101: bets $2.38
XneferX: calls $2.38
*** TURN *** [Th 5c 3c] [Jh]
XneferX: checks 
kledpro101: checks 
*** RIVER *** [Th 5c 3c Jh] [8s]
XneferX: bets $3.52
kledpro101: folds 
Uncalled bet ($3.52) returned to XneferX
XneferX collected $6.90 from pot
XneferX: doesn't show hand 
*** SUMMARY ***
Total pot $7.26 | Rake $0.36 
Board [Th 5c 3c Jh 8s]
Seat 1: andutu34 (small blind) folded before Flop
Seat 2: XneferX (big blind) collected ($6.90)
Seat 3: Manifestorr folded before Flop (didn't bet)
Seat 4: kledpro101 folded on the River
Seat 5: SorinS28 folded before Flop (didn't bet)
Seat 6: Cythian182 (button) folded before Flop (didn't bet)



PokerStars Hand #254645514923:  Hold'em No Limit ($0.50/$1.00 USD) - 2025/01/31 0:06:57 WET [2025/01/31 19:06:57 ET]
Table 'Despina' 6-max Seat #1 is the button
Seat 1: andutu34 ($100 in chips) 
Seat 2: XneferX ($103.52 in chips) 
Seat 3: Manifestorr ($123.17 in chips) 
Seat 4: kledpro101 ($56.27 in chips) 
Seat 5: SorinS28 ($100.38 in chips) 
Seat 6: Cythian182 ($136.61 in chips) 
XneferX: posts small blind $0.50
Manifestorr: posts big blind $1
*** HOLE CARDS ***
kledpro101: folds 
SorinS28: raises $1.02 to $2.02
Cythian182: folds 
andutu34: folds 
XneferX: folds 
Manifestorr: folds 
Uncalled bet ($1.02) returned to SorinS28
SorinS28 collected $2.50 from pot
SorinS28: doesn't show hand 
*** SUMMARY ***
Total pot $2.50 | Rake $0 
Seat 1: andutu34 (button) folded before Flop (didn't bet)
Seat 2: XneferX (small blind) folded before Flop
Seat 3: Manifestorr (big blind) folded before Flop
Seat 4: kledpro101 folded before Flop (didn't bet)
Seat 5: SorinS28 collected ($2.50)
Seat 6: Cythian182 folded before Flop (didn't bet)



PokerStars Hand #254645565416:  Hold'em No Limit ($0.50/$1.00 USD) - 2025/01/31 0:10:30 WET [2025/01/31 19:10:30 ET]
Table 'Despina' 6-max Seat #1 is the button
Seat 1: andutu34 ($100 in chips) 
Seat 2: XneferX ($107.52 in chips) 
Seat 3: Manifestorr ($119.47 in chips) 
Seat 4: kledpro101 ($55.96 in chips) 
Seat 5: SorinS28 ($104.08 in chips) 
Seat 6: Cythian182 ($132.11 in chips) 
XneferX: posts small blind $0.50
Manifestorr: posts big blind $1
*** HOLE CARDS ***
kledpro101: raises $2.50 to $3.50
SorinS28: folds 
Cythian182: folds 
andutu34: folds 
XneferX: calls $3
Manifestorr: folds 
*** FLOP *** [3h Jh 8c]
XneferX: checks 
kledpro101: bets $3.80
XneferX: calls $3.80
*** TURN *** [3h Jh 8c] [Js]
XneferX: checks 
kledpro101: bets $14.82
XneferX: folds 
Uncalled bet ($14.82) returned to kledpro101
kledpro101 collected $14.62 from pot
*** SUMMARY ***
Total pot $15.60 | Rake $0.98 
Board [3h Jh 8c Js]
Seat 1: andutu34 (button) folded before Flop (didn't bet)
Seat 2: XneferX (small blind) folded on the Turn
Seat 3: Manifestorr (big blind) folded before Flop
Seat 4: kledpro101 collected ($14.62)
Seat 5: SorinS28 folded before Flop (didn't bet)
Seat 6: Cythian182 folded before Flop (didn't bet)



PokerStars Hand #254645581358:  Hold'em No Limit ($0.50/$1.00 USD) - 2025/01/31 0:11:37 WET [2025/01/31 19:11:37 ET]
Table 'Despina' 6-max Seat #2 is the button
Seat 1: andutu34 ($100 in chips) 
Seat 2: XneferX ($100.22 in chips) 
Seat 3: Manifestorr ($118.47 in chips) 
Seat 4: kledpro101 ($63.28 in chips) 
Seat 5: SorinS28 ($104.08 in chips) 
Seat 6: Cythian182 ($132.11 in chips) 
Manifestorr: posts small blind $0.50
kledpro101: posts big blind $1
*** HOLE CARDS ***
SorinS28: folds 
Cythian182: folds 
andutu34: folds 
XneferX: folds 
Manifestorr: folds 
Uncalled bet ($0.50) returned to kledpro101
kledpro101 collected $1 from pot
*** SUMMARY ***
Total pot $1 | Rake $0 
Seat 1: andutu34 folded before Flop (didn't bet)
Seat 2: XneferX (button) folded before Flop (didn't bet)
Seat 3: Manifestorr (small blind) folded before Flop
Seat 4: kledpro101 (big blind) collected ($1)
Seat 5: SorinS28 folded before Flop (didn't bet)
Seat 6: Cythian182 folded before Flop (didn't bet)



PokerStars Hand #254645585606:  Hold'em No Limit ($0.50/$1.00 USD) - 2025/01/31 0:11:55 WET [2025/01/31 19:11:55 ET]
Table 'Despina' 6-max Seat #3 is the button
Seat 1: andutu34 ($100 in chips) 
Seat 2: XneferX ($100.22 in chips) 
Seat 3: Manifestorr ($117.97 in chips) 
Seat 4: kledpro101 ($63.78 in chips) 
Seat 5: SorinS28 ($104.08 in chips) 
Seat 6: Cythian182 ($132.11 in chips) 
kledpro101: posts small blind $0.50
SorinS28: posts big blind $1
*** HOLE CARDS ***
Cythian182: folds 
andutu34: folds 
XneferX: folds 
Manifestorr: folds 
kledpro101: folds 
Uncalled bet ($0.50) returned to SorinS28
SorinS28 collected $1 from pot
SorinS28: doesn't show hand 
*** SUMMARY ***
Total pot $1 | Rake $0 
Seat 1: andutu34 folded before Flop (didn't bet)
Seat 2: XneferX folded before Flop (didn't bet)
Seat 3: Manifestorr (button) folded before Flop (didn't bet)
Seat 4: kledpro101 (small blind) folded before Flop
Seat 5: SorinS28 (big blind) collected ($1)
Seat 6: Cythian182 folded before Flop (didn't bet)



PokerStars Hand #254645589084:  Hold'em No Limit ($0.50/$1.00 USD) - 2025/01/31 0:12:11 WET [2025/01/31 19:12:11 ET]
Table 'Despina' 6-max Seat #4 is the button
Seat 1: andutu34 ($100 in chips) 
Seat 2: XneferX ($100.22 in chips) 
Seat 3: Manifestorr ($117.97 in chips) 
Seat 4: kledpro101 ($63.28 in chips) 
Seat 5: SorinS28 ($104.58 in chips) 
Seat 6: Cythian182 ($132.11 in chips) 
SorinS28: posts small blind $0.50
Cythian182: posts big blind $1
*** HOLE CARDS ***
andutu34: raises $1 to $2
XneferX: folds 
Manifestorr: folds 
kledpro101: folds 
SorinS28: folds 
Cythian182: raises $11 to $13
andutu34: folds 
Uncalled bet ($11) returned to Cythian182
Cythian182 collected $4.50 from pot
*** SUMMARY ***
Total pot $4.50 | Rake $0 
Seat 1: andutu34 folded before Flop
Seat 2: XneferX folded before Flop (didn't bet)
Seat 3: Manifestorr folded before Flop (didn't bet)
Seat 4: kledpro101 (button) folded before Flop (didn't bet)
Seat 5: SorinS28 (small blind) folded before Flop
Seat 6: Cythian182 (big blind) collected ($4.50)



PokerStars Hand #254645598157:  Hold'em No Limit ($0.50/$1.00 USD) - 2025/01/31 0:12:49 WET [2025/01/31 19:12:49 ET]
Table 'Despina' 6-max Seat #5 is the button
Seat 1: andutu34 ($100 in chips) 
Seat 2: XneferX ($100.22 in chips) 
Seat 3: Manifestorr ($117.97 in chips) 
Seat 4: kledpro101 ($63.28 in chips) 
Seat 5: SorinS28 ($104.08 in chips) 
Seat 6: Cythian182 ($134.61 in chips) 
Cythian182: posts small blind $0.50
andutu34: posts big blind $1
*** HOLE CARDS ***
XneferX: folds 
Manifestorr: raises $1.20 to $2.20
kledpro101: folds 
SorinS28: folds 
Cythian182: folds 
andutu34: raises $10.30 to $12.50
Manifestorr: calls $10.30
*** FLOP *** [3d 7d 5s]
andutu34: bets $15.99
Manifestorr: calls $15.99
*** TURN *** [3d 7d 5s] [3s]
andutu34: checks 
Manifestorr: bets $27.49
andutu34: folds 
Uncalled bet ($27.49) returned to Manifestorr
Manifestorr collected $54.98 from pot
*** SUMMARY ***
Total pot $57.48 | Rake $2.50 
Board [3d 7d 5s 3s]
Seat 1: andutu34 (big blind) folded on the Turn
Seat 2: XneferX folded before Flop (didn't bet)
Seat 3: Manifestorr collected ($54.98)
Seat 4: kledpro101 folded before Flop (didn't bet)
Seat 5: SorinS28 (button) folded before Flop (didn't bet)
Seat 6: Cythian182 (small blind) folded before Flop



PokerStars Hand #254645617031:  Hold'em No Limit ($0.50/$1.00 USD) - 2025/01/31 0:14:09 WET [2025/01/31 19:14:09 ET]
Table 'Despina' 6-max Seat #6 is the button
Seat 1: andutu34 ($100 in chips) 
Seat 2: XneferX ($100.22 in chips) 
Seat 3: Manifestorr ($144.46 in chips) 
Seat 4: kledpro101 ($63.28 in chips) 
Seat 5: SorinS28 ($104.08 in chips) 
Seat 6: Cythian182 ($134.11 in chips) 
andutu34: posts small blind $0.50
XneferX: posts big blind $1
*** HOLE CARDS ***
Manifestorr: folds 
kledpro101: raises $2 to $3
SorinS28: folds 
Cythian182: folds 
andutu34: calls $2.50
XneferX: folds 
*** FLOP *** [Ad Kd 5c]
andutu34: checks 
kledpro101 is disconnected 
kledpro101 is connected 
kledpro101: checks 
*** TURN *** [Ad Kd 5c] [2h]
andutu34: checks 
kledpro101: checks 
*** RIVER *** [Ad Kd 5c 2h] [5s]
andutu34: bets $2.19
kledpro101: folds 
Uncalled bet ($2.19) returned to andutu34
andutu34 collected $6.65 from pot
andutu34: doesn't show hand 
*** SUMMARY ***
Total pot $7 | Rake $0.35 
Board [Ad Kd 5c 2h 5s]
Seat 1: andutu34 (small blind) collected ($6.65)
Seat 2: XneferX (big blind) folded before Flop
Seat 3: Manifestorr folded before Flop (didn't bet)
Seat 4: kledpro101 folded on the River
Seat 5: SorinS28 folded before Flop (didn't bet)
Seat 6: Cythian182 (button) folded before Flop (didn't bet)



PokerStars Hand #254645634864:  Hold'em No Limit ($0.50/$1.00 USD) - 2025/01/31 0:15:26 WET [2025/01/31 19:15:26 ET]
Table 'Despina' 6-max Seat #1 is the button
Seat 1: andutu34 ($103.65 in chips) 
Seat 2: XneferX ($100 in chips) 
Seat 3: Manifestorr ($144.46 in chips) 
Seat 4: kledpro101 ($60.28 in chips) 
Seat 5: SorinS28 ($104.08 in chips) 
Seat 6: Cythian182 ($134.11 in chips) 
XneferX: posts small blind $0.50
Manifestorr: posts big blind $1
*** HOLE CARDS ***
kledpro101: folds 
SorinS28: folds 
Cythian182: raises $2 to $3
andutu34: folds 
XneferX: folds 
Manifestorr: folds 
Uncalled bet ($2) returned to Cythian182
Cythian182 collected $2.50 from pot
*** SUMMARY ***
Total pot $2.50 | Rake $0 
Seat 1: andutu34 (button) folded before Flop (didn't bet)
Seat 2: XneferX (small blind) folded before Flop
Seat 3: Manifestorr (big blind) folded before Flop
Seat 4: kledpro101 folded before Flop (didn't bet)
Seat 5: SorinS28 folded before Flop (didn't bet)
Seat 6: Cythian182 collected ($2.50)



PokerStars Hand #254645642542:  Hold'em No Limit ($0.50/$1.00 USD) - 2025/01/31 0:15:59 WET [2025/01/31 19:15:59 ET]
Table 'Despina' 6-max Seat #2 is the button
Seat 1: andutu34 ($103.65 in chips) 
Seat 2: XneferX ($100 in chips) 
Seat 3: Manifestorr ($143.46 in chips) 
Seat 4: kledpro101 ($60.28 in chips) 
Seat 5: SorinS28 ($104.08 in chips) 
Seat 6: Cythian182 ($135.61 in chips) 
Manifestorr: posts small blind $0.50
kledpro101: posts big blind $1
*** HOLE CARDS ***
SorinS28: folds 
Cythian182: folds 
andutu34: raises $1.30 to $2.30
XneferX: folds 
Manifestorr: folds 
kledpro101: folds 
Uncalled bet ($1.30) returned to andutu34
andutu34 collected $2.50 from pot
andutu34: doesn't show hand 
*** SUMMARY ***
Total pot $2.50 | Rake $0 
Seat 1: andutu34 collected ($2.50)
Seat 2: XneferX (button) folded before Flop (didn't bet)
Seat 3: Manifestorr (small blind) folded before Flop
Seat 4: kledpro101 (big blind) folded before Flop
Seat 5: SorinS28 folded before Flop (didn't bet)
Seat 6: Cythian182 folded before Flop (didn't bet)



PokerStars Hand #254645647288:  Hold'em No Limit ($0.50/$1.00 USD) - 2025/01/31 0:16:19 WET [2025/01/31 19:16:19 ET]
Table 'Despina' 6-max Seat #3 is the button
Seat 1: andutu34 ($105.15 in chips) 
Seat 2: XneferX ($100 in chips) 
Seat 3: Manifestorr ($142.96 in chips) 
Seat 4: kledpro101 ($59.28 in chips) 
Seat 5: SorinS28 ($104.08 in chips) 
Seat 6: Cythian182 ($135.61 in chips) 
kledpro101: posts small blind $0.50
SorinS28: posts big blind $1
*** HOLE CARDS ***
Cythian182: folds 
andutu34: folds 
XneferX: folds 
Manifestorr: folds 
kledpro101: folds 
Uncalled bet ($0.50) returned to SorinS28
SorinS28 collected $1 from pot
SorinS28: doesn't show hand 
*** SUMMARY ***
Total pot $1 | Rake $0 
Seat 1: andutu34 folded before Flop (didn't bet)
Seat 2: XneferX folded before Flop (didn't bet)
Seat 3: Manifestorr (button) folded before Flop (didn't bet)
Seat 4: kledpro101 (small blind) folded before Flop
Seat 5: SorinS28 (big blind) collected ($1)
Seat 6: Cythian182 folded before Flop (didn't bet)



PokerStars Hand #254645650457:  Hold'em No Limit ($0.50/$1.00 USD) - 2025/01/31 0:16:32 WET [2025/01/31 19:16:32 ET]
Table 'Despina' 6-max Seat #4 is the button
Seat 1: andutu34 ($105.15 in chips) 
Seat 2: XneferX ($100 in chips) 
Seat 3: Manifestorr ($142.96 in chips) 
Seat 4: kledpro101 ($58.78 in chips) 
Seat 5: SorinS28 ($104.58 in chips) 
Seat 6: Cythian182 ($135.61 in chips) 
SorinS28: posts small blind $0.50
Cythian182: posts big blind $1
*** HOLE CARDS ***
andutu34: folds 
XneferX: folds 
Manifestorr: raises $1.20 to $2.20
kledpro101: folds 
SorinS28: folds 
Cythian182: folds 
Uncalled bet ($1.20) returned to Manifestorr
Manifestorr collected $2.50 from pot
*** SUMMARY ***
Total pot $2.50 | Rake $0 
Seat 1: andutu34 folded before Flop (didn't bet)
Seat 2: XneferX folded before Flop (didn't bet)
Seat 3: Manifestorr collected ($2.50)
Seat 4: kledpro101 (button) folded before Flop (didn't bet)
Seat 5: SorinS28 (small blind) folded before Flop
Seat 6: Cythian182 (big blind) folded before Flop



PokerStars Hand #254645659912:  Hold'em No Limit ($0.50/$1.00 USD) - 2025/01/31 0:17:13 WET [2025/01/31 19:17:13 ET]
Table 'Despina' 6-max Seat #5 is the button
Seat 1: andutu34 ($105.15 in chips) 
Seat 2: XneferX ($100 in chips) 
Seat 3: Manifestorr ($144.46 in chips) 
Seat 4: kledpro101 ($58.78 in chips) 
Seat 5: SorinS28 ($104.08 in chips) 
Seat 6: Cythian182 ($134.61 in chips) 
Cythian182: posts small blind $0.50
andutu34: posts big blind $1
*** HOLE CARDS ***
XneferX: raises $1.10 to $2.10
Manifestorr: folds 
kledpro101: folds 
SorinS28: folds 
Cythian182: folds 
andutu34: calls $1.10
*** FLOP *** [9s Ks 9d]
andutu34: checks 
XneferX: checks 
*** TURN *** [9s Ks 9d] [7c]
andutu34: bets $6.69
XneferX: calls $6.69
*** RIVER *** [9s Ks 9d 7c] [Kh]
andutu34: checks 
XneferX: checks 
*** SHOW DOWN ***
andutu34: shows [5s Ts] (two pair, Kings and Nines)
XneferX: shows [Js Jd] (two pair, Kings and Jacks)
XneferX collected $17.18 from pot
*** SUMMARY ***
Total pot $18.08 | Rake $0.90 
Board [9s Ks 9d 7c Kh]
Seat 1: andutu34 (big blind) showed [5s Ts] and lost with two pair, Kings and Nines
Seat 2: XneferX showed [Js Jd] and won ($17.18) with two pair, Kings and Jacks
Seat 3: Manifestorr folded before Flop (didn't bet)
Seat 4: kledpro101 folded before Flop (didn't bet)
Seat 5: SorinS28 (button) folded before Flop (didn't bet)
Seat 6: Cythian182 (small blind) folded before Flop



PokerStars Hand #254645680928:  Hold'em No Limit ($0.50/$1.00 USD) - 2025/01/31 0:18:44 WET [2025/01/31 19:18:44 ET]
Table 'Despina' 6-max Seat #6 is the button
Seat 1: andutu34 ($100 in chips) 
Seat 2: XneferX ($108.39 in chips) 
Seat 3: Manifestorr ($144.46 in chips) 
Seat 4: kledpro101 ($58.78 in chips) 
Seat 5: SorinS28 ($104.08 in chips) 
Seat 6: Cythian182 ($134.11 in chips) 
andutu34: posts small blind $0.50
XneferX: posts big blind $1
*** HOLE CARDS ***
Manifestorr: folds 
kledpro101: folds 
SorinS28: folds 
Cythian182: raises $2 to $3
andutu34: raises $9 to $12
XneferX: folds 
Cythian182: calls $9
*** FLOP *** [Ac 6d 6s]
andutu34: bets $5.94
Cythian182: raises $20.06 to $26
andutu34: folds 
Uncalled bet ($20.06) returned to Cythian182
Cythian182 collected $35.04 from pot
*** SUMMARY ***
Total pot $36.88 | Rake $1.84 
Board [Ac 6d 6s]
Seat 1: andutu34 (small blind) folded on the Flop
Seat 2: XneferX (big blind) folded before Flop
Seat 3: Manifestorr folded before Flop (didn't bet)
Seat 4: kledpro101 folded before Flop (didn't bet)
Seat 5: SorinS28 folded before Flop (didn't bet)
Seat 6: Cythian182 (button) collected ($35.04)



PokerStars Hand #254645700033:  Hold'em No Limit ($0.50/$1.00 USD) - 2025/01/31 0:20:08 WET [2025/01/31 19:20:08 ET]
Table 'Despina' 6-max Seat #1 is the button
Seat 1: andutu34 ($100 in chips) 
Seat 2: XneferX ($107.39 in chips) 
Seat 3: Manifestorr ($144.46 in chips) 
Seat 4: kledpro101 ($58.78 in chips) 
Seat 5: SorinS28 ($104.08 in chips) 
Seat 6: Cythian182 ($151.21 in chips) 
XneferX: posts small blind $0.50
Manifestorr: posts big blind $1
*** HOLE CARDS ***
kledpro101: folds 
SorinS28: folds 
Cythian182: raises $2 to $3
andutu34: folds 
XneferX: folds 
Manifestorr: folds 
Uncalled bet ($2) returned to Cythian182
Cythian182 collected $2.50 from pot
*** SUMMARY ***
Total pot $2.50 | Rake $0 
Seat 1: andutu34 (button) folded before Flop (didn't bet)
Seat 2: XneferX (small blind) folded before Flop
Seat 3: Manifestorr (big blind) folded before Flop
Seat 4: kledpro101 folded before Flop (didn't bet)
Seat 5: SorinS28 folded before Flop (didn't bet)
Seat 6: Cythian182 collected ($2.50)



PokerStars Hand #254645704991:  Hold'em No Limit ($0.50/$1.00 USD) - 2025/01/31 0:20:29 WET [2025/01/31 19:20:29 ET]
Table 'Despina' 6-max Seat #2 is the button
Seat 1: andutu34 ($100 in chips) 
Seat 2: XneferX ($106.89 in chips) 
Seat 3: Manifestorr ($143.46 in chips) 
Seat 4: kledpro101 ($58.78 in chips) 
Seat 5: SorinS28 ($104.08 in chips) 
Seat 6: Cythian182 ($152.71 in chips) 
Manifestorr: posts small blind $0.50
kledpro101: posts big blind $1
*** HOLE CARDS ***
SorinS28: folds 
Cythian182: folds 
andutu34: folds 
XneferX: folds 
Manifestorr: folds 
Uncalled bet ($0.50) returned to kledpro101
kledpro101 collected $1 from pot
*** SUMMARY ***
Total pot $1 | Rake $0 
Seat 1: andutu34 folded before Flop (didn't bet)
Seat 2: XneferX (button) folded before Flop (didn't bet)
Seat 3: Manifestorr (small blind) folded before Flop
Seat 4: kledpro101 (big blind) collected ($1)
Seat 5: SorinS28 folded before Flop (didn't bet)
Seat 6: Cythian182 folded before Flop (didn't bet)



PokerStars Hand #254645709000:  Hold'em No Limit ($0.50/$1.00 USD) - 2025/01/31 0:20:47 WET [2025/01/31 19:20:47 ET]
Table 'Despina' 6-max Seat #3 is the button
Seat 1: andutu34 ($100 in chips) 
Seat 2: XneferX ($106.89 in chips) 
Seat 3: Manifestorr ($142.96 in chips) 
Seat 4: kledpro101 ($59.28 in chips) 
Seat 5: SorinS28 ($104.08 in chips) 
Seat 6: Cythian182 ($152.71 in chips) 
kledpro101: posts small blind $0.50
SorinS28: posts big blind $1
*** HOLE CARDS ***
Cythian182: folds 
andutu34: folds 
XneferX: folds 
Manifestorr: folds 
kledpro101: folds 
Uncalled bet ($0.50) returned to SorinS28
SorinS28 collected $1 from pot
SorinS28: doesn't show hand 
*** SUMMARY ***
Total pot $1 | Rake $0 
Seat 1: andutu34 folded before Flop (didn't bet)
Seat 2: XneferX folded before Flop (didn't bet)
Seat 3: Manifestorr (button) folded before Flop (didn't bet)
Seat 4: kledpro101 (small blind) folded before Flop
Seat 5: SorinS28 (big blind) collected ($1)
Seat 6: Cythian182 folded before Flop (didn't bet)



PokerStars Hand #254645714387:  Hold'em No Limit ($0.50/$1.00 USD) - 2025/01/31 0:21:11 WET [2025/01/31 19:21:11 ET]
Table 'Despina' 6-max Seat #4 is the button
Seat 1: andutu34 ($100 in chips) 
Seat 2: XneferX ($106.89 in chips) 
Seat 3: Manifestorr ($142.96 in chips) 
Seat 4: kledpro101 ($58.78 in chips) 
Seat 5: SorinS28 ($104.58 in chips) 
Seat 6: Cythian182 ($152.71 in chips) 
SorinS28: posts small blind $0.50
Cythian182: posts big blind $1
*** HOLE CARDS ***
andutu34: folds 
andutu34 leaves the table
XneferX: folds 
Manifestorr: raises $1.20 to $2.20
kledpro101: folds 
SorinS28: folds 
Cythian182: folds 
Uncalled bet ($1.20) returned to Manifestorr
Manifestorr collected $2.50 from pot
*** SUMMARY ***
Total pot $2.50 | Rake $0 
Seat 1: andutu34 folded before Flop (didn't bet)
Seat 2: XneferX folded before Flop (didn't bet)
Seat 3: Manifestorr collected ($2.50)
Seat 4: kledpro101 (button) folded before Flop (didn't bet)
Seat 5: SorinS28 (small blind) folded before Flop
Seat 6: Cythian182 (big blind) folded before Flop



PokerStars Hand #254645721903:  Hold'em No Limit ($0.50/$1.00 USD) - 2025/01/31 0:21:44 WET [2025/01/31 19:21:44 ET]
Table 'Despina' 6-max Seat #5 is the button
Seat 2: XneferX ($106.89 in chips) 
Seat 3: Manifestorr ($144.46 in chips) 
Seat 4: kledpro101 ($58.78 in chips) 
Seat 5: SorinS28 ($104.08 in chips) 
Seat 6: Cythian182 ($151.71 in chips) 
Cythian182: posts small blind $0.50
XneferX: posts big blind $1
*** HOLE CARDS ***
Manifestorr: folds 
kledpro101: raises $2 to $3
SorinS28: folds 
Cythian182: folds 
XneferX: calls $2
*** FLOP *** [Ks 4s 3s]
ghc_2 joins the table at seat #1 
XneferX: checks 
kledpro101: bets $6.18
XneferX: folds 
Uncalled bet ($6.18) returned to kledpro101
kledpro101 collected $6.10 from pot
*** SUMMARY ***
Total pot $6.50 | Rake $0.40 
Board [Ks 4s 3s]
Seat 2: XneferX (big blind) folded on the Flop
Seat 3: Manifestorr folded before Flop (didn't bet)
Seat 4: kledpro101 collected ($6.10)
Seat 5: SorinS28 (button) folded before Flop (didn't bet)
Seat 6: Cythian182 (small blind) folded before Flop



PokerStars Hand #254645732422:  Hold'em No Limit ($0.50/$1.00 USD) - 2025/01/31 0:22:31 WET [2025/01/31 19:22:31 ET]
Table 'Despina' 6-max Seat #6 is the button
Seat 1: ghc_2 ($100 in chips) is sitting out
Seat 2: XneferX ($103.89 in chips) 
Seat 3: Manifestorr ($144.46 in chips) 
Seat 4: kledpro101 ($61.88 in chips) 
Seat 5: SorinS28 ($104.08 in chips) 
Seat 6: Cythian182 ($151.21 in chips) 
XneferX: posts small blind $0.50
Manifestorr: posts big blind $1
*** HOLE CARDS ***
kledpro101: raises $2.50 to $3.50
SorinS28: folds 
Cythian182: folds 
XneferX: folds 
Manifestorr: calls $2.50
*** FLOP *** [3s 5d 5s]
Manifestorr: bets $2.35
kledpro101: calls $2.35
*** TURN *** [3s 5d 5s] [Th]
Manifestorr: checks 
kledpro101: checks 
*** RIVER *** [3s 5d 5s Th] [7d]
Manifestorr: checks 
kledpro101: checks 
*** SHOW DOWN ***
Manifestorr: shows [8c 8s] (two pair, Eights and Fives)
kledpro101: mucks hand 
Manifestorr collected $11.59 from pot
*** SUMMARY ***
Total pot $12.20 | Rake $0.61 
Board [3s 5d 5s Th 7d]
Seat 1: ghc_2
Seat 2: XneferX (small blind) folded before Flop
Seat 3: Manifestorr (big blind) showed [8c 8s] and won ($11.59) with two pair, Eights and Fives
Seat 4: kledpro101 mucked
Seat 5: SorinS28 folded before Flop (didn't bet)
Seat 6: Cythian182 (button) folded before Flop (didn't bet)



PokerStars Hand #254645740816:  Hold'em No Limit ($0.50/$1.00 USD) - 2025/01/31 0:23:08 WET [2025/01/31 19:23:08 ET]
Table 'Despina' 6-max Seat #2 is the button
Seat 1: ghc_2 ($100 in chips) is sitting out
Seat 2: XneferX ($103.39 in chips) 
Seat 3: Manifestorr ($150.20 in chips) 
Seat 4: kledpro101 ($56.03 in chips) 
Seat 5: SorinS28 ($104.08 in chips) 
Seat 6: Cythian182 ($151.21 in chips) 
Manifestorr: posts small blind $0.50
kledpro101: posts big blind $1
ghc_2: sits out 
*** HOLE CARDS ***
SorinS28: folds 
Cythian182: folds 
XneferX: folds 
Manifestorr: raises $2 to $3
kledpro101: calls $2
*** FLOP *** [3d Kd 9s]
Manifestorr: checks 
kledpro101: checks 
*** TURN *** [3d Kd 9s] [3s]
Manifestorr: bets $7.70
kledpro101: folds 
Uncalled bet ($7.70) returned to Manifestorr
Manifestorr collected $5.70 from pot
*** SUMMARY ***
Total pot $6 | Rake $0.30 
Board [3d Kd 9s 3s]
Seat 1: ghc_2
Seat 2: XneferX (button) folded before Flop (didn't bet)
Seat 3: Manifestorr (small blind) collected ($5.70)
Seat 4: kledpro101 (big blind) folded on the Turn
Seat 5: SorinS28 folded before Flop (didn't bet)
Seat 6: Cythian182 folded before Flop (didn't bet)



PokerStars Hand #254645751927:  Hold'em No Limit ($0.50/$1.00 USD) - 2025/01/31 0:23:58 WET [2025/01/31 19:23:58 ET]
Table 'Despina' 6-max Seat #3 is the button
Seat 1: ghc_2 ($100 in chips) is sitting out
Seat 2: XneferX ($103.39 in chips) 
Seat 3: Manifestorr ($152.90 in chips) 
Seat 4: kledpro101 ($53.03 in chips) 
Seat 5: SorinS28 ($104.08 in chips) 
Seat 6: Cythian182 ($151.21 in chips) 
kledpro101: posts small blind $0.50
SorinS28: posts big blind $1
ghc_2: sits out 
*** HOLE CARDS ***
Cythian182: folds 
XneferX: folds 
Manifestorr: raises $1.20 to $2.20
kledpro101: folds 
SorinS28: folds 
Uncalled bet ($1.20) returned to Manifestorr
Manifestorr collected $2.50 from pot
*** SUMMARY ***
Total pot $2.50 | Rake $0 
Seat 1: ghc_2
Seat 2: XneferX folded before Flop (didn't bet)
Seat 3: Manifestorr (button) collected ($2.50)
Seat 4: kledpro101 (small blind) folded before Flop
Seat 5: SorinS28 (big blind) folded before Flop
Seat 6: Cythian182 folded before Flop (didn't bet)



PokerStars Hand #254645754719:  Hold'em No Limit ($0.50/$1.00 USD) - 2025/01/31 0:24:11 WET [2025/01/31 19:24:11 ET]
Table 'Despina' 6-max Seat #4 is the button
Seat 1: ghc_2 ($100 in chips) is sitting out
Seat 2: XneferX ($103.39 in chips) 
Seat 3: Manifestorr ($154.40 in chips) 
Seat 4: kledpro101 ($52.53 in chips) 
Seat 5: SorinS28 ($103.08 in chips) 
Seat 6: Cythian182 ($151.21 in chips) 
SorinS28: posts small blind $0.50
Cythian182: posts big blind $1
ghc_2: sits out 
*** HOLE CARDS ***
XneferX: folds 
Manifestorr: folds 
kledpro101: folds 
SorinS28: folds 
Uncalled bet ($0.50) returned to Cythian182
Cythian182 collected $1 from pot
*** SUMMARY ***
Total pot $1 | Rake $0 
Seat 1: ghc_2
Seat 2: XneferX folded before Flop (didn't bet)
Seat 3: Manifestorr folded before Flop (didn't bet)
Seat 4: kledpro101 (button) folded before Flop (didn't bet)
Seat 5: SorinS28 (small blind) folded before Flop
Seat 6: Cythian182 (big blind) collected ($1)



PokerStars Hand #254645757564:  Hold'em No Limit ($0.50/$1.00 USD) - 2025/01/31 0:24:23 WET [2025/01/31 19:24:23 ET]
Table 'Despina' 6-max Seat #5 is the button
Seat 1: ghc_2 ($100 in chips) 
Seat 2: XneferX ($103.39 in chips) 
Seat 3: Manifestorr ($154.40 in chips) 
Seat 4: kledpro101 ($52.53 in chips) 
Seat 5: SorinS28 ($102.58 in chips) 
Seat 6: Cythian182 ($151.71 in chips) 
Cythian182: posts small blind $0.50
ghc_2: posts big blind $1
*** HOLE CARDS ***
XneferX: folds 
Manifestorr: folds 
kledpro101: raises $2 to $3
SorinS28: raises $7 to $10
Cythian182: folds 
ghc_2: folds 
kledpro101: calls $7
*** FLOP *** [Kh 4s 6h]
kledpro101: bets $10.21
SorinS28: folds 
Uncalled bet ($10.21) returned to kledpro101
kledpro101 collected $20.15 from pot
*** SUMMARY ***
Total pot $21.50 | Rake $1.35 
Board [Kh 4s 6h]
Seat 1: ghc_2 (big blind) folded before Flop
Seat 2: XneferX folded before Flop (didn't bet)
Seat 3: Manifestorr folded before Flop (didn't bet)
Seat 4: kledpro101 collected ($20.15)
Seat 5: SorinS28 (button) folded on the Flop
Seat 6: Cythian182 (small blind) folded before Flop



PokerStars Hand #254645764080:  Hold'em No Limit ($0.50/$1.00 USD) - 2025/01/31 0:24:53 WET [2025/01/31 19:24:53 ET]
Table 'Despina' 6-max Seat #6 is the button
Seat 1: ghc_2 ($100 in chips) 
Seat 2: XneferX ($103.39 in chips) 
Seat 3: Manifestorr ($154.40 in chips) 
Seat 4: kledpro101 ($62.68 in chips) 
Seat 5: SorinS28 ($100 in chips) 
Seat 6: Cythian182 ($151.21 in chips) 
ghc_2: posts small blind $0.50
XneferX: posts big blind $1
*** HOLE CARDS ***
Manifestorr: raises $1.20 to $2.20
kledpro101: raises $1.20 to $3.40
SorinS28: folds 
Cythian182: folds 
ghc_2: folds 
XneferX: folds 
Manifestorr: calls $1.20
*** FLOP *** [6s 2c 6c]
Manifestorr: checks 
kledpro101: bets $7.88
Manifestorr: folds 
Uncalled bet ($7.88) returned to kledpro101
kledpro101 collected $7.78 from pot
*** SUMMARY ***
Total pot $8.30 | Rake $0.52 
Board [6s 2c 6c]
Seat 1: ghc_2 (small blind) folded before Flop
Seat 2: XneferX (big blind) folded before Flop
Seat 3: Manifestorr folded on the Flop
Seat 4: kledpro101 collected ($7.78)
Seat 5: SorinS28 folded before Flop (didn't bet)
Seat 6: Cythian182 (button) folded before Flop (didn't bet)



PokerStars Hand #254645771037:  Hold'em No Limit ($0.50/$1.00 USD) - 2025/01/31 0:25:25 WET [2025/01/31 19:25:25 ET]
Table 'Despina' 6-max Seat #1 is the button
Seat 1: ghc_2 ($100 in chips) 
Seat 2: XneferX ($102.39 in chips) 
Seat 3: Manifestorr ($151 in chips) 
Seat 4: kledpro101 ($67.06 in chips) 
Seat 5: SorinS28 ($100 in chips) 
Seat 6: Cythian182 ($151.21 in chips) 
XneferX: posts small blind $0.50
Manifestorr: posts big blind $1
*** HOLE CARDS ***
kledpro101: raises $2 to $3
SorinS28: folds 
Cythian182: folds 
ghc_2: raises $6 to $9
XneferX: folds 
Manifestorr: folds 
kledpro101: calls $6
*** FLOP *** [Tc Kh 3h]
kledpro101: checks 
ghc_2: bets $4.63
kledpro101: folds 
Uncalled bet ($4.63) returned to ghc_2
ghc_2 collected $18.52 from pot
ghc_2: doesn't show hand 
*** SUMMARY ***
Total pot $19.50 | Rake $0.98 
Board [Tc Kh 3h]
Seat 1: ghc_2 (button) collected ($18.52)
Seat 2: XneferX (small blind) folded before Flop
Seat 3: Manifestorr (big blind) folded before Flop
Seat 4: kledpro101 folded on the Flop
Seat 5: SorinS28 folded before Flop (didn't bet)
Seat 6: Cythian182 folded before Flop (didn't bet)



PokerStars Hand #254645776939:  Hold'em No Limit ($0.50/$1.00 USD) - 2025/01/31 0:25:51 WET [2025/01/31 19:25:51 ET]
Table 'Despina' 6-max Seat #2 is the button
Seat 1: ghc_2 ($109.52 in chips) 
Seat 2: XneferX ($101.89 in chips) 
Seat 3: Manifestorr ($150 in chips) 
Seat 4: kledpro101 ($58.06 in chips) 
Seat 5: SorinS28 ($100 in chips) 
Seat 6: Cythian182 ($151.21 in chips) 
Manifestorr: posts small blind $0.50
kledpro101: posts big blind $1
*** HOLE CARDS ***
SorinS28: raises $1.02 to $2.02
Cythian182: folds 
ghc_2: folds 
XneferX: folds 
Manifestorr: folds 
kledpro101: folds 
Uncalled bet ($1.02) returned to SorinS28
SorinS28 collected $2.50 from pot
SorinS28: doesn't show hand 
*** SUMMARY ***
Total pot $2.50 | Rake $0 
Seat 1: ghc_2 folded before Flop (didn't bet)
Seat 2: XneferX (button) folded before Flop (didn't bet)
Seat 3: Manifestorr (small blind) folded before Flop
Seat 4: kledpro101 (big blind) folded before Flop
Seat 5: SorinS28 collected ($2.50)
Seat 6: Cythian182 folded before Flop (didn't bet)



PokerStars Hand #254645781098:  Hold'em No Limit ($0.50/$1.00 USD) - 2025/01/31 0:26:10 WET [2025/01/31 19:26:10 ET]
Table 'Despina' 6-max Seat #3 is the button
Seat 5: SorinS28 ($101.50 in chips) is sitting out
Seat 1: ghc_2 ($109.52 in chips) 
Seat 2: XneferX ($101.89 in chips) 
Seat 3: Manifestorr ($149.50 in chips) 
Seat 4: kledpro101 ($57.06 in chips) 
Seat 6: Cythian182 ($151.21 in chips) 
kledpro101: posts small blind $0.50
SorinS28: is sitting out 
Cythian182: posts big blind $1
*** HOLE CARDS ***
ghc_2: raises $1 to $2
XneferX: folds 
SorinS28 leaves the table
Manifestorr: folds 
kledpro101: calls $1.50
Cythian182: calls $1
*** FLOP *** [5h Qh 7c]
kledpro101: checks 
Cythian182: checks 
ghc_2: checks 
*** TURN *** [5h Qh 7c] [Qd]
kledpro101: bets $5.70
Cythian182: calls $5.70
kuca86 joins the table at seat #5 
ghc_2: calls $5.70
*** RIVER *** [5h Qh 7c Qd] [Kd]
kledpro101: checks 
Cythian182: checks 
ghc_2: checks 
*** SHOW DOWN ***
kledpro101: shows [7d 6d] (two pair, Queens and Sevens)
Cythian182: mucks hand 
ghc_2: shows [9h 9s] (two pair, Queens and Nines)
ghc_2 collected $21.94 from pot
*** SUMMARY ***
Total pot $23.10 | Rake $1.16 
Board [5h Qh 7c Qd Kd]
Seat 5: SorinS28
Seat 1: ghc_2 showed [9h 9s] and won ($21.94) with two pair, Queens and Nines
Seat 2: XneferX folded before Flop (didn't bet)
Seat 3: Manifestorr (button) folded before Flop (didn't bet)
Seat 4: kledpro101 (small blind) showed [7d 6d] and lost with two pair, Queens and Sevens
Seat 6: Cythian182 (big blind) mucked



PokerStars Hand #254645804763:  Hold'em No Limit ($0.50/$1.00 USD) - 2025/01/31 0:27:57 WET [2025/01/31 19:27:57 ET]
Table 'Despina' 6-max Seat #4 is the button
Seat 5: kuca86 ($191.55 in chips) is sitting out
Seat 1: ghc_2 ($123.76 in chips) 
Seat 2: XneferX ($101.89 in chips) 
Seat 3: Manifestorr ($149.50 in chips) 
Seat 4: kledpro101 ($49.36 in chips) 
Seat 6: Cythian182 ($143.51 in chips) 
Cythian182: posts small blind $0.50
ghc_2: posts big blind $1
*** HOLE CARDS ***
XneferX: folds 
Manifestorr: folds 
kledpro101: folds 
Cythian182: folds 
Uncalled bet ($0.50) returned to ghc_2
ghc_2 collected $1 from pot
ghc_2: doesn't show hand 
*** SUMMARY ***
Total pot $1 | Rake $0 
Seat 5: kuca86
Seat 1: ghc_2 (big blind) collected ($1)
Seat 2: XneferX folded before Flop (didn't bet)
Seat 3: Manifestorr folded before Flop (didn't bet)
Seat 4: kledpro101 (button) folded before Flop (didn't bet)
Seat 6: Cythian182 (small blind) folded before Flop



PokerStars Hand #254645807885:  Hold'em No Limit ($0.50/$1.00 USD) - 2025/01/31 0:28:11 WET [2025/01/31 19:28:11 ET]
Table 'Despina' 6-max Seat #6 is the button
Seat 5: kuca86 ($191.55 in chips) is sitting out
Seat 1: ghc_2 ($124.26 in chips) 
Seat 2: XneferX ($101.89 in chips) 
Seat 3: Manifestorr ($149.50 in chips) 
Seat 4: kledpro101 ($49.36 in chips) 
Seat 6: Cythian182 ($143.01 in chips) 
ghc_2: posts small blind $0.50
XneferX: posts big blind $1
kuca86: sits out 
*** HOLE CARDS ***
Manifestorr: folds 
kledpro101: folds 
Cythian182: folds 
ghc_2: raises $2 to $3
XneferX: calls $2
*** FLOP *** [Ks 9h 8s]
ghc_2: bets $1.43
XneferX: raises $4.37 to $5.80
ghc_2: calls $4.37
*** TURN *** [Ks 9h 8s] [Ts]
ghc_2: checks 
XneferX: bets $12.87
ghc_2: calls $12.87
*** RIVER *** [Ks 9h 8s Ts] [Ac]
ghc_2: checks 
XneferX: checks 
*** SHOW DOWN ***
ghc_2: shows [Qc Js] (a straight, Ten to Ace)
XneferX: mucks hand 
ghc_2 collected $41.17 from pot
*** SUMMARY ***
Total pot $43.34 | Rake $2.17 
Board [Ks 9h 8s Ts Ac]
Seat 5: kuca86
Seat 1: ghc_2 (small blind) showed [Qc Js] and won ($41.17) with a straight, Ten to Ace
Seat 2: XneferX (big blind) mucked
Seat 3: Manifestorr folded before Flop (didn't bet)
Seat 4: kledpro101 folded before Flop (didn't bet)
Seat 6: Cythian182 (button) folded before Flop (didn't bet)



PokerStars Hand #254645831961:  Hold'em No Limit ($0.50/$1.00 USD) - 2025/01/31 0:30:01 WET [2025/01/31 19:30:01 ET]
Table 'Despina' 6-max Seat #1 is the button
Seat 5: kuca86 ($191.55 in chips) is sitting out
Seat 1: ghc_2 ($143.76 in chips) 
Seat 2: XneferX ($100 in chips) 
Seat 3: Manifestorr ($149.50 in chips) 
Seat 4: kledpro101 ($49.36 in chips) 
Seat 6: Cythian182 ($143.01 in chips) 
XneferX: posts small blind $0.50
Manifestorr: posts big blind $1
kuca86: sits out 
*** HOLE CARDS ***
kledpro101: folds 
Cythian182: raises $2 to $3
ghc_2: folds 
XneferX: folds 
Manifestorr: folds 
Uncalled bet ($2) returned to Cythian182
Cythian182 collected $2.50 from pot
*** SUMMARY ***
Total pot $2.50 | Rake $0 
Seat 5: kuca86
Seat 1: ghc_2 (button) folded before Flop (didn't bet)
Seat 2: XneferX (small blind) folded before Flop
Seat 3: Manifestorr (big blind) folded before Flop
Seat 4: kledpro101 folded before Flop (didn't bet)
Seat 6: Cythian182 collected ($2.50)



PokerStars Hand #254645835689:  Hold'em No Limit ($0.50/$1.00 USD) - 2025/01/31 0:30:18 WET [2025/01/31 19:30:18 ET]
Table 'Despina' 6-max Seat #2 is the button
Seat 5: kuca86 ($191.55 in chips) is sitting out
Seat 1: ghc_2 ($143.76 in chips) 
Seat 2: XneferX ($100 in chips) 
Seat 3: Manifestorr ($148.50 in chips) 
Seat 4: kledpro101 ($49.36 in chips) 
Seat 6: Cythian182 ($144.51 in chips) 
Manifestorr: posts small blind $0.50
kledpro101: posts big blind $1
kuca86: sits out 
*** HOLE CARDS ***
Cythian182: folds 
ghc_2: raises $1.30 to $2.30
XneferX: folds 
Manifestorr: folds 
kledpro101: folds 
Uncalled bet ($1.30) returned to ghc_2
ghc_2 collected $2.50 from pot
ghc_2: doesn't show hand 
*** SUMMARY ***
Total pot $2.50 | Rake $0 
Seat 5: kuca86
Seat 1: ghc_2 collected ($2.50)
Seat 2: XneferX (button) folded before Flop (didn't bet)
Seat 3: Manifestorr (small blind) folded before Flop
Seat 4: kledpro101 (big blind) folded before Flop
Seat 6: Cythian182 folded before Flop (didn't bet)



PokerStars Hand #254645838413:  Hold'em No Limit ($0.50/$1.00 USD) - 2025/01/31 0:30:30 WET [2025/01/31 19:30:30 ET]
Table 'Despina' 6-max Seat #3 is the button
Seat 1: ghc_2 ($145.26 in chips) 
Seat 2: XneferX ($100 in chips) 
Seat 3: Manifestorr ($148 in chips) 
Seat 4: kledpro101 ($48.36 in chips) 
Seat 5: kuca86 ($191.55 in chips) 
Seat 6: Cythian182 ($144.51 in chips) 
kledpro101: posts small blind $0.50
kuca86: posts big blind $1
*** HOLE CARDS ***
Cythian182: folds 
ghc_2: folds 
XneferX: folds 
Manifestorr: folds 
kledpro101: folds 
Uncalled bet ($0.50) returned to kuca86
kuca86 collected $1 from pot
kuca86: doesn't show hand 
*** SUMMARY ***
Total pot $1 | Rake $0 
Seat 1: ghc_2 folded before Flop (didn't bet)
Seat 2: XneferX folded before Flop (didn't bet)
Seat 3: Manifestorr (button) folded before Flop (didn't bet)
Seat 4: kledpro101 (small blind) folded before Flop
Seat 5: kuca86 (big blind) collected ($1)
Seat 6: Cythian182 folded before Flop (didn't bet)



PokerStars Hand #254645841863:  Hold'em No Limit ($0.50/$1.00 USD) - 2025/01/31 0:30:46 WET [2025/01/31 19:30:46 ET]
Table 'Despina' 6-max Seat #4 is the button
Seat 1: ghc_2 ($145.26 in chips) 
Seat 2: XneferX ($100 in chips) 
Seat 3: Manifestorr ($148 in chips) 
Seat 4: kledpro101 ($47.86 in chips) 
Seat 5: kuca86 ($192.05 in chips) 
Seat 6: Cythian182 ($144.51 in chips) 
kuca86: posts small blind $0.50
Cythian182: posts big blind $1
*** HOLE CARDS ***
ghc_2: folds 
XneferX: folds 
Manifestorr: raises $1.20 to $2.20
kledpro101: folds 
kuca86: folds 
Cythian182: raises $9.20 to $11.40
Manifestorr: calls $9.20
*** FLOP *** [9d Tc Ac]
Cythian182: bets $12
Manifestorr: calls $12
*** TURN *** [9d Tc Ac] [4h]
Cythian182: checks 
Manifestorr: bets $33.71
Cythian182: raises $87.40 to $121.11 and is all-in
Manifestorr: calls $87.40
*** RIVER *** [9d Tc Ac 4h] [Kd]
*** SHOW DOWN ***
Cythian182: shows [5h Ah] (a pair of Aces)
Manifestorr: shows [Ad Qh] (a pair of Aces - King+Queen kicker)
Manifestorr collected $287.02 from pot
*** SUMMARY ***
Total pot $289.52 | Rake $2.50 
Board [9d Tc Ac 4h Kd]
Seat 1: ghc_2 folded before Flop (didn't bet)
Seat 2: XneferX folded before Flop (didn't bet)
Seat 3: Manifestorr showed [Ad Qh] and won ($287.02) with a pair of Aces
Seat 4: kledpro101 (button) folded before Flop (didn't bet)
Seat 5: kuca86 (small blind) folded before Flop
Seat 6: Cythian182 (big blind) showed [5h Ah] and lost with a pair of Aces



PokerStars Hand #254645865212:  Hold'em No Limit ($0.50/$1.00 USD) - 2025/01/31 0:32:33 WET [2025/01/31 19:32:33 ET]
Table 'Despina' 6-max Seat #5 is the button
Seat 6: Cythian182 ($0 in chips) is sitting out
Seat 1: ghc_2 ($145.26 in chips) 
Seat 2: XneferX ($100 in chips) 
Seat 3: Manifestorr ($290.51 in chips) 
Seat 4: kledpro101 ($47.86 in chips) 
Seat 5: kuca86 ($191.55 in chips) 
ghc_2: posts small blind $0.50
XneferX: posts big blind $1
*** HOLE CARDS ***
Manifestorr: folds 
Cythian182 is disconnected 
kledpro101: folds 
kuca86: folds 
ghc_2: raises $2 to $3
XneferX: calls $2
*** FLOP *** [4h Tc 6h]
ghc_2: bets $1.43
XneferX: calls $1.43
*** TURN *** [4h Tc 6h] [Qc]
ghc_2: bets $15.58
XneferX: folds 
Uncalled bet ($15.58) returned to ghc_2
ghc_2 collected $8.42 from pot
ghc_2: doesn't show hand 
*** SUMMARY ***
Total pot $8.86 | Rake $0.44 
Board [4h Tc 6h Qc]
Seat 6: Cythian182
Seat 1: ghc_2 (small blind) collected ($8.42)
Seat 2: XneferX (big blind) folded on the Turn
Seat 3: Manifestorr folded before Flop (didn't bet)
Seat 4: kledpro101 folded before Flop (didn't bet)
Seat 5: kuca86 (button) folded before Flop (didn't bet)



PokerStars Hand #254645881891:  Hold'em No Limit ($0.50/$1.00 USD) - 2025/01/31 0:33:49 WET [2025/01/31 19:33:49 ET]
Table 'Despina' 6-max Seat #1 is the button
Seat 6: Cythian182 ($0 in chips) is sitting out
Seat 1: ghc_2 ($149.25 in chips) 
Seat 2: XneferX ($100 in chips) 
Seat 3: Manifestorr ($290.51 in chips) 
Seat 4: kledpro101 ($47.86 in chips) 
Seat 5: kuca86 ($191.55 in chips) 
XneferX: posts small blind $0.50
Manifestorr: posts big blind $1
*** HOLE CARDS ***
kledpro101: raises $2 to $3
kuca86: folds 
ghc_2: folds 
XneferX: folds 
Manifestorr: calls $2
*** FLOP *** [2h 8d 5d]
Manifestorr: checks 
kledpro101: bets $6.18
Manifestorr: folds 
Uncalled bet ($6.18) returned to kledpro101
kledpro101 collected $6.10 from pot
*** SUMMARY ***
Total pot $6.50 | Rake $0.40 
Board [2h 8d 5d]
Seat 6: Cythian182
Seat 1: ghc_2 (button) folded before Flop (didn't bet)
Seat 2: XneferX (small blind) folded before Flop
Seat 3: Manifestorr (big blind) folded on the Flop
Seat 4: kledpro101 collected ($6.10)
Seat 5: kuca86 folded before Flop (didn't bet)



PokerStars Hand #254645886908:  Hold'em No Limit ($0.50/$1.00 USD) - 2025/01/31 0:34:13 WET [2025/01/31 19:34:13 ET]
Table 'Despina' 6-max Seat #2 is the button
Seat 6: Cythian182 ($0 in chips) is sitting out
Seat 1: ghc_2 ($149.25 in chips) 
Seat 2: XneferX ($100 in chips) 
Seat 3: Manifestorr ($287.51 in chips) 
Seat 4: kledpro101 ($50.96 in chips) 
Seat 5: kuca86 ($191.55 in chips) 
Manifestorr: posts small blind $0.50
kledpro101: posts big blind $1
*** HOLE CARDS ***
kuca86: folds 
ghc_2: raises $1.30 to $2.30
XneferX: calls $2.30
Manifestorr: folds 
kledpro101: calls $1.30
*** FLOP *** [2d 3h Jd]
kledpro101: checks 
ghc_2: checks 
XneferX: bets $2.39
kledpro101: folds 
ghc_2: folds 
Uncalled bet ($2.39) returned to XneferX
XneferX collected $7.03 from pot
XneferX: doesn't show hand 
*** SUMMARY ***
Total pot $7.40 | Rake $0.37 
Board [2d 3h Jd]
Seat 6: Cythian182
Seat 1: ghc_2 folded on the Flop
Seat 2: XneferX (button) collected ($7.03)
Seat 3: Manifestorr (small blind) folded before Flop
Seat 4: kledpro101 (big blind) folded on the Flop
Seat 5: kuca86 folded before Flop (didn't bet)



PokerStars Hand #254645896317:  Hold'em No Limit ($0.50/$1.00 USD) - 2025/01/31 0:34:56 WET [2025/01/31 19:34:56 ET]
Table 'Despina' 6-max Seat #3 is the button
Seat 6: Cythian182 ($0 in chips) is sitting out
Seat 1: ghc_2 ($146.95 in chips) 
Seat 2: XneferX ($104.73 in chips) 
Seat 3: Manifestorr ($287.01 in chips) 
Seat 4: kledpro101 ($48.66 in chips) 
Seat 5: kuca86 ($191.55 in chips) 
kledpro101: posts small blind $0.50
kuca86: posts big blind $1
*** HOLE CARDS ***
ghc_2: folds 
XneferX: folds 
Manifestorr: folds 
kledpro101: folds 
Uncalled bet ($0.50) returned to kuca86
kuca86 collected $1 from pot
kuca86: doesn't show hand 
*** SUMMARY ***
Total pot $1 | Rake $0 
Seat 6: Cythian182
Seat 1: ghc_2 folded before Flop (didn't bet)
Seat 2: XneferX folded before Flop (didn't bet)
Seat 3: Manifestorr (button) folded before Flop (didn't bet)
Seat 4: kledpro101 (small blind) folded before Flop
Seat 5: kuca86 (big blind) collected ($1)



PokerStars Hand #254645901859:  Hold'em No Limit ($0.50/$1.00 USD) - 2025/01/31 0:35:21 WET [2025/01/31 19:35:21 ET]
Table 'Despina' 6-max Seat #4 is the button
Seat 6: Cythian182 ($0 in chips) is sitting out
Seat 1: ghc_2 ($146.95 in chips) 
Seat 2: XneferX ($104.73 in chips) 
Seat 3: Manifestorr ($287.01 in chips) 
Seat 4: kledpro101 ($48.16 in chips) 
Seat 5: kuca86 ($192.05 in chips) 
kuca86: posts small blind $0.50
ghc_2: posts big blind $1
*** HOLE CARDS ***
XneferX: folds 
Manifestorr: folds 
kledpro101: folds 
kuca86: folds 
Uncalled bet ($0.50) returned to ghc_2
ghc_2 collected $1 from pot
ghc_2: doesn't show hand 
*** SUMMARY ***
Total pot $1 | Rake $0 
Seat 6: Cythian182
Seat 1: ghc_2 (big blind) collected ($1)
Seat 2: XneferX folded before Flop (didn't bet)
Seat 3: Manifestorr folded before Flop (didn't bet)
Seat 4: kledpro101 (button) folded before Flop (didn't bet)
Seat 5: kuca86 (small blind) folded before Flop



PokerStars Hand #254645908546:  Hold'em No Limit ($0.50/$1.00 USD) - 2025/01/31 0:35:52 WET [2025/01/31 19:35:52 ET]
Table 'Despina' 6-max Seat #5 is the button
Seat 6: Cythian182 ($0 in chips) is sitting out
Seat 1: ghc_2 ($147.45 in chips) 
Seat 2: XneferX ($104.73 in chips) 
Seat 3: Manifestorr ($287.01 in chips) 
Seat 4: kledpro101 ($48.16 in chips) 
Seat 5: kuca86 ($191.55 in chips) 
ghc_2: posts small blind $0.50
XneferX: posts big blind $1
*** HOLE CARDS ***
Manifestorr: folds 
kledpro101: calls $1
kuca86: folds 
ghc_2: folds 
XneferX: checks 
*** FLOP *** [Ad Kh 2s]
XneferX: checks 
kledpro101: bets $1.19
XneferX: folds 
Uncalled bet ($1.19) returned to kledpro101
kledpro101 collected $2.35 from pot
*** SUMMARY ***
Total pot $2.50 | Rake $0.15 
Board [Ad Kh 2s]
Seat 6: Cythian182
Seat 1: ghc_2 (small blind) folded before Flop
Seat 2: XneferX (big blind) folded on the Flop
Seat 3: Manifestorr folded before Flop (didn't bet)
Seat 4: kledpro101 collected ($2.35)
Seat 5: kuca86 (button) folded before Flop (didn't bet)



PokerStars Hand #254645914898:  Hold'em No Limit ($0.50/$1.00 USD) - 2025/01/31 0:36:21 WET [2025/01/31 19:36:21 ET]
Table 'Despina' 6-max Seat #1 is the button
Seat 6: Cythian182 ($0 in chips) is sitting out
Seat 1: ghc_2 ($146.95 in chips) 
Seat 2: XneferX ($103.73 in chips) 
Seat 3: Manifestorr ($287.01 in chips) 
Seat 4: kledpro101 ($49.51 in chips) 
Seat 5: kuca86 ($191.55 in chips) 
XneferX: posts small blind $0.50
Manifestorr: posts big blind $1
*** HOLE CARDS ***
kledpro101: folds 
kuca86: raises $1.50 to $2.50
ghc_2: folds 
XneferX: folds 
Manifestorr: calls $1.50
*** FLOP *** [9d 8s 3s]
Manifestorr: checks 
kuca86: bets $3.65
Manifestorr: folds 
Uncalled bet ($3.65) returned to kuca86
kuca86 collected $5.22 from pot
kuca86: doesn't show hand 
*** SUMMARY ***
Total pot $5.50 | Rake $0.28 
Board [9d 8s 3s]
Seat 6: Cythian182
Seat 1: ghc_2 (button) folded before Flop (didn't bet)
Seat 2: XneferX (small blind) folded before Flop
Seat 3: Manifestorr (big blind) folded on the Flop
Seat 4: kledpro101 folded before Flop (didn't bet)
Seat 5: kuca86 collected ($5.22)



PokerStars Hand #254645922081:  Hold'em No Limit ($0.50/$1.00 USD) - 2025/01/31 0:36:54 WET [2025/01/31 19:36:54 ET]
Table 'Despina' 6-max Seat #2 is the button
Seat 6: Cythian182 ($0 in chips) is sitting out
Seat 1: ghc_2 ($146.95 in chips) 
Seat 2: XneferX ($103.23 in chips) 
Seat 3: Manifestorr ($284.51 in chips) 
Seat 4: kledpro101 ($49.51 in chips) 
Seat 5: kuca86 ($194.27 in chips) 
Manifestorr: posts small blind $0.50
kledpro101: posts big blind $1
*** HOLE CARDS ***
kuca86: folds 
ghc_2: raises $1.30 to $2.30
XneferX: folds 
Manifestorr: folds 
kledpro101: raises $1.30 to $3.60
ghc_2: calls $1.30
*** FLOP *** [6h Jd 3s]
kledpro101: bets $7.32
ghc_2: folds 
Uncalled bet ($7.32) returned to kledpro101
kledpro101 collected $7.22 from pot
*** SUMMARY ***
Total pot $7.70 | Rake $0.48 
Board [6h Jd 3s]
Seat 6: Cythian182
Seat 1: ghc_2 folded on the Flop
Seat 2: XneferX (button) folded before Flop (didn't bet)
Seat 3: Manifestorr (small blind) folded before Flop
Seat 4: kledpro101 (big blind) collected ($7.22)
Seat 5: kuca86 folded before Flop (didn't bet)



PokerStars Hand #254645931090:  Hold'em No Limit ($0.50/$1.00 USD) - 2025/01/31 0:37:35 WET [2025/01/31 19:37:35 ET]
Table 'Despina' 6-max Seat #3 is the button
Seat 6: Cythian182 ($0 in chips) is sitting out
Seat 1: ghc_2 ($143.35 in chips) 
Seat 2: XneferX ($103.23 in chips) 
Seat 3: Manifestorr ($284.01 in chips) 
Seat 4: kledpro101 ($53.13 in chips) 
Seat 5: kuca86 ($194.27 in chips) 
kledpro101: posts small blind $0.50
kuca86: posts big blind $1
*** HOLE CARDS ***
ghc_2: folds 
XneferX: raises $1.30 to $2.30
Manifestorr: folds 
kledpro101: folds 
kuca86: folds 
Uncalled bet ($1.30) returned to XneferX
XneferX collected $2.50 from pot
XneferX: doesn't show hand 
*** SUMMARY ***
Total pot $2.50 | Rake $0 
Seat 6: Cythian182
Seat 1: ghc_2 folded before Flop (didn't bet)
Seat 2: XneferX collected ($2.50)
Seat 3: Manifestorr (button) folded before Flop (didn't bet)
Seat 4: kledpro101 (small blind) folded before Flop
Seat 5: kuca86 (big blind) folded before Flop



PokerStars Hand #254645936294:  Hold'em No Limit ($0.50/$1.00 USD) - 2025/01/31 0:38:00 WET [2025/01/31 19:38:00 ET]
Table 'Despina' 6-max Seat #4 is the button
Seat 6: Cythian182 ($0 in chips) is sitting out
Seat 1: ghc_2 ($143.35 in chips) 
Seat 2: XneferX ($104.73 in chips) 
Seat 3: Manifestorr ($284.01 in chips) 
Seat 4: kledpro101 ($52.63 in chips) 
Seat 5: kuca86 ($193.27 in chips) 
kuca86: posts small blind $0.50
ghc_2: posts big blind $1
*** HOLE CARDS ***
XneferX: raises $1.10 to $2.10
Manifestorr: folds 
kledpro101: calls $2.10
kuca86: folds 
ghc_2: folds 
*** FLOP *** [2s 7s 8d]
XneferX: bets $1.20
kledpro101: raises $7.82 to $9.02
XneferX: folds 
Uncalled bet ($7.82) returned to kledpro101
kledpro101 collected $7.60 from pot
*** SUMMARY ***
Total pot $8.10 | Rake $0.50 
Board [2s 7s 8d]
Seat 6: Cythian182
Seat 1: ghc_2 (big blind) folded before Flop
Seat 2: XneferX folded on the Flop
Seat 3: Manifestorr folded before Flop (didn't bet)
Seat 4: kledpro101 (button) collected ($7.60)
Seat 5: kuca86 (small blind) folded before Flop



PokerStars Hand #254645944289:  Hold'em No Limit ($0.50/$1.00 USD) - 2025/01/31 0:38:37 WET [2025/01/31 19:38:37 ET]
Table 'Despina' 6-max Seat #5 is the button
Seat 6: Cythian182 ($0 in chips) is sitting out
Seat 1: ghc_2 ($142.35 in chips) 
Seat 2: XneferX ($101.43 in chips) 
Seat 3: Manifestorr ($284.01 in chips) 
Seat 4: kledpro101 ($56.93 in chips) 
Seat 5: kuca86 ($192.77 in chips) 
ghc_2: posts small blind $0.50
XneferX: posts big blind $1
*** HOLE CARDS ***
Manifestorr: folds 
kledpro101: folds 
kuca86: folds 
ghc_2: raises $2 to $3
XneferX: calls $2
*** FLOP *** [6h 5s 8c]
ghc_2: checks 
XneferX: checks 
*** TURN *** [6h 5s 8c] [Kh]
ghc_2: checks 
XneferX: checks 
*** RIVER *** [6h 5s 8c Kh] [Ks]
ghc_2: checks 
XneferX: checks 
*** SHOW DOWN ***
ghc_2: shows [6d As] (two pair, Kings and Sixes)
XneferX: mucks hand 
ghc_2 collected $5.70 from pot
*** SUMMARY ***
Total pot $6 | Rake $0.30 
Board [6h 5s 8c Kh Ks]
Seat 6: Cythian182
Seat 1: ghc_2 (small blind) showed [6d As] and won ($5.70) with two pair, Kings and Sixes
Seat 2: XneferX (big blind) mucked
Seat 3: Manifestorr folded before Flop (didn't bet)
Seat 4: kledpro101 folded before Flop (didn't bet)
Seat 5: kuca86 (button) folded before Flop (didn't bet)



PokerStars Hand #254645960498:  Hold'em No Limit ($0.50/$1.00 USD) - 2025/01/31 0:39:53 WET [2025/01/31 19:39:53 ET]
Table 'Despina' 6-max Seat #1 is the button
Seat 6: Cythian182 ($0 in chips) is sitting out
Seat 1: ghc_2 ($145.05 in chips) 
Seat 2: XneferX ($100 in chips) 
Seat 3: Manifestorr ($284.01 in chips) 
Seat 4: kledpro101 ($56.93 in chips) 
Seat 5: kuca86 ($192.77 in chips) 
XneferX: posts small blind $0.50
Manifestorr: posts big blind $1
*** HOLE CARDS ***
kledpro101: calls $1
kuca86: folds 
ghc_2: raises $4.50 to $5.50
XneferX: folds 
Manifestorr: folds 
kledpro101: calls $4.50
*** FLOP *** [Ac 8d Qc]
kledpro101: bets $5.94
ghc_2: calls $5.94
*** TURN *** [Ac 8d Qc] [4s]
kledpro101: bets $11.58
ghc_2: folds 
Uncalled bet ($11.58) returned to kledpro101
kledpro101 collected $22.86 from pot
*** SUMMARY ***
Total pot $24.38 | Rake $1.52 
Board [Ac 8d Qc 4s]
Seat 6: Cythian182
Seat 1: ghc_2 (button) folded on the Turn
Seat 2: XneferX (small blind) folded before Flop
Seat 3: Manifestorr (big blind) folded before Flop
Seat 4: kledpro101 collected ($22.86)
Seat 5: kuca86 folded before Flop (didn't bet)



PokerStars Hand #254645976606:  Hold'em No Limit ($0.50/$1.00 USD) - 2025/01/31 0:41:07 WET [2025/01/31 19:41:07 ET]
Table 'Despina' 6-max Seat #2 is the button
Seat 6: Cythian182 ($0 in chips) is sitting out
Seat 1: ghc_2 ($133.61 in chips) 
Seat 2: XneferX ($100 in chips) 
Seat 3: Manifestorr ($283.01 in chips) 
Seat 4: kledpro101 ($68.35 in chips) 
Seat 5: kuca86 ($192.77 in chips) 
Manifestorr: posts small blind $0.50
kledpro101: posts big blind $1
*** HOLE CARDS ***
kuca86: folds 
ghc_2: folds 
XneferX: folds 
Manifestorr: folds 
Uncalled bet ($0.50) returned to kledpro101
kledpro101 collected $1 from pot
*** SUMMARY ***
Total pot $1 | Rake $0 
Seat 6: Cythian182
Seat 1: ghc_2 folded before Flop (didn't bet)
Seat 2: XneferX (button) folded before Flop (didn't bet)
Seat 3: Manifestorr (small blind) folded before Flop
Seat 4: kledpro101 (big blind) collected ($1)
Seat 5: kuca86 folded before Flop (didn't bet)



PokerStars Hand #254645979647:  Hold'em No Limit ($0.50/$1.00 USD) - 2025/01/31 0:41:22 WET [2025/01/31 19:41:22 ET]
Table 'Despina' 6-max Seat #3 is the button
Seat 6: Cythian182 ($0 in chips) is sitting out
Seat 1: ghc_2 ($133.61 in chips) 
Seat 2: XneferX ($100 in chips) 
Seat 3: Manifestorr ($282.51 in chips) 
Seat 4: kledpro101 ($68.85 in chips) 
Seat 5: kuca86 ($192.77 in chips) 
kledpro101: posts small blind $0.50
kuca86: posts big blind $1
*** HOLE CARDS ***
ghc_2: raises $1 to $2
XneferX: folds 
Manifestorr: folds 
kledpro101: raises $1 to $3
kuca86: folds 
ghc_2: calls $1
*** FLOP *** [8s 5d 2s]
kledpro101: bets $3.33
ghc_2: calls $3.33
*** TURN *** [8s 5d 2s] [Qs]
kledpro101: bets $6.49
ghc_2: calls $6.49
*** RIVER *** [8s 5d 2s Qs] [Jd]
kledpro101: checks 
ghc_2: checks 
*** SHOW DOWN ***
kledpro101: shows [As 7c] (high card Ace)
ghc_2: shows [6s 6h] (a pair of Sixes)
ghc_2 collected $25.31 from pot
*** SUMMARY ***
Total pot $26.64 | Rake $1.33 
Board [8s 5d 2s Qs Jd]
Seat 6: Cythian182
Seat 1: ghc_2 showed [6s 6h] and won ($25.31) with a pair of Sixes
Seat 2: XneferX folded before Flop (didn't bet)
Seat 3: Manifestorr (button) folded before Flop (didn't bet)
Seat 4: kledpro101 (small blind) showed [As 7c] and lost with high card Ace
Seat 5: kuca86 (big blind) folded before Flop



PokerStars Hand #254645990899:  Hold'em No Limit ($0.50/$1.00 USD) - 2025/01/31 0:42:14 WET [2025/01/31 19:42:14 ET]
Table 'Despina' 6-max Seat #4 is the button
Seat 6: Cythian182 ($0 in chips) is sitting out
Seat 1: ghc_2 ($146.10 in chips) 
Seat 2: XneferX ($100 in chips) 
Seat 3: Manifestorr ($282.51 in chips) 
Seat 4: kledpro101 ($56.03 in chips) 
Seat 5: kuca86 ($191.77 in chips) 
kuca86: posts small blind $0.50
ghc_2: posts big blind $1
*** HOLE CARDS ***
XneferX: folds 
Manifestorr: raises $1.20 to $2.20
kledpro101: folds 
kuca86: raises $8.80 to $11
ghc_2: folds 
Cythian182 leaves the table
Manifestorr: folds 
Uncalled bet ($8.80) returned to kuca86
kuca86 collected $5.40 from pot
kuca86: doesn't show hand 
*** SUMMARY ***
Total pot $5.40 | Rake $0 
Seat 6: Cythian182
Seat 1: ghc_2 (big blind) folded before Flop
Seat 2: XneferX folded before Flop (didn't bet)
Seat 3: Manifestorr folded before Flop
Seat 4: kledpro101 (button) folded before Flop (didn't bet)
Seat 5: kuca86 (small blind) collected ($5.40)



PokerStars Hand #254645996406:  Hold'em No Limit ($0.50/$1.00 USD) - 2025/01/31 0:42:40 WET [2025/01/31 19:42:40 ET]
Table 'Despina' 6-max Seat #5 is the button
Seat 1: ghc_2 ($145.10 in chips) 
Seat 2: XneferX ($100 in chips) 
Seat 3: Manifestorr ($280.31 in chips) 
Seat 4: kledpro101 ($56.03 in chips) 
Seat 5: kuca86 ($194.97 in chips) 
ghc_2: posts small blind $0.50
XneferX: posts big blind $1
*** HOLE CARDS ***
Manifestorr: folds 
kledpro101: raises $2 to $3
kuca86: folds 
ghc_2: folds 
An1an1 joins the table at seat #6 
XneferX: folds 
Uncalled bet ($2) returned to kledpro101
kledpro101 collected $2.50 from pot
*** SUMMARY ***
Total pot $2.50 | Rake $0 
Seat 1: ghc_2 (small blind) folded before Flop
Seat 2: XneferX (big blind) folded before Flop
Seat 3: Manifestorr folded before Flop (didn't bet)
Seat 4: kledpro101 collected ($2.50)
Seat 5: kuca86 (button) folded before Flop (didn't bet)



PokerStars Hand #254646002280:  Hold'em No Limit ($0.50/$1.00 USD) - 2025/01/31 0:43:08 WET [2025/01/31 19:43:08 ET]
Table 'Despina' 6-max Seat #1 is the button
Seat 6: An1an1 ($100 in chips) is sitting out
Seat 1: ghc_2 ($144.60 in chips) 
Seat 2: XneferX ($100 in chips) 
Seat 3: Manifestorr ($280.31 in chips) 
Seat 4: kledpro101 ($57.53 in chips) 
Seat 5: kuca86 ($194.97 in chips) 
XneferX: posts small blind $0.50
Manifestorr: posts big blind $1
An1an1: sits out 
*** HOLE CARDS ***
kledpro101: folds 
kuca86: raises $1.50 to $2.50
ghc_2: folds 
XneferX: folds 
Manifestorr: folds 
Uncalled bet ($1.50) returned to kuca86
kuca86 collected $2.50 from pot
kuca86: doesn't show hand 
*** SUMMARY ***
Total pot $2.50 | Rake $0 
Seat 6: An1an1
Seat 1: ghc_2 (button) folded before Flop (didn't bet)
Seat 2: XneferX (small blind) folded before Flop
Seat 3: Manifestorr (big blind) folded before Flop
Seat 4: kledpro101 folded before Flop (didn't bet)
Seat 5: kuca86 collected ($2.50)



PokerStars Hand #254646009002:  Hold'em No Limit ($0.50/$1.00 USD) - 2025/01/31 0:43:40 WET [2025/01/31 19:43:40 ET]
Table 'Despina' 6-max Seat #2 is the button
Seat 6: An1an1 ($100 in chips) is sitting out
Seat 1: ghc_2 ($144.60 in chips) 
Seat 2: XneferX ($100 in chips) 
Seat 3: Manifestorr ($279.31 in chips) 
Seat 4: kledpro101 ($57.53 in chips) 
Seat 5: kuca86 ($196.47 in chips) 
Manifestorr: posts small blind $0.50
kledpro101: posts big blind $1
An1an1: sits out 
*** HOLE CARDS ***
kuca86: raises $1.50 to $2.50
ghc_2: folds 
XneferX: folds 
Manifestorr: raises $9.50 to $12
kledpro101: folds 
kuca86: calls $9.50
*** FLOP *** [Qh 4d Kc]
Manifestorr: checks 
kuca86: checks 
*** TURN *** [Qh 4d Kc] [4h]
Manifestorr: bets $29.69
kuca86: folds 
Uncalled bet ($29.69) returned to Manifestorr
Manifestorr collected $23.75 from pot
*** SUMMARY ***
Total pot $25 | Rake $1.25 
Board [Qh 4d Kc 4h]
Seat 6: An1an1
Seat 1: ghc_2 folded before Flop (didn't bet)
Seat 2: XneferX (button) folded before Flop (didn't bet)
Seat 3: Manifestorr (small blind) collected ($23.75)
Seat 4: kledpro101 (big blind) folded before Flop
Seat 5: kuca86 folded on the Turn



PokerStars Hand #254646025791:  Hold'em No Limit ($0.50/$1.00 USD) - 2025/01/31 0:44:59 WET [2025/01/31 19:44:59 ET]
Table 'Despina' 6-max Seat #3 is the button
Seat 6: An1an1 ($100 in chips) is sitting out
Seat 1: ghc_2 ($144.60 in chips) 
Seat 2: XneferX ($100 in chips) 
Seat 3: Manifestorr ($291.06 in chips) 
Seat 4: kledpro101 ($56.53 in chips) 
Seat 5: kuca86 ($184.47 in chips) 
kledpro101: posts small blind $0.50
kuca86: posts big blind $1
An1an1: sits out 
*** HOLE CARDS ***
ghc_2: folds 
XneferX: raises $1.30 to $2.30
Manifestorr: folds 
kledpro101: raises $5.60 to $7.90
kuca86: folds 
XneferX: folds 
Uncalled bet ($5.60) returned to kledpro101
kledpro101 collected $5.60 from pot
*** SUMMARY ***
Total pot $5.60 | Rake $0 
Seat 6: An1an1
Seat 1: ghc_2 folded before Flop (didn't bet)
Seat 2: XneferX folded before Flop
Seat 3: Manifestorr (button) folded before Flop (didn't bet)
Seat 4: kledpro101 (small blind) collected ($5.60)
Seat 5: kuca86 (big blind) folded before Flop



PokerStars Hand #254646033094:  Hold'em No Limit ($0.50/$1.00 USD) - 2025/01/31 0:45:34 WET [2025/01/31 19:45:34 ET]
Table 'Despina' 6-max Seat #4 is the button
Seat 1: ghc_2 ($144.60 in chips) 
Seat 2: XneferX ($100 in chips) 
Seat 3: Manifestorr ($291.06 in chips) 
Seat 4: kledpro101 ($59.83 in chips) 
Seat 5: kuca86 ($183.47 in chips) 
Seat 6: An1an1 ($100 in chips) 
kuca86: posts small blind $0.50
An1an1: posts big blind $1
*** HOLE CARDS ***
ghc_2: folds 
XneferX: folds 
Manifestorr: folds 
kledpro101: folds 
kuca86: folds 
Uncalled bet ($0.50) returned to An1an1
An1an1 collected $1 from pot
An1an1: doesn't show hand 
*** SUMMARY ***
Total pot $1 | Rake $0 
Seat 1: ghc_2 folded before Flop (didn't bet)
Seat 2: XneferX folded before Flop (didn't bet)
Seat 3: Manifestorr folded before Flop (didn't bet)
Seat 4: kledpro101 (button) folded before Flop (didn't bet)
Seat 5: kuca86 (small blind) folded before Flop
Seat 6: An1an1 (big blind) collected ($1)



PokerStars Hand #254646039331:  Hold'em No Limit ($0.50/$1.00 USD) - 2025/01/31 0:46:04 WET [2025/01/31 19:46:04 ET]
Table 'Despina' 6-max Seat #5 is the button
Seat 1: ghc_2 ($144.60 in chips) 
Seat 2: XneferX ($100 in chips) 
Seat 3: Manifestorr ($291.06 in chips) 
Seat 4: kledpro101 ($59.83 in chips) 
Seat 5: kuca86 ($182.97 in chips) 
Seat 6: An1an1 ($100.50 in chips) 
An1an1: posts small blind $0.50
ghc_2: posts big blind $1
*** HOLE CARDS ***
XneferX: folds 
Manifestorr: folds 
kledpro101 has timed out
kledpro101: folds 
kuca86: folds 
An1an1: folds 
Uncalled bet ($0.50) returned to ghc_2
ghc_2 collected $1 from pot
ghc_2: doesn't show hand 
*** SUMMARY ***
Total pot $1 | Rake $0 
Seat 1: ghc_2 (big blind) collected ($1)
Seat 2: XneferX folded before Flop (didn't bet)
Seat 3: Manifestorr folded before Flop (didn't bet)
Seat 4: kledpro101 folded before Flop (didn't bet)
Seat 5: kuca86 (button) folded before Flop (didn't bet)
Seat 6: An1an1 (small blind) folded before Flop



PokerStars Hand #254646043724:  Hold'em No Limit ($0.50/$1.00 USD) - 2025/01/31 0:46:25 WET [2025/01/31 19:46:25 ET]
Table 'Despina' 6-max Seat #6 is the button
Seat 1: ghc_2 ($145.10 in chips) 
Seat 2: XneferX ($100 in chips) 
Seat 3: Manifestorr ($291.06 in chips) 
Seat 4: kledpro101 ($59.83 in chips) 
Seat 5: kuca86 ($182.97 in chips) 
Seat 6: An1an1 ($100 in chips) 
ghc_2: posts small blind $0.50
XneferX: posts big blind $1
*** HOLE CARDS ***
Manifestorr: raises $1.20 to $2.20
kledpro101: folds 
kuca86: folds 
An1an1: folds 
ghc_2: folds 
XneferX: folds 
Uncalled bet ($1.20) returned to Manifestorr
Manifestorr collected $2.50 from pot
*** SUMMARY ***
Total pot $2.50 | Rake $0 
Seat 1: ghc_2 (small blind) folded before Flop
Seat 2: XneferX (big blind) folded before Flop
Seat 3: Manifestorr collected ($2.50)
Seat 4: kledpro101 folded before Flop (didn't bet)
Seat 5: kuca86 folded before Flop (didn't bet)
Seat 6: An1an1 (button) folded before Flop (didn't bet)



PokerStars Hand #254646046593:  Hold'em No Limit ($0.50/$1.00 USD) - 2025/01/31 0:46:39 WET [2025/01/31 19:46:39 ET]
Table 'Despina' 6-max Seat #1 is the button
Seat 1: ghc_2 ($144.60 in chips) 
Seat 2: XneferX ($100 in chips) 
Seat 3: Manifestorr ($292.56 in chips) 
Seat 4: kledpro101 ($59.83 in chips) 
Seat 5: kuca86 ($182.97 in chips) 
Seat 6: An1an1 ($100 in chips) 
XneferX: posts small blind $0.50
Manifestorr: posts big blind $1
*** HOLE CARDS ***
kledpro101: folds 
kuca86: folds 
An1an1: folds 
ghc_2: folds 
XneferX: raises $2 to $3
Manifestorr: folds 
Uncalled bet ($2) returned to XneferX
XneferX collected $2 from pot
XneferX: doesn't show hand 
*** SUMMARY ***
Total pot $2 | Rake $0 
Seat 1: ghc_2 (button) folded before Flop (didn't bet)
Seat 2: XneferX (small blind) collected ($2)
Seat 3: Manifestorr (big blind) folded before Flop
Seat 4: kledpro101 folded before Flop (didn't bet)
Seat 5: kuca86 folded before Flop (didn't bet)
Seat 6: An1an1 folded before Flop (didn't bet)



PokerStars Hand #254646051003:  Hold'em No Limit ($0.50/$1.00 USD) - 2025/01/31 0:47:00 WET [2025/01/31 19:47:00 ET]
Table 'Despina' 6-max Seat #2 is the button
Seat 1: ghc_2 ($144.60 in chips) 
Seat 2: XneferX ($101 in chips) 
Seat 3: Manifestorr ($291.56 in chips) 
Seat 4: kledpro101 ($59.83 in chips) 
Seat 5: kuca86 ($182.97 in chips) 
Seat 6: An1an1 ($100 in chips) 
Manifestorr: posts small blind $0.50
kledpro101: posts big blind $1
*** HOLE CARDS ***
kuca86: folds 
An1an1: folds 
ghc_2: folds 
XneferX: raises $1.77 to $2.77
Manifestorr: raises $9.23 to $12
kledpro101: folds 
XneferX: folds 
Uncalled bet ($9.23) returned to Manifestorr
Manifestorr collected $6.54 from pot
*** SUMMARY ***
Total pot $6.54 | Rake $0 
Seat 1: ghc_2 folded before Flop (didn't bet)
Seat 2: XneferX (button) folded before Flop
Seat 3: Manifestorr (small blind) collected ($6.54)
Seat 4: kledpro101 (big blind) folded before Flop
Seat 5: kuca86 folded before Flop (didn't bet)
Seat 6: An1an1 folded before Flop (didn't bet)



PokerStars Hand #254646057081:  Hold'em No Limit ($0.50/$1.00 USD) - 2025/01/31 0:47:29 WET [2025/01/31 19:47:29 ET]
Table 'Despina' 6-max Seat #3 is the button
Seat 1: ghc_2 ($144.60 in chips) 
Seat 2: XneferX ($100 in chips) 
Seat 3: Manifestorr ($295.33 in chips) 
Seat 4: kledpro101 ($58.83 in chips) 
Seat 5: kuca86 ($182.97 in chips) 
Seat 6: An1an1 ($100 in chips) 
kledpro101: posts small blind $0.50
kuca86: posts big blind $1
*** HOLE CARDS ***
An1an1: folds 
ghc_2: folds 
XneferX: folds 
Manifestorr: raises $1.20 to $2.20
kledpro101: calls $1.70
kuca86: calls $1.20
*** FLOP *** [Th Kd 7h]
kledpro101: bets $3.14
kuca86: folds 
Manifestorr: raises $11.86 to $15
kledpro101: calls $11.86
*** TURN *** [Th Kd 7h] [3c]
kledpro101: checks 
Manifestorr: bets $26.58
kledpro101: raises $15.05 to $41.63 and is all-in
Manifestorr: calls $15.05
*** RIVER *** [Th Kd 7h 3c] [8s]
*** SHOW DOWN ***
kledpro101: shows [Ts 3d] (two pair, Tens and Threes)
Manifestorr: shows [Qc Ks] (a pair of Kings)
kledpro101 cashed out the hand for $94.11 | Cash Out Fee $1.92
*** SUMMARY ***
Total pot $119.86 | Rake $2.50 
Board [Th Kd 7h 3c 8s]
Seat 1: ghc_2 folded before Flop (didn't bet)
Seat 2: XneferX folded before Flop (didn't bet)
Seat 3: Manifestorr (button) showed [Qc Ks] and lost with a pair of Kings
Seat 4: kledpro101 (small blind) showed [Ts 3d] and won ($117.36) with two pair, Tens and Threes (pot not awarded as player cashed out)
Seat 5: kuca86 (big blind) folded on the Flop
Seat 6: An1an1 folded before Flop (didn't bet)



PokerStars Hand #254646069273:  Hold'em No Limit ($0.50/$1.00 USD) - 2025/01/31 0:48:27 WET [2025/01/31 19:48:27 ET]
Table 'Despina' 6-max Seat #4 is the button
Seat 1: ghc_2 ($144.60 in chips) 
Seat 2: XneferX ($100 in chips) 
Seat 3: Manifestorr ($236.50 in chips) 
Seat 4: kledpro101 ($94.11 in chips) 
Seat 5: kuca86 ($180.77 in chips) 
Seat 6: An1an1 ($100 in chips) 
kuca86: posts small blind $0.50
An1an1: posts big blind $1
*** HOLE CARDS ***
ghc_2: raises $1 to $2
XneferX: folds 
Manifestorr: folds 
kledpro101: raises $1 to $3
kuca86: folds 
An1an1: folds 
ghc_2: raises $22.50 to $25.50
kledpro101: folds 
Uncalled bet ($22.50) returned to ghc_2
ghc_2 collected $7.50 from pot
ghc_2: doesn't show hand 
*** SUMMARY ***
Total pot $7.50 | Rake $0 
Seat 1: ghc_2 collected ($7.50)
Seat 2: XneferX folded before Flop (didn't bet)
Seat 3: Manifestorr folded before Flop (didn't bet)
Seat 4: kledpro101 (button) folded before Flop
Seat 5: kuca86 (small blind) folded before Flop
Seat 6: An1an1 (big blind) folded before Flop



PokerStars Hand #254646080251:  Hold'em No Limit ($0.50/$1.00 USD) - 2025/01/31 0:49:20 WET [2025/01/31 19:49:20 ET]
Table 'Despina' 6-max Seat #5 is the button
Seat 1: ghc_2 ($149.10 in chips) 
Seat 2: XneferX ($100 in chips) 
Seat 3: Manifestorr ($236.50 in chips) 
Seat 4: kledpro101 ($91.11 in chips) 
Seat 5: kuca86 ($180.27 in chips) 
Seat 6: An1an1 ($100 in chips) 
An1an1: posts small blind $0.50
ghc_2: posts big blind $1
*** HOLE CARDS ***
XneferX: folds 
Manifestorr: folds 
kledpro101: raises $2 to $3
kuca86: folds 
An1an1: folds 
ghc_2: folds 
Uncalled bet ($2) returned to kledpro101
kledpro101 collected $2.50 from pot
*** SUMMARY ***
Total pot $2.50 | Rake $0 
Seat 1: ghc_2 (big blind) folded before Flop
Seat 2: XneferX folded before Flop (didn't bet)
Seat 3: Manifestorr folded before Flop (didn't bet)
Seat 4: kledpro101 collected ($2.50)
Seat 5: kuca86 (button) folded before Flop (didn't bet)
Seat 6: An1an1 (small blind) folded before Flop



PokerStars Hand #254646083762:  Hold'em No Limit ($0.50/$1.00 USD) - 2025/01/31 0:49:37 WET [2025/01/31 19:49:37 ET]
Table 'Despina' 6-max Seat #6 is the button
Seat 1: ghc_2 ($148.10 in chips) 
Seat 2: XneferX ($100 in chips) 
Seat 3: Manifestorr ($236.50 in chips) 
Seat 4: kledpro101 ($92.61 in chips) 
Seat 5: kuca86 ($180.27 in chips) 
Seat 6: An1an1 ($100 in chips) 
ghc_2: posts small blind $0.50
XneferX: posts big blind $1
*** HOLE CARDS ***
Manifestorr: raises $1.20 to $2.20
kledpro101: calls $2.20
kuca86: calls $2.20
An1an1: raises $8.30 to $10.50
ghc_2: folds 
XneferX: folds 
Manifestorr: folds 
kledpro101: folds 
kuca86: calls $8.30
*** FLOP *** [9h 4c 9s]
kuca86: checks 
An1an1: bets $14.06
kuca86: folds 
Uncalled bet ($14.06) returned to An1an1
An1an1 collected $25.56 from pot
An1an1: doesn't show hand 
*** SUMMARY ***
Total pot $26.90 | Rake $1.34 
Board [9h 4c 9s]
Seat 1: ghc_2 (small blind) folded before Flop
Seat 2: XneferX (big blind) folded before Flop
Seat 3: Manifestorr folded before Flop
Seat 4: kledpro101 folded before Flop
Seat 5: kuca86 folded on the Flop
Seat 6: An1an1 (button) collected ($25.56)



PokerStars Hand #254646097641:  Hold'em No Limit ($0.50/$1.00 USD) - 2025/01/31 0:50:45 WET [2025/01/31 19:50:45 ET]
Table 'Despina' 6-max Seat #1 is the button
Seat 1: ghc_2 ($147.60 in chips) 
Seat 2: XneferX ($100 in chips) 
Seat 3: Manifestorr ($234.30 in chips) 
Seat 4: kledpro101 ($90.41 in chips) 
Seat 5: kuca86 ($169.77 in chips) 
Seat 6: An1an1 ($115.06 in chips) 
XneferX: posts small blind $0.50
Manifestorr: posts big blind $1
*** HOLE CARDS ***
kledpro101: raises $2 to $3
kuca86: folds 
An1an1: folds 
ghc_2: folds 
XneferX: folds 
Manifestorr: calls $2
*** FLOP *** [3d 9h 6h]
Manifestorr: checks 
kledpro101: bets $3.09
Manifestorr: folds 
Uncalled bet ($3.09) returned to kledpro101
kledpro101 collected $6.10 from pot
*** SUMMARY ***
Total pot $6.50 | Rake $0.40 
Board [3d 9h 6h]
Seat 1: ghc_2 (button) folded before Flop (didn't bet)
Seat 2: XneferX (small blind) folded before Flop
Seat 3: Manifestorr (big blind) folded on the Flop
Seat 4: kledpro101 collected ($6.10)
Seat 5: kuca86 folded before Flop (didn't bet)
Seat 6: An1an1 folded before Flop (didn't bet)



PokerStars Hand #254646104293:  Hold'em No Limit ($0.50/$1.00 USD) - 2025/01/31 0:51:18 WET [2025/01/31 19:51:18 ET]
Table 'Despina' 6-max Seat #2 is the button
Seat 1: ghc_2 ($147.60 in chips) 
Seat 2: XneferX ($100 in chips) 
Seat 3: Manifestorr ($231.30 in chips) 
Seat 4: kledpro101 ($93.51 in chips) 
Seat 5: kuca86 ($169.77 in chips) 
Seat 6: An1an1 ($115.06 in chips) 
Manifestorr: posts small blind $0.50
kledpro101: posts big blind $1
*** HOLE CARDS ***
kuca86: folds 
An1an1: folds 
ghc_2: folds 
XneferX: raises $1.77 to $2.77
Manifestorr: folds 
kledpro101: raises $6.04 to $8.81
XneferX: folds 
Uncalled bet ($6.04) returned to kledpro101
kledpro101 collected $6.04 from pot
*** SUMMARY ***
Total pot $6.04 | Rake $0 
Seat 1: ghc_2 folded before Flop (didn't bet)
Seat 2: XneferX (button) folded before Flop
Seat 3: Manifestorr (small blind) folded before Flop
Seat 4: kledpro101 (big blind) collected ($6.04)
Seat 5: kuca86 folded before Flop (didn't bet)
Seat 6: An1an1 folded before Flop (didn't bet)



PokerStars Hand #254646108956:  Hold'em No Limit ($0.50/$1.00 USD) - 2025/01/31 0:51:40 WET [2025/01/31 19:51:40 ET]
Table 'Despina' 6-max Seat #3 is the button
Seat 1: ghc_2 ($147.60 in chips) 
Seat 2: XneferX ($100 in chips) 
Seat 3: Manifestorr ($230.80 in chips) 
Seat 4: kledpro101 ($96.78 in chips) 
Seat 5: kuca86 ($169.77 in chips) 
Seat 6: An1an1 ($115.06 in chips) 
kledpro101: posts small blind $0.50
kuca86: posts big blind $1
*** HOLE CARDS ***
An1an1: folds 
ghc_2: folds 
XneferX: folds 
Manifestorr: raises $1.20 to $2.20
kledpro101: folds 
kuca86: calls $1.20
*** FLOP *** [Qs Js 2h]
kuca86: checks 
Manifestorr: checks 
*** TURN *** [Qs Js 2h] [6s]
kuca86: bets $3.26
Manifestorr: calls $3.26
*** RIVER *** [Qs Js 2h 6s] [7s]
kuca86: checks 
Manifestorr: checks 
*** SHOW DOWN ***
kuca86: shows [Th Kd] (high card King)
Manifestorr: shows [Ac Kh] (high card Ace)
Manifestorr collected $10.85 from pot
*** SUMMARY ***
Total pot $11.42 | Rake $0.57 
Board [Qs Js 2h 6s 7s]
Seat 1: ghc_2 folded before Flop (didn't bet)
Seat 2: XneferX folded before Flop (didn't bet)
Seat 3: Manifestorr (button) showed [Ac Kh] and won ($10.85) with high card Ace
Seat 4: kledpro101 (small blind) folded before Flop
Seat 5: kuca86 (big blind) showed [Th Kd] and lost with high card King
Seat 6: An1an1 folded before Flop (didn't bet)



PokerStars Hand #254646121445:  Hold'em No Limit ($0.50/$1.00 USD) - 2025/01/31 0:52:41 WET [2025/01/31 19:52:41 ET]
Table 'Despina' 6-max Seat #4 is the button
Seat 1: ghc_2 ($147.60 in chips) 
Seat 2: XneferX ($100 in chips) 
Seat 3: Manifestorr ($236.19 in chips) 
Seat 4: kledpro101 ($96.28 in chips) 
Seat 5: kuca86 ($164.31 in chips) 
Seat 6: An1an1 ($115.06 in chips) 
kuca86: posts small blind $0.50
An1an1: posts big blind $1
*** HOLE CARDS ***
ghc_2: raises $1 to $2
XneferX: folds 
Manifestorr: folds 
kledpro101: calls $2
kuca86: folds 
An1an1: folds 
*** FLOP *** [Qc Ah 9s]
ghc_2: bets $1.31
kledpro101: folds 
Uncalled bet ($1.31) returned to ghc_2
ghc_2 collected $5.22 from pot
ghc_2: doesn't show hand 
*** SUMMARY ***
Total pot $5.50 | Rake $0.28 
Board [Qc Ah 9s]
Seat 1: ghc_2 collected ($5.22)
Seat 2: XneferX folded before Flop (didn't bet)
Seat 3: Manifestorr folded before Flop (didn't bet)
Seat 4: kledpro101 (button) folded on the Flop
Seat 5: kuca86 (small blind) folded before Flop
Seat 6: An1an1 (big blind) folded before Flop



PokerStars Hand #254646125771:  Hold'em No Limit ($0.50/$1.00 USD) - 2025/01/31 0:53:02 WET [2025/01/31 19:53:02 ET]
Table 'Despina' 6-max Seat #5 is the button
Seat 1: ghc_2 ($150.82 in chips) 
Seat 2: XneferX ($100 in chips) 
Seat 3: Manifestorr ($236.19 in chips) 
Seat 4: kledpro101 ($94.28 in chips) 
Seat 5: kuca86 ($163.81 in chips) 
Seat 6: An1an1 ($114.06 in chips) 
An1an1: posts small blind $0.50
ghc_2: posts big blind $1
*** HOLE CARDS ***
XneferX: raises $1.10 to $2.10
Manifestorr: folds 
kledpro101: folds 
kuca86: folds 
An1an1: raises $9.90 to $12
ghc_2: folds 
XneferX: folds 
Uncalled bet ($9.90) returned to An1an1
An1an1 collected $5.20 from pot
An1an1: doesn't show hand 
*** SUMMARY ***
Total pot $5.20 | Rake $0 
Seat 1: ghc_2 (big blind) folded before Flop
Seat 2: XneferX folded before Flop
Seat 3: Manifestorr folded before Flop (didn't bet)
Seat 4: kledpro101 folded before Flop (didn't bet)
Seat 5: kuca86 (button) folded before Flop (didn't bet)
Seat 6: An1an1 (small blind) collected ($5.20)



PokerStars Hand #254646132368:  Hold'em No Limit ($0.50/$1.00 USD) - 2025/01/31 0:53:34 WET [2025/01/31 19:53:34 ET]
Table 'Despina' 6-max Seat #6 is the button
Seat 1: ghc_2 ($149.82 in chips) 
Seat 2: XneferX ($100 in chips) 
Seat 3: Manifestorr ($236.19 in chips) 
Seat 4: kledpro101 ($94.28 in chips) 
Seat 5: kuca86 ($163.81 in chips) 
Seat 6: An1an1 ($117.16 in chips) 
ghc_2: posts small blind $0.50
XneferX: posts big blind $1
*** HOLE CARDS ***
Manifestorr: raises $1.20 to $2.20
kledpro101: calls $2.20
kuca86: folds 
An1an1: folds 
ghc_2: folds 
XneferX: folds 
*** FLOP *** [6c 4h 7s]
Manifestorr: checks 
kledpro101: bets $5.60
Manifestorr: folds 
Uncalled bet ($5.60) returned to kledpro101
kledpro101 collected $5.52 from pot
*** SUMMARY ***
Total pot $5.90 | Rake $0.38 
Board [6c 4h 7s]
Seat 1: ghc_2 (small blind) folded before Flop
Seat 2: XneferX (big blind) folded before Flop
Seat 3: Manifestorr folded on the Flop
Seat 4: kledpro101 collected ($5.52)
Seat 5: kuca86 folded before Flop (didn't bet)
Seat 6: An1an1 (button) folded before Flop (didn't bet)



PokerStars Hand #254646137666:  Hold'em No Limit ($0.50/$1.00 USD) - 2025/01/31 0:54:01 WET [2025/01/31 19:54:01 ET]
Table 'Despina' 6-max Seat #1 is the button
Seat 1: ghc_2 ($149.32 in chips) 
Seat 2: XneferX ($100 in chips) 
Seat 3: Manifestorr ($233.99 in chips) 
Seat 4: kledpro101 ($97.60 in chips) 
Seat 5: kuca86 ($163.81 in chips) 
Seat 6: An1an1 ($117.16 in chips) 
XneferX: posts small blind $0.50
Manifestorr: posts big blind $1
*** HOLE CARDS ***
kledpro101: folds 
kuca86: folds 
An1an1: folds 
ghc_2: raises $1.40 to $2.40
XneferX: raises $9.60 to $12
Manifestorr: folds 
ghc_2: raises $12 to $24
XneferX: folds 
Uncalled bet ($12) returned to ghc_2
ghc_2 collected $25 from pot
ghc_2: doesn't show hand 
*** SUMMARY ***
Total pot $25 | Rake $0 
Seat 1: ghc_2 (button) collected ($25)
Seat 2: XneferX (small blind) folded before Flop
Seat 3: Manifestorr (big blind) folded before Flop
Seat 4: kledpro101 folded before Flop (didn't bet)
Seat 5: kuca86 folded before Flop (didn't bet)
Seat 6: An1an1 folded before Flop (didn't bet)



PokerStars Hand #254646146069:  Hold'em No Limit ($0.50/$1.00 USD) - 2025/01/31 0:54:42 WET [2025/01/31 19:54:42 ET]
Table 'Despina' 6-max Seat #2 is the button
Seat 1: ghc_2 ($162.32 in chips) 
Seat 2: XneferX ($100 in chips) 
Seat 3: Manifestorr ($232.99 in chips) 
Seat 4: kledpro101 ($97.60 in chips) 
Seat 5: kuca86 ($163.81 in chips) 
Seat 6: An1an1 ($117.16 in chips) 
Manifestorr: posts small blind $0.50
kledpro101: posts big blind $1
*** HOLE CARDS ***
kuca86: folds 
An1an1: folds 
ghc_2: raises $1.30 to $2.30
XneferX: folds 
Manifestorr: folds 
kledpro101: calls $1.30
*** FLOP *** [Qs Kc 3h]
kledpro101: checks 
ghc_2: checks 
*** TURN *** [Qs Kc 3h] [Kd]
kledpro101: checks 
ghc_2: bets $2.42
kledpro101: folds 
Uncalled bet ($2.42) returned to ghc_2
ghc_2 collected $4.84 from pot
ghc_2: doesn't show hand 
*** SUMMARY ***
Total pot $5.10 | Rake $0.26 
Board [Qs Kc 3h Kd]
Seat 1: ghc_2 collected ($4.84)
Seat 2: XneferX (button) folded before Flop (didn't bet)
Seat 3: Manifestorr (small blind) folded before Flop
Seat 4: kledpro101 (big blind) folded on the Turn
Seat 5: kuca86 folded before Flop (didn't bet)
Seat 6: An1an1 folded before Flop (didn't bet)



PokerStars Hand #254646150876:  Hold'em No Limit ($0.50/$1.00 USD) - 2025/01/31 0:55:06 WET [2025/01/31 19:55:06 ET]
Table 'Despina' 6-max Seat #3 is the button
Seat 1: ghc_2 ($164.86 in chips) 
Seat 2: XneferX ($100 in chips) 
Seat 3: Manifestorr ($232.49 in chips) 
Seat 4: kledpro101 ($95.30 in chips) 
Seat 5: kuca86 ($163.81 in chips) 
Seat 6: An1an1 ($117.16 in chips) 
kledpro101: posts small blind $0.50
kuca86: posts big blind $1
*** HOLE CARDS ***
An1an1: folds 
ghc_2: folds 
XneferX: folds 
Manifestorr: folds 
kledpro101: folds 
Uncalled bet ($0.50) returned to kuca86
kuca86 collected $1 from pot
kuca86: doesn't show hand 
*** SUMMARY ***
Total pot $1 | Rake $0 
Seat 1: ghc_2 folded before Flop (didn't bet)
Seat 2: XneferX folded before Flop (didn't bet)
Seat 3: Manifestorr (button) folded before Flop (didn't bet)
Seat 4: kledpro101 (small blind) folded before Flop
Seat 5: kuca86 (big blind) collected ($1)
Seat 6: An1an1 folded before Flop (didn't bet)



PokerStars Hand #254646153826:  Hold'em No Limit ($0.50/$1.00 USD) - 2025/01/31 0:55:23 WET [2025/01/31 19:55:23 ET]
Table 'Despina' 6-max Seat #4 is the button
Seat 1: ghc_2 ($164.86 in chips) 
Seat 2: XneferX ($100 in chips) 
Seat 3: Manifestorr ($232.49 in chips) 
Seat 4: kledpro101 ($94.80 in chips) 
Seat 5: kuca86 ($164.31 in chips) 
Seat 6: An1an1 ($117.16 in chips) 
kuca86: posts small blind $0.50
An1an1: posts big blind $1
*** HOLE CARDS ***
ghc_2: folds 
XneferX: folds 
Manifestorr: folds 
kledpro101: folds 
kuca86: raises $2 to $3
An1an1: folds 
Uncalled bet ($2) returned to kuca86
kuca86 collected $2 from pot
kuca86: doesn't show hand 
*** SUMMARY ***
Total pot $2 | Rake $0 
Seat 1: ghc_2 folded before Flop (didn't bet)
Seat 2: XneferX folded before Flop (didn't bet)
Seat 3: Manifestorr folded before Flop (didn't bet)
Seat 4: kledpro101 (button) folded before Flop (didn't bet)
Seat 5: kuca86 (small blind) collected ($2)
Seat 6: An1an1 (big blind) folded before Flop



PokerStars Hand #254646157210:  Hold'em No Limit ($0.50/$1.00 USD) - 2025/01/31 0:55:44 WET [2025/01/31 19:55:44 ET]
Table 'Despina' 6-max Seat #5 is the button
Seat 1: ghc_2 ($164.86 in chips) 
Seat 2: XneferX ($100 in chips) 
Seat 3: Manifestorr ($232.49 in chips) 
Seat 4: kledpro101 ($94.80 in chips) 
Seat 5: kuca86 ($165.31 in chips) 
Seat 6: An1an1 ($116.16 in chips) 
An1an1: posts small blind $0.50
ghc_2: posts big blind $1
*** HOLE CARDS ***
XneferX: folds 
Manifestorr: folds 
kledpro101: raises $2 to $3
kuca86: folds 
An1an1: folds 
ghc_2: folds 
Uncalled bet ($2) returned to kledpro101
kledpro101 collected $2.50 from pot
*** SUMMARY ***
Total pot $2.50 | Rake $0 
Seat 1: ghc_2 (big blind) folded before Flop
Seat 2: XneferX folded before Flop (didn't bet)
Seat 3: Manifestorr folded before Flop (didn't bet)
Seat 4: kledpro101 collected ($2.50)
Seat 5: kuca86 (button) folded before Flop (didn't bet)
Seat 6: An1an1 (small blind) folded before Flop



PokerStars Hand #254646159695:  Hold'em No Limit ($0.50/$1.00 USD) - 2025/01/31 0:55:59 WET [2025/01/31 19:55:59 ET]
Table 'Despina' 6-max Seat #6 is the button
Seat 1: ghc_2 ($163.86 in chips) 
Seat 2: XneferX ($100 in chips) 
Seat 3: Manifestorr ($232.49 in chips) 
Seat 4: kledpro101 ($96.30 in chips) 
Seat 5: kuca86 ($165.31 in chips) 
Seat 6: An1an1 ($115.66 in chips) 
ghc_2: posts small blind $0.50
XneferX: posts big blind $1
*** HOLE CARDS ***
Manifestorr: folds 
kledpro101: folds 
kuca86: folds 
An1an1: folds 
ghc_2: raises $2 to $3
XneferX: calls $2
*** FLOP *** [Qs 9c 6s]
ghc_2: bets $1.43
XneferX: folds 
Uncalled bet ($1.43) returned to ghc_2
ghc_2 collected $5.70 from pot
ghc_2: doesn't show hand 
*** SUMMARY ***
Total pot $6 | Rake $0.30 
Board [Qs 9c 6s]
Seat 1: ghc_2 (small blind) collected ($5.70)
Seat 2: XneferX (big blind) folded on the Flop
Seat 3: Manifestorr folded before Flop (didn't bet)
Seat 4: kledpro101 folded before Flop (didn't bet)
Seat 5: kuca86 folded before Flop (didn't bet)
Seat 6: An1an1 (button) folded before Flop (didn't bet)



PokerStars Hand #254646165657:  Hold'em No Limit ($0.50/$1.00 USD) - 2025/01/31 0:56:36 WET [2025/01/31 19:56:36 ET]
Table 'Despina' 6-max Seat #1 is the button
Seat 1: ghc_2 ($166.56 in chips) 
Seat 2: XneferX ($100 in chips) 
Seat 3: Manifestorr ($232.49 in chips) 
Seat 4: kledpro101 ($96.30 in chips) 
Seat 5: kuca86 ($165.31 in chips) 
Seat 6: An1an1 ($115.66 in chips) 
XneferX: posts small blind $0.50
Manifestorr: posts big blind $1
*** HOLE CARDS ***
kledpro101: raises $2 to $3
kuca86: folds 
An1an1: folds 
ghc_2: folds 
XneferX: folds 
Manifestorr: raises $11 to $14
kledpro101: folds 
Uncalled bet ($11) returned to Manifestorr
Manifestorr collected $6.50 from pot
*** SUMMARY ***
Total pot $6.50 | Rake $0 
Seat 1: ghc_2 (button) folded before Flop (didn't bet)
Seat 2: XneferX (small blind) folded before Flop
Seat 3: Manifestorr (big blind) collected ($6.50)
Seat 4: kledpro101 folded before Flop
Seat 5: kuca86 folded before Flop (didn't bet)
Seat 6: An1an1 folded before Flop (didn't bet)



PokerStars Hand #254646169394:  Hold'em No Limit ($0.50/$1.00 USD) - 2025/01/31 0:56:59 WET [2025/01/31 19:56:59 ET]
Table 'Despina' 6-max Seat #2 is the button
Seat 1: ghc_2 ($166.56 in chips) 
Seat 2: XneferX ($100 in chips) 
Seat 3: Manifestorr ($235.99 in chips) 
Seat 4: kledpro101 ($93.30 in chips) 
Seat 5: kuca86 ($165.31 in chips) 
Seat 6: An1an1 ($115.66 in chips) 
Manifestorr: posts small blind $0.50
kledpro101: posts big blind $1
*** HOLE CARDS ***
kuca86: raises $1.50 to $2.50
An1an1: folds 
ghc_2: folds 
XneferX: folds 
Manifestorr: folds 
kledpro101: calls $1.50
*** FLOP *** [8s Ac 3h]
kledpro101: bets $2.61
kuca86: calls $2.61
*** TURN *** [8s Ac 3h] [6s]
kledpro101: bets $5.09
kuca86: calls $5.09
*** RIVER *** [8s Ac 3h 6s] [8c]
kledpro101: bets $19.86
kuca86: calls $19.86
*** SHOW DOWN ***
kledpro101: shows [8h 8d] (four of a kind, Eights)
kuca86: mucks hand 
kledpro101 collected $57.50 from pot
*** SUMMARY ***
Total pot $60.62 | Rake $3.12 
Board [8s Ac 3h 6s 8c]
Seat 1: ghc_2 folded before Flop (didn't bet)
Seat 2: XneferX (button) folded before Flop (didn't bet)
Seat 3: Manifestorr (small blind) folded before Flop
Seat 4: kledpro101 (big blind) showed [8h 8d] and won ($57.50) with four of a kind, Eights
Seat 5: kuca86 mucked
Seat 6: An1an1 folded before Flop (didn't bet)



PokerStars Hand #254646179057:  Hold'em No Limit ($0.50/$1.00 USD) - 2025/01/31 0:57:59 WET [2025/01/31 19:57:59 ET]
Table 'Despina' 6-max Seat #3 is the button
Seat 1: ghc_2 ($166.56 in chips) 
Seat 2: XneferX ($100 in chips) 
Seat 3: Manifestorr ($235.49 in chips) 
Seat 4: kledpro101 ($120.74 in chips) 
Seat 5: kuca86 ($135.25 in chips) 
Seat 6: An1an1 ($115.66 in chips) 
kledpro101: posts small blind $0.50
kuca86: posts big blind $1
*** HOLE CARDS ***
An1an1: folds 
ghc_2: raises $1 to $2
XneferX: folds 
Manifestorr: raises $4.50 to $6.50
kledpro101: calls $6
kuca86: folds 
ghc_2: calls $4.50
*** FLOP *** [As 6c 8d]
kledpro101: checks 
ghc_2: checks 
Manifestorr: checks 
*** TURN *** [As 6c 8d] [6s]
kledpro101: checks 
ghc_2: checks 
Manifestorr: checks 
*** RIVER *** [As 6c 8d 6s] [3c]
kledpro101: checks 
ghc_2: checks 
Manifestorr: checks 
*** SHOW DOWN ***
kledpro101: shows [Qc Th] (a pair of Sixes)
ghc_2: mucks hand 
Manifestorr: shows [Kh Jh] (a pair of Sixes - Ace+King kicker)
Manifestorr collected $19.48 from pot
*** SUMMARY ***
Total pot $20.50 | Rake $1.02 
Board [As 6c 8d 6s 3c]
Seat 1: ghc_2 mucked
Seat 2: XneferX folded before Flop (didn't bet)
Seat 3: Manifestorr (button) showed [Kh Jh] and won ($19.48) with a pair of Sixes
Seat 4: kledpro101 (small blind) showed [Qc Th] and lost with a pair of Sixes
Seat 5: kuca86 (big blind) folded before Flop
Seat 6: An1an1 folded before Flop (didn't bet)



PokerStars Hand #254646191582:  Hold'em No Limit ($0.50/$1.00 USD) - 2025/01/31 0:59:15 WET [2025/01/31 19:59:15 ET]
Table 'Despina' 6-max Seat #4 is the button
Seat 1: ghc_2 ($160.06 in chips) 
Seat 2: XneferX ($100 in chips) 
Seat 3: Manifestorr ($248.47 in chips) 
Seat 4: kledpro101 ($114.24 in chips) 
Seat 5: kuca86 ($134.25 in chips) 
Seat 6: An1an1 ($115.66 in chips) 
kuca86: posts small blind $0.50
An1an1: posts big blind $1
*** HOLE CARDS ***
ghc_2: folds 
XneferX: raises $1.10 to $2.10
Manifestorr: folds 
kledpro101: folds 
kuca86: folds 
An1an1: calls $1.10
*** FLOP *** [3d 2s Ad]
An1an1: checks 
XneferX: bets $1.52
An1an1: calls $1.52
*** TURN *** [3d 2s Ad] [Ks]
An1an1: checks 
XneferX: bets $8.60
An1an1: folds 
Uncalled bet ($8.60) returned to XneferX
XneferX collected $7.35 from pot
XneferX: doesn't show hand 
*** SUMMARY ***
Total pot $7.74 | Rake $0.39 
Board [3d 2s Ad Ks]
Seat 1: ghc_2 folded before Flop (didn't bet)
Seat 2: XneferX collected ($7.35)
Seat 3: Manifestorr folded before Flop (didn't bet)
Seat 4: kledpro101 (button) folded before Flop (didn't bet)
Seat 5: kuca86 (small blind) folded before Flop
Seat 6: An1an1 (big blind) folded on the Turn



PokerStars Hand #254646200972:  Hold'em No Limit ($0.50/$1.00 USD) - 2025/01/31 1:00:14 WET [2025/01/31 20:00:14 ET]
Table 'Despina' 6-max Seat #5 is the button
Seat 1: ghc_2 ($160.06 in chips) 
Seat 2: XneferX ($103.73 in chips) 
Seat 3: Manifestorr ($248.47 in chips) 
Seat 4: kledpro101 ($114.24 in chips) 
Seat 5: kuca86 ($133.75 in chips) 
Seat 6: An1an1 ($112.04 in chips) 
An1an1: posts small blind $0.50
ghc_2: posts big blind $1
*** HOLE CARDS ***
XneferX: raises $1.10 to $2.10
Manifestorr: folds 
kledpro101: folds 
kuca86: folds 
An1an1: folds 
ghc_2: calls $1.10
*** FLOP *** [5c 2c 8s]
ghc_2: checks 
XneferX: checks 
*** TURN *** [5c 2c 8s] [4h]
ghc_2: bets $2.23
XneferX: calls $2.23
*** RIVER *** [5c 2c 8s 4h] [As]
ghc_2: checks 
XneferX: bets $2.96
ghc_2: folds 
Uncalled bet ($2.96) returned to XneferX
XneferX collected $8.70 from pot
XneferX: doesn't show hand 
*** SUMMARY ***
Total pot $9.16 | Rake $0.46 
Board [5c 2c 8s 4h As]
Seat 1: ghc_2 (big blind) folded on the River
Seat 2: XneferX collected ($8.70)
Seat 3: Manifestorr folded before Flop (didn't bet)
Seat 4: kledpro101 folded before Flop (didn't bet)
Seat 5: kuca86 (button) folded before Flop (didn't bet)
Seat 6: An1an1 (small blind) folded before Flop



PokerStars Hand #254646219237:  Hold'em No Limit ($0.50/$1.00 USD) - 2025/01/31 1:01:54 WET [2025/01/31 20:01:54 ET]
Table 'Despina' 6-max Seat #6 is the button
Seat 1: ghc_2 ($155.73 in chips) 
Seat 2: XneferX ($108.10 in chips) 
Seat 3: Manifestorr ($248.47 in chips) 
Seat 4: kledpro101 ($114.24 in chips) 
Seat 5: kuca86 ($133.75 in chips) 
Seat 6: An1an1 ($111.54 in chips) 
ghc_2: posts small blind $0.50
XneferX: posts big blind $1
*** HOLE CARDS ***
Manifestorr: folds 
kledpro101: folds 
kuca86: raises $1.50 to $2.50
An1an1: folds 
ghc_2: folds 
XneferX: folds 
Uncalled bet ($1.50) returned to kuca86
kuca86 collected $2.50 from pot
kuca86: doesn't show hand 
*** SUMMARY ***
Total pot $2.50 | Rake $0 
Seat 1: ghc_2 (small blind) folded before Flop
Seat 2: XneferX (big blind) folded before Flop
Seat 3: Manifestorr folded before Flop (didn't bet)
Seat 4: kledpro101 folded before Flop (didn't bet)
Seat 5: kuca86 collected ($2.50)
Seat 6: An1an1 (button) folded before Flop (didn't bet)



PokerStars Hand #254646225548:  Hold'em No Limit ($0.50/$1.00 USD) - 2025/01/31 1:02:26 WET [2025/01/31 20:02:26 ET]
Table 'Despina' 6-max Seat #1 is the button
Seat 1: ghc_2 ($155.23 in chips) 
Seat 2: XneferX ($107.10 in chips) 
Seat 3: Manifestorr ($248.47 in chips) 
Seat 4: kledpro101 ($114.24 in chips) 
Seat 5: kuca86 ($135.25 in chips) 
Seat 6: An1an1 ($111.54 in chips) 
XneferX: posts small blind $0.50
Manifestorr: posts big blind $1
*** HOLE CARDS ***
kledpro101: calls $1
kuca86: folds 
An1an1: raises $3 to $4
ghc_2: folds 
XneferX: folds 
Manifestorr: folds 
kledpro101: calls $3
*** FLOP *** [6c 8c Qs]
kledpro101: bets $4.51
An1an1: calls $4.51
*** TURN *** [6c 8c Qs] [Qd]
kledpro101: bets $13.80
An1an1: calls $13.80
*** RIVER *** [6c 8c Qs Qd] [6h]
kledpro101: bets $43.81
An1an1: folds 
Uncalled bet ($43.81) returned to kledpro101
kledpro101 collected $43.23 from pot
*** SUMMARY ***
Total pot $46.12 | Rake $2.89 
Board [6c 8c Qs Qd 6h]
Seat 1: ghc_2 (button) folded before Flop (didn't bet)
Seat 2: XneferX (small blind) folded before Flop
Seat 3: Manifestorr (big blind) folded before Flop
Seat 4: kledpro101 collected ($43.23)
Seat 5: kuca86 folded before Flop (didn't bet)
Seat 6: An1an1 folded on the River



PokerStars Hand #254646245944:  Hold'em No Limit ($0.50/$1.00 USD) - 2025/01/31 1:04:11 WET [2025/01/31 20:04:11 ET]
Table 'Despina' 6-max Seat #2 is the button
Seat 1: ghc_2 ($155.23 in chips) 
Seat 2: XneferX ($106.60 in chips) 
Seat 3: Manifestorr ($247.47 in chips) 
Seat 4: kledpro101 ($135.16 in chips) 
Seat 5: kuca86 ($135.25 in chips) 
Seat 6: An1an1 ($100 in chips) 
Manifestorr: posts small blind $0.50
kledpro101: posts big blind $1
*** HOLE CARDS ***
kuca86: folds 
An1an1: folds 
ghc_2: raises $1.30 to $2.30
XneferX: folds 
Manifestorr: folds 
kledpro101: raises $8.10 to $10.40
ghc_2: folds 
Uncalled bet ($8.10) returned to kledpro101
kledpro101 collected $5.10 from pot
*** SUMMARY ***
Total pot $5.10 | Rake $0 
Seat 1: ghc_2 folded before Flop
Seat 2: XneferX (button) folded before Flop (didn't bet)
Seat 3: Manifestorr (small blind) folded before Flop
Seat 4: kledpro101 (big blind) collected ($5.10)
Seat 5: kuca86 folded before Flop (didn't bet)
Seat 6: An1an1 folded before Flop (didn't bet)



PokerStars Hand #254646253977:  Hold'em No Limit ($0.50/$1.00 USD) - 2025/01/31 1:04:53 WET [2025/01/31 20:04:53 ET]
Table 'Despina' 6-max Seat #3 is the button
Seat 1: ghc_2 ($152.93 in chips) 
Seat 2: XneferX ($106.60 in chips) 
Seat 3: Manifestorr ($246.97 in chips) 
Seat 4: kledpro101 ($137.96 in chips) 
Seat 5: kuca86 ($135.25 in chips) 
Seat 6: An1an1 ($100 in chips) 
kledpro101: posts small blind $0.50
kuca86: posts big blind $1
*** HOLE CARDS ***
An1an1: raises $1 to $2
ghc_2: raises $4.50 to $6.50
XneferX: folds 
Manifestorr: folds 
kledpro101: folds 
kuca86: folds 
An1an1: folds 
Uncalled bet ($4.50) returned to ghc_2
kledpro101 leaves the table
ghc_2 collected $5.50 from pot
ghc_2: doesn't show hand 
*** SUMMARY ***
Total pot $5.50 | Rake $0 
Seat 1: ghc_2 collected ($5.50)
Seat 2: XneferX folded before Flop (didn't bet)
Seat 3: Manifestorr (button) folded before Flop (didn't bet)
Seat 4: kledpro101 (small blind) folded before Flop
Seat 5: kuca86 (big blind) folded before Flop
Seat 6: An1an1 folded before Flop



PokerStars Hand #254646259384:  Hold'em No Limit ($0.50/$1.00 USD) - 2025/01/31 1:05:20 WET [2025/01/31 20:05:20 ET]
Table 'Despina' 6-max Seat #5 is the button
Seat 2: XneferX ($106.60 in chips) is sitting out
Seat 6: An1an1 ($100 in chips) is sitting out
Seat 1: ghc_2 ($156.43 in chips) 
Seat 3: Manifestorr ($246.97 in chips) 
Seat 5: kuca86 ($134.25 in chips) 
ghc_2: posts small blind $0.50
XneferX: is sitting out 
Manifestorr: posts big blind $1
*** HOLE CARDS ***
An1an1 leaves the table
ffac joins the table at seat #4 
kuca86: raises $1.50 to $2.50
ffac leaves the table
ghc_2: folds 
XneferX leaves the table
Manifestorr: folds 
Uncalled bet ($1.50) returned to kuca86
kuca86 collected $2.50 from pot
kuca86: doesn't show hand 
*** SUMMARY ***
Total pot $2.50 | Rake $0 
Seat 2: XneferX
Seat 6: An1an1
Seat 1: ghc_2 (small blind) folded before Flop
Seat 3: Manifestorr (big blind) folded before Flop
Seat 5: kuca86 (button) collected ($2.50)



