PokerStars Hand #254633325254:  Hold'em No Limit ($0.50/$1.00 USD) - 2025/01/31 5:25:35 WET [2025/01/31 0:25:35 ET]
Table 'Clarissa' 6-max Seat #6 is the button
Seat 1: ptolejmus ($10 in chips) 
Seat 2: cracker360 ($58.67 in chips) 
Seat 3: Melenya ($100 in chips) 
Seat 5: shootingGRID ($100 in chips) 
Seat 6: reeqar ($100 in chips) 
ptolejmus: posts small blind $0.50
cracker360: posts big blind $1
*** HOLE CARDS ***
Melenya: folds 
shootingGRID: raises $1.25 to $2.25
reeqar: folds 
ptolejmus: folds 
cracker360: folds 
Uncalled bet ($1.25) returned to shootingGRID
shootingGRID collected $2.50 from pot
*** SUMMARY ***
Total pot $2.50 | Rake $0 
Seat 1: ptolejmus (small blind) folded before Flop
Seat 2: cracker360 (big blind) folded before Flop
Seat 3: Melenya folded before Flop (didn't bet)
Seat 5: shootingGRID collected ($2.50)
Seat 6: reeqar (button) folded before Flop (didn't bet)



PokerStars Hand #254633326783:  Hold'em No Limit ($0.50/$1.00 USD) - 2025/01/31 5:25:53 WET [2025/01/31 0:25:53 ET]
Table 'Clarissa' 6-max Seat #1 is the button
Seat 1: ptolejmus ($10 in chips) 
Seat 2: cracker360 ($57.67 in chips) 
Seat 3: Melenya ($100 in chips) 
Seat 5: shootingGRID ($101.50 in chips) 
Seat 6: reeqar ($100 in chips) 
cracker360: posts small blind $0.50
Melenya: posts big blind $1
*** HOLE CARDS ***
shootingGRID: folds 
reeqar: raises $1 to $2
ptolejmus: raises $8 to $10 and is all-in
cracker360: folds 
Melenya: folds 
reeqar: folds 
Uncalled bet ($8) returned to ptolejmus
ptolejmus collected $5.50 from pot
cracker360 leaves the table
*** SUMMARY ***
Total pot $5.50 | Rake $0 
Seat 1: ptolejmus (button) collected ($5.50)
Seat 2: cracker360 (small blind) folded before Flop
Seat 3: Melenya (big blind) folded before Flop
Seat 5: shootingGRID folded before Flop (didn't bet)
Seat 6: reeqar folded before Flop



PokerStars Hand #254633329273:  Hold'em No Limit ($0.50/$1.00 USD) - 2025/01/31 5:26:22 WET [2025/01/31 0:26:22 ET]
Table 'Clarissa' 6-max Seat #3 is the button
Seat 1: ptolejmus ($13.50 in chips) 
Seat 3: Melenya ($100 in chips) 
Seat 5: shootingGRID ($101.50 in chips) 
Seat 6: reeqar ($100 in chips) 
shootingGRID: posts small blind $0.50
reeqar: posts big blind $1
*** HOLE CARDS ***
ptolejmus: folds 
Melenya: folds 
shootingGRID: folds 
Uncalled bet ($0.50) returned to reeqar
reeqar collected $1 from pot
reeqar: doesn't show hand 
*** SUMMARY ***
Total pot $1 | Rake $0 
Seat 1: ptolejmus folded before Flop (didn't bet)
Seat 3: Melenya (button) folded before Flop (didn't bet)
Seat 5: shootingGRID (small blind) folded before Flop
Seat 6: reeqar (big blind) collected ($1)



PokerStars Hand #254633330581:  Hold'em No Limit ($0.50/$1.00 USD) - 2025/01/31 5:26:37 WET [2025/01/31 0:26:37 ET]
Table 'Clarissa' 6-max Seat #5 is the button
Seat 1: ptolejmus ($13.50 in chips) 
Seat 3: Melenya ($100 in chips) 
Seat 5: shootingGRID ($101 in chips) 
Seat 6: reeqar ($100.50 in chips) 
reeqar: posts small blind $0.50
ptolejmus: posts big blind $1
*** HOLE CARDS ***
Melenya: folds 
shootingGRID: raises $1.50 to $2.50
reeqar: folds 
ptolejmus: calls $1.50
*** FLOP *** [7s 6c 3s]
ptolejmus: checks 
shootingGRID: bets $3.92
ptolejmus: folds 
Uncalled bet ($3.92) returned to shootingGRID
shootingGRID collected $5.22 from pot
*** SUMMARY ***
Total pot $5.50 | Rake $0.28 
Board [7s 6c 3s]
Seat 1: ptolejmus (big blind) folded on the Flop
Seat 3: Melenya folded before Flop (didn't bet)
Seat 5: shootingGRID (button) collected ($5.22)
Seat 6: reeqar (small blind) folded before Flop



PokerStars Hand #254633335686:  Hold'em No Limit ($0.50/$1.00 USD) - 2025/01/31 5:27:35 WET [2025/01/31 0:27:35 ET]
Table 'Clarissa' 6-max Seat #6 is the button
Seat 1: ptolejmus ($11 in chips) is sitting out
Seat 3: Melenya ($100 in chips) 
Seat 5: shootingGRID ($103.72 in chips) 
Seat 6: reeqar ($100 in chips) 
Melenya: posts small blind $0.50
shootingGRID: posts big blind $1
*** HOLE CARDS ***
ptolejmus leaves the table
reeqar: folds 
reeqar leaves the table
Melenya: raises $2 to $3
shootingGRID: calls $2
*** FLOP *** [Qs 2s 7c]
Melenya: checks 
shootingGRID: checks 
*** TURN *** [Qs 2s 7c] [5s]
Melenya: checks 
shootingGRID: checks 
*** RIVER *** [Qs 2s 7c 5s] [8d]
Melenya: checks 
shootingGRID: checks 
*** SHOW DOWN ***
Melenya: shows [8c Tc] (a pair of Eights)
shootingGRID: mucks hand 
Melenya collected $5.70 from pot
*** SUMMARY ***
Total pot $6 | Rake $0.30 
Board [Qs 2s 7c 5s 8d]
Seat 1: ptolejmus
Seat 3: Melenya (small blind) showed [8c Tc] and won ($5.70) with a pair of Eights
Seat 5: shootingGRID (big blind) mucked
Seat 6: reeqar (button) folded before Flop (didn't bet)



PokerStars Hand #254633390592:  Hold'em No Limit ($0.50/$1.00 USD) - 2025/01/31 5:38:21 WET [2025/01/31 0:38:21 ET]
Table 'Clarissa' 6-max Seat #1 is the button
Seat 1: reeqar ($100 in chips) 
Seat 3: AlexEliseev7 ($100 in chips) 
Seat 4: ricaschaefer ($92.17 in chips) 
Seat 5: shootingGRID ($100.72 in chips) 
Seat 6: ptolejmus ($11 in chips) 
B1GBankroll joins the table at seat #2 
AlexEliseev7: posts small blind $0.50
ricaschaefer: posts big blind $1
*** HOLE CARDS ***
shootingGRID: folds 
ptolejmus: folds 
reeqar: raises $1.50 to $2.50
AlexEliseev7: raises $9.50 to $12
ricaschaefer: folds 
reeqar: folds 
Uncalled bet ($9.50) returned to AlexEliseev7
AlexEliseev7 collected $6 from pot
AlexEliseev7: doesn't show hand 
*** SUMMARY ***
Total pot $6 | Rake $0 
Seat 1: reeqar (button) folded before Flop
Seat 3: AlexEliseev7 (small blind) collected ($6)
Seat 4: ricaschaefer (big blind) folded before Flop
Seat 5: shootingGRID folded before Flop (didn't bet)
Seat 6: ptolejmus folded before Flop (didn't bet)



PokerStars Hand #254633393049:  Hold'em No Limit ($0.50/$1.00 USD) - 2025/01/31 5:38:50 WET [2025/01/31 0:38:50 ET]
Table 'Clarissa' 6-max Seat #3 is the button
Seat 2: B1GBankroll ($100 in chips) is sitting out
Seat 5: shootingGRID ($100.72 in chips) is sitting out
Seat 1: reeqar ($100 in chips) 
Seat 3: AlexEliseev7 ($103.50 in chips) 
Seat 4: ricaschaefer ($91.17 in chips) 
Seat 6: ptolejmus ($11 in chips) 
ricaschaefer: posts small blind $0.50
shootingGRID: is sitting out 
ptolejmus: posts big blind $1
B1GBankroll: sits out 
*** HOLE CARDS ***
reeqar: raises $1 to $2
AlexEliseev7: raises $5 to $7
ricaschaefer: folds 
ptolejmus: folds 
reeqar: raises $13 to $20
AlexEliseev7: raises $83.50 to $103.50 and is all-in
reeqar: calls $80 and is all-in
Uncalled bet ($3.50) returned to AlexEliseev7
ricaschaefer leaves the table
AlexEliseev7 has timed out
*** FIRST FLOP *** [Jd 7c Qh]
*** FIRST TURN *** [Jd 7c Qh] [8c]
*** FIRST RIVER *** [Jd 7c Qh 8c] [2s]
*** SECOND FLOP *** [9h 8s 6h]
*** SECOND TURN *** [9h 8s 6h] [3s]
*** SECOND RIVER *** [9h 8s 6h 3s] [Th]
*** FIRST SHOW DOWN ***
reeqar: shows [Kd Ks] (a pair of Kings)
AlexEliseev7: shows [Qd Qs] (three of a kind, Queens)
AlexEliseev7 collected $100.25 from pot
*** SECOND SHOW DOWN ***
reeqar: shows [Kd Ks] (a pair of Kings)
AlexEliseev7: shows [Qd Qs] (a pair of Queens)
reeqar collected $100.25 from pot
*** SUMMARY ***
Total pot $201.50 | Rake $1 
Hand was run twice
FIRST Board [Jd 7c Qh 8c 2s]
SECOND Board [9h 8s 6h 3s Th]
Seat 2: B1GBankroll
Seat 5: shootingGRID
Seat 1: reeqar showed [Kd Ks] and lost with a pair of Kings, and won ($100.25) with a pair of Kings
Seat 3: AlexEliseev7 (button) showed [Qd Qs] and won ($100.25) with three of a kind, Queens, and lost with a pair of Queens
Seat 4: ricaschaefer (small blind) folded before Flop
Seat 6: ptolejmus (big blind) folded before Flop



PokerStars Hand #254633398949:  Hold'em No Limit ($0.50/$1.00 USD) - 2025/01/31 5:40:00 WET [2025/01/31 0:40:00 ET]
Table 'Clarissa' 6-max Seat #6 is the button
Seat 1: reeqar ($100.25 in chips) is sitting out
Seat 2: B1GBankroll ($100 in chips) is sitting out
Seat 3: AlexEliseev7 ($103.75 in chips) 
Seat 5: shootingGRID ($100.72 in chips) 
Seat 6: ptolejmus ($11 in chips) 
AlexEliseev7: posts small blind $0.50
shootingGRID: posts big blind $1
*** HOLE CARDS ***
ptolejmus: folds 
AlexEliseev7: folds 
Uncalled bet ($0.50) returned to shootingGRID
shootingGRID collected $1 from pot
*** SUMMARY ***
Total pot $1 | Rake $0 
Seat 1: reeqar
Seat 2: B1GBankroll
Seat 3: AlexEliseev7 (small blind) folded before Flop
Seat 5: shootingGRID (big blind) collected ($1)
Seat 6: ptolejmus (button) folded before Flop (didn't bet)



PokerStars Hand #254633399796:  Hold'em No Limit ($0.50/$1.00 USD) - 2025/01/31 5:40:11 WET [2025/01/31 0:40:11 ET]
Table 'Clarissa' 6-max Seat #3 is the button
Seat 1: reeqar ($100.25 in chips) is sitting out
Seat 2: B1GBankroll ($100 in chips) is sitting out
Seat 3: AlexEliseev7 ($103.25 in chips) 
Seat 5: shootingGRID ($101.22 in chips) 
Seat 6: ptolejmus ($11 in chips) 
shootingGRID: posts small blind $0.50
ptolejmus: posts big blind $1
B1GBankroll: sits out 
*** HOLE CARDS ***
reeqar leaves the table
AlexEliseev7: raises $1.50 to $2.50
shootingGRID: folds 
ptolejmus: folds 
Uncalled bet ($1.50) returned to AlexEliseev7
AlexEliseev7 collected $2.50 from pot
AlexEliseev7: doesn't show hand 
*** SUMMARY ***
Total pot $2.50 | Rake $0 
Seat 1: reeqar
Seat 2: B1GBankroll
Seat 3: AlexEliseev7 (button) collected ($2.50)
Seat 5: shootingGRID (small blind) folded before Flop
Seat 6: ptolejmus (big blind) folded before Flop



PokerStars Hand #254633401650:  Hold'em No Limit ($0.50/$1.00 USD) - 2025/01/31 5:40:33 WET [2025/01/31 0:40:33 ET]
Table 'Clarissa' 6-max Seat #5 is the button
Seat 2: B1GBankroll ($100 in chips) 
Seat 3: AlexEliseev7 ($104.75 in chips) 
Seat 5: shootingGRID ($100.72 in chips) 
Seat 6: ptolejmus ($11 in chips) 
ptolejmus: posts small blind $0.50
B1GBankroll: posts big blind $1
*** HOLE CARDS ***
AlexEliseev7: raises $1.50 to $2.50
shootingGRID: folds 
ptolejmus: folds 
B1GBankroll: folds 
Uncalled bet ($1.50) returned to AlexEliseev7
AlexEliseev7 collected $2.50 from pot
AlexEliseev7: doesn't show hand 
*** SUMMARY ***
Total pot $2.50 | Rake $0 
Seat 2: B1GBankroll (big blind) folded before Flop
Seat 3: AlexEliseev7 collected ($2.50)
Seat 5: shootingGRID (button) folded before Flop (didn't bet)
Seat 6: ptolejmus (small blind) folded before Flop



PokerStars Hand #254633403911:  Hold'em No Limit ($0.50/$1.00 USD) - 2025/01/31 5:40:59 WET [2025/01/31 0:40:59 ET]
Table 'Clarissa' 6-max Seat #6 is the button
Seat 3: AlexEliseev7 ($106.25 in chips) is sitting out
Seat 2: B1GBankroll ($100 in chips) 
Seat 5: shootingGRID ($100.72 in chips) 
Seat 6: ptolejmus ($11 in chips) 
B1GBankroll: posts small blind $0.50
AlexEliseev7: is sitting out 
shootingGRID: posts big blind $1
*** HOLE CARDS ***
AlexEliseev7 leaves the table
ptolejmus: folds 
B1GBankroll: folds 
Uncalled bet ($0.50) returned to shootingGRID
shootingGRID collected $1 from pot
*** SUMMARY ***
Total pot $1 | Rake $0 
Seat 3: AlexEliseev7
Seat 2: B1GBankroll (small blind) folded before Flop
Seat 5: shootingGRID (big blind) collected ($1)
Seat 6: ptolejmus (button) folded before Flop (didn't bet)



