PokerStars Hand #254639441978:  Hold'em No Limit ($0.50/$1.00 USD) - 2025/01/31 17:56:43 WET [2025/01/31 12:56:43 ET]
Table 'Leda II' 6-max Seat #3 is the button
Seat 1: MauriFierro27 ($100 in chips) is sitting out
Seat 4: michasia ($100 in chips) is sitting out
Seat 3: CichiChanMarian ($100 in chips) 
Seat 6: paramourx ($100 in chips) 
CichiChanMarian: posts small blind $0.50
paramourx: posts big blind $1
*** HOLE CARDS ***
alexmagearu joins the table at seat #2 
alexmagearu is disconnected 
sta$igk joins the table at seat #5 
CichiChanMarian: folds 
Uncalled bet ($0.50) returned to paramourx
paramourx collected $1 from pot
paramourx: doesn't show hand 
*** SUMMARY ***
Total pot $1 | Rake $0 
Seat 1: MauriFierro27
Seat 4: michasia
Seat 3: CichiChanMarian (button) (small blind) folded before Flop
Seat 6: paramourx (big blind) collected ($1)



PokerStars Hand #254639443378:  Hold'em No Limit ($0.50/$1.00 USD) - 2025/01/31 17:56:50 WET [2025/01/31 12:56:50 ET]
Table 'Leda II' 6-max Seat #6 is the button
Seat 1: MauriFierro27 ($100 in chips) is sitting out
Seat 2: alexmagearu ($40 in chips) is sitting out
Seat 5: sta$igk ($100 in chips) is sitting out
Seat 3: CichiChanMarian ($100 in chips) 
Seat 4: michasia ($100 in chips) 
Seat 6: paramourx ($100.50 in chips) 
CichiChanMarian: posts small blind $0.50
michasia: posts big blind $1
sta$igk: sits out 
*** HOLE CARDS ***
paramourx: raises $2 to $3
CichiChanMarian: folds 
michasia: folds 
Uncalled bet ($2) returned to paramourx
paramourx collected $2.50 from pot
paramourx: doesn't show hand 
*** SUMMARY ***
Total pot $2.50 | Rake $0 
Seat 1: MauriFierro27
Seat 2: alexmagearu
Seat 5: sta$igk
Seat 3: CichiChanMarian (small blind) folded before Flop
Seat 4: michasia (big blind) folded before Flop
Seat 6: paramourx (button) collected ($2.50)



PokerStars Hand #254639445129:  Hold'em No Limit ($0.50/$1.00 USD) - 2025/01/31 17:57:00 WET [2025/01/31 12:57:00 ET]
Table 'Leda II' 6-max Seat #3 is the button
Seat 1: MauriFierro27 ($100 in chips) is sitting out
Seat 2: alexmagearu ($40 in chips) is sitting out
Seat 3: CichiChanMarian ($100 in chips) 
Seat 4: michasia ($100 in chips) 
Seat 5: sta$igk ($100 in chips) 
Seat 6: paramourx ($102 in chips) 
michasia: posts small blind $0.50
sta$igk: posts big blind $1
MauriFierro27: sits out 
alexmagearu: sits out 
*** HOLE CARDS ***
paramourx: folds 
CichiChanMarian: folds 
michasia: folds 
Uncalled bet ($0.50) returned to sta$igk
sta$igk collected $1 from pot
sta$igk: doesn't show hand 
*** SUMMARY ***
Total pot $1 | Rake $0 
Seat 1: MauriFierro27
Seat 2: alexmagearu
Seat 3: CichiChanMarian (button) folded before Flop (didn't bet)
Seat 4: michasia (small blind) folded before Flop
Seat 5: sta$igk (big blind) collected ($1)
Seat 6: paramourx folded before Flop (didn't bet)



PokerStars Hand #254639447537:  Hold'em No Limit ($0.50/$1.00 USD) - 2025/01/31 17:57:13 WET [2025/01/31 12:57:13 ET]
Table 'Leda II' 6-max Seat #4 is the button
Seat 1: MauriFierro27 ($100 in chips) is sitting out
Seat 2: alexmagearu ($40 in chips) 
Seat 3: CichiChanMarian ($100 in chips) 
Seat 4: michasia ($100 in chips) 
Seat 5: sta$igk ($100.50 in chips) 
Seat 6: paramourx ($102 in chips) 
sta$igk: posts small blind $0.50
paramourx: posts big blind $1
MauriFierro27: sits out 
alexmagearu: posts big blind $1
*** HOLE CARDS ***
alexmagearu: checks 
CichiChanMarian: folds 
michasia: raises $2.50 to $3.50
sta$igk: folds 
paramourx: calls $2.50
alexmagearu: calls $2.50
*** FLOP *** [5s 2h 9d]
paramourx: checks 
alexmagearu: checks 
michasia: bets $3.45
paramourx: folds 
alexmagearu: folds 
Uncalled bet ($3.45) returned to michasia
michasia collected $10.45 from pot
michasia: doesn't show hand 
*** SUMMARY ***
Total pot $11 | Rake $0.55 
Board [5s 2h 9d]
Seat 1: MauriFierro27
Seat 2: alexmagearu folded on the Flop
Seat 3: CichiChanMarian folded before Flop (didn't bet)
Seat 4: michasia (button) collected ($10.45)
Seat 5: sta$igk (small blind) folded before Flop
Seat 6: paramourx (big blind) folded on the Flop



PokerStars Hand #254639456217:  Hold'em No Limit ($0.50/$1.00 USD) - 2025/01/31 17:57:59 WET [2025/01/31 12:57:59 ET]
Table 'Leda II' 6-max Seat #5 is the button
Seat 1: MauriFierro27 ($100 in chips) 
Seat 2: alexmagearu ($36.50 in chips) 
Seat 3: CichiChanMarian ($100 in chips) 
Seat 4: michasia ($106.95 in chips) 
Seat 5: sta$igk ($100 in chips) 
Seat 6: paramourx ($100 in chips) 
paramourx: posts small blind $0.50
MauriFierro27: posts big blind $1
*** HOLE CARDS ***
alexmagearu has timed out
alexmagearu: folds 
CichiChanMarian: folds 
michasia: folds 
sta$igk: raises $1.50 to $2.50
paramourx: raises $9 to $11.50
MauriFierro27: folds 
sta$igk: calls $9
*** FLOP *** [Qd 5c 3h]
paramourx: bets $7.07
sta$igk: raises $10.43 to $17.50
paramourx: calls $10.43
*** TURN *** [Qd 5c 3h] [3s]
paramourx: checks 
sta$igk: bets $14.13
paramourx: calls $14.13
*** RIVER *** [Qd 5c 3h 3s] [9s]
paramourx: checks 
sta$igk: checks 
*** SHOW DOWN ***
paramourx: shows [9c 9d] (a full house, Nines full of Threes)
sta$igk: mucks hand 
paramourx collected $84.76 from pot
*** SUMMARY ***
Total pot $87.26 | Rake $2.50 
Board [Qd 5c 3h 3s 9s]
Seat 1: MauriFierro27 (big blind) folded before Flop
Seat 2: alexmagearu folded before Flop (didn't bet)
Seat 3: CichiChanMarian folded before Flop (didn't bet)
Seat 4: michasia folded before Flop (didn't bet)
Seat 5: sta$igk (button) mucked
Seat 6: paramourx (small blind) showed [9c 9d] and won ($84.76) with a full house, Nines full of Threes



PokerStars Hand #254639481360:  Hold'em No Limit ($0.50/$1.00 USD) - 2025/01/31 18:00:13 WET [2025/01/31 13:00:13 ET]
Table 'Leda II' 6-max Seat #6 is the button
Seat 1: MauriFierro27 ($100 in chips) 
Seat 2: alexmagearu ($36.50 in chips) 
Seat 3: CichiChanMarian ($100 in chips) 
Seat 4: michasia ($106.95 in chips) 
Seat 5: sta$igk ($100 in chips) 
Seat 6: paramourx ($141.63 in chips) 
MauriFierro27: posts small blind $0.50
alexmagearu: posts big blind $1
*** HOLE CARDS ***
CichiChanMarian: folds 
michasia: folds 
sta$igk: folds 
paramourx: folds 
MauriFierro27: folds 
Uncalled bet ($0.50) returned to alexmagearu
alexmagearu collected $1 from pot
*** SUMMARY ***
Total pot $1 | Rake $0 
Seat 1: MauriFierro27 (small blind) folded before Flop
Seat 2: alexmagearu (big blind) collected ($1)
Seat 3: CichiChanMarian folded before Flop (didn't bet)
Seat 4: michasia folded before Flop (didn't bet)
Seat 5: sta$igk folded before Flop (didn't bet)
Seat 6: paramourx (button) folded before Flop (didn't bet)



PokerStars Hand #254639484432:  Hold'em No Limit ($0.50/$1.00 USD) - 2025/01/31 18:00:29 WET [2025/01/31 13:00:29 ET]
Table 'Leda II' 6-max Seat #1 is the button
Seat 1: MauriFierro27 ($100 in chips) 
Seat 2: alexmagearu ($37 in chips) 
Seat 3: CichiChanMarian ($100 in chips) 
Seat 4: michasia ($106.95 in chips) 
Seat 5: sta$igk ($100 in chips) 
Seat 6: paramourx ($141.63 in chips) 
alexmagearu: posts small blind $0.50
CichiChanMarian: posts big blind $1
*** HOLE CARDS ***
michasia: folds 
sta$igk: raises $1.50 to $2.50
paramourx: folds 
MauriFierro27: folds 
alexmagearu: calls $2
CichiChanMarian: calls $1.50
*** FLOP *** [Ks 2h 9d]
alexmagearu: checks 
CichiChanMarian: checks 
sta$igk: bets $2.35
alexmagearu: calls $2.35
CichiChanMarian: calls $2.35
*** TURN *** [Ks 2h 9d] [Qh]
alexmagearu: checks 
CichiChanMarian: checks 
sta$igk: checks 
*** RIVER *** [Ks 2h 9d Qh] [3d]
alexmagearu: checks 
CichiChanMarian: checks 
sta$igk: checks 
*** SHOW DOWN ***
alexmagearu: shows [Ac Ts] (high card Ace)
CichiChanMarian: shows [9h 8h] (a pair of Nines)
sta$igk: mucks hand 
CichiChanMarian collected $13.82 from pot
*** SUMMARY ***
Total pot $14.55 | Rake $0.73 
Board [Ks 2h 9d Qh 3d]
Seat 1: MauriFierro27 (button) folded before Flop (didn't bet)
Seat 2: alexmagearu (small blind) showed [Ac Ts] and lost with high card Ace
Seat 3: CichiChanMarian (big blind) showed [9h 8h] and won ($13.82) with a pair of Nines
Seat 4: michasia folded before Flop (didn't bet)
Seat 5: sta$igk mucked
Seat 6: paramourx folded before Flop (didn't bet)



PokerStars Hand #254639503346:  Hold'em No Limit ($0.50/$1.00 USD) - 2025/01/31 18:01:56 WET [2025/01/31 13:01:56 ET]
Table 'Leda II' 6-max Seat #2 is the button
Seat 1: MauriFierro27 ($100 in chips) 
Seat 2: alexmagearu ($32.15 in chips) 
Seat 3: CichiChanMarian ($108.97 in chips) 
Seat 4: michasia ($106.95 in chips) 
Seat 5: sta$igk ($100 in chips) 
Seat 6: paramourx ($141.63 in chips) 
CichiChanMarian: posts small blind $0.50
michasia: posts big blind $1
*** HOLE CARDS ***
sta$igk: folds 
paramourx: folds 
MauriFierro27: raises $1.20 to $2.20
alexmagearu: calls $2.20
CichiChanMarian: folds 
michasia: folds 
*** FLOP *** [Ad 2h Tc]
MauriFierro27: bets $1.85
alexmagearu: folds 
Uncalled bet ($1.85) returned to MauriFierro27
MauriFierro27 collected $5.60 from pot
MauriFierro27: doesn't show hand 
*** SUMMARY ***
Total pot $5.90 | Rake $0.30 
Board [Ad 2h Tc]
Seat 1: MauriFierro27 collected ($5.60)
Seat 2: alexmagearu (button) folded on the Flop
Seat 3: CichiChanMarian (small blind) folded before Flop
Seat 4: michasia (big blind) folded before Flop
Seat 5: sta$igk folded before Flop (didn't bet)
Seat 6: paramourx folded before Flop (didn't bet)



PokerStars Hand #254639510342:  Hold'em No Limit ($0.50/$1.00 USD) - 2025/01/31 18:02:25 WET [2025/01/31 13:02:25 ET]
Table 'Leda II' 6-max Seat #3 is the button
Seat 1: MauriFierro27 ($103.40 in chips) 
Seat 2: alexmagearu ($29.95 in chips) 
Seat 3: CichiChanMarian ($108.47 in chips) 
Seat 4: michasia ($105.95 in chips) 
Seat 5: sta$igk ($100 in chips) 
Seat 6: paramourx ($141.63 in chips) 
michasia: posts small blind $0.50
sta$igk: posts big blind $1
*** HOLE CARDS ***
paramourx: folds 
MauriFierro27: folds 
alexmagearu: calls $1
CichiChanMarian: folds 
michasia: folds 
sta$igk: checks 
*** FLOP *** [Ts Kc 4d]
sta$igk: checks 
alexmagearu: checks 
*** TURN *** [Ts Kc 4d] [6d]
sta$igk: bets $1.79
alexmagearu: calls $1.79
*** RIVER *** [Ts Kc 4d 6d] [Qd]
sta$igk: bets $8.67
alexmagearu: raises $18.49 to $27.16 and is all-in
sta$igk: folds 
Uncalled bet ($18.49) returned to alexmagearu
alexmagearu collected $22.25 from pot
*** SUMMARY ***
Total pot $23.42 | Rake $1.17 
Board [Ts Kc 4d 6d Qd]
Seat 1: MauriFierro27 folded before Flop (didn't bet)
Seat 2: alexmagearu collected ($22.25)
Seat 3: CichiChanMarian (button) folded before Flop (didn't bet)
Seat 4: michasia (small blind) folded before Flop
Seat 5: sta$igk (big blind) folded on the River
Seat 6: paramourx folded before Flop (didn't bet)



PokerStars Hand #254639523366:  Hold'em No Limit ($0.50/$1.00 USD) - 2025/01/31 18:03:19 WET [2025/01/31 13:03:19 ET]
Table 'Leda II' 6-max Seat #4 is the button
Seat 1: MauriFierro27 ($103.40 in chips) 
Seat 2: alexmagearu ($40.74 in chips) 
Seat 3: CichiChanMarian ($108.47 in chips) 
Seat 4: michasia ($105.45 in chips) 
Seat 5: sta$igk ($100 in chips) 
Seat 6: paramourx ($141.63 in chips) 
sta$igk: posts small blind $0.50
paramourx: posts big blind $1
*** HOLE CARDS ***
MauriFierro27: folds 
alexmagearu: folds 
CichiChanMarian: raises $1.50 to $2.50
michasia: folds 
sta$igk: folds 
paramourx: calls $1.50
*** FLOP *** [5c Th 2c]
paramourx: checks 
CichiChanMarian: bets $1.41
paramourx: calls $1.41
*** TURN *** [5c Th 2c] [Jh]
paramourx: checks 
CichiChanMarian: bets $10.51
paramourx: calls $10.51
*** RIVER *** [5c Th 2c Jh] [6d]
paramourx: checks 
CichiChanMarian: checks 
*** SHOW DOWN ***
paramourx: shows [Jc Qs] (a pair of Jacks)
CichiChanMarian: shows [Ac Jd] (a pair of Jacks - Ace kicker)
CichiChanMarian collected $27.87 from pot
*** SUMMARY ***
Total pot $29.34 | Rake $1.47 
Board [5c Th 2c Jh 6d]
Seat 1: MauriFierro27 folded before Flop (didn't bet)
Seat 2: alexmagearu folded before Flop (didn't bet)
Seat 3: CichiChanMarian showed [Ac Jd] and won ($27.87) with a pair of Jacks
Seat 4: michasia (button) folded before Flop (didn't bet)
Seat 5: sta$igk (small blind) folded before Flop
Seat 6: paramourx (big blind) showed [Jc Qs] and lost with a pair of Jacks



PokerStars Hand #254639542401:  Hold'em No Limit ($0.50/$1.00 USD) - 2025/01/31 18:04:34 WET [2025/01/31 13:04:34 ET]
Table 'Leda II' 6-max Seat #5 is the button
Seat 1: MauriFierro27 ($103.40 in chips) 
Seat 2: alexmagearu ($40.74 in chips) 
Seat 3: CichiChanMarian ($121.92 in chips) 
Seat 4: michasia ($105.45 in chips) 
Seat 5: sta$igk ($100 in chips) 
Seat 6: paramourx ($127.21 in chips) 
paramourx: posts small blind $0.50
MauriFierro27: posts big blind $1
*** HOLE CARDS ***
alexmagearu: calls $1
CichiChanMarian: folds 
michasia: folds 
sta$igk: raises $3 to $4
paramourx: folds 
MauriFierro27: calls $3
alexmagearu: calls $3
*** FLOP *** [7d Ac Kh]
MauriFierro27: checks 
alexmagearu: checks 
sta$igk: bets $3.92
MauriFierro27: calls $3.92
alexmagearu: calls $3.92
*** TURN *** [7d Ac Kh] [5s]
MauriFierro27: checks 
alexmagearu: checks 
sta$igk: checks 
*** RIVER *** [7d Ac Kh 5s] [8s]
MauriFierro27: checks 
alexmagearu: checks 
sta$igk: bets $33.50
MauriFierro27: folds 
alexmagearu: folds 
Uncalled bet ($33.50) returned to sta$igk
sta$igk collected $23.05 from pot
sta$igk: doesn't show hand 
*** SUMMARY ***
Total pot $24.26 | Rake $1.21 
Board [7d Ac Kh 5s 8s]
Seat 1: MauriFierro27 (big blind) folded on the River
Seat 2: alexmagearu folded on the River
Seat 3: CichiChanMarian folded before Flop (didn't bet)
Seat 4: michasia folded before Flop (didn't bet)
Seat 5: sta$igk (button) collected ($23.05)
Seat 6: paramourx (small blind) folded before Flop



PokerStars Hand #254639568192:  Hold'em No Limit ($0.50/$1.00 USD) - 2025/01/31 18:06:15 WET [2025/01/31 13:06:15 ET]
Table 'Leda II' 6-max Seat #6 is the button
Seat 1: MauriFierro27 ($100 in chips) 
Seat 2: alexmagearu ($32.82 in chips) 
Seat 3: CichiChanMarian ($121.92 in chips) 
Seat 4: michasia ($105.45 in chips) 
Seat 5: sta$igk ($115.13 in chips) 
Seat 6: paramourx ($126.71 in chips) 
MauriFierro27: posts small blind $0.50
alexmagearu: posts big blind $1
*** HOLE CARDS ***
CichiChanMarian: folds 
michasia: folds 
sta$igk: folds 
paramourx: raises $2 to $3
MauriFierro27: raises $9 to $12
alexmagearu: folds 
paramourx: raises $14.50 to $26.50
MauriFierro27: folds 
Uncalled bet ($14.50) returned to paramourx
paramourx collected $25 from pot
paramourx: doesn't show hand 
*** SUMMARY ***
Total pot $25 | Rake $0 
Seat 1: MauriFierro27 (small blind) folded before Flop
Seat 2: alexmagearu (big blind) folded before Flop
Seat 3: CichiChanMarian folded before Flop (didn't bet)
Seat 4: michasia folded before Flop (didn't bet)
Seat 5: sta$igk folded before Flop (didn't bet)
Seat 6: paramourx (button) collected ($25)



PokerStars Hand #254639578839:  Hold'em No Limit ($0.50/$1.00 USD) - 2025/01/31 18:06:57 WET [2025/01/31 13:06:57 ET]
Table 'Leda II' 6-max Seat #1 is the button
Seat 1: MauriFierro27 ($100 in chips) 
Seat 2: alexmagearu ($31.82 in chips) 
Seat 3: CichiChanMarian ($121.92 in chips) 
Seat 4: michasia ($105.45 in chips) 
Seat 5: sta$igk ($115.13 in chips) 
Seat 6: paramourx ($139.71 in chips) 
alexmagearu: posts small blind $0.50
CichiChanMarian: posts big blind $1
*** HOLE CARDS ***
michasia: folds 
sta$igk: folds 
paramourx: folds 
MauriFierro27: folds 
alexmagearu: calls $0.50
CichiChanMarian: checks 
*** FLOP *** [2s 6h Ah]
alexmagearu: checks 
CichiChanMarian: bets $1
alexmagearu: calls $1
*** TURN *** [2s 6h Ah] [5d]
alexmagearu: checks 
CichiChanMarian: bets $5.05
alexmagearu: calls $5.05
*** RIVER *** [2s 6h Ah 5d] [Qc]
alexmagearu: checks 
CichiChanMarian: bets $114.87 and is all-in
alexmagearu: folds 
Uncalled bet ($114.87) returned to CichiChanMarian
CichiChanMarian collected $13.40 from pot
CichiChanMarian: doesn't show hand 
*** SUMMARY ***
Total pot $14.10 | Rake $0.70 
Board [2s 6h Ah 5d Qc]
Seat 1: MauriFierro27 (button) folded before Flop (didn't bet)
Seat 2: alexmagearu (small blind) folded on the River
Seat 3: CichiChanMarian (big blind) collected ($13.40)
Seat 4: michasia folded before Flop (didn't bet)
Seat 5: sta$igk folded before Flop (didn't bet)
Seat 6: paramourx folded before Flop (didn't bet)



PokerStars Hand #254639595742:  Hold'em No Limit ($0.50/$1.00 USD) - 2025/01/31 18:08:03 WET [2025/01/31 13:08:03 ET]
Table 'Leda II' 6-max Seat #2 is the button
Seat 1: MauriFierro27 ($100 in chips) 
Seat 2: alexmagearu ($24.77 in chips) 
Seat 3: CichiChanMarian ($128.27 in chips) 
Seat 4: michasia ($105.45 in chips) 
Seat 5: sta$igk ($115.13 in chips) 
Seat 6: paramourx ($139.71 in chips) 
CichiChanMarian: posts small blind $0.50
michasia: posts big blind $1
*** HOLE CARDS ***
sta$igk: folds 
paramourx: raises $2 to $3
MauriFierro27: folds 
alexmagearu: folds 
CichiChanMarian: folds 
michasia: folds 
Uncalled bet ($2) returned to paramourx
paramourx collected $2.50 from pot
paramourx: doesn't show hand 
*** SUMMARY ***
Total pot $2.50 | Rake $0 
Seat 1: MauriFierro27 folded before Flop (didn't bet)
Seat 2: alexmagearu (button) folded before Flop (didn't bet)
Seat 3: CichiChanMarian (small blind) folded before Flop
Seat 4: michasia (big blind) folded before Flop
Seat 5: sta$igk folded before Flop (didn't bet)
Seat 6: paramourx collected ($2.50)



PokerStars Hand #254639781250:  Hold'em No Limit ($0.50/$1.00 USD) - 2025/01/31 18:20:03 WET [2025/01/31 13:20:03 ET]
Table 'Leda II' 6-max Seat #6 is the button
Seat 1: MauriFierro27 ($100 in chips) 
Seat 2: alexmagearu ($48.84 in chips) 
Seat 3: CichiChanMarian ($113.86 in chips) 
Seat 4: michasia ($116.38 in chips) 
Seat 5: sta$igk ($100 in chips) 
Seat 6: paramourx ($174.43 in chips) 
MauriFierro27: posts small blind $0.50
alexmagearu: posts big blind $1
*** HOLE CARDS ***
CichiChanMarian: folds 
michasia: folds 
sta$igk: folds 
paramourx: folds 
MauriFierro27: folds 
Uncalled bet ($0.50) returned to alexmagearu
alexmagearu collected $1 from pot
*** SUMMARY ***
Total pot $1 | Rake $0 
Seat 1: MauriFierro27 (small blind) folded before Flop
Seat 2: alexmagearu (big blind) collected ($1)
Seat 3: CichiChanMarian folded before Flop (didn't bet)
Seat 4: michasia folded before Flop (didn't bet)
Seat 5: sta$igk folded before Flop (didn't bet)
Seat 6: paramourx (button) folded before Flop (didn't bet)



PokerStars Hand #254639784752:  Hold'em No Limit ($0.50/$1.00 USD) - 2025/01/31 18:20:16 WET [2025/01/31 13:20:16 ET]
Table 'Leda II' 6-max Seat #1 is the button
Seat 1: MauriFierro27 ($100 in chips) 
Seat 2: alexmagearu ($49.34 in chips) 
Seat 3: CichiChanMarian ($113.86 in chips) 
Seat 4: michasia ($116.38 in chips) 
Seat 5: sta$igk ($100 in chips) 
Seat 6: paramourx ($174.43 in chips) 
alexmagearu: posts small blind $0.50
CichiChanMarian: posts big blind $1
*** HOLE CARDS ***
michasia: folds 
sta$igk: folds 
paramourx: folds 
MauriFierro27: raises $1.20 to $2.20
alexmagearu: calls $1.70
CichiChanMarian: raises $12.80 to $15
MauriFierro27: folds 
alexmagearu: folds 
Uncalled bet ($12.80) returned to CichiChanMarian
CichiChanMarian collected $6.60 from pot
CichiChanMarian: doesn't show hand 
*** SUMMARY ***
Total pot $6.60 | Rake $0 
Seat 1: MauriFierro27 (button) folded before Flop
Seat 2: alexmagearu (small blind) folded before Flop
Seat 3: CichiChanMarian (big blind) collected ($6.60)
Seat 4: michasia folded before Flop (didn't bet)
Seat 5: sta$igk folded before Flop (didn't bet)
Seat 6: paramourx folded before Flop (didn't bet)



PokerStars Hand #254639791153:  Hold'em No Limit ($0.50/$1.00 USD) - 2025/01/31 18:20:40 WET [2025/01/31 13:20:40 ET]
Table 'Leda II' 6-max Seat #2 is the button
Seat 1: MauriFierro27 ($100 in chips) 
Seat 2: alexmagearu ($47.14 in chips) 
Seat 3: CichiChanMarian ($118.26 in chips) 
Seat 4: michasia ($116.38 in chips) 
Seat 5: sta$igk ($100 in chips) 
Seat 6: paramourx ($174.43 in chips) 
CichiChanMarian: posts small blind $0.50
michasia: posts big blind $1
*** HOLE CARDS ***
sta$igk: folds 
paramourx: folds 
MauriFierro27: folds 
alexmagearu: calls $1
CichiChanMarian: folds 
michasia: checks 
*** FLOP *** [8c 4s Qs]
michasia: checks 
alexmagearu: bets $3
michasia: folds 
Uncalled bet ($3) returned to alexmagearu
alexmagearu collected $2.38 from pot
*** SUMMARY ***
Total pot $2.50 | Rake $0.12 
Board [8c 4s Qs]
Seat 1: MauriFierro27 folded before Flop (didn't bet)
Seat 2: alexmagearu (button) collected ($2.38)
Seat 3: CichiChanMarian (small blind) folded before Flop
Seat 4: michasia (big blind) folded on the Flop
Seat 5: sta$igk folded before Flop (didn't bet)
Seat 6: paramourx folded before Flop (didn't bet)



PokerStars Hand #254639801195:  Hold'em No Limit ($0.50/$1.00 USD) - 2025/01/31 18:21:19 WET [2025/01/31 13:21:19 ET]
Table 'Leda II' 6-max Seat #3 is the button
Seat 1: MauriFierro27 ($100 in chips) 
Seat 2: alexmagearu ($48.52 in chips) 
Seat 3: CichiChanMarian ($117.76 in chips) 
Seat 4: michasia ($115.38 in chips) 
Seat 5: sta$igk ($100 in chips) 
Seat 6: paramourx ($174.43 in chips) 
michasia: posts small blind $0.50
sta$igk: posts big blind $1
*** HOLE CARDS ***
paramourx: folds 
MauriFierro27: raises $1.20 to $2.20
alexmagearu: calls $2.20
CichiChanMarian: raises $9.80 to $12
michasia: folds 
sta$igk: folds 
MauriFierro27: folds 
alexmagearu: folds 
Uncalled bet ($9.80) returned to CichiChanMarian
CichiChanMarian collected $8.10 from pot
CichiChanMarian: doesn't show hand 
*** SUMMARY ***
Total pot $8.10 | Rake $0 
Seat 1: MauriFierro27 folded before Flop
Seat 2: alexmagearu folded before Flop
Seat 3: CichiChanMarian (button) collected ($8.10)
Seat 4: michasia (small blind) folded before Flop
Seat 5: sta$igk (big blind) folded before Flop
Seat 6: paramourx folded before Flop (didn't bet)



PokerStars Hand #254639806584:  Hold'em No Limit ($0.50/$1.00 USD) - 2025/01/31 18:21:40 WET [2025/01/31 13:21:40 ET]
Table 'Leda II' 6-max Seat #4 is the button
Seat 1: MauriFierro27 ($100 in chips) 
Seat 2: alexmagearu ($46.32 in chips) 
Seat 3: CichiChanMarian ($123.66 in chips) 
Seat 4: michasia ($114.88 in chips) 
Seat 5: sta$igk ($100 in chips) 
Seat 6: paramourx ($174.43 in chips) 
sta$igk: posts small blind $0.50
paramourx: posts big blind $1
*** HOLE CARDS ***
MauriFierro27: folds 
alexmagearu: calls $1
CichiChanMarian: raises $4 to $5
michasia: folds 
sta$igk: folds 
paramourx: folds 
alexmagearu: calls $4
*** FLOP *** [9d 9c 5h]
alexmagearu: checks 
CichiChanMarian: bets $3.60
alexmagearu: folds 
Uncalled bet ($3.60) returned to CichiChanMarian
CichiChanMarian collected $10.92 from pot
CichiChanMarian: doesn't show hand 
*** SUMMARY ***
Total pot $11.50 | Rake $0.58 
Board [9d 9c 5h]
Seat 1: MauriFierro27 folded before Flop (didn't bet)
Seat 2: alexmagearu folded on the Flop
Seat 3: CichiChanMarian collected ($10.92)
Seat 4: michasia (button) folded before Flop (didn't bet)
Seat 5: sta$igk (small blind) folded before Flop
Seat 6: paramourx (big blind) folded before Flop



PokerStars Hand #254639817650:  Hold'em No Limit ($0.50/$1.00 USD) - 2025/01/31 18:22:22 WET [2025/01/31 13:22:22 ET]
Table 'Leda II' 6-max Seat #5 is the button
Seat 1: MauriFierro27 ($100 in chips) 
Seat 2: alexmagearu ($41.32 in chips) 
Seat 3: CichiChanMarian ($129.58 in chips) 
Seat 4: michasia ($114.88 in chips) 
Seat 5: sta$igk ($100 in chips) 
Seat 6: paramourx ($173.43 in chips) 
paramourx: posts small blind $0.50
MauriFierro27: posts big blind $1
*** HOLE CARDS ***
alexmagearu: calls $1
CichiChanMarian: folds 
michasia: folds 
sta$igk: raises $3 to $4
paramourx: folds 
MauriFierro27: raises $11.50 to $15.50
alexmagearu: folds 
sta$igk: folds 
Uncalled bet ($11.50) returned to MauriFierro27
MauriFierro27 collected $9.50 from pot
MauriFierro27: doesn't show hand 
alexmagearu leaves the table
*** SUMMARY ***
Total pot $9.50 | Rake $0 
Seat 1: MauriFierro27 (big blind) collected ($9.50)
Seat 2: alexmagearu folded before Flop
Seat 3: CichiChanMarian folded before Flop (didn't bet)
Seat 4: michasia folded before Flop (didn't bet)
Seat 5: sta$igk (button) folded before Flop
Seat 6: paramourx (small blind) folded before Flop



PokerStars Hand #254639824609:  Hold'em No Limit ($0.50/$1.00 USD) - 2025/01/31 18:22:49 WET [2025/01/31 13:22:49 ET]
Table 'Leda II' 6-max Seat #6 is the button
Seat 1: MauriFierro27 ($105.50 in chips) 
Seat 3: CichiChanMarian ($129.58 in chips) 
Seat 4: michasia ($114.88 in chips) 
Seat 5: sta$igk ($100 in chips) 
Seat 6: paramourx ($172.93 in chips) 
MauriFierro27: posts small blind $0.50
CichiChanMarian: posts big blind $1
*** HOLE CARDS ***
michasia: raises $1.60 to $2.60
sta$igk: folds 
paramourx: raises $5.40 to $8
MauriFierro27: folds 
CichiChanMarian: folds 
michasia: calls $5.40
*** FLOP *** [Td Kh 4d]
ghc_2 joins the table at seat #2 
michasia: checks 
paramourx: bets $12.96
michasia: calls $12.96
*** TURN *** [Td Kh 4d] [6s]
michasia: checks 
paramourx: checks 
*** RIVER *** [Td Kh 4d 6s] [4s]
michasia: bets $27.50
paramourx: raises $124.47 to $151.97 and is all-in
michasia: folds 
Uncalled bet ($124.47) returned to paramourx
paramourx collected $95.92 from pot
paramourx: doesn't show hand 
*** SUMMARY ***
Total pot $98.42 | Rake $2.50 
Board [Td Kh 4d 6s 4s]
Seat 1: MauriFierro27 (small blind) folded before Flop
Seat 3: CichiChanMarian (big blind) folded before Flop
Seat 4: michasia folded on the River
Seat 5: sta$igk folded before Flop (didn't bet)
Seat 6: paramourx (button) collected ($95.92)



PokerStars Hand #254639722670:  Hold'em No Limit ($0.50/$1.00 USD) - 2025/01/31 18:16:15 WET [2025/01/31 13:16:15 ET]
Table 'Leda II' 6-max Seat #5 is the button
Seat 1: MauriFierro27 ($102.25 in chips) 
Seat 2: alexmagearu ($71.03 in chips) 
Seat 3: CichiChanMarian ($119.82 in chips) 
Seat 4: michasia ($109.40 in chips) 
Seat 5: sta$igk ($100 in chips) 
Seat 6: paramourx ($148.90 in chips) 
paramourx: posts small blind $0.50
MauriFierro27: posts big blind $1
*** HOLE CARDS ***
alexmagearu: calls $1
CichiChanMarian: raises $3 to $4
michasia: folds 
sta$igk: folds 
paramourx: folds 
MauriFierro27: folds 
alexmagearu: calls $3
*** FLOP *** [6d 5s Qh]
alexmagearu: checks 
CichiChanMarian: bets $2.98
alexmagearu: calls $2.98
*** TURN *** [6d 5s Qh] [Qd]
alexmagearu: checks 
CichiChanMarian: checks 
*** RIVER *** [6d 5s Qh Qd] [7s]
alexmagearu: checks 
CichiChanMarian: checks 
*** SHOW DOWN ***
alexmagearu: shows [5d 8h] (two pair, Queens and Fives)
CichiChanMarian: mucks hand 
alexmagearu collected $14.69 from pot
*** SUMMARY ***
Total pot $15.46 | Rake $0.77 
Board [6d 5s Qh Qd 7s]
Seat 1: MauriFierro27 (big blind) folded before Flop
Seat 2: alexmagearu showed [5d 8h] and won ($14.69) with two pair, Queens and Fives
Seat 3: CichiChanMarian mucked
Seat 4: michasia folded before Flop (didn't bet)
Seat 5: sta$igk (button) folded before Flop (didn't bet)
Seat 6: paramourx (small blind) folded before Flop



PokerStars Hand #254639733099:  Hold'em No Limit ($0.50/$1.00 USD) - 2025/01/31 18:16:56 WET [2025/01/31 13:16:56 ET]
Table 'Leda II' 6-max Seat #6 is the button
Seat 1: MauriFierro27 ($101.25 in chips) 
Seat 2: alexmagearu ($78.74 in chips) 
Seat 3: CichiChanMarian ($112.84 in chips) 
Seat 4: michasia ($109.40 in chips) 
Seat 5: sta$igk ($100 in chips) 
Seat 6: paramourx ($148.40 in chips) 
MauriFierro27: posts small blind $0.50
alexmagearu: posts big blind $1
*** HOLE CARDS ***
CichiChanMarian: raises $1.50 to $2.50
michasia: folds 
sta$igk: folds 
paramourx: folds 
MauriFierro27: folds 
alexmagearu: calls $1.50
*** FLOP *** [Tc 5s 8c]
alexmagearu: bets $3
CichiChanMarian: folds 
Uncalled bet ($3) returned to alexmagearu
alexmagearu collected $5.22 from pot
*** SUMMARY ***
Total pot $5.50 | Rake $0.28 
Board [Tc 5s 8c]
Seat 1: MauriFierro27 (small blind) folded before Flop
Seat 2: alexmagearu (big blind) collected ($5.22)
Seat 3: CichiChanMarian folded on the Flop
Seat 4: michasia folded before Flop (didn't bet)
Seat 5: sta$igk folded before Flop (didn't bet)
Seat 6: paramourx (button) folded before Flop (didn't bet)



PokerStars Hand #254639739114:  Hold'em No Limit ($0.50/$1.00 USD) - 2025/01/31 18:17:19 WET [2025/01/31 13:17:19 ET]
Table 'Leda II' 6-max Seat #1 is the button
Seat 1: MauriFierro27 ($100.75 in chips) 
Seat 2: alexmagearu ($81.46 in chips) 
Seat 3: CichiChanMarian ($110.34 in chips) 
Seat 4: michasia ($109.40 in chips) 
Seat 5: sta$igk ($100 in chips) 
Seat 6: paramourx ($148.40 in chips) 
alexmagearu: posts small blind $0.50
CichiChanMarian: posts big blind $1
*** HOLE CARDS ***
michasia: folds 
sta$igk: raises $1.50 to $2.50
paramourx: raises $5.50 to $8
MauriFierro27: folds 
alexmagearu: calls $7.50
CichiChanMarian: folds 
sta$igk: folds 
*** FLOP *** [8d Qs 9h]
alexmagearu: checks 
paramourx: bets $14.45
alexmagearu: calls $14.45
*** TURN *** [8d Qs 9h] [8c]
alexmagearu: checks 
paramourx: bets $19.50
alexmagearu: folds 
Uncalled bet ($19.50) returned to paramourx
paramourx collected $45.98 from pot
paramourx: doesn't show hand 
*** SUMMARY ***
Total pot $48.40 | Rake $2.42 
Board [8d Qs 9h 8c]
Seat 1: MauriFierro27 (button) folded before Flop (didn't bet)
Seat 2: alexmagearu (small blind) folded on the Turn
Seat 3: CichiChanMarian (big blind) folded before Flop
Seat 4: michasia folded before Flop (didn't bet)
Seat 5: sta$igk folded before Flop
Seat 6: paramourx collected ($45.98)



PokerStars Hand #254639754119:  Hold'em No Limit ($0.50/$1.00 USD) - 2025/01/31 18:18:18 WET [2025/01/31 13:18:18 ET]
Table 'Leda II' 6-max Seat #2 is the button
Seat 1: MauriFierro27 ($100.75 in chips) 
Seat 2: alexmagearu ($59.01 in chips) 
Seat 3: CichiChanMarian ($109.34 in chips) 
Seat 4: michasia ($109.40 in chips) 
Seat 5: sta$igk ($100 in chips) 
Seat 6: paramourx ($171.93 in chips) 
CichiChanMarian: posts small blind $0.50
michasia: posts big blind $1
*** HOLE CARDS ***
sta$igk: raises $1.50 to $2.50
paramourx: raises $5.50 to $8
MauriFierro27: folds 
alexmagearu: folds 
CichiChanMarian: folds 
michasia: folds 
sta$igk: folds 
Uncalled bet ($5.50) returned to paramourx
paramourx collected $6.50 from pot
paramourx: doesn't show hand 
*** SUMMARY ***
Total pot $6.50 | Rake $0 
Seat 1: MauriFierro27 folded before Flop (didn't bet)
Seat 2: alexmagearu (button) folded before Flop (didn't bet)
Seat 3: CichiChanMarian (small blind) folded before Flop
Seat 4: michasia (big blind) folded before Flop
Seat 5: sta$igk folded before Flop
Seat 6: paramourx collected ($6.50)



PokerStars Hand #254639760490:  Hold'em No Limit ($0.50/$1.00 USD) - 2025/01/31 18:18:42 WET [2025/01/31 13:18:42 ET]
Table 'Leda II' 6-max Seat #3 is the button
Seat 1: MauriFierro27 ($100.75 in chips) 
Seat 2: alexmagearu ($59.01 in chips) 
Seat 3: CichiChanMarian ($108.84 in chips) 
Seat 4: michasia ($108.40 in chips) 
Seat 5: sta$igk ($100 in chips) 
Seat 6: paramourx ($175.93 in chips) 
michasia: posts small blind $0.50
sta$igk: posts big blind $1
*** HOLE CARDS ***
paramourx: folds 
MauriFierro27: folds 
alexmagearu: folds 
CichiChanMarian: folds 
michasia: raises $2 to $3
sta$igk: folds 
Uncalled bet ($2) returned to michasia
michasia collected $2 from pot
michasia: doesn't show hand 
*** SUMMARY ***
Total pot $2 | Rake $0 
Seat 1: MauriFierro27 folded before Flop (didn't bet)
Seat 2: alexmagearu folded before Flop (didn't bet)
Seat 3: CichiChanMarian (button) folded before Flop (didn't bet)
Seat 4: michasia (small blind) collected ($2)
Seat 5: sta$igk (big blind) folded before Flop
Seat 6: paramourx folded before Flop (didn't bet)



PokerStars Hand #254639763490:  Hold'em No Limit ($0.50/$1.00 USD) - 2025/01/31 18:18:54 WET [2025/01/31 13:18:54 ET]
Table 'Leda II' 6-max Seat #4 is the button
Seat 1: MauriFierro27 ($100.75 in chips) 
Seat 2: alexmagearu ($59.01 in chips) 
Seat 3: CichiChanMarian ($108.84 in chips) 
Seat 4: michasia ($109.40 in chips) 
Seat 5: sta$igk ($100 in chips) 
Seat 6: paramourx ($175.93 in chips) 
sta$igk: posts small blind $0.50
paramourx: posts big blind $1
*** HOLE CARDS ***
MauriFierro27: folds 
alexmagearu: calls $1
CichiChanMarian: folds 
michasia: raises $2.50 to $3.50
sta$igk: folds 
paramourx: folds 
alexmagearu: calls $2.50
*** FLOP *** [9d 2h Qh]
alexmagearu: checks 
michasia: bets $2.67
alexmagearu: calls $2.67
*** TURN *** [9d 2h Qh] [9c]
alexmagearu: checks 
michasia: checks 
*** RIVER *** [9d 2h Qh 9c] [3s]
alexmagearu: checks 
michasia: bets $16.44
alexmagearu: folds 
Uncalled bet ($16.44) returned to michasia
michasia collected $13.15 from pot
michasia: doesn't show hand 
*** SUMMARY ***
Total pot $13.84 | Rake $0.69 
Board [9d 2h Qh 9c 3s]
Seat 1: MauriFierro27 folded before Flop (didn't bet)
Seat 2: alexmagearu folded on the River
Seat 3: CichiChanMarian folded before Flop (didn't bet)
Seat 4: michasia (button) collected ($13.15)
Seat 5: sta$igk (small blind) folded before Flop
Seat 6: paramourx (big blind) folded before Flop



PokerStars Hand #254639774391:  Hold'em No Limit ($0.50/$1.00 USD) - 2025/01/31 18:19:36 WET [2025/01/31 13:19:36 ET]
Table 'Leda II' 6-max Seat #5 is the button
Seat 1: MauriFierro27 ($100.75 in chips) 
Seat 2: alexmagearu ($52.84 in chips) 
Seat 3: CichiChanMarian ($108.84 in chips) 
Seat 4: michasia ($116.38 in chips) 
Seat 5: sta$igk ($100 in chips) 
Seat 6: paramourx ($174.93 in chips) 
paramourx: posts small blind $0.50
MauriFierro27: posts big blind $1
*** HOLE CARDS ***
alexmagearu: calls $1
CichiChanMarian: raises $3 to $4
michasia: folds 
sta$igk: folds 
paramourx: folds 
MauriFierro27: folds 
alexmagearu: calls $3
*** FLOP *** [7s Qs Ac]
alexmagearu: checks 
CichiChanMarian: bets $2.98
alexmagearu: folds 
Uncalled bet ($2.98) returned to CichiChanMarian
CichiChanMarian collected $9.02 from pot
CichiChanMarian: doesn't show hand 
*** SUMMARY ***
Total pot $9.50 | Rake $0.48 
Board [7s Qs Ac]
Seat 1: MauriFierro27 (big blind) folded before Flop
Seat 2: alexmagearu folded on the Flop
Seat 3: CichiChanMarian collected ($9.02)
Seat 4: michasia folded before Flop (didn't bet)
Seat 5: sta$igk (button) folded before Flop (didn't bet)
Seat 6: paramourx (small blind) folded before Flop



