PokerStars Hand #254636449111:  Hold'em No Limit ($0.50/$1.00 USD) - 2025/01/31 13:51:57 WET [2025/01/31 8:51:57 ET]
Table 'Margot' 6-max Seat #3 is the button
Seat 6: vadjkeee ($100 in chips) is sitting out
Seat 1: hirotech ($149.27 in chips) 
Seat 2: Maximysss85 ($104.50 in chips) 
Seat 3: antey89 ($101 in chips) 
Seat 4: 2g00d4youu ($192.72 in chips) 
Seat 5: LuckyShikari ($100 in chips) 
2g00d4youu: posts small blind $0.50
LuckyShikari: posts big blind $1
vadjkeee: sits out 
*** HOLE CARDS ***
hirotech: folds 
Maximysss85: raises $1.50 to $2.50
antey89: folds 
2g00d4youu: folds 
LuckyShikari: folds 
Uncalled bet ($1.50) returned to Maximysss85
Maximysss85 collected $2.50 from pot
Maximysss85: doesn't show hand 
*** SUMMARY ***
Total pot $2.50 | Rake $0 
Seat 6: vadjkeee
Seat 1: hirotech folded before Flop (didn't bet)
Seat 2: Maximysss85 collected ($2.50)
Seat 3: antey89 (button) folded before Flop (didn't bet)
Seat 4: 2g00d4youu (small blind) folded before Flop
Seat 5: LuckyShikari (big blind) folded before Flop



PokerStars Hand #254636496232:  Hold'em No Limit ($0.50/$1.00 USD) - 2025/01/31 13:57:04 WET [2025/01/31 8:57:04 ET]
Table 'Margot' 6-max Seat #4 is the button
Seat 1: hirotech ($134.14 in chips) 
Seat 2: Maximysss85 ($104.50 in chips) 
Seat 3: antey89 ($102.72 in chips) 
Seat 4: 2g00d4youu ($205.91 in chips) 
Seat 5: LuckyShikari ($101.50 in chips) 
Seat 6: vadjkeee ($103 in chips) 
LuckyShikari: posts small blind $0.50
vadjkeee: posts big blind $1
*** HOLE CARDS ***
hirotech: folds 
Maximysss85: folds 
antey89: folds 
2g00d4youu: folds 
LuckyShikari: raises $1 to $2
vadjkeee: calls $1
*** FLOP *** [Td Kh 6c]
LuckyShikari: bets $1.50
vadjkeee: calls $1.50
*** TURN *** [Td Kh 6c] [9d]
LuckyShikari: bets $5
vadjkeee: calls $5
*** RIVER *** [Td Kh 6c 9d] [2h]
LuckyShikari: bets $12.50
vadjkeee: raises $20.50 to $33
LuckyShikari: folds 
Uncalled bet ($20.50) returned to vadjkeee
vadjkeee collected $39.90 from pot
vadjkeee: doesn't show hand 
*** SUMMARY ***
Total pot $42 | Rake $2.10 
Board [Td Kh 6c 9d 2h]
Seat 1: hirotech folded before Flop (didn't bet)
Seat 2: Maximysss85 folded before Flop (didn't bet)
Seat 3: antey89 folded before Flop (didn't bet)
Seat 4: 2g00d4youu (button) folded before Flop (didn't bet)
Seat 5: LuckyShikari (small blind) folded on the River
Seat 6: vadjkeee (big blind) collected ($39.90)



PokerStars Hand #254636505754:  Hold'em No Limit ($0.50/$1.00 USD) - 2025/01/31 13:58:16 WET [2025/01/31 8:58:16 ET]
Table 'Margot' 6-max Seat #5 is the button
Seat 1: hirotech ($134.14 in chips) 
Seat 2: Maximysss85 ($104.50 in chips) 
Seat 3: antey89 ($102.72 in chips) 
Seat 4: 2g00d4youu ($205.91 in chips) 
Seat 5: LuckyShikari ($100 in chips) 
Seat 6: vadjkeee ($121.90 in chips) 
vadjkeee: posts small blind $0.50
hirotech: posts big blind $1
*** HOLE CARDS ***
Maximysss85: folds 
antey89: folds 
2g00d4youu: folds 
LuckyShikari: folds 
vadjkeee: raises $2 to $3
hirotech: calls $2
*** FLOP *** [2d 8s Kh]
vadjkeee: bets $1.43
hirotech: raises $4.28 to $5.71
vadjkeee: folds 
Uncalled bet ($4.28) returned to hirotech
hirotech collected $8.42 from pot
hirotech: doesn't show hand 
*** SUMMARY ***
Total pot $8.86 | Rake $0.44 
Board [2d 8s Kh]
Seat 1: hirotech (big blind) collected ($8.42)
Seat 2: Maximysss85 folded before Flop (didn't bet)
Seat 3: antey89 folded before Flop (didn't bet)
Seat 4: 2g00d4youu folded before Flop (didn't bet)
Seat 5: LuckyShikari (button) folded before Flop (didn't bet)
Seat 6: vadjkeee (small blind) folded on the Flop



PokerStars Hand #254636243360:  Hold'em No Limit ($0.50/$1.00 USD) - 2025/01/31 13:31:08 WET [2025/01/31 8:31:08 ET]
Table 'Margot' 6-max Seat #4 is the button
Seat 1: hirotech ($100.50 in chips) 
Seat 2: Maximysss85 ($101.50 in chips) 
Seat 3: antey89 ($100 in chips) 
Seat 4: 2g00d4youu ($102.50 in chips) 
hirotech: posts small blind $0.50
Maximysss85: posts big blind $1
*** HOLE CARDS ***
antey89: raises $1.50 to $2.50
2g00d4youu: folds 
hirotech: folds 
Maximysss85: raises $9.50 to $12
antey89: folds 
Uncalled bet ($9.50) returned to Maximysss85
Maximysss85 collected $5.50 from pot
Maximysss85: doesn't show hand 
*** SUMMARY ***
Total pot $5.50 | Rake $0 
Seat 1: hirotech (small blind) folded before Flop
Seat 2: Maximysss85 (big blind) collected ($5.50)
Seat 3: antey89 folded before Flop
Seat 4: 2g00d4youu (button) folded before Flop (didn't bet)



PokerStars Hand #254636247783:  Hold'em No Limit ($0.50/$1.00 USD) - 2025/01/31 13:31:36 WET [2025/01/31 8:31:36 ET]
Table 'Margot' 6-max Seat #1 is the button
Seat 1: hirotech ($100 in chips) 
Seat 2: Maximysss85 ($104.50 in chips) 
Seat 3: antey89 ($100 in chips) 
Seat 4: 2g00d4youu ($102.50 in chips) 
Maximysss85: posts small blind $0.50
antey89: posts big blind $1
*** HOLE CARDS ***
2g00d4youu: folds 
hirotech: folds 
Maximysss85: folds 
Uncalled bet ($0.50) returned to antey89
Red4erT joins the table at seat #5 
antey89 collected $1 from pot
antey89: doesn't show hand 
*** SUMMARY ***
Total pot $1 | Rake $0 
Seat 1: hirotech (button) folded before Flop (didn't bet)
Seat 2: Maximysss85 (small blind) folded before Flop
Seat 3: antey89 (big blind) collected ($1)
Seat 4: 2g00d4youu folded before Flop (didn't bet)



PokerStars Hand #254636249003:  Hold'em No Limit ($0.50/$1.00 USD) - 2025/01/31 13:31:43 WET [2025/01/31 8:31:43 ET]
Table 'Margot' 6-max Seat #2 is the button
Seat 5: Red4erT ($40 in chips) is sitting out
Seat 1: hirotech ($100 in chips) 
Seat 2: Maximysss85 ($104 in chips) 
Seat 3: antey89 ($100.50 in chips) 
Seat 4: 2g00d4youu ($102.50 in chips) 
antey89: posts small blind $0.50
2g00d4youu: posts big blind $1
Red4erT: sits out 
*** HOLE CARDS ***
hirotech: raises $2 to $3
Maximysss85: folds 
antey89: folds 
2g00d4youu: raises $11 to $14
hirotech: calls $11
*** FLOP *** [4d Th 8d]
2g00d4youu: bets $9.08
hirotech: calls $9.08
*** TURN *** [4d Th 8d] [7d]
2g00d4youu: checks 
hirotech: bets $22.83
odim777 joins the table at seat #6 
odim777 is disconnected 
2g00d4youu: calls $22.83
*** RIVER *** [4d Th 8d 7d] [2s]
2g00d4youu: checks 
hirotech: checks 
*** SHOW DOWN ***
2g00d4youu: shows [9d 9c] (a pair of Nines)
hirotech: mucks hand 
2g00d4youu collected $91.32 from pot
*** SUMMARY ***
Total pot $92.32 | Rake $1 
Board [4d Th 8d 7d 2s]
Seat 5: Red4erT
Seat 1: hirotech mucked
Seat 2: Maximysss85 (button) folded before Flop (didn't bet)
Seat 3: antey89 (small blind) folded before Flop
Seat 4: 2g00d4youu (big blind) showed [9d 9c] and won ($91.32) with a pair of Nines



PokerStars Hand #254636257850:  Hold'em No Limit ($0.50/$1.00 USD) - 2025/01/31 13:32:38 WET [2025/01/31 8:32:38 ET]
Table 'Margot' 6-max Seat #3 is the button
Seat 6: odim777 ($77.05 in chips) is sitting out
Seat 1: hirotech ($100 in chips) 
Seat 2: Maximysss85 ($104 in chips) 
Seat 3: antey89 ($100 in chips) 
Seat 4: 2g00d4youu ($147.91 in chips) 
Seat 5: Red4erT ($40 in chips) 
2g00d4youu: posts small blind $0.50
Red4erT: posts big blind $1
odim777: sits out 
*** HOLE CARDS ***
hirotech: raises $2 to $3
Maximysss85: folds 
antey89: folds 
2g00d4youu: folds 
Red4erT: folds 
Uncalled bet ($2) returned to hirotech
hirotech collected $2.50 from pot
hirotech: doesn't show hand 
*** SUMMARY ***
Total pot $2.50 | Rake $0 
Seat 6: odim777
Seat 1: hirotech collected ($2.50)
Seat 2: Maximysss85 folded before Flop (didn't bet)
Seat 3: antey89 (button) folded before Flop (didn't bet)
Seat 4: 2g00d4youu (small blind) folded before Flop
Seat 5: Red4erT (big blind) folded before Flop



PokerStars Hand #254636259939:  Hold'em No Limit ($0.50/$1.00 USD) - 2025/01/31 13:32:51 WET [2025/01/31 8:32:51 ET]
Table 'Margot' 6-max Seat #4 is the button
Seat 1: hirotech ($101.50 in chips) 
Seat 2: Maximysss85 ($104 in chips) 
Seat 3: antey89 ($100 in chips) 
Seat 4: 2g00d4youu ($147.41 in chips) 
Seat 5: Red4erT ($40 in chips) 
Seat 6: odim777 ($77.05 in chips) 
Red4erT: posts small blind $0.50
odim777: posts big blind $1
*** HOLE CARDS ***
hirotech: raises $2 to $3
Maximysss85: folds 
antey89: folds 
2g00d4youu: folds 
Red4erT: folds 
odim777: calls $2
*** FLOP *** [3s 9s 4s]
odim777: checks 
hirotech: bets $3.09
odim777: calls $3.09
*** TURN *** [3s 9s 4s] [Tc]
odim777: checks 
hirotech: bets $6.03
odim777: folds 
Uncalled bet ($6.03) returned to hirotech
hirotech collected $12.05 from pot
hirotech: doesn't show hand 
*** SUMMARY ***
Total pot $12.68 | Rake $0.63 
Board [3s 9s 4s Tc]
Seat 1: hirotech collected ($12.05)
Seat 2: Maximysss85 folded before Flop (didn't bet)
Seat 3: antey89 folded before Flop (didn't bet)
Seat 4: 2g00d4youu (button) folded before Flop (didn't bet)
Seat 5: Red4erT (small blind) folded before Flop
Seat 6: odim777 (big blind) folded on the Turn



PokerStars Hand #254636267191:  Hold'em No Limit ($0.50/$1.00 USD) - 2025/01/31 13:33:35 WET [2025/01/31 8:33:35 ET]
Table 'Margot' 6-max Seat #5 is the button
Seat 1: hirotech ($107.46 in chips) 
Seat 2: Maximysss85 ($104 in chips) 
Seat 3: antey89 ($100 in chips) 
Seat 4: 2g00d4youu ($147.41 in chips) 
Seat 5: Red4erT ($40 in chips) 
Seat 6: odim777 ($70.96 in chips) 
odim777: posts small blind $0.50
hirotech: posts big blind $1
*** HOLE CARDS ***
Maximysss85: raises $1.50 to $2.50
antey89: folds 
2g00d4youu: folds 
Red4erT: raises $4 to $6.50
odim777: folds 
hirotech: folds 
Maximysss85: folds 
Uncalled bet ($4) returned to Red4erT
Red4erT collected $6.50 from pot
Red4erT: doesn't show hand 
*** SUMMARY ***
Total pot $6.50 | Rake $0 
Seat 1: hirotech (big blind) folded before Flop
Seat 2: Maximysss85 folded before Flop
Seat 3: antey89 folded before Flop (didn't bet)
Seat 4: 2g00d4youu folded before Flop (didn't bet)
Seat 5: Red4erT (button) collected ($6.50)
Seat 6: odim777 (small blind) folded before Flop



PokerStars Hand #254636270922:  Hold'em No Limit ($0.50/$1.00 USD) - 2025/01/31 13:33:58 WET [2025/01/31 8:33:58 ET]
Table 'Margot' 6-max Seat #6 is the button
Seat 1: hirotech ($106.46 in chips) 
Seat 2: Maximysss85 ($101.50 in chips) 
Seat 3: antey89 ($100 in chips) 
Seat 4: 2g00d4youu ($147.41 in chips) 
Seat 5: Red4erT ($44 in chips) 
Seat 6: odim777 ($70.46 in chips) 
hirotech: posts small blind $0.50
Maximysss85: posts big blind $1
*** HOLE CARDS ***
antey89: folds 
2g00d4youu: folds 
Red4erT: folds 
odim777: calls $1
hirotech: raises $2 to $3
Maximysss85: folds 
odim777: calls $2
*** FLOP *** [2h Qd 8c]
hirotech: bets $3.33
odim777: calls $3.33
*** TURN *** [2h Qd 8c] [Jc]
hirotech: bets $6.49
odim777: folds 
Uncalled bet ($6.49) returned to hirotech
hirotech collected $12.98 from pot
hirotech: doesn't show hand 
*** SUMMARY ***
Total pot $13.66 | Rake $0.68 
Board [2h Qd 8c Jc]
Seat 1: hirotech (small blind) collected ($12.98)
Seat 2: Maximysss85 (big blind) folded before Flop
Seat 3: antey89 folded before Flop (didn't bet)
Seat 4: 2g00d4youu folded before Flop (didn't bet)
Seat 5: Red4erT folded before Flop (didn't bet)
Seat 6: odim777 (button) folded on the Turn



PokerStars Hand #254636275086:  Hold'em No Limit ($0.50/$1.00 USD) - 2025/01/31 13:34:24 WET [2025/01/31 8:34:24 ET]
Table 'Margot' 6-max Seat #1 is the button
Seat 1: hirotech ($113.11 in chips) 
Seat 2: Maximysss85 ($100.50 in chips) 
Seat 3: antey89 ($100 in chips) 
Seat 4: 2g00d4youu ($147.41 in chips) 
Seat 5: Red4erT ($44 in chips) 
Seat 6: odim777 ($64.13 in chips) 
Maximysss85: posts small blind $0.50
antey89: posts big blind $1
*** HOLE CARDS ***
2g00d4youu: folds 
Red4erT: raises $1 to $2
odim777: folds 
hirotech: calls $2
Maximysss85: raises $10.50 to $12.50
antey89: raises $87.50 to $100 and is all-in
Red4erT: folds 
hirotech: folds 
Maximysss85: folds 
Uncalled bet ($87.50) returned to antey89
antey89 collected $29 from pot
antey89: doesn't show hand 
*** SUMMARY ***
Total pot $29 | Rake $0 
Seat 1: hirotech (button) folded before Flop
Seat 2: Maximysss85 (small blind) folded before Flop
Seat 3: antey89 (big blind) collected ($29)
Seat 4: 2g00d4youu folded before Flop (didn't bet)
Seat 5: Red4erT folded before Flop
Seat 6: odim777 folded before Flop (didn't bet)



PokerStars Hand #254636282571:  Hold'em No Limit ($0.50/$1.00 USD) - 2025/01/31 13:35:10 WET [2025/01/31 8:35:10 ET]
Table 'Margot' 6-max Seat #2 is the button
Seat 4: 2g00d4youu ($147.41 in chips) is sitting out
Seat 1: hirotech ($111.11 in chips) 
Seat 2: Maximysss85 ($100 in chips) 
Seat 3: antey89 ($116.50 in chips) 
Seat 5: Red4erT ($42 in chips) 
Seat 6: odim777 ($64.13 in chips) 
antey89: posts small blind $0.50
2g00d4youu: is sitting out 
Red4erT: posts big blind $1
*** HOLE CARDS ***
odim777: calls $1
hirotech: folds 
Maximysss85: folds 
antey89: folds 
Red4erT: checks 
*** FLOP *** [4s 9d Qh]
Red4erT: bets $1.50
odim777: calls $1.50
*** TURN *** [4s 9d Qh] [9h]
Red4erT: checks 
odim777: checks 
*** RIVER *** [4s 9d Qh 9h] [3s]
Red4erT: bets $3.92
odim777: calls $3.92
*** SHOW DOWN ***
Red4erT: shows [Ts Jh] (a pair of Nines)
odim777: shows [Qs Tc] (two pair, Queens and Nines)
odim777 collected $12.67 from pot
*** SUMMARY ***
Total pot $13.34 | Rake $0.67 
Board [4s 9d Qh 9h 3s]
Seat 4: 2g00d4youu
Seat 1: hirotech folded before Flop (didn't bet)
Seat 2: Maximysss85 (button) folded before Flop (didn't bet)
Seat 3: antey89 (small blind) folded before Flop
Seat 5: Red4erT (big blind) showed [Ts Jh] and lost with a pair of Nines
Seat 6: odim777 showed [Qs Tc] and won ($12.67) with two pair, Queens and Nines



PokerStars Hand #254636289693:  Hold'em No Limit ($0.50/$1.00 USD) - 2025/01/31 13:35:54 WET [2025/01/31 8:35:54 ET]
Table 'Margot' 6-max Seat #3 is the button
Seat 4: 2g00d4youu ($147.41 in chips) is sitting out
Seat 1: hirotech ($111.11 in chips) 
Seat 2: Maximysss85 ($100 in chips) 
Seat 3: antey89 ($116 in chips) 
Seat 5: Red4erT ($40 in chips) 
Seat 6: odim777 ($70.38 in chips) 
Red4erT: posts small blind $0.50
odim777: posts big blind $1
*** HOLE CARDS ***
hirotech: folds 
Maximysss85: folds 
antey89: raises $1.50 to $2.50
Red4erT: folds 
odim777: folds 
Uncalled bet ($1.50) returned to antey89
antey89 collected $2.50 from pot
antey89: doesn't show hand 
*** SUMMARY ***
Total pot $2.50 | Rake $0 
Seat 4: 2g00d4youu
Seat 1: hirotech folded before Flop (didn't bet)
Seat 2: Maximysss85 folded before Flop (didn't bet)
Seat 3: antey89 (button) collected ($2.50)
Seat 5: Red4erT (small blind) folded before Flop
Seat 6: odim777 (big blind) folded before Flop



PokerStars Hand #254636292949:  Hold'em No Limit ($0.50/$1.00 USD) - 2025/01/31 13:36:15 WET [2025/01/31 8:36:15 ET]
Table 'Margot' 6-max Seat #5 is the button
Seat 4: 2g00d4youu ($147.41 in chips) is sitting out
Seat 1: hirotech ($111.11 in chips) 
Seat 2: Maximysss85 ($100 in chips) 
Seat 3: antey89 ($117.50 in chips) 
Seat 5: Red4erT ($40 in chips) 
Seat 6: odim777 ($69.38 in chips) 
odim777: posts small blind $0.50
hirotech: posts big blind $1
*** HOLE CARDS ***
Maximysss85: folds 
antey89: raises $1.50 to $2.50
Red4erT: folds 
odim777: calls $2
hirotech: folds 
*** FLOP *** [4c 2s Js]
odim777: checks 
antey89: checks 
*** TURN *** [4c 2s Js] [5c]
odim777: bets $5.70
antey89: folds 
Uncalled bet ($5.70) returned to odim777
odim777 collected $5.70 from pot
*** SUMMARY ***
Total pot $6 | Rake $0.30 
Board [4c 2s Js 5c]
Seat 4: 2g00d4youu
Seat 1: hirotech (big blind) folded before Flop
Seat 2: Maximysss85 folded before Flop (didn't bet)
Seat 3: antey89 folded on the Turn
Seat 5: Red4erT (button) folded before Flop (didn't bet)
Seat 6: odim777 (small blind) collected ($5.70)



PokerStars Hand #254636301025:  Hold'em No Limit ($0.50/$1.00 USD) - 2025/01/31 13:37:05 WET [2025/01/31 8:37:05 ET]
Table 'Margot' 6-max Seat #6 is the button
Seat 4: 2g00d4youu ($147.41 in chips) is sitting out
Seat 1: hirotech ($110.11 in chips) 
Seat 2: Maximysss85 ($100 in chips) 
Seat 3: antey89 ($115 in chips) 
Seat 5: Red4erT ($40 in chips) 
Seat 6: odim777 ($72.58 in chips) 
hirotech: posts small blind $0.50
Maximysss85: posts big blind $1
2g00d4youu: sits out 
*** HOLE CARDS ***
antey89: folds 
Red4erT: folds 
odim777: folds 
hirotech: raises $2 to $3
Maximysss85: folds 
Uncalled bet ($2) returned to hirotech
hirotech collected $2 from pot
hirotech: doesn't show hand 
*** SUMMARY ***
Total pot $2 | Rake $0 
Seat 4: 2g00d4youu
Seat 1: hirotech (small blind) collected ($2)
Seat 2: Maximysss85 (big blind) folded before Flop
Seat 3: antey89 folded before Flop (didn't bet)
Seat 5: Red4erT folded before Flop (didn't bet)
Seat 6: odim777 (button) folded before Flop (didn't bet)



PokerStars Hand #254636303934:  Hold'em No Limit ($0.50/$1.00 USD) - 2025/01/31 13:37:23 WET [2025/01/31 8:37:23 ET]
Table 'Margot' 6-max Seat #1 is the button
Seat 4: 2g00d4youu ($147.41 in chips) is sitting out
Seat 1: hirotech ($111.11 in chips) 
Seat 2: Maximysss85 ($100 in chips) 
Seat 3: antey89 ($115 in chips) 
Seat 5: Red4erT ($40 in chips) 
Seat 6: odim777 ($72.58 in chips) 
Maximysss85: posts small blind $0.50
antey89: posts big blind $1
2g00d4youu: sits out 
*** HOLE CARDS ***
Red4erT: folds 
odim777: folds 
hirotech: folds 
Maximysss85: raises $2 to $3
antey89: folds 
Uncalled bet ($2) returned to Maximysss85
Maximysss85 collected $2 from pot
Maximysss85: doesn't show hand 
*** SUMMARY ***
Total pot $2 | Rake $0 
Seat 4: 2g00d4youu
Seat 1: hirotech (button) folded before Flop (didn't bet)
Seat 2: Maximysss85 (small blind) collected ($2)
Seat 3: antey89 (big blind) folded before Flop
Seat 5: Red4erT folded before Flop (didn't bet)
Seat 6: odim777 folded before Flop (didn't bet)



PokerStars Hand #254636328666:  Hold'em No Limit ($0.50/$1.00 USD) - 2025/01/31 13:39:53 WET [2025/01/31 8:39:53 ET]
Table 'Margot' 6-max Seat #4 is the button
Seat 1: hirotech ($100 in chips) 
Seat 2: Maximysss85 ($101 in chips) 
Seat 3: antey89 ($111 in chips) 
Seat 4: 2g00d4youu ($180.56 in chips) 
Seat 5: Red4erT ($43 in chips) 
Seat 6: odim777 ($72.58 in chips) 
Red4erT: posts small blind $0.50
odim777: posts big blind $1
*** HOLE CARDS ***
hirotech: folds 
Maximysss85: folds 
antey89: folds 
2g00d4youu: folds 
Red4erT: folds 
Uncalled bet ($0.50) returned to odim777
odim777 collected $1 from pot
*** SUMMARY ***
Total pot $1 | Rake $0 
Seat 1: hirotech folded before Flop (didn't bet)
Seat 2: Maximysss85 folded before Flop (didn't bet)
Seat 3: antey89 folded before Flop (didn't bet)
Seat 4: 2g00d4youu (button) folded before Flop (didn't bet)
Seat 5: Red4erT (small blind) folded before Flop
Seat 6: odim777 (big blind) collected ($1)



PokerStars Hand #254636332155:  Hold'em No Limit ($0.50/$1.00 USD) - 2025/01/31 13:40:14 WET [2025/01/31 8:40:14 ET]
Table 'Margot' 6-max Seat #5 is the button
Seat 1: hirotech ($100 in chips) 
Seat 2: Maximysss85 ($101 in chips) 
Seat 3: antey89 ($111 in chips) 
Seat 4: 2g00d4youu ($180.56 in chips) 
Seat 5: Red4erT ($42.50 in chips) 
Seat 6: odim777 ($73.08 in chips) 
odim777: posts small blind $0.50
hirotech: posts big blind $1
*** HOLE CARDS ***
Maximysss85: folds 
antey89: raises $1.50 to $2.50
2g00d4youu: folds 
Red4erT: folds 
odim777: folds 
hirotech: calls $1.50
*** FLOP *** [8s 5d Kc]
hirotech: checks 
antey89: bets $2.87
hirotech: folds 
Uncalled bet ($2.87) returned to antey89
antey89 collected $5.22 from pot
antey89: doesn't show hand 
*** SUMMARY ***
Total pot $5.50 | Rake $0.28 
Board [8s 5d Kc]
Seat 1: hirotech (big blind) folded on the Flop
Seat 2: Maximysss85 folded before Flop (didn't bet)
Seat 3: antey89 collected ($5.22)
Seat 4: 2g00d4youu folded before Flop (didn't bet)
Seat 5: Red4erT (button) folded before Flop (didn't bet)
Seat 6: odim777 (small blind) folded before Flop



PokerStars Hand #254636337886:  Hold'em No Limit ($0.50/$1.00 USD) - 2025/01/31 13:40:49 WET [2025/01/31 8:40:49 ET]
Table 'Margot' 6-max Seat #6 is the button
Seat 1: hirotech ($100 in chips) 
Seat 2: Maximysss85 ($101 in chips) 
Seat 3: antey89 ($113.72 in chips) 
Seat 4: 2g00d4youu ($180.56 in chips) 
Seat 5: Red4erT ($42.50 in chips) 
Seat 6: odim777 ($72.58 in chips) 
hirotech: posts small blind $0.50
Maximysss85: posts big blind $1
*** HOLE CARDS ***
antey89: folds 
2g00d4youu: folds 
Red4erT: folds 
odim777: calls $1
hirotech: folds 
Maximysss85: checks 
*** FLOP *** [3h 9s 8d]
Maximysss85: checks 
odim777: bets $2.38
Maximysss85: calls $2.38
*** TURN *** [3h 9s 8d] [Td]
Maximysss85: checks 
odim777: bets $3.45
Maximysss85: calls $3.45
*** RIVER *** [3h 9s 8d Td] [Qs]
Maximysss85: bets $9.01
odim777: calls $9.01
*** SHOW DOWN ***
Maximysss85: shows [9h Jc] (a straight, Eight to Queen)
odim777: shows [Tc Js] (a straight, Eight to Queen)
Maximysss85 collected $15.29 from pot
odim777 collected $15.28 from pot
*** SUMMARY ***
Total pot $32.18 | Rake $1.61 
Board [3h 9s 8d Td Qs]
Seat 1: hirotech (small blind) folded before Flop
Seat 2: Maximysss85 (big blind) showed [9h Jc] and won ($15.29) with a straight, Eight to Queen
Seat 3: antey89 folded before Flop (didn't bet)
Seat 4: 2g00d4youu folded before Flop (didn't bet)
Seat 5: Red4erT folded before Flop (didn't bet)
Seat 6: odim777 (button) showed [Tc Js] and won ($15.28) with a straight, Eight to Queen



PokerStars Hand #254636343456:  Hold'em No Limit ($0.50/$1.00 USD) - 2025/01/31 13:41:23 WET [2025/01/31 8:41:23 ET]
Table 'Margot' 6-max Seat #1 is the button
Seat 1: hirotech ($100 in chips) 
Seat 2: Maximysss85 ($100.45 in chips) 
Seat 3: antey89 ($113.72 in chips) 
Seat 4: 2g00d4youu ($180.56 in chips) 
Seat 5: Red4erT ($42.50 in chips) 
Seat 6: odim777 ($72.02 in chips) 
Maximysss85: posts small blind $0.50
antey89: posts big blind $1
*** HOLE CARDS ***
2g00d4youu: folds 
Red4erT: folds 
odim777: folds 
hirotech: folds 
Maximysss85: folds 
Uncalled bet ($0.50) returned to antey89
antey89 collected $1 from pot
antey89: doesn't show hand 
*** SUMMARY ***
Total pot $1 | Rake $0 
Seat 1: hirotech (button) folded before Flop (didn't bet)
Seat 2: Maximysss85 (small blind) folded before Flop
Seat 3: antey89 (big blind) collected ($1)
Seat 4: 2g00d4youu folded before Flop (didn't bet)
Seat 5: Red4erT folded before Flop (didn't bet)
Seat 6: odim777 folded before Flop (didn't bet)



PokerStars Hand #254636344996:  Hold'em No Limit ($0.50/$1.00 USD) - 2025/01/31 13:41:32 WET [2025/01/31 8:41:32 ET]
Table 'Margot' 6-max Seat #2 is the button
Seat 1: hirotech ($100 in chips) 
Seat 2: Maximysss85 ($100 in chips) 
Seat 3: antey89 ($114.22 in chips) 
Seat 4: 2g00d4youu ($180.56 in chips) 
Seat 5: Red4erT ($42.50 in chips) 
Seat 6: odim777 ($72.02 in chips) 
antey89: posts small blind $0.50
2g00d4youu: posts big blind $1
*** HOLE CARDS ***
Red4erT: folds 
odim777: calls $1
hirotech: folds 
Maximysss85: folds 
antey89: folds 
2g00d4youu: checks 
*** FLOP *** [Th 5d 6c]
2g00d4youu: checks 
odim777: checks 
*** TURN *** [Th 5d 6c] [Qs]
2g00d4youu: bets $1.79
odim777: calls $1.79
*** RIVER *** [Th 5d 6c Qs] [4h]
2g00d4youu: bets $4.34
odim777: calls $4.34
*** SHOW DOWN ***
2g00d4youu: shows [Js 8h] (high card Queen)
odim777: shows [Qd Kd] (a pair of Queens)
odim777 collected $14.02 from pot
*** SUMMARY ***
Total pot $14.76 | Rake $0.74 
Board [Th 5d 6c Qs 4h]
Seat 1: hirotech folded before Flop (didn't bet)
Seat 2: Maximysss85 (button) folded before Flop (didn't bet)
Seat 3: antey89 (small blind) folded before Flop
Seat 4: 2g00d4youu (big blind) showed [Js 8h] and lost with high card Queen
Seat 5: Red4erT folded before Flop (didn't bet)
Seat 6: odim777 showed [Qd Kd] and won ($14.02) with a pair of Queens



PokerStars Hand #254636356362:  Hold'em No Limit ($0.50/$1.00 USD) - 2025/01/31 13:42:40 WET [2025/01/31 8:42:40 ET]
Table 'Margot' 6-max Seat #3 is the button
Seat 1: hirotech ($100 in chips) 
Seat 2: Maximysss85 ($100 in chips) 
Seat 3: antey89 ($113.72 in chips) 
Seat 4: 2g00d4youu ($173.43 in chips) 
Seat 5: Red4erT ($42.50 in chips) 
Seat 6: odim777 ($78.91 in chips) 
2g00d4youu: posts small blind $0.50
Red4erT: posts big blind $1
*** HOLE CARDS ***
odim777: folds 
hirotech: folds 
Maximysss85: folds 
antey89: raises $1.50 to $2.50
2g00d4youu: raises $7.50 to $10
Red4erT: folds 
antey89: calls $7.50
*** FLOP *** [Th Ts Kc]
2g00d4youu: bets $8
antey89: calls $8
*** TURN *** [Th Ts Kc] [5s]
2g00d4youu: checks 
antey89: checks 
*** RIVER *** [Th Ts Kc 5s] [8d]
2g00d4youu: bets $8.79
antey89: calls $8.79
*** SHOW DOWN ***
2g00d4youu: shows [Jh Js] (two pair, Jacks and Tens)
antey89: mucks hand 
2g00d4youu collected $52.08 from pot
*** SUMMARY ***
Total pot $54.58 | Rake $2.50 
Board [Th Ts Kc 5s 8d]
Seat 1: hirotech folded before Flop (didn't bet)
Seat 2: Maximysss85 folded before Flop (didn't bet)
Seat 3: antey89 (button) mucked
Seat 4: 2g00d4youu (small blind) showed [Jh Js] and won ($52.08) with two pair, Jacks and Tens
Seat 5: Red4erT (big blind) folded before Flop
Seat 6: odim777 folded before Flop (didn't bet)



PokerStars Hand #254636378072:  Hold'em No Limit ($0.50/$1.00 USD) - 2025/01/31 13:44:52 WET [2025/01/31 8:44:52 ET]
Table 'Margot' 6-max Seat #4 is the button
Seat 1: hirotech ($100 in chips) 
Seat 2: Maximysss85 ($100 in chips) 
Seat 3: antey89 ($100 in chips) 
Seat 4: 2g00d4youu ($198.72 in chips) 
Seat 5: Red4erT ($41.50 in chips) 
Seat 6: odim777 ($78.91 in chips) 
Red4erT: posts small blind $0.50
odim777: posts big blind $1
*** HOLE CARDS ***
hirotech: folds 
Maximysss85: folds 
antey89: folds 
2g00d4youu: folds 
Red4erT: folds 
Uncalled bet ($0.50) returned to odim777
odim777 collected $1 from pot
*** SUMMARY ***
Total pot $1 | Rake $0 
Seat 1: hirotech folded before Flop (didn't bet)
Seat 2: Maximysss85 folded before Flop (didn't bet)
Seat 3: antey89 folded before Flop (didn't bet)
Seat 4: 2g00d4youu (button) folded before Flop (didn't bet)
Seat 5: Red4erT (small blind) folded before Flop
Seat 6: odim777 (big blind) collected ($1)



PokerStars Hand #254636380862:  Hold'em No Limit ($0.50/$1.00 USD) - 2025/01/31 13:45:08 WET [2025/01/31 8:45:08 ET]
Table 'Margot' 6-max Seat #5 is the button
Seat 1: hirotech ($100 in chips) 
Seat 2: Maximysss85 ($100 in chips) 
Seat 3: antey89 ($100 in chips) 
Seat 4: 2g00d4youu ($198.72 in chips) 
Seat 5: Red4erT ($41 in chips) 
Seat 6: odim777 ($79.41 in chips) 
odim777: posts small blind $0.50
hirotech: posts big blind $1
*** HOLE CARDS ***
Maximysss85: folds 
antey89: folds 
2g00d4youu: raises $1.50 to $2.50
Red4erT: raises $4 to $6.50
odim777: folds 
hirotech: folds 
2g00d4youu: folds 
Uncalled bet ($4) returned to Red4erT
Red4erT collected $6.50 from pot
Red4erT: doesn't show hand 
*** SUMMARY ***
Total pot $6.50 | Rake $0 
Seat 1: hirotech (big blind) folded before Flop
Seat 2: Maximysss85 folded before Flop (didn't bet)
Seat 3: antey89 folded before Flop (didn't bet)
Seat 4: 2g00d4youu folded before Flop
Seat 5: Red4erT (button) collected ($6.50)
Seat 6: odim777 (small blind) folded before Flop



PokerStars Hand #254636385211:  Hold'em No Limit ($0.50/$1.00 USD) - 2025/01/31 13:45:35 WET [2025/01/31 8:45:35 ET]
Table 'Margot' 6-max Seat #6 is the button
Seat 1: hirotech ($100 in chips) 
Seat 2: Maximysss85 ($100 in chips) 
Seat 3: antey89 ($100 in chips) 
Seat 4: 2g00d4youu ($196.22 in chips) 
Seat 5: Red4erT ($45 in chips) 
Seat 6: odim777 ($78.91 in chips) 
hirotech: posts small blind $0.50
Maximysss85: posts big blind $1
*** HOLE CARDS ***
antey89: folds 
2g00d4youu: folds 
Red4erT: folds 
odim777: folds 
hirotech: raises $2 to $3
Maximysss85: calls $2
*** FLOP *** [4c 8s 8c]
hirotech: bets $2.85
Maximysss85: folds 
Uncalled bet ($2.85) returned to hirotech
hirotech collected $5.70 from pot
hirotech: doesn't show hand 
*** SUMMARY ***
Total pot $6 | Rake $0.30 
Board [4c 8s 8c]
Seat 1: hirotech (small blind) collected ($5.70)
Seat 2: Maximysss85 (big blind) folded on the Flop
Seat 3: antey89 folded before Flop (didn't bet)
Seat 4: 2g00d4youu folded before Flop (didn't bet)
Seat 5: Red4erT folded before Flop (didn't bet)
Seat 6: odim777 (button) folded before Flop (didn't bet)



PokerStars Hand #254636388722:  Hold'em No Limit ($0.50/$1.00 USD) - 2025/01/31 13:45:56 WET [2025/01/31 8:45:56 ET]
Table 'Margot' 6-max Seat #1 is the button
Seat 1: hirotech ($102.70 in chips) 
Seat 2: Maximysss85 ($100 in chips) 
Seat 3: antey89 ($100 in chips) 
Seat 4: 2g00d4youu ($196.22 in chips) 
Seat 5: Red4erT ($45 in chips) 
Seat 6: odim777 ($78.91 in chips) 
Maximysss85: posts small blind $0.50
antey89: posts big blind $1
*** HOLE CARDS ***
2g00d4youu: folds 
Red4erT: folds 
odim777: calls $1
hirotech: raises $2 to $3
Maximysss85: folds 
antey89: calls $2
odim777: raises $75.91 to $78.91 and is all-in
hirotech: folds 
antey89: folds 
Uncalled bet ($75.91) returned to odim777
odim777 collected $9.50 from pot
*** SUMMARY ***
Total pot $9.50 | Rake $0 
Seat 1: hirotech (button) folded before Flop
Seat 2: Maximysss85 (small blind) folded before Flop
Seat 3: antey89 (big blind) folded before Flop
Seat 4: 2g00d4youu folded before Flop (didn't bet)
Seat 5: Red4erT folded before Flop (didn't bet)
Seat 6: odim777 collected ($9.50)



PokerStars Hand #254636398535:  Hold'em No Limit ($0.50/$1.00 USD) - 2025/01/31 13:46:54 WET [2025/01/31 8:46:54 ET]
Table 'Margot' 6-max Seat #2 is the button
Seat 1: hirotech ($100 in chips) 
Seat 2: Maximysss85 ($100 in chips) 
Seat 3: antey89 ($100 in chips) 
Seat 4: 2g00d4youu ($196.22 in chips) 
Seat 5: Red4erT ($45 in chips) 
Seat 6: odim777 ($85.41 in chips) 
antey89: posts small blind $0.50
2g00d4youu: posts big blind $1
*** HOLE CARDS ***
Red4erT: folds 
odim777: folds 
hirotech: raises $2 to $3
Red4erT leaves the table
Maximysss85: raises $5.85 to $8.85
antey89: folds 
2g00d4youu: folds 
hirotech: calls $5.85
*** FLOP *** [Th Jd Js]
hirotech: checks 
Maximysss85: bets $7.30
hirotech: raises $32.84 to $40.14
Maximysss85: folds 
Uncalled bet ($32.84) returned to hirotech
hirotech collected $32.11 from pot
hirotech: doesn't show hand 
*** SUMMARY ***
Total pot $33.80 | Rake $1.69 
Board [Th Jd Js]
Seat 1: hirotech collected ($32.11)
Seat 2: Maximysss85 (button) folded on the Flop
Seat 3: antey89 (small blind) folded before Flop
Seat 4: 2g00d4youu (big blind) folded before Flop
Seat 5: Red4erT folded before Flop (didn't bet)
Seat 6: odim777 folded before Flop (didn't bet)



PokerStars Hand #254636404620:  Hold'em No Limit ($0.50/$1.00 USD) - 2025/01/31 13:47:30 WET [2025/01/31 8:47:30 ET]
Table 'Margot' 6-max Seat #3 is the button
Seat 1: hirotech ($115.96 in chips) 
Seat 2: Maximysss85 ($100 in chips) 
Seat 3: antey89 ($100 in chips) 
Seat 4: 2g00d4youu ($195.22 in chips) 
Seat 6: odim777 ($85.41 in chips) 
2g00d4youu: posts small blind $0.50
odim777: posts big blind $1
*** HOLE CARDS ***
hirotech: folds 
Maximysss85: raises $1.50 to $2.50
antey89: raises $5 to $7.50
2g00d4youu: folds 
odim777: folds 
Maximysss85: folds 
Uncalled bet ($5) returned to antey89
antey89 collected $6.50 from pot
antey89: doesn't show hand 
*** SUMMARY ***
Total pot $6.50 | Rake $0 
Seat 1: hirotech folded before Flop (didn't bet)
Seat 2: Maximysss85 folded before Flop
Seat 3: antey89 (button) collected ($6.50)
Seat 4: 2g00d4youu (small blind) folded before Flop
Seat 6: odim777 (big blind) folded before Flop



PokerStars Hand #254636407308:  Hold'em No Limit ($0.50/$1.00 USD) - 2025/01/31 13:47:46 WET [2025/01/31 8:47:46 ET]
Table 'Margot' 6-max Seat #4 is the button
Seat 1: hirotech ($115.96 in chips) 
Seat 2: Maximysss85 ($100 in chips) 
Seat 3: antey89 ($104 in chips) 
Seat 4: 2g00d4youu ($194.72 in chips) 
Seat 6: odim777 ($84.41 in chips) 
odim777: posts small blind $0.50
hirotech: posts big blind $1
*** HOLE CARDS ***
Maximysss85: folds 
antey89: folds 
LuckyShikari joins the table at seat #5 
2g00d4youu: raises $1.50 to $2.50
odim777: folds 
hirotech: calls $1.50
*** FLOP *** [2c 6c 5d]
hirotech: checks 
2g00d4youu: checks 
*** TURN *** [2c 6c 5d] [3s]
hirotech: bets $2.61
2g00d4youu: folds 
Uncalled bet ($2.61) returned to hirotech
hirotech collected $5.22 from pot
hirotech: doesn't show hand 
*** SUMMARY ***
Total pot $5.50 | Rake $0.28 
Board [2c 6c 5d 3s]
Seat 1: hirotech (big blind) collected ($5.22)
Seat 2: Maximysss85 folded before Flop (didn't bet)
Seat 3: antey89 folded before Flop (didn't bet)
Seat 4: 2g00d4youu (button) folded on the Turn
Seat 6: odim777 (small blind) folded before Flop



PokerStars Hand #254636412322:  Hold'em No Limit ($0.50/$1.00 USD) - 2025/01/31 13:48:17 WET [2025/01/31 8:48:17 ET]
Table 'Margot' 6-max Seat #6 is the button
Seat 5: LuckyShikari ($100 in chips) is sitting out
Seat 1: hirotech ($118.68 in chips) 
Seat 2: Maximysss85 ($100 in chips) 
Seat 3: antey89 ($104 in chips) 
Seat 4: 2g00d4youu ($192.22 in chips) 
Seat 6: odim777 ($83.91 in chips) 
hirotech: posts small blind $0.50
Maximysss85: posts big blind $1
LuckyShikari: sits out 
*** HOLE CARDS ***
antey89: folds 
2g00d4youu: raises $1.50 to $2.50
odim777: folds 
hirotech: calls $2
Maximysss85: raises $11.25 to $13.75
2g00d4youu: folds 
hirotech: folds 
Uncalled bet ($11.25) returned to Maximysss85
Maximysss85 collected $7.50 from pot
Maximysss85: doesn't show hand 
*** SUMMARY ***
Total pot $7.50 | Rake $0 
Seat 5: LuckyShikari
Seat 1: hirotech (small blind) folded before Flop
Seat 2: Maximysss85 (big blind) collected ($7.50)
Seat 3: antey89 folded before Flop (didn't bet)
Seat 4: 2g00d4youu folded before Flop
Seat 6: odim777 (button) folded before Flop (didn't bet)



PokerStars Hand #254636418370:  Hold'em No Limit ($0.50/$1.00 USD) - 2025/01/31 13:48:53 WET [2025/01/31 8:48:53 ET]
Table 'Margot' 6-max Seat #1 is the button
Seat 5: LuckyShikari ($100 in chips) is sitting out
Seat 1: hirotech ($116.18 in chips) 
Seat 2: Maximysss85 ($105 in chips) 
Seat 3: antey89 ($104 in chips) 
Seat 4: 2g00d4youu ($189.72 in chips) 
Seat 6: odim777 ($83.91 in chips) 
Maximysss85: posts small blind $0.50
antey89: posts big blind $1
LuckyShikari: sits out 
*** HOLE CARDS ***
2g00d4youu: folds 
odim777: calls $1
hirotech: folds 
Maximysss85: folds 
antey89: checks 
*** FLOP *** [Ah As Tc]
antey89: checks 
odim777: bets $1.19
antey89: folds 
Uncalled bet ($1.19) returned to odim777
odim777 collected $2.38 from pot
*** SUMMARY ***
Total pot $2.50 | Rake $0.12 
Board [Ah As Tc]
Seat 5: LuckyShikari
Seat 1: hirotech (button) folded before Flop (didn't bet)
Seat 2: Maximysss85 (small blind) folded before Flop
Seat 3: antey89 (big blind) folded on the Flop
Seat 4: 2g00d4youu folded before Flop (didn't bet)
Seat 6: odim777 collected ($2.38)



PokerStars Hand #254636421788:  Hold'em No Limit ($0.50/$1.00 USD) - 2025/01/31 13:49:13 WET [2025/01/31 8:49:13 ET]
Table 'Margot' 6-max Seat #2 is the button
Seat 5: LuckyShikari ($100 in chips) is sitting out
Seat 1: hirotech ($116.18 in chips) 
Seat 2: Maximysss85 ($104.50 in chips) 
Seat 3: antey89 ($103 in chips) 
Seat 4: 2g00d4youu ($189.72 in chips) 
Seat 6: odim777 ($85.29 in chips) 
antey89: posts small blind $0.50
2g00d4youu: posts big blind $1
LuckyShikari: sits out 
*** HOLE CARDS ***
odim777: folds 
hirotech: folds 
Maximysss85: raises $1.50 to $2.50
antey89: folds 
2g00d4youu: folds 
Uncalled bet ($1.50) returned to Maximysss85
Maximysss85 collected $2.50 from pot
Maximysss85: doesn't show hand 
*** SUMMARY ***
Total pot $2.50 | Rake $0 
Seat 5: LuckyShikari
Seat 1: hirotech folded before Flop (didn't bet)
Seat 2: Maximysss85 (button) collected ($2.50)
Seat 3: antey89 (small blind) folded before Flop
Seat 4: 2g00d4youu (big blind) folded before Flop
Seat 6: odim777 folded before Flop (didn't bet)



PokerStars Hand #254636423868:  Hold'em No Limit ($0.50/$1.00 USD) - 2025/01/31 13:49:26 WET [2025/01/31 8:49:26 ET]
Table 'Margot' 6-max Seat #3 is the button
Seat 1: hirotech ($116.18 in chips) 
Seat 2: Maximysss85 ($106 in chips) 
Seat 3: antey89 ($102.50 in chips) 
Seat 4: 2g00d4youu ($188.72 in chips) 
Seat 5: LuckyShikari ($100 in chips) 
Seat 6: odim777 ($85.29 in chips) 
2g00d4youu: posts small blind $0.50
LuckyShikari: posts big blind $1
*** HOLE CARDS ***
odim777: calls $1
hirotech: folds 
Maximysss85: folds 
antey89: folds 
2g00d4youu: raises $4 to $5
LuckyShikari: folds 
odim777: folds 
Uncalled bet ($4) returned to 2g00d4youu
2g00d4youu collected $3 from pot
2g00d4youu: doesn't show hand 
*** SUMMARY ***
Total pot $3 | Rake $0 
Seat 1: hirotech folded before Flop (didn't bet)
Seat 2: Maximysss85 folded before Flop (didn't bet)
Seat 3: antey89 (button) folded before Flop (didn't bet)
Seat 4: 2g00d4youu (small blind) collected ($3)
Seat 5: LuckyShikari (big blind) folded before Flop
Seat 6: odim777 folded before Flop



PokerStars Hand #254636426971:  Hold'em No Limit ($0.50/$1.00 USD) - 2025/01/31 13:49:44 WET [2025/01/31 8:49:44 ET]
Table 'Margot' 6-max Seat #4 is the button
Seat 1: hirotech ($116.18 in chips) 
Seat 2: Maximysss85 ($106 in chips) 
Seat 3: antey89 ($102.50 in chips) 
Seat 4: 2g00d4youu ($190.72 in chips) 
Seat 5: LuckyShikari ($100 in chips) 
Seat 6: odim777 ($84.29 in chips) 
LuckyShikari: posts small blind $0.50
odim777: posts big blind $1
*** HOLE CARDS ***
hirotech: folds 
Maximysss85: folds 
antey89: folds 
2g00d4youu: raises $1.50 to $2.50
LuckyShikari: folds 
odim777: folds 
Uncalled bet ($1.50) returned to 2g00d4youu
2g00d4youu collected $2.50 from pot
2g00d4youu: doesn't show hand 
*** SUMMARY ***
Total pot $2.50 | Rake $0 
Seat 1: hirotech folded before Flop (didn't bet)
Seat 2: Maximysss85 folded before Flop (didn't bet)
Seat 3: antey89 folded before Flop (didn't bet)
Seat 4: 2g00d4youu (button) collected ($2.50)
Seat 5: LuckyShikari (small blind) folded before Flop
Seat 6: odim777 (big blind) folded before Flop



PokerStars Hand #254636430401:  Hold'em No Limit ($0.50/$1.00 USD) - 2025/01/31 13:50:04 WET [2025/01/31 8:50:04 ET]
Table 'Margot' 6-max Seat #5 is the button
Seat 1: hirotech ($116.18 in chips) 
Seat 2: Maximysss85 ($106 in chips) 
Seat 3: antey89 ($102.50 in chips) 
Seat 4: 2g00d4youu ($192.22 in chips) 
Seat 5: LuckyShikari ($100 in chips) 
Seat 6: odim777 ($83.29 in chips) 
odim777: posts small blind $0.50
hirotech: posts big blind $1
*** HOLE CARDS ***
Maximysss85: folds 
antey89: folds 
2g00d4youu: folds 
LuckyShikari: folds 
odim777: raises $2 to $3
hirotech: calls $2
*** FLOP *** [4h Ts 3c]
odim777: checks 
hirotech: bets $2.85
odim777: calls $2.85
*** TURN *** [4h Ts 3c] [Qc]
odim777: checks 
hirotech: bets $5.56
odim777: calls $5.56
*** RIVER *** [4h Ts 3c Qc] [Jh]
odim777: checks 
hirotech: bets $21.68
odim777: calls $21.68
*** SHOW DOWN ***
hirotech: shows [As Kh] (a straight, Ten to Ace)
odim777: mucks hand 
hirotech collected $63.68 from pot
*** SUMMARY ***
Total pot $66.18 | Rake $2.50 
Board [4h Ts 3c Qc Jh]
Seat 1: hirotech (big blind) showed [As Kh] and won ($63.68) with a straight, Ten to Ace
Seat 2: Maximysss85 folded before Flop (didn't bet)
Seat 3: antey89 folded before Flop (didn't bet)
Seat 4: 2g00d4youu folded before Flop (didn't bet)
Seat 5: LuckyShikari (button) folded before Flop (didn't bet)
Seat 6: odim777 (small blind) mucked



PokerStars Hand #254636438942:  Hold'em No Limit ($0.50/$1.00 USD) - 2025/01/31 13:50:55 WET [2025/01/31 8:50:55 ET]
Table 'Margot' 6-max Seat #6 is the button
Seat 1: hirotech ($146.77 in chips) 
Seat 2: Maximysss85 ($106 in chips) 
Seat 3: antey89 ($102.50 in chips) 
Seat 4: 2g00d4youu ($192.22 in chips) 
Seat 5: LuckyShikari ($100 in chips) 
Seat 6: odim777 ($50.20 in chips) 
hirotech: posts small blind $0.50
Maximysss85: posts big blind $1
*** HOLE CARDS ***
antey89: folds 
2g00d4youu: folds 
LuckyShikari: folds 
odim777: folds 
odim777 leaves the table
hirotech: raises $2 to $3
Maximysss85: folds 
Uncalled bet ($2) returned to hirotech
hirotech collected $2 from pot
hirotech: doesn't show hand 
*** SUMMARY ***
Total pot $2 | Rake $0 
Seat 1: hirotech (small blind) collected ($2)
Seat 2: Maximysss85 (big blind) folded before Flop
Seat 3: antey89 folded before Flop (didn't bet)
Seat 4: 2g00d4youu folded before Flop (didn't bet)
Seat 5: LuckyShikari folded before Flop (didn't bet)
Seat 6: odim777 (button) folded before Flop (didn't bet)



PokerStars Hand #254636441512:  Hold'em No Limit ($0.50/$1.00 USD) - 2025/01/31 13:51:10 WET [2025/01/31 8:51:10 ET]
Table 'Margot' 6-max Seat #1 is the button
Seat 1: hirotech ($147.77 in chips) 
Seat 2: Maximysss85 ($105 in chips) 
Seat 3: antey89 ($102.50 in chips) 
Seat 4: 2g00d4youu ($192.22 in chips) 
Seat 5: LuckyShikari ($100 in chips) 
Maximysss85: posts small blind $0.50
antey89: posts big blind $1
*** HOLE CARDS ***
2g00d4youu: raises $1.50 to $2.50
vadjkeee joins the table at seat #6 
LuckyShikari: folds 
hirotech: folds 
Maximysss85: folds 
antey89: folds 
Uncalled bet ($1.50) returned to 2g00d4youu
2g00d4youu collected $2.50 from pot
2g00d4youu: doesn't show hand 
*** SUMMARY ***
Total pot $2.50 | Rake $0 
Seat 1: hirotech (button) folded before Flop (didn't bet)
Seat 2: Maximysss85 (small blind) folded before Flop
Seat 3: antey89 (big blind) folded before Flop
Seat 4: 2g00d4youu collected ($2.50)
Seat 5: LuckyShikari folded before Flop (didn't bet)



PokerStars Hand #254636445733:  Hold'em No Limit ($0.50/$1.00 USD) - 2025/01/31 13:51:36 WET [2025/01/31 8:51:36 ET]
Table 'Margot' 6-max Seat #2 is the button
Seat 6: vadjkeee ($100 in chips) is sitting out
Seat 1: hirotech ($147.77 in chips) 
Seat 2: Maximysss85 ($104.50 in chips) 
Seat 3: antey89 ($101.50 in chips) 
Seat 4: 2g00d4youu ($193.72 in chips) 
Seat 5: LuckyShikari ($100 in chips) 
antey89: posts small blind $0.50
2g00d4youu: posts big blind $1
vadjkeee: sits out 
*** HOLE CARDS ***
LuckyShikari: folds 
hirotech: raises $2 to $3
Maximysss85: folds 
antey89: folds 
2g00d4youu: folds 
Uncalled bet ($2) returned to hirotech
hirotech collected $2.50 from pot
hirotech: doesn't show hand 
*** SUMMARY ***
Total pot $2.50 | Rake $0 
Seat 6: vadjkeee
Seat 1: hirotech collected ($2.50)
Seat 2: Maximysss85 (button) folded before Flop (didn't bet)
Seat 3: antey89 (small blind) folded before Flop
Seat 4: 2g00d4youu (big blind) folded before Flop
Seat 5: LuckyShikari folded before Flop (didn't bet)



PokerStars Hand #254636509796:  Hold'em No Limit ($0.50/$1.00 USD) - 2025/01/31 13:58:47 WET [2025/01/31 8:58:47 ET]
Table 'Margot' 6-max Seat #6 is the button
Seat 1: hirotech ($138.13 in chips) 
Seat 2: Maximysss85 ($104.50 in chips) 
Seat 3: antey89 ($102.72 in chips) 
Seat 4: 2g00d4youu ($205.91 in chips) 
Seat 5: LuckyShikari ($100 in chips) 
Seat 6: vadjkeee ($117.47 in chips) 
hirotech: posts small blind $0.50
Maximysss85: posts big blind $1
*** HOLE CARDS ***
antey89: folds 
2g00d4youu: raises $1.50 to $2.50
LuckyShikari: calls $2.50
vadjkeee: folds 
hirotech: calls $2
Maximysss85: folds 
*** FLOP *** [4d 9d Ah]
hirotech: checks 
2g00d4youu: checks 
LuckyShikari: checks 
*** TURN *** [4d 9d Ah] [7c]
hirotech: bets $8.08
2g00d4youu: folds 
LuckyShikari: folds 
Uncalled bet ($8.08) returned to hirotech
hirotech collected $8.08 from pot
hirotech: doesn't show hand 
*** SUMMARY ***
Total pot $8.50 | Rake $0.42 
Board [4d 9d Ah 7c]
Seat 1: hirotech (small blind) collected ($8.08)
Seat 2: Maximysss85 (big blind) folded before Flop
Seat 3: antey89 folded before Flop (didn't bet)
Seat 4: 2g00d4youu folded on the Turn
Seat 5: LuckyShikari folded on the Turn
Seat 6: vadjkeee (button) folded before Flop (didn't bet)



PokerStars Hand #254636517596:  Hold'em No Limit ($0.50/$1.00 USD) - 2025/01/31 13:59:46 WET [2025/01/31 8:59:46 ET]
Table 'Margot' 6-max Seat #1 is the button
Seat 1: hirotech ($143.71 in chips) 
Seat 2: Maximysss85 ($103.50 in chips) 
Seat 3: antey89 ($102.72 in chips) 
Seat 4: 2g00d4youu ($203.41 in chips) 
Seat 5: LuckyShikari ($100 in chips) 
Seat 6: vadjkeee ($117.47 in chips) 
Maximysss85: posts small blind $0.50
antey89: posts big blind $1
*** HOLE CARDS ***
2g00d4youu: folds 
LuckyShikari: folds 
vadjkeee: folds 
hirotech: folds 
Maximysss85: raises $2 to $3
antey89: folds 
Uncalled bet ($2) returned to Maximysss85
Maximysss85 collected $2 from pot
Maximysss85: doesn't show hand 
*** SUMMARY ***
Total pot $2 | Rake $0 
Seat 1: hirotech (button) folded before Flop (didn't bet)
Seat 2: Maximysss85 (small blind) collected ($2)
Seat 3: antey89 (big blind) folded before Flop
Seat 4: 2g00d4youu folded before Flop (didn't bet)
Seat 5: LuckyShikari folded before Flop (didn't bet)
Seat 6: vadjkeee folded before Flop (didn't bet)



PokerStars Hand #254636520194:  Hold'em No Limit ($0.50/$1.00 USD) - 2025/01/31 14:00:04 WET [2025/01/31 9:00:04 ET]
Table 'Margot' 6-max Seat #2 is the button
Seat 1: hirotech ($143.71 in chips) 
Seat 2: Maximysss85 ($104.50 in chips) 
Seat 3: antey89 ($101.72 in chips) 
Seat 4: 2g00d4youu ($203.41 in chips) 
Seat 5: LuckyShikari ($100 in chips) 
Seat 6: vadjkeee ($117.47 in chips) 
antey89: posts small blind $0.50
2g00d4youu: posts big blind $1
*** HOLE CARDS ***
LuckyShikari: folds 
vadjkeee: raises $1.50 to $2.50
hirotech: folds 
Maximysss85: folds 
antey89: folds 
2g00d4youu: folds 
Uncalled bet ($1.50) returned to vadjkeee
vadjkeee collected $2.50 from pot
vadjkeee: doesn't show hand 
*** SUMMARY ***
Total pot $2.50 | Rake $0 
Seat 1: hirotech folded before Flop (didn't bet)
Seat 2: Maximysss85 (button) folded before Flop (didn't bet)
Seat 3: antey89 (small blind) folded before Flop
Seat 4: 2g00d4youu (big blind) folded before Flop
Seat 5: LuckyShikari folded before Flop (didn't bet)
Seat 6: vadjkeee collected ($2.50)



PokerStars Hand #254636523395:  Hold'em No Limit ($0.50/$1.00 USD) - 2025/01/31 14:00:28 WET [2025/01/31 9:00:28 ET]
Table 'Margot' 6-max Seat #3 is the button
Seat 1: hirotech ($143.71 in chips) 
Seat 2: Maximysss85 ($104.50 in chips) 
Seat 3: antey89 ($101.22 in chips) 
Seat 4: 2g00d4youu ($202.41 in chips) 
Seat 5: LuckyShikari ($100 in chips) 
Seat 6: vadjkeee ($118.97 in chips) 
2g00d4youu: posts small blind $0.50
LuckyShikari: posts big blind $1
*** HOLE CARDS ***
vadjkeee: folds 
hirotech: folds 
Maximysss85: folds 
antey89: folds 
2g00d4youu: folds 
Uncalled bet ($0.50) returned to LuckyShikari
LuckyShikari collected $1 from pot
LuckyShikari: doesn't show hand 
*** SUMMARY ***
Total pot $1 | Rake $0 
Seat 1: hirotech folded before Flop (didn't bet)
Seat 2: Maximysss85 folded before Flop (didn't bet)
Seat 3: antey89 (button) folded before Flop (didn't bet)
Seat 4: 2g00d4youu (small blind) folded before Flop
Seat 5: LuckyShikari (big blind) collected ($1)
Seat 6: vadjkeee folded before Flop (didn't bet)



PokerStars Hand #254636526674:  Hold'em No Limit ($0.50/$1.00 USD) - 2025/01/31 14:00:51 WET [2025/01/31 9:00:51 ET]
Table 'Margot' 6-max Seat #4 is the button
Seat 1: hirotech ($143.71 in chips) 
Seat 2: Maximysss85 ($104.50 in chips) 
Seat 3: antey89 ($101.22 in chips) 
Seat 4: 2g00d4youu ($201.91 in chips) 
Seat 5: LuckyShikari ($100.50 in chips) 
Seat 6: vadjkeee ($118.97 in chips) 
LuckyShikari: posts small blind $0.50
vadjkeee: posts big blind $1
*** HOLE CARDS ***
hirotech: raises $2 to $3
Maximysss85: folds 
antey89: folds 
2g00d4youu: folds 
LuckyShikari: folds 
vadjkeee: folds 
Uncalled bet ($2) returned to hirotech
hirotech collected $2.50 from pot
hirotech: doesn't show hand 
*** SUMMARY ***
Total pot $2.50 | Rake $0 
Seat 1: hirotech collected ($2.50)
Seat 2: Maximysss85 folded before Flop (didn't bet)
Seat 3: antey89 folded before Flop (didn't bet)
Seat 4: 2g00d4youu (button) folded before Flop (didn't bet)
Seat 5: LuckyShikari (small blind) folded before Flop
Seat 6: vadjkeee (big blind) folded before Flop



PokerStars Hand #254636531645:  Hold'em No Limit ($0.50/$1.00 USD) - 2025/01/31 14:01:22 WET [2025/01/31 9:01:22 ET]
Table 'Margot' 6-max Seat #5 is the button
Seat 1: hirotech ($145.21 in chips) 
Seat 2: Maximysss85 ($104.50 in chips) 
Seat 3: antey89 ($101.22 in chips) 
Seat 4: 2g00d4youu ($201.91 in chips) 
Seat 5: LuckyShikari ($100 in chips) 
Seat 6: vadjkeee ($117.97 in chips) 
vadjkeee: posts small blind $0.50
hirotech: posts big blind $1
*** HOLE CARDS ***
Maximysss85: folds 
antey89: folds 
2g00d4youu: raises $1.50 to $2.50
LuckyShikari: folds 
vadjkeee: folds 
hirotech: calls $1.50
*** FLOP *** [7d 4s Jd]
hirotech: checks 
2g00d4youu: bets $3.92
hirotech: calls $3.92
*** TURN *** [7d 4s Jd] [9c]
hirotech: checks 
2g00d4youu: bets $9.50
hirotech: folds 
Uncalled bet ($9.50) returned to 2g00d4youu
2g00d4youu collected $12.67 from pot
2g00d4youu: doesn't show hand 
*** SUMMARY ***
Total pot $13.34 | Rake $0.67 
Board [7d 4s Jd 9c]
Seat 1: hirotech (big blind) folded on the Turn
Seat 2: Maximysss85 folded before Flop (didn't bet)
Seat 3: antey89 folded before Flop (didn't bet)
Seat 4: 2g00d4youu collected ($12.67)
Seat 5: LuckyShikari (button) folded before Flop (didn't bet)
Seat 6: vadjkeee (small blind) folded before Flop



PokerStars Hand #254636539325:  Hold'em No Limit ($0.50/$1.00 USD) - 2025/01/31 14:02:09 WET [2025/01/31 9:02:09 ET]
Table 'Margot' 6-max Seat #6 is the button
Seat 1: hirotech ($138.79 in chips) 
Seat 2: Maximysss85 ($104.50 in chips) 
Seat 3: antey89 ($101.22 in chips) 
Seat 4: 2g00d4youu ($208.16 in chips) 
Seat 5: LuckyShikari ($100 in chips) 
Seat 6: vadjkeee ($117.47 in chips) 
hirotech: posts small blind $0.50
Maximysss85: posts big blind $1
*** HOLE CARDS ***
antey89: folds 
2g00d4youu: folds 
LuckyShikari: folds 
vadjkeee: folds 
hirotech: raises $2 to $3
Maximysss85: calls $2
*** FLOP *** [3h 6d 4s]
hirotech: bets $2.85
Maximysss85: folds 
Uncalled bet ($2.85) returned to hirotech
hirotech collected $5.70 from pot
hirotech: doesn't show hand 
*** SUMMARY ***
Total pot $6 | Rake $0.30 
Board [3h 6d 4s]
Seat 1: hirotech (small blind) collected ($5.70)
Seat 2: Maximysss85 (big blind) folded on the Flop
Seat 3: antey89 folded before Flop (didn't bet)
Seat 4: 2g00d4youu folded before Flop (didn't bet)
Seat 5: LuckyShikari folded before Flop (didn't bet)
Seat 6: vadjkeee (button) folded before Flop (didn't bet)



PokerStars Hand #254636543362:  Hold'em No Limit ($0.50/$1.00 USD) - 2025/01/31 14:02:32 WET [2025/01/31 9:02:32 ET]
Table 'Margot' 6-max Seat #1 is the button
Seat 1: hirotech ($141.49 in chips) 
Seat 2: Maximysss85 ($101.50 in chips) 
Seat 3: antey89 ($101.22 in chips) 
Seat 4: 2g00d4youu ($208.16 in chips) 
Seat 5: LuckyShikari ($100 in chips) 
Seat 6: vadjkeee ($117.47 in chips) 
Maximysss85: posts small blind $0.50
antey89: posts big blind $1
*** HOLE CARDS ***
2g00d4youu: raises $1.50 to $2.50
LuckyShikari: folds 
vadjkeee: folds 
hirotech: folds 
Maximysss85: folds 
antey89: folds 
Uncalled bet ($1.50) returned to 2g00d4youu
2g00d4youu collected $2.50 from pot
2g00d4youu: doesn't show hand 
*** SUMMARY ***
Total pot $2.50 | Rake $0 
Seat 1: hirotech (button) folded before Flop (didn't bet)
Seat 2: Maximysss85 (small blind) folded before Flop
Seat 3: antey89 (big blind) folded before Flop
Seat 4: 2g00d4youu collected ($2.50)
Seat 5: LuckyShikari folded before Flop (didn't bet)
Seat 6: vadjkeee folded before Flop (didn't bet)



PokerStars Hand #254636547205:  Hold'em No Limit ($0.50/$1.00 USD) - 2025/01/31 14:02:55 WET [2025/01/31 9:02:55 ET]
Table 'Margot' 6-max Seat #2 is the button
Seat 1: hirotech ($141.49 in chips) 
Seat 2: Maximysss85 ($101 in chips) 
Seat 3: antey89 ($100.22 in chips) 
Seat 4: 2g00d4youu ($209.66 in chips) 
Seat 5: LuckyShikari ($100 in chips) 
Seat 6: vadjkeee ($117.47 in chips) 
antey89: posts small blind $0.50
2g00d4youu: posts big blind $1
*** HOLE CARDS ***
LuckyShikari: raises $1.50 to $2.50
vadjkeee: folds 
hirotech: folds 
Maximysss85: folds 
antey89: folds 
2g00d4youu: folds 
Uncalled bet ($1.50) returned to LuckyShikari
LuckyShikari collected $2.50 from pot
LuckyShikari: doesn't show hand 
*** SUMMARY ***
Total pot $2.50 | Rake $0 
Seat 1: hirotech folded before Flop (didn't bet)
Seat 2: Maximysss85 (button) folded before Flop (didn't bet)
Seat 3: antey89 (small blind) folded before Flop
Seat 4: 2g00d4youu (big blind) folded before Flop
Seat 5: LuckyShikari collected ($2.50)
Seat 6: vadjkeee folded before Flop (didn't bet)



PokerStars Hand #254636550179:  Hold'em No Limit ($0.50/$1.00 USD) - 2025/01/31 14:03:13 WET [2025/01/31 9:03:13 ET]
Table 'Margot' 6-max Seat #3 is the button
Seat 1: hirotech ($141.49 in chips) 
Seat 2: Maximysss85 ($101 in chips) 
Seat 3: antey89 ($100 in chips) 
Seat 4: 2g00d4youu ($208.66 in chips) 
Seat 5: LuckyShikari ($101.50 in chips) 
Seat 6: vadjkeee ($117.47 in chips) 
2g00d4youu: posts small blind $0.50
LuckyShikari: posts big blind $1
*** HOLE CARDS ***
vadjkeee: folds 
hirotech: raises $2 to $3
Maximysss85: folds 
antey89: folds 
2g00d4youu: folds 
LuckyShikari: folds 
Uncalled bet ($2) returned to hirotech
hirotech collected $2.50 from pot
hirotech: doesn't show hand 
*** SUMMARY ***
Total pot $2.50 | Rake $0 
Seat 1: hirotech collected ($2.50)
Seat 2: Maximysss85 folded before Flop (didn't bet)
Seat 3: antey89 (button) folded before Flop (didn't bet)
Seat 4: 2g00d4youu (small blind) folded before Flop
Seat 5: LuckyShikari (big blind) folded before Flop
Seat 6: vadjkeee folded before Flop (didn't bet)



PokerStars Hand #254636553852:  Hold'em No Limit ($0.50/$1.00 USD) - 2025/01/31 14:03:35 WET [2025/01/31 9:03:35 ET]
Table 'Margot' 6-max Seat #4 is the button
Seat 1: hirotech ($142.99 in chips) 
Seat 2: Maximysss85 ($101 in chips) 
Seat 3: antey89 ($100 in chips) 
Seat 4: 2g00d4youu ($208.16 in chips) 
Seat 5: LuckyShikari ($100.50 in chips) 
Seat 6: vadjkeee ($117.47 in chips) 
LuckyShikari: posts small blind $0.50
vadjkeee: posts big blind $1
*** HOLE CARDS ***
hirotech: folds 
Maximysss85: folds 
antey89: folds 
2g00d4youu: raises $1.50 to $2.50
LuckyShikari: folds 
vadjkeee: folds 
Uncalled bet ($1.50) returned to 2g00d4youu
2g00d4youu collected $2.50 from pot
2g00d4youu: doesn't show hand 
*** SUMMARY ***
Total pot $2.50 | Rake $0 
Seat 1: hirotech folded before Flop (didn't bet)
Seat 2: Maximysss85 folded before Flop (didn't bet)
Seat 3: antey89 folded before Flop (didn't bet)
Seat 4: 2g00d4youu (button) collected ($2.50)
Seat 5: LuckyShikari (small blind) folded before Flop
Seat 6: vadjkeee (big blind) folded before Flop



PokerStars Hand #254636557139:  Hold'em No Limit ($0.50/$1.00 USD) - 2025/01/31 14:03:55 WET [2025/01/31 9:03:55 ET]
Table 'Margot' 6-max Seat #5 is the button
Seat 1: hirotech ($142.99 in chips) 
Seat 2: Maximysss85 ($101 in chips) 
Seat 3: antey89 ($100 in chips) 
Seat 4: 2g00d4youu ($209.66 in chips) 
Seat 5: LuckyShikari ($100 in chips) 
Seat 6: vadjkeee ($116.47 in chips) 
vadjkeee: posts small blind $0.50
hirotech: posts big blind $1
*** HOLE CARDS ***
Maximysss85: folds 
antey89: folds 
2g00d4youu: raises $1.50 to $2.50
LuckyShikari: folds 
vadjkeee: folds 
hirotech: calls $1.50
*** FLOP *** [5s 6d Th]
hirotech: checks 
2g00d4youu: bets $2.09
hirotech: calls $2.09
*** TURN *** [5s 6d Th] [Ad]
hirotech: checks 
2g00d4youu: checks 
*** RIVER *** [5s 6d Th Ad] [4h]
hirotech: bets $4.60
2g00d4youu: calls $4.60
*** SHOW DOWN ***
hirotech: shows [5h Kh] (a pair of Fives)
2g00d4youu: shows [9d 9c] (a pair of Nines)
2g00d4youu collected $17.94 from pot
*** SUMMARY ***
Total pot $18.88 | Rake $0.94 
Board [5s 6d Th Ad 4h]
Seat 1: hirotech (big blind) showed [5h Kh] and lost with a pair of Fives
Seat 2: Maximysss85 folded before Flop (didn't bet)
Seat 3: antey89 folded before Flop (didn't bet)
Seat 4: 2g00d4youu showed [9d 9c] and won ($17.94) with a pair of Nines
Seat 5: LuckyShikari (button) folded before Flop (didn't bet)
Seat 6: vadjkeee (small blind) folded before Flop



PokerStars Hand #254636567371:  Hold'em No Limit ($0.50/$1.00 USD) - 2025/01/31 14:04:56 WET [2025/01/31 9:04:56 ET]
Table 'Margot' 6-max Seat #6 is the button
Seat 1: hirotech ($133.80 in chips) 
Seat 2: Maximysss85 ($101 in chips) 
Seat 3: antey89 ($100 in chips) 
Seat 4: 2g00d4youu ($218.41 in chips) 
Seat 5: LuckyShikari ($100 in chips) 
Seat 6: vadjkeee ($115.97 in chips) 
hirotech: posts small blind $0.50
Maximysss85: posts big blind $1
*** HOLE CARDS ***
antey89: folds 
2g00d4youu: folds 
LuckyShikari: folds 
vadjkeee: folds 
hirotech: folds 
Uncalled bet ($0.50) returned to Maximysss85
Maximysss85 collected $1 from pot
Maximysss85: doesn't show hand 
*** SUMMARY ***
Total pot $1 | Rake $0 
Seat 1: hirotech (small blind) folded before Flop
Seat 2: Maximysss85 (big blind) collected ($1)
Seat 3: antey89 folded before Flop (didn't bet)
Seat 4: 2g00d4youu folded before Flop (didn't bet)
Seat 5: LuckyShikari folded before Flop (didn't bet)
Seat 6: vadjkeee (button) folded before Flop (didn't bet)



PokerStars Hand #254636569626:  Hold'em No Limit ($0.50/$1.00 USD) - 2025/01/31 14:05:09 WET [2025/01/31 9:05:09 ET]
Table 'Margot' 6-max Seat #1 is the button
Seat 1: hirotech ($133.30 in chips) 
Seat 2: Maximysss85 ($101.50 in chips) 
Seat 3: antey89 ($100 in chips) 
Seat 4: 2g00d4youu ($218.41 in chips) 
Seat 5: LuckyShikari ($100 in chips) 
Seat 6: vadjkeee ($115.97 in chips) 
Maximysss85: posts small blind $0.50
antey89: posts big blind $1
*** HOLE CARDS ***
2g00d4youu: folds 
LuckyShikari: folds 
vadjkeee: folds 
hirotech: folds 
Maximysss85: folds 
Uncalled bet ($0.50) returned to antey89
antey89 collected $1 from pot
antey89: doesn't show hand 
*** SUMMARY ***
Total pot $1 | Rake $0 
Seat 1: hirotech (button) folded before Flop (didn't bet)
Seat 2: Maximysss85 (small blind) folded before Flop
Seat 3: antey89 (big blind) collected ($1)
Seat 4: 2g00d4youu folded before Flop (didn't bet)
Seat 5: LuckyShikari folded before Flop (didn't bet)
Seat 6: vadjkeee folded before Flop (didn't bet)



PokerStars Hand #254636571693:  Hold'em No Limit ($0.50/$1.00 USD) - 2025/01/31 14:05:21 WET [2025/01/31 9:05:21 ET]
Table 'Margot' 6-max Seat #2 is the button
Seat 1: hirotech ($133.30 in chips) 
Seat 2: Maximysss85 ($101 in chips) 
Seat 3: antey89 ($100.50 in chips) 
Seat 4: 2g00d4youu ($218.41 in chips) 
Seat 5: LuckyShikari ($100 in chips) 
Seat 6: vadjkeee ($115.97 in chips) 
antey89: posts small blind $0.50
2g00d4youu: posts big blind $1
*** HOLE CARDS ***
LuckyShikari: raises $1.25 to $2.25
vadjkeee: folds 
hirotech: calls $2.25
Maximysss85: folds 
antey89: folds 
2g00d4youu: calls $1.25
*** FLOP *** [Ts 4c 3s]
2g00d4youu: checks 
LuckyShikari: bets $5
hirotech: folds 
2g00d4youu: calls $5
*** TURN *** [Ts 4c 3s] [6c]
2g00d4youu: checks 
LuckyShikari: bets $28
2g00d4youu: folds 
Uncalled bet ($28) returned to LuckyShikari
LuckyShikari collected $16.39 from pot
LuckyShikari: doesn't show hand 
*** SUMMARY ***
Total pot $17.25 | Rake $0.86 
Board [Ts 4c 3s 6c]
Seat 1: hirotech folded on the Flop
Seat 2: Maximysss85 (button) folded before Flop (didn't bet)
Seat 3: antey89 (small blind) folded before Flop
Seat 4: 2g00d4youu (big blind) folded on the Turn
Seat 5: LuckyShikari collected ($16.39)
Seat 6: vadjkeee folded before Flop (didn't bet)



PokerStars Hand #254636583246:  Hold'em No Limit ($0.50/$1.00 USD) - 2025/01/31 14:06:30 WET [2025/01/31 9:06:30 ET]
Table 'Margot' 6-max Seat #3 is the button
Seat 1: hirotech ($131.05 in chips) 
Seat 2: Maximysss85 ($101 in chips) 
Seat 3: antey89 ($100 in chips) 
Seat 4: 2g00d4youu ($211.16 in chips) 
Seat 5: LuckyShikari ($109.14 in chips) 
Seat 6: vadjkeee ($115.97 in chips) 
2g00d4youu: posts small blind $0.50
LuckyShikari: posts big blind $1
*** HOLE CARDS ***
vadjkeee: raises $1.50 to $2.50
hirotech: folds 
Maximysss85: folds 
antey89: folds 
2g00d4youu: folds 
LuckyShikari: folds 
Uncalled bet ($1.50) returned to vadjkeee
vadjkeee collected $2.50 from pot
vadjkeee: doesn't show hand 
*** SUMMARY ***
Total pot $2.50 | Rake $0 
Seat 1: hirotech folded before Flop (didn't bet)
Seat 2: Maximysss85 folded before Flop (didn't bet)
Seat 3: antey89 (button) folded before Flop (didn't bet)
Seat 4: 2g00d4youu (small blind) folded before Flop
Seat 5: LuckyShikari (big blind) folded before Flop
Seat 6: vadjkeee collected ($2.50)



PokerStars Hand #254636586037:  Hold'em No Limit ($0.50/$1.00 USD) - 2025/01/31 14:06:47 WET [2025/01/31 9:06:47 ET]
Table 'Margot' 6-max Seat #4 is the button
Seat 1: hirotech ($131.05 in chips) 
Seat 2: Maximysss85 ($101 in chips) 
Seat 3: antey89 ($100 in chips) 
Seat 4: 2g00d4youu ($210.66 in chips) 
Seat 5: LuckyShikari ($108.14 in chips) 
Seat 6: vadjkeee ($117.47 in chips) 
LuckyShikari: posts small blind $0.50
vadjkeee: posts big blind $1
*** HOLE CARDS ***
hirotech: folds 
Maximysss85: folds 
antey89: folds 
2g00d4youu: folds 
LuckyShikari: raises $1.50 to $2.50
vadjkeee: folds 
Uncalled bet ($1.50) returned to LuckyShikari
LuckyShikari collected $2 from pot
LuckyShikari: doesn't show hand 
*** SUMMARY ***
Total pot $2 | Rake $0 
Seat 1: hirotech folded before Flop (didn't bet)
Seat 2: Maximysss85 folded before Flop (didn't bet)
Seat 3: antey89 folded before Flop (didn't bet)
Seat 4: 2g00d4youu (button) folded before Flop (didn't bet)
Seat 5: LuckyShikari (small blind) collected ($2)
Seat 6: vadjkeee (big blind) folded before Flop



PokerStars Hand #254636590057:  Hold'em No Limit ($0.50/$1.00 USD) - 2025/01/31 14:07:10 WET [2025/01/31 9:07:10 ET]
Table 'Margot' 6-max Seat #5 is the button
Seat 1: hirotech ($131.05 in chips) 
Seat 2: Maximysss85 ($101 in chips) 
Seat 3: antey89 ($100 in chips) 
Seat 4: 2g00d4youu ($210.66 in chips) 
Seat 5: LuckyShikari ($109.14 in chips) 
Seat 6: vadjkeee ($116.47 in chips) 
vadjkeee: posts small blind $0.50
hirotech: posts big blind $1
*** HOLE CARDS ***
Maximysss85: folds 
antey89: raises $1.50 to $2.50
2g00d4youu: folds 
LuckyShikari: folds 
vadjkeee: folds 
hirotech: folds 
Uncalled bet ($1.50) returned to antey89
antey89 collected $2.50 from pot
antey89: doesn't show hand 
*** SUMMARY ***
Total pot $2.50 | Rake $0 
Seat 1: hirotech (big blind) folded before Flop
Seat 2: Maximysss85 folded before Flop (didn't bet)
Seat 3: antey89 collected ($2.50)
Seat 4: 2g00d4youu folded before Flop (didn't bet)
Seat 5: LuckyShikari (button) folded before Flop (didn't bet)
Seat 6: vadjkeee (small blind) folded before Flop



PokerStars Hand #254636593578:  Hold'em No Limit ($0.50/$1.00 USD) - 2025/01/31 14:07:31 WET [2025/01/31 9:07:31 ET]
Table 'Margot' 6-max Seat #6 is the button
Seat 1: hirotech ($130.05 in chips) 
Seat 2: Maximysss85 ($101 in chips) 
Seat 3: antey89 ($101.50 in chips) 
Seat 4: 2g00d4youu ($210.66 in chips) 
Seat 5: LuckyShikari ($109.14 in chips) 
Seat 6: vadjkeee ($115.97 in chips) 
hirotech: posts small blind $0.50
Maximysss85: posts big blind $1
*** HOLE CARDS ***
antey89: raises $1.50 to $2.50
2g00d4youu: folds 
LuckyShikari: calls $2.50
vadjkeee: folds 
hirotech: folds 
Maximysss85: folds 
*** FLOP *** [7c Jh Js]
vadjkeee leaves the table
DJNezz joins the table at seat #6 
antey89: bets $2.04
LuckyShikari: raises $5.96 to $8
antey89: folds 
Uncalled bet ($5.96) returned to LuckyShikari
LuckyShikari collected $10.05 from pot
LuckyShikari: doesn't show hand 
*** SUMMARY ***
Total pot $10.58 | Rake $0.53 
Board [7c Jh Js]
Seat 1: hirotech (small blind) folded before Flop
Seat 2: Maximysss85 (big blind) folded before Flop
Seat 3: antey89 folded on the Flop
Seat 4: 2g00d4youu folded before Flop (didn't bet)
Seat 5: LuckyShikari collected ($10.05)
Seat 6: vadjkeee (button) folded before Flop (didn't bet)



PokerStars Hand #254636602745:  Hold'em No Limit ($0.50/$1.00 USD) - 2025/01/31 14:08:24 WET [2025/01/31 9:08:24 ET]
Table 'Margot' 6-max Seat #1 is the button
Seat 3: antey89 ($100 in chips) is sitting out
Seat 6: DJNezz ($100 in chips) is sitting out
Seat 1: hirotech ($129.55 in chips) 
Seat 2: Maximysss85 ($100 in chips) 
Seat 4: 2g00d4youu ($210.66 in chips) 
Seat 5: LuckyShikari ($114.65 in chips) 
Maximysss85: posts small blind $0.50
antey89: is sitting out 
2g00d4youu: posts big blind $1
DJNezz: sits out 
*** HOLE CARDS ***
LuckyShikari: folds 
hirotech: folds 
Maximysss85: folds 
Uncalled bet ($0.50) returned to 2g00d4youu
2g00d4youu collected $1 from pot
2g00d4youu: doesn't show hand 
*** SUMMARY ***
Total pot $1 | Rake $0 
Seat 3: antey89
Seat 6: DJNezz
Seat 1: hirotech (button) folded before Flop (didn't bet)
Seat 2: Maximysss85 (small blind) folded before Flop
Seat 4: 2g00d4youu (big blind) collected ($1)
Seat 5: LuckyShikari folded before Flop (didn't bet)



PokerStars Hand #254636604302:  Hold'em No Limit ($0.50/$1.00 USD) - 2025/01/31 14:08:33 WET [2025/01/31 9:08:33 ET]
Table 'Margot' 6-max Seat #2 is the button
Seat 3: antey89 ($100 in chips) is sitting out
Seat 6: DJNezz ($100 in chips) is sitting out
Seat 1: hirotech ($129.55 in chips) 
Seat 2: Maximysss85 ($100 in chips) 
Seat 4: 2g00d4youu ($211.16 in chips) 
Seat 5: LuckyShikari ($114.65 in chips) 
2g00d4youu: posts small blind $0.50
LuckyShikari: posts big blind $1
DJNezz: sits out 
*** HOLE CARDS ***
hirotech: raises $2 to $3
Maximysss85: folds 
2g00d4youu: folds 
LuckyShikari: folds 
Uncalled bet ($2) returned to hirotech
hirotech collected $2.50 from pot
hirotech: doesn't show hand 
*** SUMMARY ***
Total pot $2.50 | Rake $0 
Seat 3: antey89
Seat 6: DJNezz
Seat 1: hirotech collected ($2.50)
Seat 2: Maximysss85 (button) folded before Flop (didn't bet)
Seat 4: 2g00d4youu (small blind) folded before Flop
Seat 5: LuckyShikari (big blind) folded before Flop



PokerStars Hand #254636609782:  Hold'em No Limit ($0.50/$1.00 USD) - 2025/01/31 14:09:05 WET [2025/01/31 9:09:05 ET]
Table 'Margot' 6-max Seat #4 is the button
Seat 3: antey89 ($100 in chips) is sitting out
Seat 1: hirotech ($131.05 in chips) 
Seat 2: Maximysss85 ($100 in chips) 
Seat 4: 2g00d4youu ($210.66 in chips) 
Seat 5: LuckyShikari ($113.65 in chips) 
Seat 6: DJNezz ($100 in chips) 
LuckyShikari: posts small blind $0.50
DJNezz: posts big blind $1
*** HOLE CARDS ***
hirotech: raises $2 to $3
Maximysss85: folds 
2g00d4youu: folds 
antey89 leaves the table
LuckyShikari: calls $2.50
DJNezz: raises $12 to $15
hirotech: calls $12
LuckyShikari: folds 
*** FLOP *** [Ac 7c 8s]
franco232315 joins the table at seat #3 
DJNezz: bets $10.35
hirotech: folds 
Uncalled bet ($10.35) returned to DJNezz
DJNezz collected $31.35 from pot
*** SUMMARY ***
Total pot $33 | Rake $1.65 
Board [Ac 7c 8s]
Seat 3: antey89
Seat 1: hirotech folded on the Flop
Seat 2: Maximysss85 folded before Flop (didn't bet)
Seat 4: 2g00d4youu (button) folded before Flop (didn't bet)
Seat 5: LuckyShikari (small blind) folded before Flop
Seat 6: DJNezz (big blind) collected ($31.35)



PokerStars Hand #254636621740:  Hold'em No Limit ($0.50/$1.00 USD) - 2025/01/31 14:10:15 WET [2025/01/31 9:10:15 ET]
Table 'Margot' 6-max Seat #5 is the button
Seat 3: franco232315 ($100 in chips) is sitting out
Seat 1: hirotech ($116.05 in chips) 
Seat 2: Maximysss85 ($100 in chips) 
Seat 4: 2g00d4youu ($210.66 in chips) 
Seat 5: LuckyShikari ($110.65 in chips) 
Seat 6: DJNezz ($116.35 in chips) 
DJNezz: posts small blind $0.50
hirotech: posts big blind $1
franco232315: sits out 
*** HOLE CARDS ***
Maximysss85: folds 
2g00d4youu: raises $1.50 to $2.50
LuckyShikari: raises $7.50 to $10
DJNezz: folds 
hirotech: raises $23 to $33
2g00d4youu: folds 
LuckyShikari: folds 
Uncalled bet ($23) returned to hirotech
hirotech collected $23 from pot
hirotech: doesn't show hand 
*** SUMMARY ***
Total pot $23 | Rake $0 
Seat 3: franco232315
Seat 1: hirotech (big blind) collected ($23)
Seat 2: Maximysss85 folded before Flop (didn't bet)
Seat 4: 2g00d4youu folded before Flop
Seat 5: LuckyShikari (button) folded before Flop
Seat 6: DJNezz (small blind) folded before Flop



PokerStars Hand #254636629665:  Hold'em No Limit ($0.50/$1.00 USD) - 2025/01/31 14:11:01 WET [2025/01/31 9:11:01 ET]
Table 'Margot' 6-max Seat #6 is the button
Seat 3: franco232315 ($100 in chips) is sitting out
Seat 1: hirotech ($129.05 in chips) 
Seat 2: Maximysss85 ($100 in chips) 
Seat 4: 2g00d4youu ($208.16 in chips) 
Seat 5: LuckyShikari ($100.65 in chips) 
Seat 6: DJNezz ($115.85 in chips) 
hirotech: posts small blind $0.50
Maximysss85: posts big blind $1
franco232315: sits out 
*** HOLE CARDS ***
2g00d4youu: folds 
LuckyShikari: raises $1 to $2
DJNezz: raises $5.50 to $7.50
hirotech: folds 
Maximysss85: folds 
LuckyShikari: calls $5.50
*** FLOP *** [3c 4s Qs]
LuckyShikari: checks 
DJNezz: bets $5.17
LuckyShikari: raises $12.83 to $18
DJNezz: calls $12.83
*** TURN *** [3c 4s Qs] [2d]
LuckyShikari: checks 
DJNezz: bets $25
LuckyShikari: folds 
Uncalled bet ($25) returned to DJNezz
DJNezz collected $50 from pot
*** SUMMARY ***
Total pot $52.50 | Rake $2.50 
Board [3c 4s Qs 2d]
Seat 3: franco232315
Seat 1: hirotech (small blind) folded before Flop
Seat 2: Maximysss85 (big blind) folded before Flop
Seat 4: 2g00d4youu folded before Flop (didn't bet)
Seat 5: LuckyShikari folded on the Turn
Seat 6: DJNezz (button) collected ($50)



PokerStars Hand #254636643524:  Hold'em No Limit ($0.50/$1.00 USD) - 2025/01/31 14:12:23 WET [2025/01/31 9:12:23 ET]
Table 'Margot' 6-max Seat #1 is the button
Seat 1: hirotech ($128.55 in chips) 
Seat 2: Maximysss85 ($100 in chips) 
Seat 3: franco232315 ($100 in chips) 
Seat 4: 2g00d4youu ($208.16 in chips) 
Seat 5: LuckyShikari ($100 in chips) 
Seat 6: DJNezz ($140.35 in chips) 
Maximysss85: posts small blind $0.50
franco232315: posts big blind $1
*** HOLE CARDS ***
2g00d4youu: raises $1.50 to $2.50
LuckyShikari: raises $6.50 to $9
DJNezz: folds 
hirotech: folds 
Maximysss85: folds 
franco232315: folds 
2g00d4youu: folds 
Uncalled bet ($6.50) returned to LuckyShikari
LuckyShikari collected $6.50 from pot
LuckyShikari: doesn't show hand 
*** SUMMARY ***
Total pot $6.50 | Rake $0 
Seat 1: hirotech (button) folded before Flop (didn't bet)
Seat 2: Maximysss85 (small blind) folded before Flop
Seat 3: franco232315 (big blind) folded before Flop
Seat 4: 2g00d4youu folded before Flop
Seat 5: LuckyShikari collected ($6.50)
Seat 6: DJNezz folded before Flop (didn't bet)



PokerStars Hand #254636646415:  Hold'em No Limit ($0.50/$1.00 USD) - 2025/01/31 14:12:41 WET [2025/01/31 9:12:41 ET]
Table 'Margot' 6-max Seat #2 is the button
Seat 1: hirotech ($128.55 in chips) 
Seat 2: Maximysss85 ($100 in chips) 
Seat 3: franco232315 ($100 in chips) 
Seat 4: 2g00d4youu ($205.66 in chips) 
Seat 5: LuckyShikari ($104 in chips) 
Seat 6: DJNezz ($140.35 in chips) 
franco232315: posts small blind $0.50
2g00d4youu: posts big blind $1
*** HOLE CARDS ***
LuckyShikari: folds 
DJNezz: folds 
hirotech: folds 
Maximysss85: raises $1.50 to $2.50
franco232315: folds 
2g00d4youu: folds 
Uncalled bet ($1.50) returned to Maximysss85
Maximysss85 collected $2.50 from pot
Maximysss85: doesn't show hand 
*** SUMMARY ***
Total pot $2.50 | Rake $0 
Seat 1: hirotech folded before Flop (didn't bet)
Seat 2: Maximysss85 (button) collected ($2.50)
Seat 3: franco232315 (small blind) folded before Flop
Seat 4: 2g00d4youu (big blind) folded before Flop
Seat 5: LuckyShikari folded before Flop (didn't bet)
Seat 6: DJNezz folded before Flop (didn't bet)



PokerStars Hand #254636649649:  Hold'em No Limit ($0.50/$1.00 USD) - 2025/01/31 14:12:59 WET [2025/01/31 9:12:59 ET]
Table 'Margot' 6-max Seat #3 is the button
Seat 1: hirotech ($128.55 in chips) 
Seat 2: Maximysss85 ($101.50 in chips) 
Seat 3: franco232315 ($100 in chips) 
Seat 4: 2g00d4youu ($204.66 in chips) 
Seat 5: LuckyShikari ($104 in chips) 
Seat 6: DJNezz ($140.35 in chips) 
2g00d4youu: posts small blind $0.50
LuckyShikari: posts big blind $1
*** HOLE CARDS ***
DJNezz: raises $1.20 to $2.20
hirotech: calls $2.20
Maximysss85: raises $6.32 to $8.52
franco232315: folds 
2g00d4youu: folds 
LuckyShikari: folds 
DJNezz: raises $14.48 to $23
hirotech: folds 
Maximysss85: folds 
Uncalled bet ($14.48) returned to DJNezz
DJNezz collected $20.74 from pot
*** SUMMARY ***
Total pot $20.74 | Rake $0 
Seat 1: hirotech folded before Flop
Seat 2: Maximysss85 folded before Flop
Seat 3: franco232315 (button) folded before Flop (didn't bet)
Seat 4: 2g00d4youu (small blind) folded before Flop
Seat 5: LuckyShikari (big blind) folded before Flop
Seat 6: DJNezz collected ($20.74)



PokerStars Hand #254636657814:  Hold'em No Limit ($0.50/$1.00 USD) - 2025/01/31 14:13:48 WET [2025/01/31 9:13:48 ET]
Table 'Margot' 6-max Seat #4 is the button
Seat 1: hirotech ($126.35 in chips) 
Seat 2: Maximysss85 ($100 in chips) 
Seat 3: franco232315 ($100 in chips) 
Seat 4: 2g00d4youu ($204.16 in chips) 
Seat 5: LuckyShikari ($103 in chips) 
Seat 6: DJNezz ($152.57 in chips) 
LuckyShikari: posts small blind $0.50
DJNezz: posts big blind $1
*** HOLE CARDS ***
hirotech: folds 
Maximysss85: folds 
franco232315: folds 
2g00d4youu: raises $1.50 to $2.50
LuckyShikari: folds 
DJNezz: calls $1.50
*** FLOP *** [7d Td 5s]
DJNezz: checks 
2g00d4youu: bets $3.92
DJNezz: folds 
Uncalled bet ($3.92) returned to 2g00d4youu
2g00d4youu collected $5.22 from pot
2g00d4youu: doesn't show hand 
*** SUMMARY ***
Total pot $5.50 | Rake $0.28 
Board [7d Td 5s]
Seat 1: hirotech folded before Flop (didn't bet)
Seat 2: Maximysss85 folded before Flop (didn't bet)
Seat 3: franco232315 folded before Flop (didn't bet)
Seat 4: 2g00d4youu (button) collected ($5.22)
Seat 5: LuckyShikari (small blind) folded before Flop
Seat 6: DJNezz (big blind) folded on the Flop



PokerStars Hand #254636663436:  Hold'em No Limit ($0.50/$1.00 USD) - 2025/01/31 14:14:20 WET [2025/01/31 9:14:20 ET]
Table 'Margot' 6-max Seat #5 is the button
Seat 1: hirotech ($126.35 in chips) 
Seat 2: Maximysss85 ($100 in chips) 
Seat 3: franco232315 ($100 in chips) 
Seat 4: 2g00d4youu ($206.88 in chips) 
Seat 5: LuckyShikari ($102.50 in chips) 
Seat 6: DJNezz ($150.07 in chips) 
DJNezz: posts small blind $0.50
hirotech: posts big blind $1
*** HOLE CARDS ***
Maximysss85: folds 
franco232315: folds 
2g00d4youu: folds 
LuckyShikari: folds 
DJNezz: raises $2 to $3
hirotech: folds 
Uncalled bet ($2) returned to DJNezz
DJNezz collected $2 from pot
*** SUMMARY ***
Total pot $2 | Rake $0 
Seat 1: hirotech (big blind) folded before Flop
Seat 2: Maximysss85 folded before Flop (didn't bet)
Seat 3: franco232315 folded before Flop (didn't bet)
Seat 4: 2g00d4youu folded before Flop (didn't bet)
Seat 5: LuckyShikari (button) folded before Flop (didn't bet)
Seat 6: DJNezz (small blind) collected ($2)



PokerStars Hand #254636666073:  Hold'em No Limit ($0.50/$1.00 USD) - 2025/01/31 14:14:36 WET [2025/01/31 9:14:36 ET]
Table 'Margot' 6-max Seat #6 is the button
Seat 1: hirotech ($125.35 in chips) 
Seat 2: Maximysss85 ($100 in chips) 
Seat 3: franco232315 ($100 in chips) 
Seat 4: 2g00d4youu ($206.88 in chips) 
Seat 5: LuckyShikari ($102.50 in chips) 
Seat 6: DJNezz ($151.07 in chips) 
hirotech: posts small blind $0.50
Maximysss85: posts big blind $1
*** HOLE CARDS ***
franco232315: folds 
2g00d4youu: folds 
LuckyShikari: folds 
DJNezz: folds 
hirotech: folds 
Uncalled bet ($0.50) returned to Maximysss85
Maximysss85 collected $1 from pot
Maximysss85: doesn't show hand 
*** SUMMARY ***
Total pot $1 | Rake $0 
Seat 1: hirotech (small blind) folded before Flop
Seat 2: Maximysss85 (big blind) collected ($1)
Seat 3: franco232315 folded before Flop (didn't bet)
Seat 4: 2g00d4youu folded before Flop (didn't bet)
Seat 5: LuckyShikari folded before Flop (didn't bet)
Seat 6: DJNezz (button) folded before Flop (didn't bet)



PokerStars Hand #254636669185:  Hold'em No Limit ($0.50/$1.00 USD) - 2025/01/31 14:14:54 WET [2025/01/31 9:14:54 ET]
Table 'Margot' 6-max Seat #1 is the button
Seat 1: hirotech ($124.85 in chips) 
Seat 2: Maximysss85 ($100.50 in chips) 
Seat 3: franco232315 ($100 in chips) 
Seat 4: 2g00d4youu ($206.88 in chips) 
Seat 5: LuckyShikari ($102.50 in chips) 
Seat 6: DJNezz ($151.07 in chips) 
Maximysss85: posts small blind $0.50
franco232315: posts big blind $1
*** HOLE CARDS ***
2g00d4youu: raises $1.50 to $2.50
LuckyShikari: folds 
DJNezz: raises $6.50 to $9
hirotech: folds 
Maximysss85: folds 
franco232315: folds 
2g00d4youu: folds 
Uncalled bet ($6.50) returned to DJNezz
DJNezz collected $6.50 from pot
*** SUMMARY ***
Total pot $6.50 | Rake $0 
Seat 1: hirotech (button) folded before Flop (didn't bet)
Seat 2: Maximysss85 (small blind) folded before Flop
Seat 3: franco232315 (big blind) folded before Flop
Seat 4: 2g00d4youu folded before Flop
Seat 5: LuckyShikari folded before Flop (didn't bet)
Seat 6: DJNezz collected ($6.50)



PokerStars Hand #254636675938:  Hold'em No Limit ($0.50/$1.00 USD) - 2025/01/31 14:15:33 WET [2025/01/31 9:15:33 ET]
Table 'Margot' 6-max Seat #2 is the button
Seat 1: hirotech ($124.85 in chips) 
Seat 2: Maximysss85 ($100 in chips) 
Seat 3: franco232315 ($100 in chips) 
Seat 4: 2g00d4youu ($204.38 in chips) 
Seat 5: LuckyShikari ($102.50 in chips) 
Seat 6: DJNezz ($155.07 in chips) 
franco232315: posts small blind $0.50
2g00d4youu: posts big blind $1
*** HOLE CARDS ***
LuckyShikari: folds 
DJNezz: folds 
hirotech: folds 
Maximysss85: raises $1.50 to $2.50
franco232315: folds 
2g00d4youu: calls $1.50
*** FLOP *** [Ts 9d 9c]
2g00d4youu: checks 
Maximysss85: bets $2.09
2g00d4youu: folds 
Uncalled bet ($2.09) returned to Maximysss85
Maximysss85 collected $5.22 from pot
Maximysss85: doesn't show hand 
*** SUMMARY ***
Total pot $5.50 | Rake $0.28 
Board [Ts 9d 9c]
Seat 1: hirotech folded before Flop (didn't bet)
Seat 2: Maximysss85 (button) collected ($5.22)
Seat 3: franco232315 (small blind) folded before Flop
Seat 4: 2g00d4youu (big blind) folded on the Flop
Seat 5: LuckyShikari folded before Flop (didn't bet)
Seat 6: DJNezz folded before Flop (didn't bet)



PokerStars Hand #254636681123:  Hold'em No Limit ($0.50/$1.00 USD) - 2025/01/31 14:16:03 WET [2025/01/31 9:16:03 ET]
Table 'Margot' 6-max Seat #3 is the button
Seat 1: hirotech ($124.85 in chips) 
Seat 2: Maximysss85 ($102.72 in chips) 
Seat 3: franco232315 ($100 in chips) 
Seat 4: 2g00d4youu ($201.88 in chips) 
Seat 5: LuckyShikari ($102.50 in chips) 
Seat 6: DJNezz ($155.07 in chips) 
2g00d4youu: posts small blind $0.50
LuckyShikari: posts big blind $1
*** HOLE CARDS ***
DJNezz: folds 
hirotech: folds 
Maximysss85: folds 
franco232315: folds 
2g00d4youu: folds 
Uncalled bet ($0.50) returned to LuckyShikari
LuckyShikari collected $1 from pot
LuckyShikari: doesn't show hand 
*** SUMMARY ***
Total pot $1 | Rake $0 
Seat 1: hirotech folded before Flop (didn't bet)
Seat 2: Maximysss85 folded before Flop (didn't bet)
Seat 3: franco232315 (button) folded before Flop (didn't bet)
Seat 4: 2g00d4youu (small blind) folded before Flop
Seat 5: LuckyShikari (big blind) collected ($1)
Seat 6: DJNezz folded before Flop (didn't bet)



PokerStars Hand #254636684482:  Hold'em No Limit ($0.50/$1.00 USD) - 2025/01/31 14:16:23 WET [2025/01/31 9:16:23 ET]
Table 'Margot' 6-max Seat #4 is the button
Seat 1: hirotech ($124.85 in chips) 
Seat 2: Maximysss85 ($102.72 in chips) 
Seat 3: franco232315 ($100 in chips) 
Seat 4: 2g00d4youu ($201.38 in chips) 
Seat 5: LuckyShikari ($103 in chips) 
Seat 6: DJNezz ($155.07 in chips) 
LuckyShikari: posts small blind $0.50
DJNezz: posts big blind $1
*** HOLE CARDS ***
hirotech: raises $2 to $3
Maximysss85: folds 
franco232315: raises $6 to $9
2g00d4youu: folds 
LuckyShikari: folds 
DJNezz: folds 
hirotech: calls $6
*** FLOP *** [7h Qh 7s]
hirotech: checks 
franco232315: bets $6.11
hirotech: folds 
Uncalled bet ($6.11) returned to franco232315
franco232315 collected $18.52 from pot
franco232315: doesn't show hand 
*** SUMMARY ***
Total pot $19.50 | Rake $0.98 
Board [7h Qh 7s]
Seat 1: hirotech folded on the Flop
Seat 2: Maximysss85 folded before Flop (didn't bet)
Seat 3: franco232315 collected ($18.52)
Seat 4: 2g00d4youu (button) folded before Flop (didn't bet)
Seat 5: LuckyShikari (small blind) folded before Flop
Seat 6: DJNezz (big blind) folded before Flop



PokerStars Hand #254636692930:  Hold'em No Limit ($0.50/$1.00 USD) - 2025/01/31 14:17:12 WET [2025/01/31 9:17:12 ET]
Table 'Margot' 6-max Seat #5 is the button
Seat 1: hirotech ($115.85 in chips) 
Seat 2: Maximysss85 ($102.72 in chips) 
Seat 3: franco232315 ($109.52 in chips) 
Seat 4: 2g00d4youu ($201.38 in chips) 
Seat 5: LuckyShikari ($102.50 in chips) 
Seat 6: DJNezz ($154.07 in chips) 
DJNezz: posts small blind $0.50
hirotech: posts big blind $1
*** HOLE CARDS ***
Maximysss85: raises $1.25 to $2.25
franco232315: folds 
2g00d4youu: folds 
LuckyShikari: folds 
DJNezz: folds 
hirotech: folds 
Uncalled bet ($1.25) returned to Maximysss85
Maximysss85 collected $2.50 from pot
Maximysss85: doesn't show hand 
*** SUMMARY ***
Total pot $2.50 | Rake $0 
Seat 1: hirotech (big blind) folded before Flop
Seat 2: Maximysss85 collected ($2.50)
Seat 3: franco232315 folded before Flop (didn't bet)
Seat 4: 2g00d4youu folded before Flop (didn't bet)
Seat 5: LuckyShikari (button) folded before Flop (didn't bet)
Seat 6: DJNezz (small blind) folded before Flop



PokerStars Hand #254636697307:  Hold'em No Limit ($0.50/$1.00 USD) - 2025/01/31 14:17:37 WET [2025/01/31 9:17:37 ET]
Table 'Margot' 6-max Seat #6 is the button
Seat 1: hirotech ($114.85 in chips) 
Seat 2: Maximysss85 ($104.22 in chips) 
Seat 3: franco232315 ($109.52 in chips) 
Seat 4: 2g00d4youu ($201.38 in chips) 
Seat 5: LuckyShikari ($102.50 in chips) 
Seat 6: DJNezz ($153.57 in chips) 
hirotech: posts small blind $0.50
Maximysss85: posts big blind $1
*** HOLE CARDS ***
franco232315: raises $1.20 to $2.20
2g00d4youu: folds 
LuckyShikari: folds 
DJNezz: folds 
hirotech: folds 
Maximysss85: folds 
Uncalled bet ($1.20) returned to franco232315
franco232315 collected $2.50 from pot
franco232315: doesn't show hand 
*** SUMMARY ***
Total pot $2.50 | Rake $0 
Seat 1: hirotech (small blind) folded before Flop
Seat 2: Maximysss85 (big blind) folded before Flop
Seat 3: franco232315 collected ($2.50)
Seat 4: 2g00d4youu folded before Flop (didn't bet)
Seat 5: LuckyShikari folded before Flop (didn't bet)
Seat 6: DJNezz (button) folded before Flop (didn't bet)



PokerStars Hand #254636700065:  Hold'em No Limit ($0.50/$1.00 USD) - 2025/01/31 14:17:53 WET [2025/01/31 9:17:53 ET]
Table 'Margot' 6-max Seat #1 is the button
Seat 1: hirotech ($114.35 in chips) 
Seat 2: Maximysss85 ($103.22 in chips) 
Seat 3: franco232315 ($111.02 in chips) 
Seat 4: 2g00d4youu ($201.38 in chips) 
Seat 5: LuckyShikari ($102.50 in chips) 
Seat 6: DJNezz ($153.57 in chips) 
Maximysss85: posts small blind $0.50
franco232315: posts big blind $1
*** HOLE CARDS ***
2g00d4youu: folds 
LuckyShikari: folds 
DJNezz: folds 
hirotech: folds 
Maximysss85: folds 
Uncalled bet ($0.50) returned to franco232315
franco232315 collected $1 from pot
franco232315: doesn't show hand 
*** SUMMARY ***
Total pot $1 | Rake $0 
Seat 1: hirotech (button) folded before Flop (didn't bet)
Seat 2: Maximysss85 (small blind) folded before Flop
Seat 3: franco232315 (big blind) collected ($1)
Seat 4: 2g00d4youu folded before Flop (didn't bet)
Seat 5: LuckyShikari folded before Flop (didn't bet)
Seat 6: DJNezz folded before Flop (didn't bet)



PokerStars Hand #254636702036:  Hold'em No Limit ($0.50/$1.00 USD) - 2025/01/31 14:18:04 WET [2025/01/31 9:18:04 ET]
Table 'Margot' 6-max Seat #2 is the button
Seat 1: hirotech ($114.35 in chips) 
Seat 2: Maximysss85 ($102.72 in chips) 
Seat 3: franco232315 ($111.52 in chips) 
Seat 4: 2g00d4youu ($201.38 in chips) 
Seat 5: LuckyShikari ($102.50 in chips) 
Seat 6: DJNezz ($153.57 in chips) 
franco232315: posts small blind $0.50
2g00d4youu: posts big blind $1
*** HOLE CARDS ***
LuckyShikari: folds 
DJNezz: folds 
hirotech: folds 
Maximysss85: raises $1.50 to $2.50
franco232315: folds 
2g00d4youu: folds 
Uncalled bet ($1.50) returned to Maximysss85
Maximysss85 collected $2.50 from pot
Maximysss85: doesn't show hand 
*** SUMMARY ***
Total pot $2.50 | Rake $0 
Seat 1: hirotech folded before Flop (didn't bet)
Seat 2: Maximysss85 (button) collected ($2.50)
Seat 3: franco232315 (small blind) folded before Flop
Seat 4: 2g00d4youu (big blind) folded before Flop
Seat 5: LuckyShikari folded before Flop (didn't bet)
Seat 6: DJNezz folded before Flop (didn't bet)



PokerStars Hand #254636704974:  Hold'em No Limit ($0.50/$1.00 USD) - 2025/01/31 14:18:21 WET [2025/01/31 9:18:21 ET]
Table 'Margot' 6-max Seat #3 is the button
Seat 1: hirotech ($114.35 in chips) 
Seat 2: Maximysss85 ($104.22 in chips) 
Seat 3: franco232315 ($111.02 in chips) 
Seat 4: 2g00d4youu ($200.38 in chips) 
Seat 5: LuckyShikari ($102.50 in chips) 
Seat 6: DJNezz ($153.57 in chips) 
2g00d4youu: posts small blind $0.50
LuckyShikari: posts big blind $1
*** HOLE CARDS ***
DJNezz: folds 
hirotech: folds 
DJNezz leaves the table
Maximysss85: raises $1.50 to $2.50
franco232315: folds 
2g00d4youu: folds 
LuckyShikari: folds 
Uncalled bet ($1.50) returned to Maximysss85
Maximysss85 collected $2.50 from pot
Maximysss85: doesn't show hand 
*** SUMMARY ***
Total pot $2.50 | Rake $0 
Seat 1: hirotech folded before Flop (didn't bet)
Seat 2: Maximysss85 collected ($2.50)
Seat 3: franco232315 (button) folded before Flop (didn't bet)
Seat 4: 2g00d4youu (small blind) folded before Flop
Seat 5: LuckyShikari (big blind) folded before Flop
Seat 6: DJNezz folded before Flop (didn't bet)



PokerStars Hand #254636707469:  Hold'em No Limit ($0.50/$1.00 USD) - 2025/01/31 14:18:35 WET [2025/01/31 9:18:35 ET]
Table 'Margot' 6-max Seat #4 is the button
Seat 1: hirotech ($114.35 in chips) 
Seat 2: Maximysss85 ($105.72 in chips) 
Seat 3: franco232315 ($111.02 in chips) 
Seat 4: 2g00d4youu ($199.88 in chips) 
Seat 5: LuckyShikari ($101.50 in chips) 
LuckyShikari: posts small blind $0.50
hirotech: posts big blind $1
*** HOLE CARDS ***
Maximysss85: folds 
Maximysss85 leaves the table
franco232315: folds 
Espada Fish joins the table at seat #2 
2g00d4youu: raises $1.50 to $2.50
KarP93 joins the table at seat #6 
LuckyShikari: folds 
hirotech: folds 
Uncalled bet ($1.50) returned to 2g00d4youu
2g00d4youu collected $2.50 from pot
2g00d4youu: doesn't show hand 
*** SUMMARY ***
Total pot $2.50 | Rake $0 
Seat 1: hirotech (big blind) folded before Flop
Seat 2: Maximysss85 folded before Flop (didn't bet)
Seat 3: franco232315 folded before Flop (didn't bet)
Seat 4: 2g00d4youu (button) collected ($2.50)
Seat 5: LuckyShikari (small blind) folded before Flop



PokerStars Hand #254636713342:  Hold'em No Limit ($0.50/$1.00 USD) - 2025/01/31 14:19:10 WET [2025/01/31 9:19:10 ET]
Table 'Margot' 6-max Seat #5 is the button
Seat 6: KarP93 ($100 in chips) is sitting out
Seat 1: hirotech ($113.35 in chips) 
Seat 2: Espada Fish ($100 in chips) 
Seat 3: franco232315 ($111.02 in chips) 
Seat 4: 2g00d4youu ($201.38 in chips) 
Seat 5: LuckyShikari ($101 in chips) 
hirotech: posts small blind $0.50
Espada Fish: posts big blind $1
*** HOLE CARDS ***
franco232315: raises $1.20 to $2.20
2g00d4youu: folds 
LuckyShikari: folds 
hirotech: calls $1.70
Espada Fish: calls $1.20
*** FLOP *** [Kh 3d Th]
hirotech: checks 
Espada Fish: checks 
franco232315: bets $2.07
hirotech: calls $2.07
Espada Fish: folds 
*** TURN *** [Kh 3d Th] [2d]
hirotech: checks 
franco232315: checks 
*** RIVER *** [Kh 3d Th 2d] [4h]
hirotech: bets $5.10
franco232315: raises $12.10 to $17.20
hirotech: calls $12.10
*** SHOW DOWN ***
franco232315: shows [4c 4s] (three of a kind, Fours)
hirotech: mucks hand 
franco232315 collected $42.88 from pot
*** SUMMARY ***
Total pot $45.14 | Rake $2.26 
Board [Kh 3d Th 2d 4h]
Seat 6: KarP93
Seat 1: hirotech (small blind) mucked
Seat 2: Espada Fish (big blind) folded on the Flop
Seat 3: franco232315 showed [4c 4s] and won ($42.88) with three of a kind, Fours
Seat 4: 2g00d4youu folded before Flop (didn't bet)
Seat 5: LuckyShikari (button) folded before Flop (didn't bet)



PokerStars Hand #254636724241:  Hold'em No Limit ($0.50/$1.00 USD) - 2025/01/31 14:20:13 WET [2025/01/31 9:20:13 ET]
Table 'Margot' 6-max Seat #1 is the button
Seat 6: KarP93 ($100 in chips) is sitting out
Seat 1: hirotech ($100 in chips) 
Seat 2: Espada Fish ($100 in chips) 
Seat 3: franco232315 ($132.43 in chips) 
Seat 4: 2g00d4youu ($201.38 in chips) 
Seat 5: LuckyShikari ($101 in chips) 
Espada Fish: posts small blind $0.50
franco232315: posts big blind $1
KarP93: sits out 
*** HOLE CARDS ***
2g00d4youu: folds 
LuckyShikari: folds 
hirotech: folds 
Espada Fish: folds 
Uncalled bet ($0.50) returned to franco232315
franco232315 collected $1 from pot
franco232315: doesn't show hand 
*** SUMMARY ***
Total pot $1 | Rake $0 
Seat 6: KarP93
Seat 1: hirotech (button) folded before Flop (didn't bet)
Seat 2: Espada Fish (small blind) folded before Flop
Seat 3: franco232315 (big blind) collected ($1)
Seat 4: 2g00d4youu folded before Flop (didn't bet)
Seat 5: LuckyShikari folded before Flop (didn't bet)



PokerStars Hand #254636728849:  Hold'em No Limit ($0.50/$1.00 USD) - 2025/01/31 14:20:39 WET [2025/01/31 9:20:39 ET]
Table 'Margot' 6-max Seat #2 is the button
Seat 6: KarP93 ($100 in chips) is sitting out
Seat 1: hirotech ($100 in chips) 
Seat 2: Espada Fish ($100 in chips) 
Seat 3: franco232315 ($132.93 in chips) 
Seat 4: 2g00d4youu ($201.38 in chips) 
Seat 5: LuckyShikari ($101 in chips) 
franco232315: posts small blind $0.50
2g00d4youu: posts big blind $1
KarP93: sits out 
*** HOLE CARDS ***
LuckyShikari: raises $2 to $3
hirotech: calls $3
Espada Fish: folds 
franco232315: folds 
2g00d4youu: folds 
*** FLOP *** [As Jh 6s]
LuckyShikari: checks 
hirotech: bets $3.56
LuckyShikari: calls $3.56
*** TURN *** [As Jh 6s] [8h]
LuckyShikari: checks 
hirotech: bets $6.95
LuckyShikari: calls $6.95
*** RIVER *** [As Jh 6s 8h] [7d]
LuckyShikari: checks 
hirotech: checks 
*** SHOW DOWN ***
LuckyShikari: shows [Js Kh] (a pair of Jacks)
hirotech: mucks hand 
LuckyShikari collected $27.09 from pot
*** SUMMARY ***
Total pot $28.52 | Rake $1.43 
Board [As Jh 6s 8h 7d]
Seat 6: KarP93
Seat 1: hirotech mucked
Seat 2: Espada Fish (button) folded before Flop (didn't bet)
Seat 3: franco232315 (small blind) folded before Flop
Seat 4: 2g00d4youu (big blind) folded before Flop
Seat 5: LuckyShikari showed [Js Kh] and won ($27.09) with a pair of Jacks



PokerStars Hand #254636743672:  Hold'em No Limit ($0.50/$1.00 USD) - 2025/01/31 14:22:03 WET [2025/01/31 9:22:03 ET]
Table 'Margot' 6-max Seat #3 is the button
Seat 6: KarP93 ($100 in chips) is sitting out
Seat 1: hirotech ($100 in chips) 
Seat 2: Espada Fish ($100 in chips) 
Seat 3: franco232315 ($132.43 in chips) 
Seat 4: 2g00d4youu ($200.38 in chips) 
Seat 5: LuckyShikari ($114.58 in chips) 
2g00d4youu: posts small blind $0.50
LuckyShikari: posts big blind $1
KarP93: sits out 
*** HOLE CARDS ***
hirotech: raises $2 to $3
Espada Fish: folds 
franco232315: raises $6 to $9
2g00d4youu: folds 
LuckyShikari: folds 
hirotech: calls $6
*** FLOP *** [Jh Jd Ad]
hirotech: checks 
franco232315: checks 
*** TURN *** [Jh Jd Ad] [3c]
hirotech: bets $9.26
franco232315: calls $9.26
*** RIVER *** [Jh Jd Ad 3c] [2s]
hirotech: bets $18.06
franco232315: calls $18.06
*** SHOW DOWN ***
hirotech: shows [8d 8s] (two pair, Jacks and Eights)
franco232315: shows [Tc Ts] (two pair, Jacks and Tens)
franco232315 collected $71.64 from pot
*** SUMMARY ***
Total pot $74.14 | Rake $2.50 
Board [Jh Jd Ad 3c 2s]
Seat 6: KarP93
Seat 1: hirotech showed [8d 8s] and lost with two pair, Jacks and Eights
Seat 2: Espada Fish folded before Flop (didn't bet)
Seat 3: franco232315 (button) showed [Tc Ts] and won ($71.64) with two pair, Jacks and Tens
Seat 4: 2g00d4youu (small blind) folded before Flop
Seat 5: LuckyShikari (big blind) folded before Flop



PokerStars Hand #254636756788:  Hold'em No Limit ($0.50/$1.00 USD) - 2025/01/31 14:23:19 WET [2025/01/31 9:23:19 ET]
Table 'Margot' 6-max Seat #4 is the button
Seat 6: KarP93 ($100 in chips) is sitting out
Seat 1: hirotech ($100 in chips) 
Seat 2: Espada Fish ($100 in chips) 
Seat 3: franco232315 ($167.75 in chips) 
Seat 4: 2g00d4youu ($199.88 in chips) 
Seat 5: LuckyShikari ($113.58 in chips) 
LuckyShikari: posts small blind $0.50
KarP93: is sitting out 
hirotech: posts big blind $1
*** HOLE CARDS ***
Espada Fish: raises $1.20 to $2.20
franco232315: folds 
2g00d4youu: folds 
LuckyShikari: folds 
hirotech: calls $1.20
*** FLOP *** [5d 4s 9c]
hirotech: checks 
KarP93 leaves the table
Espada Fish: bets $3.50
hirotech: folds 
Uncalled bet ($3.50) returned to Espada Fish
Espada Fish collected $4.66 from pot
Espada Fish: doesn't show hand 
*** SUMMARY ***
Total pot $4.90 | Rake $0.24 
Board [5d 4s 9c]
Seat 6: KarP93
Seat 1: hirotech (big blind) folded on the Flop
Seat 2: Espada Fish collected ($4.66)
Seat 3: franco232315 folded before Flop (didn't bet)
Seat 4: 2g00d4youu (button) folded before Flop (didn't bet)
Seat 5: LuckyShikari (small blind) folded before Flop



PokerStars Hand #254636761703:  Hold'em No Limit ($0.50/$1.00 USD) - 2025/01/31 14:23:47 WET [2025/01/31 9:23:47 ET]
Table 'Margot' 6-max Seat #5 is the button
Seat 1: hirotech ($100 in chips) 
Seat 2: Espada Fish ($102.46 in chips) 
Seat 3: franco232315 ($167.75 in chips) 
Seat 4: 2g00d4youu ($199.88 in chips) 
Seat 5: LuckyShikari ($113.08 in chips) 
hirotech: posts small blind $0.50
Espada Fish: posts big blind $1
*** HOLE CARDS ***
franco232315: folds 
2g00d4youu: raises $1.50 to $2.50
LuckyShikari: folds 
hirotech: calls $2
Espada Fish: folds 
*** FLOP *** [Ks 4s 2c]
hirotech: checks 
2g00d4youu: bets $1.43
hirotech: calls $1.43
*** TURN *** [Ks 4s 2c] [9d]
hirotech: checks 
2g00d4youu: bets $6.32
hirotech: calls $6.32
*** RIVER *** [Ks 4s 2c 9d] [7h]
hirotech: checks 
Pon4uk.ua joins the table at seat #6 
2g00d4youu: bets $15.32
hirotech: calls $15.32
*** SHOW DOWN ***
2g00d4youu: shows [Tc Jh] (high card King)
hirotech: shows [9c As] (a pair of Nines)
hirotech collected $49.64 from pot
*** SUMMARY ***
Total pot $52.14 | Rake $2.50 
Board [Ks 4s 2c 9d 7h]
Seat 1: hirotech (small blind) showed [9c As] and won ($49.64) with a pair of Nines
Seat 2: Espada Fish (big blind) folded before Flop
Seat 3: franco232315 folded before Flop (didn't bet)
Seat 4: 2g00d4youu showed [Tc Jh] and lost with high card King
Seat 5: LuckyShikari (button) folded before Flop (didn't bet)



PokerStars Hand #254636772636:  Hold'em No Limit ($0.50/$1.00 USD) - 2025/01/31 14:24:50 WET [2025/01/31 9:24:50 ET]
Table 'Margot' 6-max Seat #1 is the button
Seat 6: Pon4uk.ua ($100 in chips) is sitting out
Seat 1: hirotech ($124.07 in chips) 
Seat 2: Espada Fish ($101.46 in chips) 
Seat 3: franco232315 ($167.75 in chips) 
Seat 4: 2g00d4youu ($174.31 in chips) 
Seat 5: LuckyShikari ($113.08 in chips) 
Espada Fish: posts small blind $0.50
franco232315: posts big blind $1
Pon4uk.ua: sits out 
*** HOLE CARDS ***
2g00d4youu: folds 
LuckyShikari: raises $2 to $3
hirotech: folds 
Espada Fish: folds 
franco232315: folds 
Uncalled bet ($2) returned to LuckyShikari
LuckyShikari collected $2.50 from pot
LuckyShikari: doesn't show hand 
*** SUMMARY ***
Total pot $2.50 | Rake $0 
Seat 6: Pon4uk.ua
Seat 1: hirotech (button) folded before Flop (didn't bet)
Seat 2: Espada Fish (small blind) folded before Flop
Seat 3: franco232315 (big blind) folded before Flop
Seat 4: 2g00d4youu folded before Flop (didn't bet)
Seat 5: LuckyShikari collected ($2.50)



PokerStars Hand #254636776448:  Hold'em No Limit ($0.50/$1.00 USD) - 2025/01/31 14:25:12 WET [2025/01/31 9:25:12 ET]
Table 'Margot' 6-max Seat #2 is the button
Seat 6: Pon4uk.ua ($100 in chips) is sitting out
Seat 1: hirotech ($124.07 in chips) 
Seat 2: Espada Fish ($100.96 in chips) 
Seat 3: franco232315 ($166.75 in chips) 
Seat 4: 2g00d4youu ($174.31 in chips) 
Seat 5: LuckyShikari ($114.58 in chips) 
franco232315: posts small blind $0.50
2g00d4youu: posts big blind $1
Pon4uk.ua: sits out 
*** HOLE CARDS ***
LuckyShikari: raises $1 to $2
hirotech: calls $2
Espada Fish: folds 
franco232315: folds 
2g00d4youu: folds 
*** FLOP *** [7s 7h 8h]
LuckyShikari: bets $1.50
hirotech: raises $4.11 to $5.61
Pon4uk.ua leaves the table
LuckyShikari: calls $4.11
*** TURN *** [7s 7h 8h] [5h]
LuckyShikari: bets $5
hirotech: raises $12.94 to $17.94
LuckyShikari: calls $12.94
*** RIVER *** [7s 7h 8h 5h] [4s]
LuckyShikari: bets $16.50
hirotech: folds 
Uncalled bet ($16.50) returned to LuckyShikari
LuckyShikari collected $50.10 from pot
LuckyShikari: doesn't show hand 
*** SUMMARY ***
Total pot $52.60 | Rake $2.50 
Board [7s 7h 8h 5h 4s]
Seat 6: Pon4uk.ua
Seat 1: hirotech folded on the River
Seat 2: Espada Fish (button) folded before Flop (didn't bet)
Seat 3: franco232315 (small blind) folded before Flop
Seat 4: 2g00d4youu (big blind) folded before Flop
Seat 5: LuckyShikari collected ($50.10)



PokerStars Hand #254636792224:  Hold'em No Limit ($0.50/$1.00 USD) - 2025/01/31 14:26:42 WET [2025/01/31 9:26:42 ET]
Table 'Margot' 6-max Seat #3 is the button
Seat 1: hirotech ($100 in chips) 
Seat 2: Espada Fish ($100.96 in chips) 
Seat 3: franco232315 ($166.25 in chips) 
Seat 4: 2g00d4youu ($173.31 in chips) 
Seat 5: LuckyShikari ($139.13 in chips) 
2g00d4youu: posts small blind $0.50
LuckyShikari: posts big blind $1
*** HOLE CARDS ***
hirotech: raises $2 to $3
Espada Fish: folds 
franco232315: calls $3
2g00d4youu: folds 
LuckyShikari: folds 
*** FLOP *** [Ks 4d Kc]
hirotech: checks 
franco232315: checks 
*** TURN *** [Ks 4d Kc] [Tc]
hirotech: bets $3.56
franco232315: calls $3.56
*** RIVER *** [Ks 4d Kc Tc] [6s]
hirotech: bets $6.95
franco232315: calls $6.95
*** SHOW DOWN ***
hirotech: shows [Ah Jh] (a pair of Kings)
franco232315: shows [6c Ac] (two pair, Kings and Sixes)
franco232315 collected $27.09 from pot
*** SUMMARY ***
Total pot $28.52 | Rake $1.43 
Board [Ks 4d Kc Tc 6s]
Seat 1: hirotech showed [Ah Jh] and lost with a pair of Kings
Seat 2: Espada Fish folded before Flop (didn't bet)
Seat 3: franco232315 (button) showed [6c Ac] and won ($27.09) with two pair, Kings and Sixes
Seat 4: 2g00d4youu (small blind) folded before Flop
Seat 5: LuckyShikari (big blind) folded before Flop



PokerStars Hand #254636803831:  Hold'em No Limit ($0.50/$1.00 USD) - 2025/01/31 14:27:48 WET [2025/01/31 9:27:48 ET]
Table 'Margot' 6-max Seat #4 is the button
Seat 1: hirotech ($100 in chips) 
Seat 2: Espada Fish ($100.96 in chips) 
Seat 3: franco232315 ($179.83 in chips) 
Seat 4: 2g00d4youu ($172.81 in chips) 
Seat 5: LuckyShikari ($138.13 in chips) 
LuckyShikari: posts small blind $0.50
hirotech: posts big blind $1
*** HOLE CARDS ***
Espada Fish: raises $1.20 to $2.20
franco232315: folds 
2g00d4youu: folds 
LuckyShikari: folds 
hirotech: calls $1.20
*** FLOP *** [7d 8c Qd]
hirotech: checks 
Espada Fish: checks 
*** TURN *** [7d 8c Qd] [8h]
hirotech: bets $2.33
Espada Fish: calls $2.33
*** RIVER *** [7d 8c Qd 8h] [7h]
hirotech: bets $4.54
Pippa83 joins the table at seat #6 
Espada Fish: folds 
Uncalled bet ($4.54) returned to hirotech
hirotech collected $9.08 from pot
hirotech: doesn't show hand 
*** SUMMARY ***
Total pot $9.56 | Rake $0.48 
Board [7d 8c Qd 8h 7h]
Seat 1: hirotech (big blind) collected ($9.08)
Seat 2: Espada Fish folded on the River
Seat 3: franco232315 folded before Flop (didn't bet)
Seat 4: 2g00d4youu (button) folded before Flop (didn't bet)
Seat 5: LuckyShikari (small blind) folded before Flop



PokerStars Hand #254636812894:  Hold'em No Limit ($0.50/$1.00 USD) - 2025/01/31 14:28:40 WET [2025/01/31 9:28:40 ET]
Table 'Margot' 6-max Seat #5 is the button
Seat 6: Pippa83 ($100 in chips) is sitting out
Seat 1: hirotech ($104.55 in chips) 
Seat 2: Espada Fish ($100 in chips) 
Seat 3: franco232315 ($179.83 in chips) 
Seat 4: 2g00d4youu ($172.81 in chips) 
Seat 5: LuckyShikari ($137.63 in chips) 
hirotech: posts small blind $0.50
Espada Fish: posts big blind $1
*** HOLE CARDS ***
franco232315: folds 
2g00d4youu: folds 
LuckyShikari: folds 
hirotech: raises $2 to $3
Espada Fish: folds 
Uncalled bet ($2) returned to hirotech
hirotech collected $2 from pot
hirotech: doesn't show hand 
*** SUMMARY ***
Total pot $2 | Rake $0 
Seat 6: Pippa83
Seat 1: hirotech (small blind) collected ($2)
Seat 2: Espada Fish (big blind) folded before Flop
Seat 3: franco232315 folded before Flop (didn't bet)
Seat 4: 2g00d4youu folded before Flop (didn't bet)
Seat 5: LuckyShikari (button) folded before Flop (didn't bet)



PokerStars Hand #254636815963:  Hold'em No Limit ($0.50/$1.00 USD) - 2025/01/31 14:28:57 WET [2025/01/31 9:28:57 ET]
Table 'Margot' 6-max Seat #1 is the button
Seat 6: Pippa83 ($100 in chips) is sitting out
Seat 1: hirotech ($105.55 in chips) 
Seat 2: Espada Fish ($100 in chips) 
Seat 3: franco232315 ($179.83 in chips) 
Seat 4: 2g00d4youu ($172.81 in chips) 
Seat 5: LuckyShikari ($137.63 in chips) 
Espada Fish: posts small blind $0.50
franco232315: posts big blind $1
Pippa83: sits out 
*** HOLE CARDS ***
2g00d4youu: folds 
LuckyShikari: raises $1 to $2
hirotech: folds 
Espada Fish: raises $8 to $10
franco232315: folds 
LuckyShikari: folds 
Uncalled bet ($8) returned to Espada Fish
Espada Fish collected $5 from pot
Espada Fish: doesn't show hand 
*** SUMMARY ***
Total pot $5 | Rake $0 
Seat 6: Pippa83
Seat 1: hirotech (button) folded before Flop (didn't bet)
Seat 2: Espada Fish (small blind) collected ($5)
Seat 3: franco232315 (big blind) folded before Flop
Seat 4: 2g00d4youu folded before Flop (didn't bet)
Seat 5: LuckyShikari folded before Flop



PokerStars Hand #254636821703:  Hold'em No Limit ($0.50/$1.00 USD) - 2025/01/31 14:29:30 WET [2025/01/31 9:29:30 ET]
Table 'Margot' 6-max Seat #2 is the button
Seat 6: Pippa83 ($100 in chips) is sitting out
Seat 1: hirotech ($105.55 in chips) 
Seat 2: Espada Fish ($103 in chips) 
Seat 3: franco232315 ($178.83 in chips) 
Seat 4: 2g00d4youu ($172.81 in chips) 
Seat 5: LuckyShikari ($135.63 in chips) 
franco232315: posts small blind $0.50
2g00d4youu: posts big blind $1
Pippa83: sits out 
*** HOLE CARDS ***
LuckyShikari: folds 
hirotech: folds 
Espada Fish: raises $1.50 to $2.50
franco232315: folds 
2g00d4youu: folds 
Uncalled bet ($1.50) returned to Espada Fish
Espada Fish collected $2.50 from pot
Espada Fish: doesn't show hand 
*** SUMMARY ***
Total pot $2.50 | Rake $0 
Seat 6: Pippa83
Seat 1: hirotech folded before Flop (didn't bet)
Seat 2: Espada Fish (button) collected ($2.50)
Seat 3: franco232315 (small blind) folded before Flop
Seat 4: 2g00d4youu (big blind) folded before Flop
Seat 5: LuckyShikari folded before Flop (didn't bet)



PokerStars Hand #254636823998:  Hold'em No Limit ($0.50/$1.00 USD) - 2025/01/31 14:29:43 WET [2025/01/31 9:29:43 ET]
Table 'Margot' 6-max Seat #3 is the button
Seat 6: Pippa83 ($100 in chips) is sitting out
Seat 1: hirotech ($105.55 in chips) 
Seat 2: Espada Fish ($104.50 in chips) 
Seat 3: franco232315 ($178.33 in chips) 
Seat 4: 2g00d4youu ($171.81 in chips) 
Seat 5: LuckyShikari ($135.63 in chips) 
2g00d4youu: posts small blind $0.50
LuckyShikari: posts big blind $1
Pippa83 has timed out
Pippa83: is sitting out 
*** HOLE CARDS ***
hirotech: folds 
Espada Fish: raises $1.20 to $2.20
franco232315: raises $4.80 to $7
2g00d4youu: folds 
LuckyShikari: folds 
Espada Fish: folds 
Uncalled bet ($4.80) returned to franco232315
franco232315 collected $5.90 from pot
franco232315: doesn't show hand 
*** SUMMARY ***
Total pot $5.90 | Rake $0 
Seat 6: Pippa83
Seat 1: hirotech folded before Flop (didn't bet)
Seat 2: Espada Fish folded before Flop
Seat 3: franco232315 (button) collected ($5.90)
Seat 4: 2g00d4youu (small blind) folded before Flop
Seat 5: LuckyShikari (big blind) folded before Flop



PokerStars Hand #254636831548:  Hold'em No Limit ($0.50/$1.00 USD) - 2025/01/31 14:30:25 WET [2025/01/31 9:30:25 ET]
Table 'Margot' 6-max Seat #4 is the button
Seat 1: hirotech ($105.55 in chips) 
Seat 2: Espada Fish ($102.30 in chips) 
Seat 3: franco232315 ($182.03 in chips) 
Seat 4: 2g00d4youu ($171.31 in chips) 
Seat 5: LuckyShikari ($134.63 in chips) 
Seat 6: Pippa83 ($100 in chips) 
LuckyShikari: posts small blind $0.50
Pippa83: posts big blind $1
*** HOLE CARDS ***
hirotech: folds 
Espada Fish: folds 
franco232315: folds 
2g00d4youu: raises $1.50 to $2.50
LuckyShikari: folds 
Pippa83: folds 
Uncalled bet ($1.50) returned to 2g00d4youu
2g00d4youu collected $2.50 from pot
2g00d4youu: doesn't show hand 
*** SUMMARY ***
Total pot $2.50 | Rake $0 
Seat 1: hirotech folded before Flop (didn't bet)
Seat 2: Espada Fish folded before Flop (didn't bet)
Seat 3: franco232315 folded before Flop (didn't bet)
Seat 4: 2g00d4youu (button) collected ($2.50)
Seat 5: LuckyShikari (small blind) folded before Flop
Seat 6: Pippa83 (big blind) folded before Flop



PokerStars Hand #254636835240:  Hold'em No Limit ($0.50/$1.00 USD) - 2025/01/31 14:30:45 WET [2025/01/31 9:30:45 ET]
Table 'Margot' 6-max Seat #5 is the button
Seat 1: hirotech ($105.55 in chips) 
Seat 2: Espada Fish ($102.30 in chips) 
Seat 3: franco232315 ($182.03 in chips) 
Seat 4: 2g00d4youu ($172.81 in chips) 
Seat 5: LuckyShikari ($134.13 in chips) 
Seat 6: Pippa83 ($100 in chips) 
Pippa83: posts small blind $0.50
hirotech: posts big blind $1
*** HOLE CARDS ***
Espada Fish: folds 
franco232315: folds 
2g00d4youu: folds 
LuckyShikari: raises $1 to $2
Pippa83: raises $8 to $10
hirotech: folds 
LuckyShikari: folds 
Uncalled bet ($8) returned to Pippa83
Pippa83 collected $5 from pot
Pippa83: doesn't show hand 
*** SUMMARY ***
Total pot $5 | Rake $0 
Seat 1: hirotech (big blind) folded before Flop
Seat 2: Espada Fish folded before Flop (didn't bet)
Seat 3: franco232315 folded before Flop (didn't bet)
Seat 4: 2g00d4youu folded before Flop (didn't bet)
Seat 5: LuckyShikari (button) folded before Flop
Seat 6: Pippa83 (small blind) collected ($5)



PokerStars Hand #254636838666:  Hold'em No Limit ($0.50/$1.00 USD) - 2025/01/31 14:31:05 WET [2025/01/31 9:31:05 ET]
Table 'Margot' 6-max Seat #6 is the button
Seat 1: hirotech ($104.55 in chips) 
Seat 2: Espada Fish ($102.30 in chips) 
Seat 3: franco232315 ($182.03 in chips) 
Seat 4: 2g00d4youu ($172.81 in chips) 
Seat 5: LuckyShikari ($132.13 in chips) 
Seat 6: Pippa83 ($103 in chips) 
hirotech: posts small blind $0.50
Espada Fish: posts big blind $1
*** HOLE CARDS ***
franco232315: folds 
2g00d4youu: raises $1.50 to $2.50
LuckyShikari: folds 
Pippa83: folds 
hirotech: folds 
Espada Fish: folds 
Uncalled bet ($1.50) returned to 2g00d4youu
2g00d4youu collected $2.50 from pot
2g00d4youu: doesn't show hand 
*** SUMMARY ***
Total pot $2.50 | Rake $0 
Seat 1: hirotech (small blind) folded before Flop
Seat 2: Espada Fish (big blind) folded before Flop
Seat 3: franco232315 folded before Flop (didn't bet)
Seat 4: 2g00d4youu collected ($2.50)
Seat 5: LuckyShikari folded before Flop (didn't bet)
Seat 6: Pippa83 (button) folded before Flop (didn't bet)



PokerStars Hand #254636843169:  Hold'em No Limit ($0.50/$1.00 USD) - 2025/01/31 14:31:30 WET [2025/01/31 9:31:30 ET]
Table 'Margot' 6-max Seat #1 is the button
Seat 1: hirotech ($104.05 in chips) 
Seat 2: Espada Fish ($101.30 in chips) 
Seat 3: franco232315 ($182.03 in chips) 
Seat 4: 2g00d4youu ($174.31 in chips) 
Seat 5: LuckyShikari ($132.13 in chips) 
Seat 6: Pippa83 ($103 in chips) 
Espada Fish: posts small blind $0.50
franco232315: posts big blind $1
*** HOLE CARDS ***
2g00d4youu: folds 
LuckyShikari: folds 
Pippa83: folds 
hirotech: raises $2 to $3
Espada Fish: folds 
franco232315: calls $2
*** FLOP *** [6d 3h 4h]
franco232315: checks 
hirotech: bets $3.09
franco232315: calls $3.09
*** TURN *** [6d 3h 4h] [5c]
franco232315: checks 
hirotech: bets $12.05
franco232315: raises $24.10 to $36.15
hirotech: folds 
Uncalled bet ($24.10) returned to franco232315
franco232315 collected $34.94 from pot
franco232315: doesn't show hand 
*** SUMMARY ***
Total pot $36.78 | Rake $1.84 
Board [6d 3h 4h 5c]
Seat 1: hirotech (button) folded on the Turn
Seat 2: Espada Fish (small blind) folded before Flop
Seat 3: franco232315 (big blind) collected ($34.94)
Seat 4: 2g00d4youu folded before Flop (didn't bet)
Seat 5: LuckyShikari folded before Flop (didn't bet)
Seat 6: Pippa83 folded before Flop (didn't bet)



PokerStars Hand #254636862074:  Hold'em No Limit ($0.50/$1.00 USD) - 2025/01/31 14:33:16 WET [2025/01/31 9:33:16 ET]
Table 'Margot' 6-max Seat #2 is the button
Seat 1: hirotech ($100 in chips) 
Seat 2: Espada Fish ($100.80 in chips) 
Seat 3: franco232315 ($198.83 in chips) 
Seat 4: 2g00d4youu ($174.31 in chips) 
Seat 5: LuckyShikari ($132.13 in chips) 
Seat 6: Pippa83 ($103 in chips) 
franco232315: posts small blind $0.50
2g00d4youu: posts big blind $1
*** HOLE CARDS ***
LuckyShikari: folds 
Pippa83: folds 
hirotech: folds 
Espada Fish: raises $1.50 to $2.50
franco232315: raises $8.50 to $11
2g00d4youu: folds 
Espada Fish: folds 
Uncalled bet ($8.50) returned to franco232315
franco232315 collected $6 from pot
franco232315: doesn't show hand 
*** SUMMARY ***
Total pot $6 | Rake $0 
Seat 1: hirotech folded before Flop (didn't bet)
Seat 2: Espada Fish (button) folded before Flop
Seat 3: franco232315 (small blind) collected ($6)
Seat 4: 2g00d4youu (big blind) folded before Flop
Seat 5: LuckyShikari folded before Flop (didn't bet)
Seat 6: Pippa83 folded before Flop (didn't bet)



PokerStars Hand #254636867284:  Hold'em No Limit ($0.50/$1.00 USD) - 2025/01/31 14:33:44 WET [2025/01/31 9:33:44 ET]
Table 'Margot' 6-max Seat #3 is the button
Seat 1: hirotech ($100 in chips) 
Seat 2: Espada Fish ($100 in chips) 
Seat 3: franco232315 ($202.33 in chips) 
Seat 4: 2g00d4youu ($173.31 in chips) 
Seat 5: LuckyShikari ($132.13 in chips) 
Seat 6: Pippa83 ($103 in chips) 
2g00d4youu: posts small blind $0.50
LuckyShikari: posts big blind $1
*** HOLE CARDS ***
Pippa83: folds 
hirotech: folds 
Espada Fish: folds 
franco232315: raises $1.50 to $2.50
2g00d4youu: folds 
LuckyShikari: raises $9.50 to $12
franco232315: folds 
Uncalled bet ($9.50) returned to LuckyShikari
LuckyShikari collected $5.50 from pot
LuckyShikari: doesn't show hand 
*** SUMMARY ***
Total pot $5.50 | Rake $0 
Seat 1: hirotech folded before Flop (didn't bet)
Seat 2: Espada Fish folded before Flop (didn't bet)
Seat 3: franco232315 (button) folded before Flop
Seat 4: 2g00d4youu (small blind) folded before Flop
Seat 5: LuckyShikari (big blind) collected ($5.50)
Seat 6: Pippa83 folded before Flop (didn't bet)



PokerStars Hand #254636870756:  Hold'em No Limit ($0.50/$1.00 USD) - 2025/01/31 14:34:04 WET [2025/01/31 9:34:04 ET]
Table 'Margot' 6-max Seat #4 is the button
Seat 1: hirotech ($100 in chips) 
Seat 2: Espada Fish ($100 in chips) 
Seat 3: franco232315 ($199.83 in chips) 
Seat 4: 2g00d4youu ($172.81 in chips) 
Seat 5: LuckyShikari ($135.13 in chips) 
Seat 6: Pippa83 ($103 in chips) 
LuckyShikari: posts small blind $0.50
Pippa83: posts big blind $1
*** HOLE CARDS ***
hirotech: raises $2 to $3
Espada Fish: folds 
franco232315: folds 
2g00d4youu: folds 
LuckyShikari: folds 
Pippa83: folds 
Uncalled bet ($2) returned to hirotech
hirotech collected $2.50 from pot
hirotech: doesn't show hand 
*** SUMMARY ***
Total pot $2.50 | Rake $0 
Seat 1: hirotech collected ($2.50)
Seat 2: Espada Fish folded before Flop (didn't bet)
Seat 3: franco232315 folded before Flop (didn't bet)
Seat 4: 2g00d4youu (button) folded before Flop (didn't bet)
Seat 5: LuckyShikari (small blind) folded before Flop
Seat 6: Pippa83 (big blind) folded before Flop



PokerStars Hand #254636874935:  Hold'em No Limit ($0.50/$1.00 USD) - 2025/01/31 14:34:28 WET [2025/01/31 9:34:28 ET]
Table 'Margot' 6-max Seat #5 is the button
Seat 1: hirotech ($101.50 in chips) 
Seat 2: Espada Fish ($100 in chips) 
Seat 3: franco232315 ($199.83 in chips) 
Seat 4: 2g00d4youu ($172.81 in chips) 
Seat 5: LuckyShikari ($134.63 in chips) 
Seat 6: Pippa83 ($102 in chips) 
Pippa83: posts small blind $0.50
hirotech: posts big blind $1
*** HOLE CARDS ***
Espada Fish: folds 
franco232315: folds 
2g00d4youu: raises $1.50 to $2.50
LuckyShikari: calls $2.50
Pippa83: raises $11.50 to $14
hirotech: folds 
2g00d4youu: calls $11.50
LuckyShikari: folds 
*** FLOP *** [Ks Td Kh]
Pippa83: bets $9.87
2g00d4youu: folds 
Uncalled bet ($9.87) returned to Pippa83
Pippa83 collected $29.92 from pot
Pippa83: doesn't show hand 
*** SUMMARY ***
Total pot $31.50 | Rake $1.58 
Board [Ks Td Kh]
Seat 1: hirotech (big blind) folded before Flop
Seat 2: Espada Fish folded before Flop (didn't bet)
Seat 3: franco232315 folded before Flop (didn't bet)
Seat 4: 2g00d4youu folded on the Flop
Seat 5: LuckyShikari (button) folded before Flop
Seat 6: Pippa83 (small blind) collected ($29.92)



PokerStars Hand #254636883236:  Hold'em No Limit ($0.50/$1.00 USD) - 2025/01/31 14:35:14 WET [2025/01/31 9:35:14 ET]
Table 'Margot' 6-max Seat #6 is the button
Seat 1: hirotech ($100.50 in chips) 
Seat 2: Espada Fish ($100 in chips) 
Seat 3: franco232315 ($199.83 in chips) 
Seat 4: 2g00d4youu ($158.81 in chips) 
Seat 5: LuckyShikari ($132.13 in chips) 
Seat 6: Pippa83 ($117.92 in chips) 
hirotech: posts small blind $0.50
Espada Fish: posts big blind $1
*** HOLE CARDS ***
franco232315: folds 
2g00d4youu: raises $1.50 to $2.50
LuckyShikari: folds 
Pippa83: calls $2.50
hirotech: folds 
Espada Fish: folds 
*** FLOP *** [Td 2h 8s]
2g00d4youu: checks 
Pippa83: checks 
*** TURN *** [Td 2h 8s] [Qs]
2g00d4youu: checks 
Pippa83: checks 
*** RIVER *** [Td 2h 8s Qs] [9c]
2g00d4youu: checks 
Pippa83: checks 
*** SHOW DOWN ***
2g00d4youu: shows [Ks Ac] (high card Ace)
Pippa83: shows [7h 7s] (a pair of Sevens)
Pippa83 collected $6.18 from pot
*** SUMMARY ***
Total pot $6.50 | Rake $0.32 
Board [Td 2h 8s Qs 9c]
Seat 1: hirotech (small blind) folded before Flop
Seat 2: Espada Fish (big blind) folded before Flop
Seat 3: franco232315 folded before Flop (didn't bet)
Seat 4: 2g00d4youu showed [Ks Ac] and lost with high card Ace
Seat 5: LuckyShikari folded before Flop (didn't bet)
Seat 6: Pippa83 (button) showed [7h 7s] and won ($6.18) with a pair of Sevens



PokerStars Hand #254636893724:  Hold'em No Limit ($0.50/$1.00 USD) - 2025/01/31 14:36:12 WET [2025/01/31 9:36:12 ET]
Table 'Margot' 6-max Seat #1 is the button
Seat 1: hirotech ($100 in chips) 
Seat 2: Espada Fish ($100 in chips) 
Seat 3: franco232315 ($199.83 in chips) 
Seat 4: 2g00d4youu ($156.31 in chips) 
Seat 5: LuckyShikari ($132.13 in chips) 
Seat 6: Pippa83 ($121.60 in chips) 
Espada Fish: posts small blind $0.50
franco232315: posts big blind $1
*** HOLE CARDS ***
2g00d4youu: folds 
LuckyShikari: folds 
Pippa83: folds 
hirotech: folds 
Espada Fish: folds 
Uncalled bet ($0.50) returned to franco232315
franco232315 collected $1 from pot
franco232315: doesn't show hand 
*** SUMMARY ***
Total pot $1 | Rake $0 
Seat 1: hirotech (button) folded before Flop (didn't bet)
Seat 2: Espada Fish (small blind) folded before Flop
Seat 3: franco232315 (big blind) collected ($1)
Seat 4: 2g00d4youu folded before Flop (didn't bet)
Seat 5: LuckyShikari folded before Flop (didn't bet)
Seat 6: Pippa83 folded before Flop (didn't bet)



PokerStars Hand #254636897858:  Hold'em No Limit ($0.50/$1.00 USD) - 2025/01/31 14:36:36 WET [2025/01/31 9:36:36 ET]
Table 'Margot' 6-max Seat #2 is the button
Seat 4: 2g00d4youu ($156.31 in chips) is sitting out
Seat 1: hirotech ($100 in chips) 
Seat 2: Espada Fish ($100 in chips) 
Seat 3: franco232315 ($200.33 in chips) 
Seat 5: LuckyShikari ($132.13 in chips) 
Seat 6: Pippa83 ($121.60 in chips) 
franco232315: posts small blind $0.50
2g00d4youu: is sitting out 
LuckyShikari: posts big blind $1
*** HOLE CARDS ***
Pippa83: folds 
hirotech: folds 
Espada Fish: raises $1.50 to $2.50
2g00d4youu leaves the table
franco232315: folds 
LuckyShikari: folds 
Uncalled bet ($1.50) returned to Espada Fish
DJNezz joins the table at seat #4 
Espada Fish collected $2.50 from pot
Espada Fish: doesn't show hand 
*** SUMMARY ***
Total pot $2.50 | Rake $0 
Seat 4: 2g00d4youu
Seat 1: hirotech folded before Flop (didn't bet)
Seat 2: Espada Fish (button) collected ($2.50)
Seat 3: franco232315 (small blind) folded before Flop
Seat 5: LuckyShikari (big blind) folded before Flop
Seat 6: Pippa83 folded before Flop (didn't bet)



PokerStars Hand #254636900725:  Hold'em No Limit ($0.50/$1.00 USD) - 2025/01/31 14:36:51 WET [2025/01/31 9:36:51 ET]
Table 'Margot' 6-max Seat #3 is the button
Seat 4: DJNezz ($153.57 in chips) is sitting out
Seat 1: hirotech ($100 in chips) 
Seat 2: Espada Fish ($101.50 in chips) 
Seat 3: franco232315 ($199.83 in chips) 
Seat 5: LuckyShikari ($131.13 in chips) 
Seat 6: Pippa83 ($121.60 in chips) 
LuckyShikari: posts small blind $0.50
Pippa83: posts big blind $1
*** HOLE CARDS ***
hirotech: folds 
Espada Fish: folds 
franco232315: folds 
LuckyShikari: raises $2 to $3
Pippa83: calls $2
*** FLOP *** [6c Kd Ah]
LuckyShikari: checks 
Pippa83: checks 
*** TURN *** [6c Kd Ah] [3d]
LuckyShikari: bets $2
Pippa83: calls $2
*** RIVER *** [6c Kd Ah 3d] [As]
LuckyShikari: bets $3
Pippa83: calls $3
*** SHOW DOWN ***
LuckyShikari: shows [Kh Qh] (two pair, Aces and Kings)
Pippa83: mucks hand 
LuckyShikari collected $15.20 from pot
*** SUMMARY ***
Total pot $16 | Rake $0.80 
Board [6c Kd Ah 3d As]
Seat 4: DJNezz
Seat 1: hirotech folded before Flop (didn't bet)
Seat 2: Espada Fish folded before Flop (didn't bet)
Seat 3: franco232315 (button) folded before Flop (didn't bet)
Seat 5: LuckyShikari (small blind) showed [Kh Qh] and won ($15.20) with two pair, Aces and Kings
Seat 6: Pippa83 (big blind) mucked



PokerStars Hand #254636908364:  Hold'em No Limit ($0.50/$1.00 USD) - 2025/01/31 14:37:33 WET [2025/01/31 9:37:33 ET]
Table 'Margot' 6-max Seat #5 is the button
Seat 4: DJNezz ($153.57 in chips) is sitting out
Seat 1: hirotech ($100 in chips) 
Seat 2: Espada Fish ($101.50 in chips) 
Seat 3: franco232315 ($199.83 in chips) 
Seat 5: LuckyShikari ($138.33 in chips) 
Seat 6: Pippa83 ($113.60 in chips) 
Pippa83: posts small blind $0.50
hirotech: posts big blind $1
DJNezz: sits out 
*** HOLE CARDS ***
Espada Fish: folds 
franco232315: folds 
LuckyShikari: folds 
Pippa83: folds 
Uncalled bet ($0.50) returned to hirotech
hirotech collected $1 from pot
hirotech: doesn't show hand 
*** SUMMARY ***
Total pot $1 | Rake $0 
Seat 4: DJNezz
Seat 1: hirotech (big blind) collected ($1)
Seat 2: Espada Fish folded before Flop (didn't bet)
Seat 3: franco232315 folded before Flop (didn't bet)
Seat 5: LuckyShikari (button) folded before Flop (didn't bet)
Seat 6: Pippa83 (small blind) folded before Flop



PokerStars Hand #254636910061:  Hold'em No Limit ($0.50/$1.00 USD) - 2025/01/31 14:37:43 WET [2025/01/31 9:37:43 ET]
Table 'Margot' 6-max Seat #6 is the button
Seat 4: DJNezz ($153.57 in chips) is sitting out
Seat 1: hirotech ($100.50 in chips) 
Seat 2: Espada Fish ($101.50 in chips) 
Seat 3: franco232315 ($199.83 in chips) 
Seat 5: LuckyShikari ($138.33 in chips) 
Seat 6: Pippa83 ($113.10 in chips) 
hirotech: posts small blind $0.50
Espada Fish: posts big blind $1
DJNezz: sits out 
*** HOLE CARDS ***
franco232315: folds 
LuckyShikari: folds 
Pippa83: raises $1.50 to $2.50
hirotech: folds 
Espada Fish: folds 
Uncalled bet ($1.50) returned to Pippa83
Pippa83 collected $2.50 from pot
Pippa83: doesn't show hand 
*** SUMMARY ***
Total pot $2.50 | Rake $0 
Seat 4: DJNezz
Seat 1: hirotech (small blind) folded before Flop
Seat 2: Espada Fish (big blind) folded before Flop
Seat 3: franco232315 folded before Flop (didn't bet)
Seat 5: LuckyShikari folded before Flop (didn't bet)
Seat 6: Pippa83 (button) collected ($2.50)



PokerStars Hand #254636912808:  Hold'em No Limit ($0.50/$1.00 USD) - 2025/01/31 14:37:58 WET [2025/01/31 9:37:58 ET]
Table 'Margot' 6-max Seat #1 is the button
Seat 4: DJNezz ($153.57 in chips) is sitting out
Seat 1: hirotech ($100 in chips) 
Seat 2: Espada Fish ($100.50 in chips) 
Seat 3: franco232315 ($199.83 in chips) 
Seat 5: LuckyShikari ($138.33 in chips) 
Seat 6: Pippa83 ($114.60 in chips) 
Espada Fish: posts small blind $0.50
franco232315: posts big blind $1
DJNezz: sits out 
*** HOLE CARDS ***
LuckyShikari: folds 
Pippa83: folds 
hirotech: folds 
Espada Fish: folds 
Uncalled bet ($0.50) returned to franco232315
franco232315 collected $1 from pot
franco232315: doesn't show hand 
*** SUMMARY ***
Total pot $1 | Rake $0 
Seat 4: DJNezz
Seat 1: hirotech (button) folded before Flop (didn't bet)
Seat 2: Espada Fish (small blind) folded before Flop
Seat 3: franco232315 (big blind) collected ($1)
Seat 5: LuckyShikari folded before Flop (didn't bet)
Seat 6: Pippa83 folded before Flop (didn't bet)



PokerStars Hand #254636935258:  Hold'em No Limit ($0.50/$1.00 USD) - 2025/01/31 14:40:03 WET [2025/01/31 9:40:03 ET]
Table 'Margot' 6-max Seat #1 is the button
Seat 1: hirotech ($101.50 in chips) 
Seat 2: Espada Fish ($107.62 in chips) 
Seat 3: franco232315 ($204.73 in chips) 
Seat 4: DJNezz ($152.07 in chips) 
Seat 5: LuckyShikari ($134.63 in chips) 
Seat 6: Pippa83 ($113.10 in chips) 
Espada Fish: posts small blind $0.50
franco232315: posts big blind $1
*** HOLE CARDS ***
DJNezz: folds 
LuckyShikari: raises $1 to $2
Pippa83: folds 
hirotech: calls $2
Espada Fish: folds 
franco232315: folds 
*** FLOP *** [Jh 7s 4h]
LuckyShikari: checks 
hirotech: checks 
*** TURN *** [Jh 7s 4h] [3d]
LuckyShikari: bets $3
hirotech: folds 
Uncalled bet ($3) returned to LuckyShikari
LuckyShikari collected $5.22 from pot
LuckyShikari: doesn't show hand 
*** SUMMARY ***
Total pot $5.50 | Rake $0.28 
Board [Jh 7s 4h 3d]
Seat 1: hirotech (button) folded on the Turn
Seat 2: Espada Fish (small blind) folded before Flop
Seat 3: franco232315 (big blind) folded before Flop
Seat 4: DJNezz folded before Flop (didn't bet)
Seat 5: LuckyShikari collected ($5.22)
Seat 6: Pippa83 folded before Flop (didn't bet)



PokerStars Hand #254636941070:  Hold'em No Limit ($0.50/$1.00 USD) - 2025/01/31 14:40:34 WET [2025/01/31 9:40:34 ET]
Table 'Margot' 6-max Seat #2 is the button
Seat 1: hirotech ($100 in chips) 
Seat 2: Espada Fish ($107.12 in chips) 
Seat 3: franco232315 ($203.73 in chips) 
Seat 4: DJNezz ($152.07 in chips) 
Seat 5: LuckyShikari ($137.85 in chips) 
Seat 6: Pippa83 ($113.10 in chips) 
franco232315: posts small blind $0.50
DJNezz: posts big blind $1
*** HOLE CARDS ***
LuckyShikari: folds 
Pippa83: folds 
hirotech: folds 
Espada Fish: folds 
franco232315: folds 
Uncalled bet ($0.50) returned to DJNezz
DJNezz collected $1 from pot
*** SUMMARY ***
Total pot $1 | Rake $0 
Seat 1: hirotech folded before Flop (didn't bet)
Seat 2: Espada Fish (button) folded before Flop (didn't bet)
Seat 3: franco232315 (small blind) folded before Flop
Seat 4: DJNezz (big blind) collected ($1)
Seat 5: LuckyShikari folded before Flop (didn't bet)
Seat 6: Pippa83 folded before Flop (didn't bet)



PokerStars Hand #254636942961:  Hold'em No Limit ($0.50/$1.00 USD) - 2025/01/31 14:40:44 WET [2025/01/31 9:40:44 ET]
Table 'Margot' 6-max Seat #3 is the button
Seat 1: hirotech ($100 in chips) 
Seat 2: Espada Fish ($107.12 in chips) 
Seat 3: franco232315 ($203.23 in chips) 
Seat 4: DJNezz ($152.57 in chips) 
Seat 5: LuckyShikari ($137.85 in chips) 
Seat 6: Pippa83 ($113.10 in chips) 
DJNezz: posts small blind $0.50
LuckyShikari: posts big blind $1
*** HOLE CARDS ***
Pippa83: folds 
Pippa83 leaves the table
hirotech: folds 
Espada Fish: raises $1.20 to $2.20
franco232315: folds 
DJNezz: folds 
LuckyShikari: folds 
Uncalled bet ($1.20) returned to Espada Fish
Espada Fish collected $2.50 from pot
Espada Fish: doesn't show hand 
*** SUMMARY ***
Total pot $2.50 | Rake $0 
Seat 1: hirotech folded before Flop (didn't bet)
Seat 2: Espada Fish collected ($2.50)
Seat 3: franco232315 (button) folded before Flop (didn't bet)
Seat 4: DJNezz (small blind) folded before Flop
Seat 5: LuckyShikari (big blind) folded before Flop
Seat 6: Pippa83 folded before Flop (didn't bet)



PokerStars Hand #254636946723:  Hold'em No Limit ($0.50/$1.00 USD) - 2025/01/31 14:41:04 WET [2025/01/31 9:41:04 ET]
Table 'Margot' 6-max Seat #4 is the button
Seat 1: hirotech ($100 in chips) 
Seat 2: Espada Fish ($108.62 in chips) 
Seat 3: franco232315 ($203.23 in chips) 
Seat 4: DJNezz ($152.07 in chips) 
Seat 5: LuckyShikari ($136.85 in chips) 
LuckyShikari: posts small blind $0.50
hirotech: posts big blind $1
*** HOLE CARDS ***
Espada Fish: folds 
franco232315: folds 
DJNezz: raises $1.20 to $2.20
LuckyShikari: raises $8.30 to $10.50
hirotech: calls $9.50
DJNezz: calls $8.30
*** FLOP *** [8d Ts Js]
LuckyShikari: bets $22.50
Mumu4000 joins the table at seat #6 
Mumu4000 is disconnected 
hirotech: calls $22.50
DJNezz: folds 
*** TURN *** [8d Ts Js] [Tc]
LuckyShikari: checks 
hirotech: bets $67 and is all-in
LuckyShikari: calls $67
*** RIVER *** [8d Ts Js Tc] [Th]
*** SHOW DOWN ***
LuckyShikari: shows [Jh Jc] (a full house, Jacks full of Tens)
hirotech: shows [Qh Qd] (a full house, Tens full of Queens)
LuckyShikari collected $208 from pot
*** SUMMARY ***
Total pot $210.50 | Rake $2.50 
Board [8d Ts Js Tc Th]
Seat 1: hirotech (big blind) showed [Qh Qd] and lost with a full house, Tens full of Queens
Seat 2: Espada Fish folded before Flop (didn't bet)
Seat 3: franco232315 folded before Flop (didn't bet)
Seat 4: DJNezz (button) folded on the Flop
Seat 5: LuckyShikari (small blind) showed [Jh Jc] and won ($208) with a full house, Jacks full of Tens



PokerStars Hand #254636960809:  Hold'em No Limit ($0.50/$1.00 USD) - 2025/01/31 14:42:22 WET [2025/01/31 9:42:22 ET]
Table 'Margot' 6-max Seat #5 is the button
Seat 6: Mumu4000 ($76.59 in chips) is sitting out
Seat 1: hirotech ($40.67 in chips) 
Seat 2: Espada Fish ($108.62 in chips) 
Seat 3: franco232315 ($203.23 in chips) 
Seat 4: DJNezz ($141.57 in chips) 
Seat 5: LuckyShikari ($244.85 in chips) 
hirotech: posts small blind $0.50
Espada Fish: posts big blind $1
*** HOLE CARDS ***
franco232315: raises $1.20 to $2.20
DJNezz: folds 
LuckyShikari: folds 
hirotech: folds 
Espada Fish: folds 
Uncalled bet ($1.20) returned to franco232315
franco232315 collected $2.50 from pot
franco232315: doesn't show hand 
*** SUMMARY ***
Total pot $2.50 | Rake $0 
Seat 6: Mumu4000
Seat 1: hirotech (small blind) folded before Flop
Seat 2: Espada Fish (big blind) folded before Flop
Seat 3: franco232315 collected ($2.50)
Seat 4: DJNezz folded before Flop (didn't bet)
Seat 5: LuckyShikari (button) folded before Flop (didn't bet)



PokerStars Hand #254636967766:  Hold'em No Limit ($0.50/$1.00 USD) - 2025/01/31 14:42:59 WET [2025/01/31 9:42:59 ET]
Table 'Margot' 6-max Seat #1 is the button
Seat 1: hirotech ($40.17 in chips) 
Seat 2: Espada Fish ($107.62 in chips) 
Seat 3: franco232315 ($204.73 in chips) 
Seat 4: DJNezz ($141.57 in chips) 
Seat 5: LuckyShikari ($244.85 in chips) 
Seat 6: Mumu4000 ($76.59 in chips) 
Espada Fish: posts small blind $0.50
franco232315: posts big blind $1
Mumu4000: posts big blind $1
*** HOLE CARDS ***
DJNezz: folds 
LuckyShikari: raises $3.50 to $4.50
Mumu4000: calls $3.50
hirotech: raises $15 to $19.50
Espada Fish: folds 
franco232315: folds 
LuckyShikari: folds 
Mumu4000: calls $15
*** FLOP *** [7c Ac Tc]
Mumu4000: checks 
hirotech: bets $20.67 and is all-in
Mumu4000: folds 
Uncalled bet ($20.67) returned to hirotech
hirotech collected $42.75 from pot
hirotech: doesn't show hand 
*** SUMMARY ***
Total pot $45 | Rake $2.25 
Board [7c Ac Tc]
Seat 1: hirotech (button) collected ($42.75)
Seat 2: Espada Fish (small blind) folded before Flop
Seat 3: franco232315 (big blind) folded before Flop
Seat 4: DJNezz folded before Flop (didn't bet)
Seat 5: LuckyShikari folded before Flop
Seat 6: Mumu4000 folded on the Flop



PokerStars Hand #254636975618:  Hold'em No Limit ($0.50/$1.00 USD) - 2025/01/31 14:43:42 WET [2025/01/31 9:43:42 ET]
Table 'Margot' 6-max Seat #2 is the button
Seat 1: hirotech ($63.42 in chips) 
Seat 2: Espada Fish ($107.12 in chips) 
Seat 3: franco232315 ($203.73 in chips) 
Seat 4: DJNezz ($141.57 in chips) 
Seat 5: LuckyShikari ($240.35 in chips) 
Seat 6: Mumu4000 ($57.09 in chips) 
franco232315: posts small blind $0.50
DJNezz: posts big blind $1
*** HOLE CARDS ***
LuckyShikari: folds 
Mumu4000: folds 
hirotech: folds 
Espada Fish: folds 
franco232315: folds 
Uncalled bet ($0.50) returned to DJNezz
DJNezz collected $1 from pot
*** SUMMARY ***
Total pot $1 | Rake $0 
Seat 1: hirotech folded before Flop (didn't bet)
Seat 2: Espada Fish (button) folded before Flop (didn't bet)
Seat 3: franco232315 (small blind) folded before Flop
Seat 4: DJNezz (big blind) collected ($1)
Seat 5: LuckyShikari folded before Flop (didn't bet)
Seat 6: Mumu4000 folded before Flop (didn't bet)



PokerStars Hand #254636978379:  Hold'em No Limit ($0.50/$1.00 USD) - 2025/01/31 14:43:57 WET [2025/01/31 9:43:57 ET]
Table 'Margot' 6-max Seat #3 is the button
Seat 1: hirotech ($63.42 in chips) 
Seat 2: Espada Fish ($107.12 in chips) 
Seat 3: franco232315 ($203.23 in chips) 
Seat 4: DJNezz ($142.07 in chips) 
Seat 5: LuckyShikari ($240.35 in chips) 
Seat 6: Mumu4000 ($57.09 in chips) 
DJNezz: posts small blind $0.50
LuckyShikari: posts big blind $1
*** HOLE CARDS ***
Mumu4000: calls $1
hirotech: raises $3.50 to $4.50
Espada Fish: folds 
franco232315: calls $4.50
DJNezz: folds 
LuckyShikari: calls $3.50
Mumu4000: calls $3.50
*** FLOP *** [Qh 3d 7d]
LuckyShikari: checks 
Mumu4000: checks 
hirotech: bets $17.58
franco232315: folds 
LuckyShikari: folds 
Mumu4000: raises $35.01 to $52.59 and is all-in
hirotech: calls $35.01
*** TURN *** [Qh 3d 7d] [8c]
*** RIVER *** [Qh 3d 7d 8c] [Qd]
*** SHOW DOWN ***
Mumu4000: shows [8d 5d] (a flush, Queen high)
hirotech: shows [Kc Ac] (a pair of Queens)
Mumu4000 collected $121.18 from pot
*** SUMMARY ***
Total pot $123.68 | Rake $2.50 
Board [Qh 3d 7d 8c Qd]
Seat 1: hirotech showed [Kc Ac] and lost with a pair of Queens
Seat 2: Espada Fish folded before Flop (didn't bet)
Seat 3: franco232315 (button) folded on the Flop
Seat 4: DJNezz (small blind) folded before Flop
Seat 5: LuckyShikari (big blind) folded on the Flop
Seat 6: Mumu4000 showed [8d 5d] and won ($121.18) with a flush, Queen high



PokerStars Hand #254636987390:  Hold'em No Limit ($0.50/$1.00 USD) - 2025/01/31 14:44:46 WET [2025/01/31 9:44:46 ET]
Table 'Margot' 6-max Seat #4 is the button
Seat 1: hirotech ($6.33 in chips) 
Seat 2: Espada Fish ($107.12 in chips) 
Seat 3: franco232315 ($198.73 in chips) 
Seat 4: DJNezz ($141.57 in chips) 
Seat 5: LuckyShikari ($235.85 in chips) 
Seat 6: Mumu4000 ($121.18 in chips) 
LuckyShikari: posts small blind $0.50
Mumu4000: posts big blind $1
*** HOLE CARDS ***
hirotech: raises $5.33 to $6.33 and is all-in
Espada Fish: folds 
franco232315: folds 
DJNezz: folds 
LuckyShikari: folds 
Mumu4000: folds 
Uncalled bet ($5.33) returned to hirotech
hirotech collected $2.50 from pot
hirotech: doesn't show hand 
*** SUMMARY ***
Total pot $2.50 | Rake $0 
Seat 1: hirotech collected ($2.50)
Seat 2: Espada Fish folded before Flop (didn't bet)
Seat 3: franco232315 folded before Flop (didn't bet)
Seat 4: DJNezz (button) folded before Flop (didn't bet)
Seat 5: LuckyShikari (small blind) folded before Flop
Seat 6: Mumu4000 (big blind) folded before Flop



PokerStars Hand #254636990967:  Hold'em No Limit ($0.50/$1.00 USD) - 2025/01/31 14:45:05 WET [2025/01/31 9:45:05 ET]
Table 'Margot' 6-max Seat #5 is the button
Seat 1: hirotech ($7.83 in chips) 
Seat 2: Espada Fish ($107.12 in chips) 
Seat 3: franco232315 ($198.73 in chips) 
Seat 4: DJNezz ($141.57 in chips) 
Seat 5: LuckyShikari ($235.35 in chips) 
Seat 6: Mumu4000 ($120.18 in chips) 
Mumu4000: posts small blind $0.50
hirotech: posts big blind $1
*** HOLE CARDS ***
Espada Fish: folds 
franco232315: folds 
DJNezz: folds 
LuckyShikari: folds 
Mumu4000: calls $0.50
hirotech: checks 
*** FLOP *** [6s 9h 9s]
Mumu4000: checks 
hirotech: checks 
*** TURN *** [6s 9h 9s] [6h]
Mumu4000: checks 
hirotech: checks 
*** RIVER *** [6s 9h 9s 6h] [3c]
Mumu4000: bets $3.90
hirotech: folds 
Uncalled bet ($3.90) returned to Mumu4000
Mumu4000 collected $1.90 from pot
*** SUMMARY ***
Total pot $2 | Rake $0.10 
Board [6s 9h 9s 6h 3c]
Seat 1: hirotech (big blind) folded on the River
Seat 2: Espada Fish folded before Flop (didn't bet)
Seat 3: franco232315 folded before Flop (didn't bet)
Seat 4: DJNezz folded before Flop (didn't bet)
Seat 5: LuckyShikari (button) folded before Flop (didn't bet)
Seat 6: Mumu4000 (small blind) collected ($1.90)



PokerStars Hand #254636999689:  Hold'em No Limit ($0.50/$1.00 USD) - 2025/01/31 14:45:52 WET [2025/01/31 9:45:52 ET]
Table 'Margot' 6-max Seat #6 is the button
Seat 1: hirotech ($6.83 in chips) 
Seat 2: Espada Fish ($107.12 in chips) 
Seat 3: franco232315 ($198.73 in chips) 
Seat 4: DJNezz ($141.57 in chips) 
Seat 5: LuckyShikari ($235.35 in chips) 
Seat 6: Mumu4000 ($121.08 in chips) 
hirotech: posts small blind $0.50
Espada Fish: posts big blind $1
*** HOLE CARDS ***
franco232315: folds 
DJNezz: folds 
LuckyShikari: folds 
Mumu4000: raises $2.50 to $3.50
hirotech: raises $3.33 to $6.83 and is all-in
Espada Fish: folds 
Mumu4000: calls $3.33
*** FLOP *** [Ah Qd 3h]
*** TURN *** [Ah Qd 3h] [4s]
*** RIVER *** [Ah Qd 3h 4s] [3c]
*** SHOW DOWN ***
hirotech: shows [Jh As] (two pair, Aces and Threes)
Mumu4000: shows [8s 8c] (two pair, Eights and Threes)
hirotech collected $13.93 from pot
*** SUMMARY ***
Total pot $14.66 | Rake $0.73 
Board [Ah Qd 3h 4s 3c]
Seat 1: hirotech (small blind) showed [Jh As] and won ($13.93) with two pair, Aces and Threes
Seat 2: Espada Fish (big blind) folded before Flop
Seat 3: franco232315 folded before Flop (didn't bet)
Seat 4: DJNezz folded before Flop (didn't bet)
Seat 5: LuckyShikari folded before Flop (didn't bet)
Seat 6: Mumu4000 (button) showed [8s 8c] and lost with two pair, Eights and Threes



PokerStars Hand #254637004877:  Hold'em No Limit ($0.50/$1.00 USD) - 2025/01/31 14:46:20 WET [2025/01/31 9:46:20 ET]
Table 'Margot' 6-max Seat #1 is the button
Seat 1: hirotech ($13.93 in chips) 
Seat 2: Espada Fish ($106.12 in chips) 
Seat 3: franco232315 ($198.73 in chips) 
Seat 4: DJNezz ($141.57 in chips) 
Seat 5: LuckyShikari ($235.35 in chips) 
Seat 6: Mumu4000 ($114.25 in chips) 
Espada Fish: posts small blind $0.50
franco232315: posts big blind $1
*** HOLE CARDS ***
DJNezz: folds 
LuckyShikari: folds 
Mumu4000: folds 
hirotech: raises $12.93 to $13.93 and is all-in
Espada Fish: folds 
franco232315: calls $12.93
*** FLOP *** [2h Th Jh]
*** TURN *** [2h Th Jh] [4s]
*** RIVER *** [2h Th Jh 4s] [Jd]
*** SHOW DOWN ***
franco232315: shows [As Jc] (three of a kind, Jacks)
hirotech: shows [7s 8s] (a pair of Jacks)
franco232315 collected $26.94 from pot
*** SUMMARY ***
Total pot $28.36 | Rake $1.42 
Board [2h Th Jh 4s Jd]
Seat 1: hirotech (button) showed [7s 8s] and lost with a pair of Jacks
Seat 2: Espada Fish (small blind) folded before Flop
Seat 3: franco232315 (big blind) showed [As Jc] and won ($26.94) with three of a kind, Jacks
Seat 4: DJNezz folded before Flop (didn't bet)
Seat 5: LuckyShikari folded before Flop (didn't bet)
Seat 6: Mumu4000 folded before Flop (didn't bet)



PokerStars Hand #254637011509:  Hold'em No Limit ($0.50/$1.00 USD) - 2025/01/31 14:46:56 WET [2025/01/31 9:46:56 ET]
Table 'Margot' 6-max Seat #2 is the button
Seat 1: hirotech ($0 in chips) is sitting out
Seat 2: Espada Fish ($105.62 in chips) 
Seat 3: franco232315 ($211.74 in chips) 
Seat 4: DJNezz ($141.57 in chips) 
Seat 5: LuckyShikari ($235.35 in chips) 
Seat 6: Mumu4000 ($114.25 in chips) 
franco232315: posts small blind $0.50
DJNezz: posts big blind $1
*** HOLE CARDS ***
LuckyShikari: folds 
Mumu4000: raises $2 to $3
Espada Fish: folds 
franco232315: folds 
hirotech leaves the table
DJNezz: folds 
Uncalled bet ($2) returned to Mumu4000
magzi777 joins the table at seat #1 
Mumu4000 collected $2.50 from pot
*** SUMMARY ***
Total pot $2.50 | Rake $0 
Seat 1: hirotech
Seat 2: Espada Fish (button) folded before Flop (didn't bet)
Seat 3: franco232315 (small blind) folded before Flop
Seat 4: DJNezz (big blind) folded before Flop
Seat 5: LuckyShikari folded before Flop (didn't bet)
Seat 6: Mumu4000 collected ($2.50)



PokerStars Hand #254637016108:  Hold'em No Limit ($0.50/$1.00 USD) - 2025/01/31 14:47:21 WET [2025/01/31 9:47:21 ET]
Table 'Margot' 6-max Seat #3 is the button
Seat 1: magzi777 ($100 in chips) is sitting out
Seat 2: Espada Fish ($105.62 in chips) 
Seat 3: franco232315 ($211.24 in chips) 
Seat 4: DJNezz ($140.57 in chips) 
Seat 5: LuckyShikari ($235.35 in chips) 
Seat 6: Mumu4000 ($115.75 in chips) 
DJNezz: posts small blind $0.50
LuckyShikari: posts big blind $1
magzi777: sits out 
*** HOLE CARDS ***
Mumu4000: folds 
Espada Fish: folds 
franco232315: folds 
DJNezz: folds 
Uncalled bet ($0.50) returned to LuckyShikari
LuckyShikari collected $1 from pot
LuckyShikari: doesn't show hand 
*** SUMMARY ***
Total pot $1 | Rake $0 
Seat 1: magzi777
Seat 2: Espada Fish folded before Flop (didn't bet)
Seat 3: franco232315 (button) folded before Flop (didn't bet)
Seat 4: DJNezz (small blind) folded before Flop
Seat 5: LuckyShikari (big blind) collected ($1)
Seat 6: Mumu4000 folded before Flop (didn't bet)



PokerStars Hand #254637017702:  Hold'em No Limit ($0.50/$1.00 USD) - 2025/01/31 14:47:30 WET [2025/01/31 9:47:30 ET]
Table 'Margot' 6-max Seat #4 is the button
Seat 1: magzi777 ($100 in chips) is sitting out
Seat 2: Espada Fish ($105.62 in chips) 
Seat 3: franco232315 ($211.24 in chips) 
Seat 4: DJNezz ($140.07 in chips) 
Seat 5: LuckyShikari ($235.85 in chips) 
Seat 6: Mumu4000 ($115.75 in chips) 
LuckyShikari: posts small blind $0.50
Mumu4000: posts big blind $1
magzi777: sits out 
*** HOLE CARDS ***
Espada Fish: folds 
franco232315: raises $2 to $3
DJNezz: folds 
LuckyShikari: folds 
Mumu4000: calls $2
*** FLOP *** [9s Tc 2d]
Mumu4000: checks 
franco232315: bets $3.09
Mumu4000: folds 
Uncalled bet ($3.09) returned to franco232315
franco232315 collected $6.18 from pot
franco232315: doesn't show hand 
*** SUMMARY ***
Total pot $6.50 | Rake $0.32 
Board [9s Tc 2d]
Seat 1: magzi777
Seat 2: Espada Fish folded before Flop (didn't bet)
Seat 3: franco232315 collected ($6.18)
Seat 4: DJNezz (button) folded before Flop (didn't bet)
Seat 5: LuckyShikari (small blind) folded before Flop
Seat 6: Mumu4000 (big blind) folded on the Flop



PokerStars Hand #254637023111:  Hold'em No Limit ($0.50/$1.00 USD) - 2025/01/31 14:47:59 WET [2025/01/31 9:47:59 ET]
Table 'Margot' 6-max Seat #5 is the button
Seat 1: magzi777 ($100 in chips) 
Seat 2: Espada Fish ($105.62 in chips) 
Seat 3: franco232315 ($214.42 in chips) 
Seat 4: DJNezz ($140.07 in chips) 
Seat 5: LuckyShikari ($235.35 in chips) 
Seat 6: Mumu4000 ($112.75 in chips) 
Mumu4000: posts small blind $0.50
magzi777: posts big blind $1
*** HOLE CARDS ***
Espada Fish: folds 
franco232315: folds 
DJNezz: folds 
LuckyShikari: raises $1 to $2
Mumu4000: folds 
magzi777: raises $8 to $10
LuckyShikari: folds 
Uncalled bet ($8) returned to magzi777
Mumu4000 leaves the table
magzi777 collected $4.50 from pot
*** SUMMARY ***
Total pot $4.50 | Rake $0 
Seat 1: magzi777 (big blind) collected ($4.50)
Seat 2: Espada Fish folded before Flop (didn't bet)
Seat 3: franco232315 folded before Flop (didn't bet)
Seat 4: DJNezz folded before Flop (didn't bet)
Seat 5: LuckyShikari (button) folded before Flop
Seat 6: Mumu4000 (small blind) folded before Flop



PokerStars Hand #254637027888:  Hold'em No Limit ($0.50/$1.00 USD) - 2025/01/31 14:48:25 WET [2025/01/31 9:48:25 ET]
Table 'Margot' 6-max Seat #1 is the button
Seat 1: magzi777 ($102.50 in chips) 
Seat 2: Espada Fish ($105.62 in chips) 
Seat 3: franco232315 ($214.42 in chips) 
Seat 4: DJNezz ($140.07 in chips) 
Seat 5: LuckyShikari ($233.35 in chips) 
Espada Fish: posts small blind $0.50
franco232315: posts big blind $1
*** HOLE CARDS ***
DJNezz: folds 
LuckyShikari: folds 
magzi777: raises $1.50 to $2.50
Espada Fish: folds 
franco232315: raises $9 to $11.50
magzi777: folds 
Uncalled bet ($9) returned to franco232315
franco232315 collected $5.50 from pot
franco232315: doesn't show hand 
*** SUMMARY ***
Total pot $5.50 | Rake $0 
Seat 1: magzi777 (button) folded before Flop
Seat 2: Espada Fish (small blind) folded before Flop
Seat 3: franco232315 (big blind) collected ($5.50)
Seat 4: DJNezz folded before Flop (didn't bet)
Seat 5: LuckyShikari folded before Flop (didn't bet)



PokerStars Hand #254637032236:  Hold'em No Limit ($0.50/$1.00 USD) - 2025/01/31 14:48:49 WET [2025/01/31 9:48:49 ET]
Table 'Margot' 6-max Seat #2 is the button
Seat 1: magzi777 ($100 in chips) 
Seat 2: Espada Fish ($105.12 in chips) 
Seat 3: franco232315 ($217.42 in chips) 
Seat 4: DJNezz ($140.07 in chips) 
Seat 5: LuckyShikari ($233.35 in chips) 
franco232315: posts small blind $0.50
DJNezz: posts big blind $1
*** HOLE CARDS ***
LuckyShikari: folds 
magzi777: raises $1.50 to $2.50
Espada Fish: folds 
franco232315: folds 
DJNezz: folds 
Uncalled bet ($1.50) returned to magzi777
magzi777 collected $2.50 from pot
*** SUMMARY ***
Total pot $2.50 | Rake $0 
Seat 1: magzi777 collected ($2.50)
Seat 2: Espada Fish (button) folded before Flop (didn't bet)
Seat 3: franco232315 (small blind) folded before Flop
Seat 4: DJNezz (big blind) folded before Flop
Seat 5: LuckyShikari folded before Flop (didn't bet)



