PokerStars Hand #254636330691:  Hold'em No Limit ($0.50/$1.00 USD) - 2025/01/31 13:40:06 WET [2025/01/31 8:40:06 ET]
Table 'Brown' 6-max Seat #4 is the button
Seat 1: meho2232 ($65.77 in chips) 
Seat 2: rao999 ($100 in chips) 
Seat 3: antey89 ($100 in chips) 
Seat 4: easy_sarcasm ($100 in chips) 
Seat 5: bitterdream ($100 in chips) 
Seat 6: Rdalonso ($100 in chips) 
bitterdream: posts small blind $0.50
Rdalonso: posts big blind $1
*** HOLE CARDS ***
meho2232: folds 
rao999: folds 
antey89: folds 
easy_sarcasm: folds 
bitterdream: folds 
Uncalled bet ($0.50) returned to Rdalonso
Rdalonso collected $1 from pot
Rdalonso: doesn't show hand 
*** SUMMARY ***
Total pot $1 | Rake $0 
Seat 1: meho2232 folded before Flop (didn't bet)
Seat 2: rao999 folded before Flop (didn't bet)
Seat 3: antey89 folded before Flop (didn't bet)
Seat 4: easy_sarcasm (button) folded before Flop (didn't bet)
Seat 5: bitterdream (small blind) folded before Flop
Seat 6: Rdalonso (big blind) collected ($1)



PokerStars Hand #254636333050:  Hold'em No Limit ($0.50/$1.00 USD) - 2025/01/31 13:40:20 WET [2025/01/31 8:40:20 ET]
Table 'Brown' 6-max Seat #5 is the button
Seat 1: meho2232 ($65.77 in chips) 
Seat 2: rao999 ($100 in chips) 
Seat 3: antey89 ($100 in chips) 
Seat 4: easy_sarcasm ($100 in chips) 
Seat 5: bitterdream ($100 in chips) 
Seat 6: Rdalonso ($100.50 in chips) 
Rdalonso: posts small blind $0.50
meho2232: posts big blind $1
*** HOLE CARDS ***
rao999: folds 
antey89: raises $1.50 to $2.50
easy_sarcasm: folds 
bitterdream: folds 
Rdalonso: folds 
meho2232: folds [2h]
Uncalled bet ($1.50) returned to antey89
antey89 collected $2.50 from pot
antey89: doesn't show hand 
*** SUMMARY ***
Total pot $2.50 | Rake $0 
Seat 1: meho2232 (big blind) folded before Flop
Seat 2: rao999 folded before Flop (didn't bet)
Seat 3: antey89 collected ($2.50)
Seat 4: easy_sarcasm folded before Flop (didn't bet)
Seat 5: bitterdream (button) folded before Flop (didn't bet)
Seat 6: Rdalonso (small blind) folded before Flop



PokerStars Hand #254636336891:  Hold'em No Limit ($0.50/$1.00 USD) - 2025/01/31 13:40:43 WET [2025/01/31 8:40:43 ET]
Table 'Brown' 6-max Seat #6 is the button
Seat 2: rao999 ($100 in chips) is sitting out
Seat 1: meho2232 ($64.77 in chips) 
Seat 3: antey89 ($101.50 in chips) 
Seat 4: easy_sarcasm ($100 in chips) 
Seat 5: bitterdream ($100 in chips) 
Seat 6: Rdalonso ($100 in chips) 
meho2232: posts small blind $0.50
rao999: is sitting out 
antey89: posts big blind $1
*** HOLE CARDS ***
easy_sarcasm: folds 
bitterdream: folds 
Rdalonso: folds 
meho2232: folds 
Uncalled bet ($0.50) returned to antey89
antey89 collected $1 from pot
antey89: doesn't show hand 
*** SUMMARY ***
Total pot $1 | Rake $0 
Seat 2: rao999
Seat 1: meho2232 (small blind) folded before Flop
Seat 3: antey89 (big blind) collected ($1)
Seat 4: easy_sarcasm folded before Flop (didn't bet)
Seat 5: bitterdream folded before Flop (didn't bet)
Seat 6: Rdalonso (button) folded before Flop (didn't bet)



PokerStars Hand #254636339379:  Hold'em No Limit ($0.50/$1.00 USD) - 2025/01/31 13:40:58 WET [2025/01/31 8:40:58 ET]
Table 'Brown' 6-max Seat #1 is the button
Seat 2: rao999 ($100 in chips) is sitting out
Seat 1: meho2232 ($64.27 in chips) 
Seat 3: antey89 ($102 in chips) 
Seat 4: easy_sarcasm ($100 in chips) 
Seat 5: bitterdream ($100 in chips) 
Seat 6: Rdalonso ($100 in chips) 
antey89: posts small blind $0.50
easy_sarcasm: posts big blind $1
*** HOLE CARDS ***
bitterdream: folds 
Rdalonso: folds 
meho2232: raises $2 to $3
antey89: folds 
easy_sarcasm: folds 
Uncalled bet ($2) returned to meho2232
meho2232 collected $2.50 from pot
meho2232: shows [Kc]
*** SUMMARY ***
Total pot $2.50 | Rake $0 
Seat 2: rao999
Seat 1: meho2232 (button) collected ($2.50)
Seat 3: antey89 (small blind) folded before Flop
Seat 4: easy_sarcasm (big blind) folded before Flop
Seat 5: bitterdream folded before Flop (didn't bet)
Seat 6: Rdalonso folded before Flop (didn't bet)



PokerStars Hand #254636341835:  Hold'em No Limit ($0.50/$1.00 USD) - 2025/01/31 13:41:13 WET [2025/01/31 8:41:13 ET]
Table 'Brown' 6-max Seat #3 is the button
Seat 2: rao999 ($100 in chips) is sitting out
Seat 1: meho2232 ($65.77 in chips) 
Seat 3: antey89 ($101.50 in chips) 
Seat 4: easy_sarcasm ($100 in chips) 
Seat 5: bitterdream ($100 in chips) 
Seat 6: Rdalonso ($100 in chips) 
easy_sarcasm: posts small blind $0.50
bitterdream: posts big blind $1
*** HOLE CARDS ***
Rdalonso: folds 
meho2232: folds 
antey89: folds 
easy_sarcasm: raises $2 to $3
bitterdream: raises $7 to $10
easy_sarcasm: folds 
Uncalled bet ($7) returned to bitterdream
bitterdream collected $6 from pot
bitterdream: doesn't show hand 
*** SUMMARY ***
Total pot $6 | Rake $0 
Seat 2: rao999
Seat 1: meho2232 folded before Flop (didn't bet)
Seat 3: antey89 (button) folded before Flop (didn't bet)
Seat 4: easy_sarcasm (small blind) folded before Flop
Seat 5: bitterdream (big blind) collected ($6)
Seat 6: Rdalonso folded before Flop (didn't bet)



PokerStars Hand #254636346462:  Hold'em No Limit ($0.50/$1.00 USD) - 2025/01/31 13:41:40 WET [2025/01/31 8:41:40 ET]
Table 'Brown' 6-max Seat #4 is the button
Seat 2: rao999 ($100 in chips) is sitting out
Seat 1: meho2232 ($65.77 in chips) 
Seat 3: antey89 ($101.50 in chips) 
Seat 4: easy_sarcasm ($100 in chips) 
Seat 5: bitterdream ($103 in chips) 
Seat 6: Rdalonso ($100 in chips) 
bitterdream: posts small blind $0.50
Rdalonso: posts big blind $1
*** HOLE CARDS ***
meho2232: raises $2.50 to $3.50
antey89: folds 
easy_sarcasm: folds 
bitterdream: folds 
Rdalonso: calls $2.50
*** FLOP *** [8h 5h Qd]
Rdalonso: checks 
meho2232: bets $2.56
Rdalonso: calls $2.56
*** TURN *** [8h 5h Qd] [3s]
Rdalonso: checks 
meho2232: bets $8.99
Rdalonso: raises $19.78 to $28.77
meho2232: folds 
Uncalled bet ($19.78) returned to Rdalonso
Rdalonso collected $29.07 from pot
Rdalonso: doesn't show hand 
*** SUMMARY ***
Total pot $30.60 | Rake $1.53 
Board [8h 5h Qd 3s]
Seat 2: rao999
Seat 1: meho2232 folded on the Turn
Seat 3: antey89 folded before Flop (didn't bet)
Seat 4: easy_sarcasm (button) folded before Flop (didn't bet)
Seat 5: bitterdream (small blind) folded before Flop
Seat 6: Rdalonso (big blind) collected ($29.07)



PokerStars Hand #254636363564:  Hold'em No Limit ($0.50/$1.00 USD) - 2025/01/31 13:43:24 WET [2025/01/31 8:43:24 ET]
Table 'Brown' 6-max Seat #5 is the button
Seat 2: rao999 ($100 in chips) is sitting out
Seat 1: meho2232 ($50.72 in chips) 
Seat 3: antey89 ($101.50 in chips) 
Seat 4: easy_sarcasm ($100 in chips) 
Seat 5: bitterdream ($102.50 in chips) 
Seat 6: Rdalonso ($114.02 in chips) 
Rdalonso: posts small blind $0.50
meho2232: posts big blind $1
*** HOLE CARDS ***
antey89: folds 
easy_sarcasm: folds 
bitterdream: folds 
Rdalonso: raises $2 to $3
meho2232: calls $2
*** FLOP *** [Qh 8s 7h]
Rdalonso: bets $1.88
meho2232: calls $1.88
*** TURN *** [Qh 8s 7h] [3h]
Rdalonso: checks 
meho2232: bets $4.64
Rdalonso: folds 
Uncalled bet ($4.64) returned to meho2232
meho2232 collected $9.27 from pot
*** SUMMARY ***
Total pot $9.76 | Rake $0.49 
Board [Qh 8s 7h 3h]
Seat 2: rao999
Seat 1: meho2232 (big blind) collected ($9.27)
Seat 3: antey89 folded before Flop (didn't bet)
Seat 4: easy_sarcasm folded before Flop (didn't bet)
Seat 5: bitterdream (button) folded before Flop (didn't bet)
Seat 6: Rdalonso (small blind) folded on the Turn



PokerStars Hand #254636370869:  Hold'em No Limit ($0.50/$1.00 USD) - 2025/01/31 13:44:09 WET [2025/01/31 8:44:09 ET]
Table 'Brown' 6-max Seat #6 is the button
Seat 2: rao999 ($100 in chips) is sitting out
Seat 1: meho2232 ($55.11 in chips) 
Seat 3: antey89 ($101.50 in chips) 
Seat 4: easy_sarcasm ($100 in chips) 
Seat 5: bitterdream ($102.50 in chips) 
Seat 6: Rdalonso ($109.14 in chips) 
meho2232: posts small blind $0.50
antey89: posts big blind $1
*** HOLE CARDS ***
easy_sarcasm: folds 
bitterdream: folds 
Rdalonso: folds 
meho2232: calls $0.50
antey89: raises $4 to $5
meho2232: calls $4
*** FLOP *** [Kd 3c Qc]
meho2232: bets $9.50
antey89: folds 
Uncalled bet ($9.50) returned to meho2232
meho2232 collected $9.50 from pot
*** SUMMARY ***
Total pot $10 | Rake $0.50 
Board [Kd 3c Qc]
Seat 2: rao999
Seat 1: meho2232 (small blind) collected ($9.50)
Seat 3: antey89 (big blind) folded on the Flop
Seat 4: easy_sarcasm folded before Flop (didn't bet)
Seat 5: bitterdream folded before Flop (didn't bet)
Seat 6: Rdalonso (button) folded before Flop (didn't bet)



PokerStars Hand #254636375615:  Hold'em No Limit ($0.50/$1.00 USD) - 2025/01/31 13:44:37 WET [2025/01/31 8:44:37 ET]
Table 'Brown' 6-max Seat #1 is the button
Seat 2: rao999 ($100 in chips) is sitting out
Seat 1: meho2232 ($59.61 in chips) 
Seat 3: antey89 ($100 in chips) 
Seat 4: easy_sarcasm ($100 in chips) 
Seat 5: bitterdream ($102.50 in chips) 
Seat 6: Rdalonso ($109.14 in chips) 
antey89: posts small blind $0.50
easy_sarcasm: posts big blind $1
*** HOLE CARDS ***
bitterdream: folds 
Rdalonso: raises $1.50 to $2.50
meho2232: folds 
antey89: folds 
easy_sarcasm: folds 
Uncalled bet ($1.50) returned to Rdalonso
Rdalonso collected $2.50 from pot
Rdalonso: doesn't show hand 
*** SUMMARY ***
Total pot $2.50 | Rake $0 
Seat 2: rao999
Seat 1: meho2232 (button) folded before Flop (didn't bet)
Seat 3: antey89 (small blind) folded before Flop
Seat 4: easy_sarcasm (big blind) folded before Flop
Seat 5: bitterdream folded before Flop (didn't bet)
Seat 6: Rdalonso collected ($2.50)



PokerStars Hand #254636378046:  Hold'em No Limit ($0.50/$1.00 USD) - 2025/01/31 13:44:52 WET [2025/01/31 8:44:52 ET]
Table 'Brown' 6-max Seat #3 is the button
Seat 2: rao999 ($100 in chips) is sitting out
Seat 1: meho2232 ($59.61 in chips) 
Seat 3: antey89 ($100 in chips) 
Seat 4: easy_sarcasm ($100 in chips) 
Seat 5: bitterdream ($102.50 in chips) 
Seat 6: Rdalonso ($110.64 in chips) 
easy_sarcasm: posts small blind $0.50
bitterdream: posts big blind $1
*** HOLE CARDS ***
Rdalonso: folds 
meho2232: folds 
antey89: raises $1.50 to $2.50
easy_sarcasm: folds 
bitterdream: calls $1.50
*** FLOP *** [Jd 6s 3d]
bitterdream: checks 
antey89: bets $3.39
bitterdream: folds 
Uncalled bet ($3.39) returned to antey89
antey89 collected $5.22 from pot
antey89: doesn't show hand 
*** SUMMARY ***
Total pot $5.50 | Rake $0.28 
Board [Jd 6s 3d]
Seat 2: rao999
Seat 1: meho2232 folded before Flop (didn't bet)
Seat 3: antey89 (button) collected ($5.22)
Seat 4: easy_sarcasm (small blind) folded before Flop
Seat 5: bitterdream (big blind) folded on the Flop
Seat 6: Rdalonso folded before Flop (didn't bet)



PokerStars Hand #254636385378:  Hold'em No Limit ($0.50/$1.00 USD) - 2025/01/31 13:45:36 WET [2025/01/31 8:45:36 ET]
Table 'Brown' 6-max Seat #4 is the button
Seat 2: rao999 ($100 in chips) is sitting out
Seat 1: meho2232 ($59.61 in chips) 
Seat 3: antey89 ($102.72 in chips) 
Seat 4: easy_sarcasm ($100 in chips) 
Seat 5: bitterdream ($100 in chips) 
Seat 6: Rdalonso ($110.64 in chips) 
bitterdream: posts small blind $0.50
Rdalonso: posts big blind $1
*** HOLE CARDS ***
meho2232: folds 
antey89: folds 
easy_sarcasm: folds 
bitterdream: folds 
Uncalled bet ($0.50) returned to Rdalonso
Rdalonso collected $1 from pot
Rdalonso: doesn't show hand 
*** SUMMARY ***
Total pot $1 | Rake $0 
Seat 2: rao999
Seat 1: meho2232 folded before Flop (didn't bet)
Seat 3: antey89 folded before Flop (didn't bet)
Seat 4: easy_sarcasm (button) folded before Flop (didn't bet)
Seat 5: bitterdream (small blind) folded before Flop
Seat 6: Rdalonso (big blind) collected ($1)



PokerStars Hand #254636387473:  Hold'em No Limit ($0.50/$1.00 USD) - 2025/01/31 13:45:48 WET [2025/01/31 8:45:48 ET]
Table 'Brown' 6-max Seat #5 is the button
Seat 2: rao999 ($100 in chips) is sitting out
Seat 1: meho2232 ($59.61 in chips) 
Seat 3: antey89 ($102.72 in chips) 
Seat 4: easy_sarcasm ($100 in chips) 
Seat 5: bitterdream ($100 in chips) 
Seat 6: Rdalonso ($111.14 in chips) 
Rdalonso: posts small blind $0.50
meho2232: posts big blind $1
*** HOLE CARDS ***
antey89: raises $1.50 to $2.50
easy_sarcasm: folds 
bitterdream: folds 
Rdalonso: folds 
meho2232: folds 
Uncalled bet ($1.50) returned to antey89
antey89 collected $2.50 from pot
antey89: doesn't show hand 
*** SUMMARY ***
Total pot $2.50 | Rake $0 
Seat 2: rao999
Seat 1: meho2232 (big blind) folded before Flop
Seat 3: antey89 collected ($2.50)
Seat 4: easy_sarcasm folded before Flop (didn't bet)
Seat 5: bitterdream (button) folded before Flop (didn't bet)
Seat 6: Rdalonso (small blind) folded before Flop



PokerStars Hand #254636390788:  Hold'em No Limit ($0.50/$1.00 USD) - 2025/01/31 13:46:08 WET [2025/01/31 8:46:08 ET]
Table 'Brown' 6-max Seat #6 is the button
Seat 2: rao999 ($100 in chips) is sitting out
Seat 1: meho2232 ($58.61 in chips) 
Seat 3: antey89 ($104.22 in chips) 
Seat 4: easy_sarcasm ($100 in chips) 
Seat 5: bitterdream ($100 in chips) 
Seat 6: Rdalonso ($110.64 in chips) 
meho2232: posts small blind $0.50
antey89: posts big blind $1
*** HOLE CARDS ***
easy_sarcasm: folds 
bitterdream: raises $1.50 to $2.50
Rdalonso: folds 
meho2232: folds 
antey89: calls $1.50
*** FLOP *** [2s Js Qh]
antey89: checks 
bitterdream: checks 
*** TURN *** [2s Js Qh] [6d]
antey89: bets $3.92
bitterdream: calls $3.92
*** RIVER *** [2s Js Qh 6d] [3h]
antey89: bets $9.50
bitterdream: raises $29.50 to $39
antey89: calls $29.50
*** SHOW DOWN ***
bitterdream: shows [6s 6c] (three of a kind, Sixes)
antey89: mucks hand 
bitterdream collected $88.84 from pot
*** SUMMARY ***
Total pot $91.34 | Rake $2.50 
Board [2s Js Qh 6d 3h]
Seat 2: rao999
Seat 1: meho2232 (small blind) folded before Flop
Seat 3: antey89 (big blind) mucked
Seat 4: easy_sarcasm folded before Flop (didn't bet)
Seat 5: bitterdream showed [6s 6c] and won ($88.84) with three of a kind, Sixes
Seat 6: Rdalonso (button) folded before Flop (didn't bet)



PokerStars Hand #254636410403:  Hold'em No Limit ($0.50/$1.00 USD) - 2025/01/31 13:48:05 WET [2025/01/31 8:48:05 ET]
Table 'Brown' 6-max Seat #1 is the button
Seat 2: rao999 ($100 in chips) is sitting out
Seat 1: meho2232 ($58.11 in chips) 
Seat 3: antey89 ($100 in chips) 
Seat 4: easy_sarcasm ($100 in chips) 
Seat 5: bitterdream ($143.42 in chips) 
Seat 6: Rdalonso ($110.64 in chips) 
antey89: posts small blind $0.50
easy_sarcasm: posts big blind $1
*** HOLE CARDS ***
bitterdream: folds 
Rdalonso: folds 
meho2232: folds 
antey89: folds 
Uncalled bet ($0.50) returned to easy_sarcasm
easy_sarcasm collected $1 from pot
*** SUMMARY ***
Total pot $1 | Rake $0 
Seat 2: rao999
Seat 1: meho2232 (button) folded before Flop (didn't bet)
Seat 3: antey89 (small blind) folded before Flop
Seat 4: easy_sarcasm (big blind) collected ($1)
Seat 5: bitterdream folded before Flop (didn't bet)
Seat 6: Rdalonso folded before Flop (didn't bet)



PokerStars Hand #254636411983:  Hold'em No Limit ($0.50/$1.00 USD) - 2025/01/31 13:48:15 WET [2025/01/31 8:48:15 ET]
Table 'Brown' 6-max Seat #3 is the button
Seat 2: rao999 ($100 in chips) is sitting out
Seat 1: meho2232 ($58.11 in chips) 
Seat 3: antey89 ($100 in chips) 
Seat 4: easy_sarcasm ($100.50 in chips) 
Seat 5: bitterdream ($143.42 in chips) 
Seat 6: Rdalonso ($110.64 in chips) 
easy_sarcasm: posts small blind $0.50
bitterdream: posts big blind $1
*** HOLE CARDS ***
Rdalonso: raises $1.50 to $2.50
meho2232: folds 
antey89: folds 
easy_sarcasm: folds 
bitterdream: folds 
Uncalled bet ($1.50) returned to Rdalonso
Rdalonso collected $2.50 from pot
Rdalonso: doesn't show hand 
*** SUMMARY ***
Total pot $2.50 | Rake $0 
Seat 2: rao999
Seat 1: meho2232 folded before Flop (didn't bet)
Seat 3: antey89 (button) folded before Flop (didn't bet)
Seat 4: easy_sarcasm (small blind) folded before Flop
Seat 5: bitterdream (big blind) folded before Flop
Seat 6: Rdalonso collected ($2.50)



PokerStars Hand #254636415530:  Hold'em No Limit ($0.50/$1.00 USD) - 2025/01/31 13:48:35 WET [2025/01/31 8:48:35 ET]
Table 'Brown' 6-max Seat #4 is the button
Seat 2: rao999 ($100 in chips) is sitting out
Seat 1: meho2232 ($58.11 in chips) 
Seat 3: antey89 ($100 in chips) 
Seat 4: easy_sarcasm ($100 in chips) 
Seat 5: bitterdream ($142.42 in chips) 
Seat 6: Rdalonso ($112.14 in chips) 
bitterdream: posts small blind $0.50
Rdalonso: posts big blind $1
*** HOLE CARDS ***
meho2232: calls $1
antey89: folds 
easy_sarcasm: folds 
bitterdream: folds 
Rdalonso: checks 
*** FLOP *** [As 5c Qs]
Rdalonso: checks 
meho2232: checks 
*** TURN *** [As 5c Qs] [Ac]
Rdalonso: checks 
meho2232: checks 
*** RIVER *** [As 5c Qs Ac] [5d]
Rdalonso: bets $4.76
meho2232: calls $4.76
*** SHOW DOWN ***
Rdalonso: shows [3c 8h] (two pair, Aces and Fives)
meho2232: shows [7c Kc] (two pair, Aces and Fives - King kicker)
meho2232 collected $11.42 from pot
*** SUMMARY ***
Total pot $12.02 | Rake $0.60 
Board [As 5c Qs Ac 5d]
Seat 2: rao999
Seat 1: meho2232 showed [7c Kc] and won ($11.42) with two pair, Aces and Fives
Seat 3: antey89 folded before Flop (didn't bet)
Seat 4: easy_sarcasm (button) folded before Flop (didn't bet)
Seat 5: bitterdream (small blind) folded before Flop
Seat 6: Rdalonso (big blind) showed [3c 8h] and lost with two pair, Aces and Fives



PokerStars Hand #254636423437:  Hold'em No Limit ($0.50/$1.00 USD) - 2025/01/31 13:49:23 WET [2025/01/31 8:49:23 ET]
Table 'Brown' 6-max Seat #5 is the button
Seat 2: rao999 ($100 in chips) is sitting out
Seat 1: meho2232 ($63.77 in chips) 
Seat 3: antey89 ($100 in chips) 
Seat 4: easy_sarcasm ($100 in chips) 
Seat 5: bitterdream ($141.92 in chips) 
Seat 6: Rdalonso ($106.38 in chips) 
Rdalonso: posts small blind $0.50
meho2232: posts big blind $1
*** HOLE CARDS ***
antey89: folds 
easy_sarcasm: folds 
bitterdream: folds 
Rdalonso: raises $2 to $3
meho2232: folds 
Uncalled bet ($2) returned to Rdalonso
Rdalonso collected $2 from pot
Rdalonso: doesn't show hand 
*** SUMMARY ***
Total pot $2 | Rake $0 
Seat 2: rao999
Seat 1: meho2232 (big blind) folded before Flop
Seat 3: antey89 folded before Flop (didn't bet)
Seat 4: easy_sarcasm folded before Flop (didn't bet)
Seat 5: bitterdream (button) folded before Flop (didn't bet)
Seat 6: Rdalonso (small blind) collected ($2)



PokerStars Hand #254636427007:  Hold'em No Limit ($0.50/$1.00 USD) - 2025/01/31 13:49:44 WET [2025/01/31 8:49:44 ET]
Table 'Brown' 6-max Seat #6 is the button
Seat 2: rao999 ($100 in chips) is sitting out
Seat 1: meho2232 ($62.77 in chips) 
Seat 3: antey89 ($100 in chips) 
Seat 4: easy_sarcasm ($100 in chips) 
Seat 5: bitterdream ($141.92 in chips) 
Seat 6: Rdalonso ($107.38 in chips) 
meho2232: posts small blind $0.50
antey89: posts big blind $1
*** HOLE CARDS ***
easy_sarcasm: raises $2 to $3
bitterdream: raises $6 to $9
Rdalonso: folds 
meho2232: folds 
antey89: folds 
easy_sarcasm: folds 
Uncalled bet ($6) returned to bitterdream
bitterdream collected $7.50 from pot
rao999 leaves the table
bitterdream: doesn't show hand 
*** SUMMARY ***
Total pot $7.50 | Rake $0 
Seat 2: rao999
Seat 1: meho2232 (small blind) folded before Flop
Seat 3: antey89 (big blind) folded before Flop
Seat 4: easy_sarcasm folded before Flop
Seat 5: bitterdream collected ($7.50)
Seat 6: Rdalonso (button) folded before Flop (didn't bet)



PokerStars Hand #254636430651:  Hold'em No Limit ($0.50/$1.00 USD) - 2025/01/31 13:50:06 WET [2025/01/31 8:50:06 ET]
Table 'Brown' 6-max Seat #1 is the button
Seat 1: meho2232 ($62.27 in chips) 
Seat 3: antey89 ($100 in chips) 
Seat 4: easy_sarcasm ($100 in chips) 
Seat 5: bitterdream ($146.42 in chips) 
Seat 6: Rdalonso ($107.38 in chips) 
antey89: posts small blind $0.50
easy_sarcasm: posts big blind $1
*** HOLE CARDS ***
bitterdream: folds 
tintin641 joins the table at seat #2 
Rdalonso: raises $1.50 to $2.50
meho2232: folds 
antey89: raises $9.50 to $12
easy_sarcasm: folds 
Rdalonso: folds 
Uncalled bet ($9.50) returned to antey89
antey89 collected $6 from pot
antey89: doesn't show hand 
*** SUMMARY ***
Total pot $6 | Rake $0 
Seat 1: meho2232 (button) folded before Flop (didn't bet)
Seat 3: antey89 (small blind) collected ($6)
Seat 4: easy_sarcasm (big blind) folded before Flop
Seat 5: bitterdream folded before Flop (didn't bet)
Seat 6: Rdalonso folded before Flop



PokerStars Hand #254636434739:  Hold'em No Limit ($0.50/$1.00 USD) - 2025/01/31 13:50:30 WET [2025/01/31 8:50:30 ET]
Table 'Brown' 6-max Seat #3 is the button
Seat 2: tintin641 ($100 in chips) is sitting out
Seat 5: bitterdream ($146.42 in chips) is sitting out
Seat 1: meho2232 ($62.27 in chips) 
Seat 3: antey89 ($103.50 in chips) 
Seat 4: easy_sarcasm ($100 in chips) 
Seat 6: Rdalonso ($104.88 in chips) 
easy_sarcasm: posts small blind $0.50
bitterdream: is sitting out 
Rdalonso: posts big blind $1
tintin641: sits out 
*** HOLE CARDS ***
meho2232: folds 
meho2232 leaves the table
antey89: raises $1.50 to $2.50
easy_sarcasm: folds 
DJNezz joins the table at seat #1 
Rdalonso: folds 
Uncalled bet ($1.50) returned to antey89
antey89 collected $2.50 from pot
antey89: doesn't show hand 
*** SUMMARY ***
Total pot $2.50 | Rake $0 
Seat 2: tintin641
Seat 5: bitterdream
Seat 1: meho2232 folded before Flop (didn't bet)
Seat 3: antey89 (button) collected ($2.50)
Seat 4: easy_sarcasm (small blind) folded before Flop
Seat 6: Rdalonso (big blind) folded before Flop



PokerStars Hand #254636437234:  Hold'em No Limit ($0.50/$1.00 USD) - 2025/01/31 13:50:45 WET [2025/01/31 8:50:45 ET]
Table 'Brown' 6-max Seat #4 is the button
Seat 2: tintin641 ($100 in chips) is sitting out
Seat 5: bitterdream ($146.42 in chips) is sitting out
Seat 1: DJNezz ($100 in chips) 
Seat 3: antey89 ($105 in chips) 
Seat 4: easy_sarcasm ($100 in chips) 
Seat 6: Rdalonso ($103.88 in chips) 
Rdalonso: posts small blind $0.50
DJNezz: posts big blind $1
tintin641: sits out 
*** HOLE CARDS ***
bitterdream leaves the table
antey89: folds 
easy_sarcasm: folds 
Rdalonso: raises $2 to $3
DJNezz: calls $2
*** FLOP *** [4s 7c 5h]
Rdalonso: checks 
DJNezz: bets $2.85
Rdalonso: folds 
Uncalled bet ($2.85) returned to DJNezz
DJNezz collected $5.70 from pot
*** SUMMARY ***
Total pot $6 | Rake $0.30 
Board [4s 7c 5h]
Seat 2: tintin641
Seat 5: bitterdream
Seat 1: DJNezz (big blind) collected ($5.70)
Seat 3: antey89 folded before Flop (didn't bet)
Seat 4: easy_sarcasm (button) folded before Flop (didn't bet)
Seat 6: Rdalonso (small blind) folded on the Flop



PokerStars Hand #254636442507:  Hold'em No Limit ($0.50/$1.00 USD) - 2025/01/31 13:51:16 WET [2025/01/31 8:51:16 ET]
Table 'Brown' 6-max Seat #6 is the button
Seat 1: DJNezz ($102.70 in chips) 
Seat 2: tintin641 ($100 in chips) 
Seat 3: antey89 ($105 in chips) 
Seat 4: easy_sarcasm ($100 in chips) 
Seat 6: Rdalonso ($100.88 in chips) 
DJNezz: posts small blind $0.50
tintin641: posts big blind $1
*** HOLE CARDS ***
antey89: folds 
antey89 leaves the table
easy_sarcasm: folds 
Rdalonso: folds 
DJNezz: folds 
Uncalled bet ($0.50) returned to tintin641
tintin641 collected $1 from pot
tintin641: doesn't show hand 
*** SUMMARY ***
Total pot $1 | Rake $0 
Seat 1: DJNezz (small blind) folded before Flop
Seat 2: tintin641 (big blind) collected ($1)
Seat 3: antey89 folded before Flop (didn't bet)
Seat 4: easy_sarcasm folded before Flop (didn't bet)
Seat 6: Rdalonso (button) folded before Flop (didn't bet)



PokerStars Hand #254636444484:  Hold'em No Limit ($0.50/$1.00 USD) - 2025/01/31 13:51:29 WET [2025/01/31 8:51:29 ET]
Table 'Brown' 6-max Seat #2 is the button
Seat 4: easy_sarcasm ($100 in chips) is sitting out
Seat 6: Rdalonso ($100.88 in chips) is sitting out
Seat 1: DJNezz ($102.20 in chips) 
Seat 2: tintin641 ($100.50 in chips) 
tintin641: posts small blind $0.50
easy_sarcasm: is sitting out 
Rdalonso: is sitting out 
DJNezz: posts big blind $1
*** HOLE CARDS ***
easy_sarcasm leaves the table
tintin641: raises $1.50 to $2.50
Rdalonso leaves the table
DJNezz: calls $1.50
*** FLOP *** [Qc 5h Th]
DJNezz: checks 
tintin641: bets $1.57
DJNezz: calls $1.57
*** TURN *** [Qc 5h Th] [9h]
DJNezz: checks 
tintin641: checks 
*** RIVER *** [Qc 5h Th 9h] [8h]
DJNezz: bets $9.66
tintin641: folds 
Uncalled bet ($9.66) returned to DJNezz
DJNezz collected $7.73 from pot
*** SUMMARY ***
Total pot $8.14 | Rake $0.41 
Board [Qc 5h Th 9h 8h]
Seat 4: easy_sarcasm
Seat 6: Rdalonso
Seat 1: DJNezz (big blind) collected ($7.73)
Seat 2: tintin641 (button) (small blind) folded on the River



