PokerStars Hand #254637046472:  Hold'em No Limit ($0.50/$1.00 USD) - 2025/01/31 14:50:07 WET [2025/01/31 9:50:07 ET]
Table 'Gawain' 6-max Seat #5 is the button
Seat 2: 3EPH ($100 in chips) 
Seat 3: Kunmadalin ($50.21 in chips) 
Seat 5: mr.Jckpot ($100 in chips) 
3EPH: posts small blind $0.50
Kunmadalin: posts big blind $1
*** HOLE CARDS ***
mr.Jckpot: raises $1.50 to $2.50
Pon4uk.ua joins the table at seat #4 
3EPH: folds 
Kunmadalin: raises $47.71 to $50.21 and is all-in
mr.Jckpot: folds 
Uncalled bet ($47.71) returned to Kunmadalin
Kunmadalin collected $5.50 from pot
*** SUMMARY ***
Total pot $5.50 | Rake $0 
Seat 2: 3EPH (small blind) folded before Flop
Seat 3: Kunmadalin (big blind) collected ($5.50)
Seat 5: mr.Jckpot (button) folded before Flop



PokerStars Hand #254637049669:  Hold'em No Limit ($0.50/$1.00 USD) - 2025/01/31 14:50:25 WET [2025/01/31 9:50:25 ET]
Table 'Gawain' 6-max Seat #2 is the button
Seat 2: 3EPH ($100 in chips) 
Seat 3: Kunmadalin ($53.21 in chips) 
Seat 4: Pon4uk.ua ($100 in chips) 
Seat 5: mr.Jckpot ($100 in chips) 
Kunmadalin: posts small blind $0.50
Pon4uk.ua: posts big blind $1
*** HOLE CARDS ***
mr.Jckpot: folds 
franco232315 joins the table at seat #6 
3EPH: raises $1.50 to $2.50
LuckyShikari joins the table at seat #1 
Kunmadalin: raises $50.71 to $53.21 and is all-in
Pon4uk.ua: folds 
3EPH: folds 
Uncalled bet ($50.71) returned to Kunmadalin
Kunmadalin collected $6 from pot
*** SUMMARY ***
Total pot $6 | Rake $0 
Seat 2: 3EPH (button) folded before Flop
Seat 3: Kunmadalin (small blind) collected ($6)
Seat 4: Pon4uk.ua (big blind) folded before Flop
Seat 5: mr.Jckpot folded before Flop (didn't bet)



PokerStars Hand #254637053884:  Hold'em No Limit ($0.50/$1.00 USD) - 2025/01/31 14:50:48 WET [2025/01/31 9:50:48 ET]
Table 'Gawain' 6-max Seat #3 is the button
Seat 1: LuckyShikari ($100 in chips) is sitting out
Seat 6: franco232315 ($100 in chips) is sitting out
Seat 2: 3EPH ($100 in chips) 
Seat 3: Kunmadalin ($56.71 in chips) 
Seat 4: Pon4uk.ua ($100 in chips) 
Seat 5: mr.Jckpot ($100 in chips) 
Pon4uk.ua: posts small blind $0.50
mr.Jckpot: posts big blind $1
franco232315: sits out 
LuckyShikari: sits out 
*** HOLE CARDS ***
3EPH: raises $1.50 to $2.50
Kunmadalin: calls $2.50
Pon4uk.ua: folds 
mr.Jckpot: folds 
*** FLOP *** [Ks Qc Kh]
3EPH: bets $2.04
Kunmadalin: calls $2.04
*** TURN *** [Ks Qc Kh] [9h]
3EPH: checks 
Kunmadalin: checks 
*** RIVER *** [Ks Qc Kh 9h] [2d]
3EPH: checks 
Kunmadalin: bets $4.03
3EPH: calls $4.03
*** SHOW DOWN ***
Kunmadalin: shows [Kd Jd] (three of a kind, Kings)
3EPH: mucks hand 
Kunmadalin collected $17.71 from pot
*** SUMMARY ***
Total pot $18.64 | Rake $0.93 
Board [Ks Qc Kh 9h 2d]
Seat 1: LuckyShikari
Seat 6: franco232315
Seat 2: 3EPH mucked
Seat 3: Kunmadalin (button) showed [Kd Jd] and won ($17.71) with three of a kind, Kings
Seat 4: Pon4uk.ua (small blind) folded before Flop
Seat 5: mr.Jckpot (big blind) folded before Flop



PokerStars Hand #254637063638:  Hold'em No Limit ($0.50/$1.00 USD) - 2025/01/31 14:51:40 WET [2025/01/31 9:51:40 ET]
Table 'Gawain' 6-max Seat #4 is the button
Seat 1: LuckyShikari ($100 in chips) is sitting out
Seat 2: 3EPH ($100 in chips) 
Seat 3: Kunmadalin ($65.85 in chips) 
Seat 4: Pon4uk.ua ($100 in chips) 
Seat 5: mr.Jckpot ($100 in chips) 
Seat 6: franco232315 ($100 in chips) 
mr.Jckpot: posts small blind $0.50
franco232315: posts big blind $1
LuckyShikari: sits out 
*** HOLE CARDS ***
3EPH: folds 
Kunmadalin: folds 
Pon4uk.ua: raises $1.50 to $2.50
mr.Jckpot: folds 
franco232315: folds 
Uncalled bet ($1.50) returned to Pon4uk.ua
Pon4uk.ua collected $2.50 from pot
Pon4uk.ua: doesn't show hand 
*** SUMMARY ***
Total pot $2.50 | Rake $0 
Seat 1: LuckyShikari
Seat 2: 3EPH folded before Flop (didn't bet)
Seat 3: Kunmadalin folded before Flop (didn't bet)
Seat 4: Pon4uk.ua (button) collected ($2.50)
Seat 5: mr.Jckpot (small blind) folded before Flop
Seat 6: franco232315 (big blind) folded before Flop



PokerStars Hand #254637066334:  Hold'em No Limit ($0.50/$1.00 USD) - 2025/01/31 14:51:55 WET [2025/01/31 9:51:55 ET]
Table 'Gawain' 6-max Seat #5 is the button
Seat 1: LuckyShikari ($100 in chips) 
Seat 2: 3EPH ($100 in chips) 
Seat 3: Kunmadalin ($65.85 in chips) 
Seat 4: Pon4uk.ua ($101.50 in chips) 
Seat 5: mr.Jckpot ($100 in chips) 
Seat 6: franco232315 ($100 in chips) 
franco232315: posts small blind $0.50
LuckyShikari: posts big blind $1
*** HOLE CARDS ***
3EPH: folds 
Kunmadalin: folds 
Pon4uk.ua: raises $1.50 to $2.50
mr.Jckpot: folds 
franco232315: folds 
LuckyShikari: calls $1.50
*** FLOP *** [Jd 3c 2c]
LuckyShikari: checks 
Pon4uk.ua: bets $1.72
LuckyShikari: raises $4.28 to $6
Pon4uk.ua: folds 
Uncalled bet ($4.28) returned to LuckyShikari
LuckyShikari collected $8.49 from pot
LuckyShikari: doesn't show hand 
*** SUMMARY ***
Total pot $8.94 | Rake $0.45 
Board [Jd 3c 2c]
Seat 1: LuckyShikari (big blind) collected ($8.49)
Seat 2: 3EPH folded before Flop (didn't bet)
Seat 3: Kunmadalin folded before Flop (didn't bet)
Seat 4: Pon4uk.ua folded on the Flop
Seat 5: mr.Jckpot (button) folded before Flop (didn't bet)
Seat 6: franco232315 (small blind) folded before Flop



PokerStars Hand #254637077414:  Hold'em No Limit ($0.50/$1.00 USD) - 2025/01/31 14:52:54 WET [2025/01/31 9:52:54 ET]
Table 'Gawain' 6-max Seat #6 is the button
Seat 2: 3EPH ($100 in chips) is sitting out
Seat 3: Kunmadalin ($65.85 in chips) is sitting out
Seat 1: LuckyShikari ($104.27 in chips) 
Seat 4: Pon4uk.ua ($100 in chips) 
Seat 5: mr.Jckpot ($100 in chips) 
Seat 6: franco232315 ($100 in chips) 
LuckyShikari: posts small blind $0.50
3EPH: is sitting out 
Kunmadalin: is sitting out 
Pon4uk.ua: posts big blind $1
*** HOLE CARDS ***
mr.Jckpot: folds 
3EPH leaves the table
franco232315: raises $1.50 to $2.50
Kunmadalin leaves the table
DJNezz joins the table at seat #2 
LuckyShikari: folds 
Pon4uk.ua: calls $1.50
*** FLOP *** [7d 5s 2d]
Pon4uk.ua: checks 
franco232315: checks 
*** TURN *** [7d 5s 2d] [Ts]
Pon4uk.ua: checks 
franco232315: checks 
*** RIVER *** [7d 5s 2d Ts] [5d]
Pon4uk.ua: checks 
franco232315: checks 
*** SHOW DOWN ***
Pon4uk.ua: shows [Jh Qd] (a pair of Fives)
franco232315: shows [As 2s] (two pair, Fives and Deuces)
franco232315 collected $5.22 from pot
*** SUMMARY ***
Total pot $5.50 | Rake $0.28 
Board [7d 5s 2d Ts 5d]
Seat 2: 3EPH
Seat 3: Kunmadalin
Seat 1: LuckyShikari (small blind) folded before Flop
Seat 4: Pon4uk.ua (big blind) showed [Jh Qd] and lost with a pair of Fives
Seat 5: mr.Jckpot folded before Flop (didn't bet)
Seat 6: franco232315 (button) showed [As 2s] and won ($5.22) with two pair, Fives and Deuces



PokerStars Hand #254637088942:  Hold'em No Limit ($0.50/$1.00 USD) - 2025/01/31 14:53:56 WET [2025/01/31 9:53:56 ET]
Table 'Gawain' 6-max Seat #1 is the button
Seat 2: DJNezz ($100 in chips) is sitting out
Seat 5: mr.Jckpot ($100 in chips) is sitting out
Seat 1: LuckyShikari ($103.77 in chips) 
Seat 4: Pon4uk.ua ($100 in chips) 
Seat 6: franco232315 ($102.72 in chips) 
Pon4uk.ua: posts small blind $0.50
mr.Jckpot: is sitting out 
franco232315: posts big blind $1
*** HOLE CARDS ***
LuckyShikari: folds 
mr.Jckpot leaves the table
Pon4uk.ua: folds 
Uncalled bet ($0.50) returned to franco232315
franco232315 collected $1 from pot
franco232315: doesn't show hand 
*** SUMMARY ***
Total pot $1 | Rake $0 
Seat 2: DJNezz
Seat 5: mr.Jckpot
Seat 1: LuckyShikari (button) folded before Flop (didn't bet)
Seat 4: Pon4uk.ua (small blind) folded before Flop
Seat 6: franco232315 (big blind) collected ($1)



PokerStars Hand #254637090632:  Hold'em No Limit ($0.50/$1.00 USD) - 2025/01/31 14:54:05 WET [2025/01/31 9:54:05 ET]
Table 'Gawain' 6-max Seat #4 is the button
Seat 1: LuckyShikari ($103.77 in chips) is sitting out
Seat 2: DJNezz ($100 in chips) 
Seat 4: Pon4uk.ua ($100 in chips) 
Seat 6: franco232315 ($103.22 in chips) 
franco232315: posts small blind $0.50
LuckyShikari: is sitting out 
DJNezz: posts big blind $1
*** HOLE CARDS ***
Pon4uk.ua: raises $1.50 to $2.50
franco232315: raises $8.50 to $11
DJNezz: folds 
LuckyShikari leaves the table
Pon4uk.ua: calls $8.50
*** FLOP *** [3s Qc 5h]
franco232315: bets $5.50
Pon4uk.ua: calls $5.50
*** TURN *** [3s Qc 5h] [8d]
franco232315: bets $16.50
Pon4uk.ua: folds 
Uncalled bet ($16.50) returned to franco232315
franco232315 collected $33 from pot
franco232315: doesn't show hand 
*** SUMMARY ***
Total pot $34 | Rake $1 
Board [3s Qc 5h 8d]
Seat 1: LuckyShikari
Seat 2: DJNezz (big blind) folded before Flop
Seat 4: Pon4uk.ua (button) folded on the Turn
Seat 6: franco232315 (small blind) collected ($33)



PokerStars Hand #254637115906:  Hold'em No Limit ($0.50/$1.00 USD) - 2025/01/31 14:56:40 WET [2025/01/31 9:56:40 ET]
Table 'Gawain' 6-max Seat #5 is the button
Seat 2: Coffeecup84 ($45.11 in chips) 
Seat 3: An1an1 ($100 in chips) 
Seat 4: mr.Jckpot ($100 in chips) 
Seat 5: rao999 ($100 in chips) 
Seat 6: easy_sarcasm ($100 in chips) 
easy_sarcasm: posts small blind $0.50
Coffeecup84: posts big blind $1
*** HOLE CARDS ***
An1an1: folds 
mr.Jckpot: raises $1.50 to $2.50
DJNezz joins the table at seat #1 
rao999: folds 
easy_sarcasm: calls $2
Coffeecup84: folds 
*** FLOP *** [6h 6d 7s]
easy_sarcasm: checks 
mr.Jckpot: bets $1.88
easy_sarcasm: calls $1.88
*** TURN *** [6h 6d 7s] [Kc]
easy_sarcasm: checks 
mr.Jckpot: bets $6.12
easy_sarcasm: folds 
Uncalled bet ($6.12) returned to mr.Jckpot
mr.Jckpot collected $9.27 from pot
mr.Jckpot: doesn't show hand 
*** SUMMARY ***
Total pot $9.76 | Rake $0.49 
Board [6h 6d 7s Kc]
Seat 2: Coffeecup84 (big blind) folded before Flop
Seat 3: An1an1 folded before Flop (didn't bet)
Seat 4: mr.Jckpot collected ($9.27)
Seat 5: rao999 (button) folded before Flop (didn't bet)
Seat 6: easy_sarcasm (small blind) folded on the Turn



PokerStars Hand #254637121121:  Hold'em No Limit ($0.50/$1.00 USD) - 2025/01/31 14:57:15 WET [2025/01/31 9:57:15 ET]
Table 'Gawain' 6-max Seat #6 is the button
Seat 1: DJNezz ($100 in chips) is sitting out
Seat 2: Coffeecup84 ($44.11 in chips) 
Seat 3: An1an1 ($100 in chips) 
Seat 4: mr.Jckpot ($104.89 in chips) 
Seat 5: rao999 ($100 in chips) 
Seat 6: easy_sarcasm ($100 in chips) 
Coffeecup84: posts small blind $0.50
An1an1: posts big blind $1
*** HOLE CARDS ***
mr.Jckpot: folds 
rao999: folds 
easy_sarcasm: folds 
Coffeecup84: calls $0.50
An1an1: checks 
*** FLOP *** [9d 3d 2c]
Coffeecup84: bets $1
An1an1: calls $1
*** TURN *** [9d 3d 2c] [Js]
Coffeecup84: checks 
An1an1: checks 
*** RIVER *** [9d 3d 2c Js] [3h]
Coffeecup84: checks 
An1an1: bets $1.90
Coffeecup84: calls $1.90
*** SHOW DOWN ***
An1an1: shows [5d 3s] (three of a kind, Threes)
Coffeecup84: mucks hand 
An1an1 collected $7.41 from pot
*** SUMMARY ***
Total pot $7.80 | Rake $0.39 
Board [9d 3d 2c Js 3h]
Seat 1: DJNezz
Seat 2: Coffeecup84 (small blind) mucked
Seat 3: An1an1 (big blind) showed [5d 3s] and won ($7.41) with three of a kind, Threes
Seat 4: mr.Jckpot folded before Flop (didn't bet)
Seat 5: rao999 folded before Flop (didn't bet)
Seat 6: easy_sarcasm (button) folded before Flop (didn't bet)



PokerStars Hand #254637130452:  Hold'em No Limit ($0.50/$1.00 USD) - 2025/01/31 14:58:19 WET [2025/01/31 9:58:19 ET]
Table 'Gawain' 6-max Seat #2 is the button
Seat 1: DJNezz ($100 in chips) is sitting out
Seat 2: Coffeecup84 ($40.21 in chips) 
Seat 3: An1an1 ($103.51 in chips) 
Seat 4: mr.Jckpot ($104.89 in chips) 
Seat 5: rao999 ($100 in chips) 
Seat 6: easy_sarcasm ($100 in chips) 
An1an1: posts small blind $0.50
mr.Jckpot: posts big blind $1
DJNezz: sits out 
*** HOLE CARDS ***
rao999: folds 
easy_sarcasm: folds 
Coffeecup84: raises $1 to $2
An1an1: folds 
mr.Jckpot: folds 
Uncalled bet ($1) returned to Coffeecup84
Coffeecup84 collected $2.50 from pot
*** SUMMARY ***
Total pot $2.50 | Rake $0 
Seat 1: DJNezz
Seat 2: Coffeecup84 (button) collected ($2.50)
Seat 3: An1an1 (small blind) folded before Flop
Seat 4: mr.Jckpot (big blind) folded before Flop
Seat 5: rao999 folded before Flop (didn't bet)
Seat 6: easy_sarcasm folded before Flop (didn't bet)



PokerStars Hand #254637132930:  Hold'em No Limit ($0.50/$1.00 USD) - 2025/01/31 14:58:35 WET [2025/01/31 9:58:35 ET]
Table 'Gawain' 6-max Seat #3 is the button
Seat 1: DJNezz ($100 in chips) is sitting out
Seat 2: Coffeecup84 ($41.71 in chips) 
Seat 3: An1an1 ($103.01 in chips) 
Seat 4: mr.Jckpot ($103.89 in chips) 
Seat 5: rao999 ($100 in chips) 
Seat 6: easy_sarcasm ($100 in chips) 
mr.Jckpot: posts small blind $0.50
rao999: posts big blind $1
DJNezz: sits out 
*** HOLE CARDS ***
easy_sarcasm: folds 
Coffeecup84: folds 
An1an1: folds 
mr.Jckpot: raises $2 to $3
rao999: raises $6.50 to $9.50
mr.Jckpot: calls $6.50
*** FLOP *** [9c 4d Td]
mr.Jckpot: checks 
rao999: bets $5.96
mr.Jckpot: calls $5.96
*** TURN *** [9c 4d Td] [8d]
mr.Jckpot: checks 
rao999: checks 
*** RIVER *** [9c 4d Td 8d] [8s]
mr.Jckpot: checks 
rao999: bets $22.03
mr.Jckpot: calls $22.03
*** SHOW DOWN ***
rao999: shows [Ah Ac] (two pair, Aces and Eights)
mr.Jckpot: mucks hand 
rao999 collected $72.48 from pot
*** SUMMARY ***
Total pot $74.98 | Rake $2.50 
Board [9c 4d Td 8d 8s]
Seat 1: DJNezz
Seat 2: Coffeecup84 folded before Flop (didn't bet)
Seat 3: An1an1 (button) folded before Flop (didn't bet)
Seat 4: mr.Jckpot (small blind) mucked
Seat 5: rao999 (big blind) showed [Ah Ac] and won ($72.48) with two pair, Aces and Eights
Seat 6: easy_sarcasm folded before Flop (didn't bet)



PokerStars Hand #254637138734:  Hold'em No Limit ($0.50/$1.00 USD) - 2025/01/31 14:59:15 WET [2025/01/31 9:59:15 ET]
Table 'Gawain' 6-max Seat #4 is the button
Seat 1: DJNezz ($100 in chips) is sitting out
Seat 2: Coffeecup84 ($41.71 in chips) 
Seat 3: An1an1 ($103.01 in chips) 
Seat 4: mr.Jckpot ($100 in chips) 
Seat 5: rao999 ($134.99 in chips) 
Seat 6: easy_sarcasm ($100 in chips) 
rao999: posts small blind $0.50
easy_sarcasm: posts big blind $1
DJNezz: sits out 
*** HOLE CARDS ***
Coffeecup84: raises $1 to $2
An1an1: folds 
mr.Jckpot: folds 
rao999: folds 
easy_sarcasm: calls $1
*** FLOP *** [5c Th 8c]
easy_sarcasm: checks 
Coffeecup84: bets $2.14
easy_sarcasm: calls $2.14
*** TURN *** [5c Th 8c] [9s]
easy_sarcasm: checks 
Coffeecup84: bets $4.17
easy_sarcasm: calls $4.17
*** RIVER *** [5c Th 8c 9s] [2c]
easy_sarcasm: checks 
Coffeecup84: checks 
*** SHOW DOWN ***
easy_sarcasm: shows [8d Js] (a pair of Eights)
Coffeecup84: shows [Jh Jd] (a pair of Jacks)
Coffeecup84 collected $16.26 from pot
*** SUMMARY ***
Total pot $17.12 | Rake $0.86 
Board [5c Th 8c 9s 2c]
Seat 1: DJNezz
Seat 2: Coffeecup84 showed [Jh Jd] and won ($16.26) with a pair of Jacks
Seat 3: An1an1 folded before Flop (didn't bet)
Seat 4: mr.Jckpot (button) folded before Flop (didn't bet)
Seat 5: rao999 (small blind) folded before Flop
Seat 6: easy_sarcasm (big blind) showed [8d Js] and lost with a pair of Eights



PokerStars Hand #254637145913:  Hold'em No Limit ($0.50/$1.00 USD) - 2025/01/31 15:00:04 WET [2025/01/31 10:00:04 ET]
Table 'Gawain' 6-max Seat #5 is the button
Seat 1: DJNezz ($100 in chips) 
Seat 2: Coffeecup84 ($49.66 in chips) 
Seat 3: An1an1 ($103.01 in chips) 
Seat 4: mr.Jckpot ($100 in chips) 
Seat 5: rao999 ($134.49 in chips) 
Seat 6: easy_sarcasm ($100 in chips) 
easy_sarcasm: posts small blind $0.50
DJNezz: posts big blind $1
*** HOLE CARDS ***
Coffeecup84: raises $2 to $3
An1an1: folds 
mr.Jckpot: folds 
rao999: folds 
easy_sarcasm: folds 
DJNezz: calls $2
*** FLOP *** [9d Qh Tc]
DJNezz: checks 
Coffeecup84: checks 
*** TURN *** [9d Qh Tc] [2s]
DJNezz: checks 
Coffeecup84: bets $1
DJNezz: folds 
Uncalled bet ($1) returned to Coffeecup84
Coffeecup84 collected $6.18 from pot
*** SUMMARY ***
Total pot $6.50 | Rake $0.32 
Board [9d Qh Tc 2s]
Seat 1: DJNezz (big blind) folded on the Turn
Seat 2: Coffeecup84 collected ($6.18)
Seat 3: An1an1 folded before Flop (didn't bet)
Seat 4: mr.Jckpot folded before Flop (didn't bet)
Seat 5: rao999 (button) folded before Flop (didn't bet)
Seat 6: easy_sarcasm (small blind) folded before Flop



PokerStars Hand #254637152736:  Hold'em No Limit ($0.50/$1.00 USD) - 2025/01/31 15:00:50 WET [2025/01/31 10:00:50 ET]
Table 'Gawain' 6-max Seat #6 is the button
Seat 1: DJNezz ($100 in chips) 
Seat 2: Coffeecup84 ($52.84 in chips) 
Seat 3: An1an1 ($103.01 in chips) 
Seat 4: mr.Jckpot ($100 in chips) 
Seat 5: rao999 ($134.49 in chips) 
Seat 6: easy_sarcasm ($100 in chips) 
DJNezz: posts small blind $0.50
Coffeecup84: posts big blind $1
*** HOLE CARDS ***
An1an1: folds 
mr.Jckpot: folds 
rao999: folds 
easy_sarcasm: folds 
DJNezz: folds 
Uncalled bet ($0.50) returned to Coffeecup84
Coffeecup84 collected $1 from pot
*** SUMMARY ***
Total pot $1 | Rake $0 
Seat 1: DJNezz (small blind) folded before Flop
Seat 2: Coffeecup84 (big blind) collected ($1)
Seat 3: An1an1 folded before Flop (didn't bet)
Seat 4: mr.Jckpot folded before Flop (didn't bet)
Seat 5: rao999 folded before Flop (didn't bet)
Seat 6: easy_sarcasm (button) folded before Flop (didn't bet)



PokerStars Hand #254637157055:  Hold'em No Limit ($0.50/$1.00 USD) - 2025/01/31 15:01:16 WET [2025/01/31 10:01:16 ET]
Table 'Gawain' 6-max Seat #1 is the button
Seat 1: DJNezz ($100 in chips) 
Seat 2: Coffeecup84 ($53.34 in chips) 
Seat 3: An1an1 ($103.01 in chips) 
Seat 4: mr.Jckpot ($100 in chips) 
Seat 5: rao999 ($134.49 in chips) 
Seat 6: easy_sarcasm ($100 in chips) 
Coffeecup84: posts small blind $0.50
An1an1: posts big blind $1
*** HOLE CARDS ***
mr.Jckpot: folds 
rao999: folds 
easy_sarcasm: folds 
DJNezz: folds 
Coffeecup84: calls $0.50
An1an1: checks 
*** FLOP *** [Ts 3d As]
Coffeecup84: bets $1
An1an1: calls $1
*** TURN *** [Ts 3d As] [Qd]
Coffeecup84: bets $2
An1an1: folds 
Uncalled bet ($2) returned to Coffeecup84
Coffeecup84 collected $3.80 from pot
*** SUMMARY ***
Total pot $4 | Rake $0.20 
Board [Ts 3d As Qd]
Seat 1: DJNezz (button) folded before Flop (didn't bet)
Seat 2: Coffeecup84 (small blind) collected ($3.80)
Seat 3: An1an1 (big blind) folded on the Turn
Seat 4: mr.Jckpot folded before Flop (didn't bet)
Seat 5: rao999 folded before Flop (didn't bet)
Seat 6: easy_sarcasm folded before Flop (didn't bet)



PokerStars Hand #254637164134:  Hold'em No Limit ($0.50/$1.00 USD) - 2025/01/31 15:01:57 WET [2025/01/31 10:01:57 ET]
Table 'Gawain' 6-max Seat #2 is the button
Seat 1: DJNezz ($100 in chips) 
Seat 2: Coffeecup84 ($55.14 in chips) 
Seat 3: An1an1 ($101.01 in chips) 
Seat 4: mr.Jckpot ($100 in chips) 
Seat 5: rao999 ($134.49 in chips) 
Seat 6: easy_sarcasm ($100 in chips) 
An1an1: posts small blind $0.50
mr.Jckpot: posts big blind $1
*** HOLE CARDS ***
rao999: folds 
easy_sarcasm: folds 
DJNezz: folds 
Coffeecup84: folds 
An1an1: raises $1.50 to $2.50
mr.Jckpot: calls $1.50
*** FLOP *** [4d 6h 7h]
An1an1: checks 
mr.Jckpot: checks 
*** TURN *** [4d 6h 7h] [Tc]
An1an1: checks 
mr.Jckpot: checks 
*** RIVER *** [4d 6h 7h Tc] [Ad]
An1an1: bets $3.17
mr.Jckpot: folds 
Uncalled bet ($3.17) returned to An1an1
An1an1 collected $4.75 from pot
An1an1: doesn't show hand 
*** SUMMARY ***
Total pot $5 | Rake $0.25 
Board [4d 6h 7h Tc Ad]
Seat 1: DJNezz folded before Flop (didn't bet)
Seat 2: Coffeecup84 (button) folded before Flop (didn't bet)
Seat 3: An1an1 (small blind) collected ($4.75)
Seat 4: mr.Jckpot (big blind) folded on the River
Seat 5: rao999 folded before Flop (didn't bet)
Seat 6: easy_sarcasm folded before Flop (didn't bet)



PokerStars Hand #254637172762:  Hold'em No Limit ($0.50/$1.00 USD) - 2025/01/31 15:02:44 WET [2025/01/31 10:02:44 ET]
Table 'Gawain' 6-max Seat #3 is the button
Seat 1: DJNezz ($100 in chips) 
Seat 2: Coffeecup84 ($55.14 in chips) 
Seat 3: An1an1 ($103.26 in chips) 
Seat 4: mr.Jckpot ($100 in chips) 
Seat 5: rao999 ($134.49 in chips) 
Seat 6: easy_sarcasm ($100 in chips) 
mr.Jckpot: posts small blind $0.50
rao999: posts big blind $1
*** HOLE CARDS ***
easy_sarcasm: folds 
DJNezz: raises $1.20 to $2.20
Coffeecup84: folds 
An1an1: folds 
mr.Jckpot: raises $9.80 to $12
rao999: folds 
DJNezz: folds 
Uncalled bet ($9.80) returned to mr.Jckpot
mr.Jckpot collected $5.40 from pot
mr.Jckpot: doesn't show hand 
*** SUMMARY ***
Total pot $5.40 | Rake $0 
Seat 1: DJNezz folded before Flop
Seat 2: Coffeecup84 folded before Flop (didn't bet)
Seat 3: An1an1 (button) folded before Flop (didn't bet)
Seat 4: mr.Jckpot (small blind) collected ($5.40)
Seat 5: rao999 (big blind) folded before Flop
Seat 6: easy_sarcasm folded before Flop (didn't bet)



PokerStars Hand #254637178803:  Hold'em No Limit ($0.50/$1.00 USD) - 2025/01/31 15:03:18 WET [2025/01/31 10:03:18 ET]
Table 'Gawain' 6-max Seat #4 is the button
Seat 1: DJNezz ($100 in chips) 
Seat 2: Coffeecup84 ($55.14 in chips) 
Seat 3: An1an1 ($103.26 in chips) 
Seat 4: mr.Jckpot ($103.20 in chips) 
Seat 5: rao999 ($133.49 in chips) 
Seat 6: easy_sarcasm ($100 in chips) 
rao999: posts small blind $0.50
easy_sarcasm: posts big blind $1
*** HOLE CARDS ***
DJNezz: folds 
Coffeecup84: calls $1
An1an1: folds 
mr.Jckpot: raises $2.50 to $3.50
rao999: folds 
easy_sarcasm: folds 
Coffeecup84: calls $2.50
*** FLOP *** [Kh 7s 3s]
Coffeecup84: checks 
mr.Jckpot: bets $2.67
Coffeecup84: folds 
Uncalled bet ($2.67) returned to mr.Jckpot
mr.Jckpot collected $8.08 from pot
mr.Jckpot: doesn't show hand 
*** SUMMARY ***
Total pot $8.50 | Rake $0.42 
Board [Kh 7s 3s]
Seat 1: DJNezz folded before Flop (didn't bet)
Seat 2: Coffeecup84 folded on the Flop
Seat 3: An1an1 folded before Flop (didn't bet)
Seat 4: mr.Jckpot (button) collected ($8.08)
Seat 5: rao999 (small blind) folded before Flop
Seat 6: easy_sarcasm (big blind) folded before Flop



PokerStars Hand #254637184128:  Hold'em No Limit ($0.50/$1.00 USD) - 2025/01/31 15:03:47 WET [2025/01/31 10:03:47 ET]
Table 'Gawain' 6-max Seat #5 is the button
Seat 1: DJNezz ($100 in chips) 
Seat 2: Coffeecup84 ($51.64 in chips) 
Seat 3: An1an1 ($103.26 in chips) 
Seat 4: mr.Jckpot ($107.78 in chips) 
Seat 5: rao999 ($132.99 in chips) 
Seat 6: easy_sarcasm ($100 in chips) 
easy_sarcasm: posts small blind $0.50
DJNezz: posts big blind $1
*** HOLE CARDS ***
Coffeecup84: calls $1
An1an1: raises $3 to $4
mr.Jckpot: folds 
rao999: folds 
easy_sarcasm: folds 
DJNezz: calls $3
Coffeecup84: calls $3
*** FLOP *** [Tc Qc 5h]
DJNezz: checks 
Coffeecup84: bets $1
An1an1: raises $1 to $2
DJNezz: calls $2
Coffeecup84: calls $1
*** TURN *** [Tc Qc 5h] [5c]
DJNezz: checks 
Coffeecup84: checks 
An1an1: bets $15.56
DJNezz: folds 
Coffeecup84: folds 
Uncalled bet ($15.56) returned to An1an1
An1an1 collected $17.58 from pot
An1an1: doesn't show hand 
*** SUMMARY ***
Total pot $18.50 | Rake $0.92 
Board [Tc Qc 5h 5c]
Seat 1: DJNezz (big blind) folded on the Turn
Seat 2: Coffeecup84 folded on the Turn
Seat 3: An1an1 collected ($17.58)
Seat 4: mr.Jckpot folded before Flop (didn't bet)
Seat 5: rao999 (button) folded before Flop (didn't bet)
Seat 6: easy_sarcasm (small blind) folded before Flop



PokerStars Hand #254637198588:  Hold'em No Limit ($0.50/$1.00 USD) - 2025/01/31 15:05:05 WET [2025/01/31 10:05:05 ET]
Table 'Gawain' 6-max Seat #6 is the button
Seat 1: DJNezz ($100 in chips) 
Seat 2: Coffeecup84 ($45.64 in chips) 
Seat 3: An1an1 ($114.84 in chips) 
Seat 4: mr.Jckpot ($107.78 in chips) 
Seat 5: rao999 ($132.99 in chips) 
Seat 6: easy_sarcasm ($100 in chips) 
DJNezz: posts small blind $0.50
Coffeecup84: posts big blind $1
*** HOLE CARDS ***
An1an1: folds 
mr.Jckpot: folds 
rao999: raises $1.50 to $2.50
easy_sarcasm: folds 
DJNezz: raises $9.50 to $12
Coffeecup84: folds 
rao999: calls $9.50
*** FLOP *** [7s 4c 5s]
DJNezz: checks 
rao999: checks 
*** TURN *** [7s 4c 5s] [9c]
DJNezz: bets $29.69
rao999 has timed out
rao999: folds 
Uncalled bet ($29.69) returned to DJNezz
DJNezz collected $23.75 from pot
*** SUMMARY ***
Total pot $25 | Rake $1.25 
Board [7s 4c 5s 9c]
Seat 1: DJNezz (small blind) collected ($23.75)
Seat 2: Coffeecup84 (big blind) folded before Flop
Seat 3: An1an1 folded before Flop (didn't bet)
Seat 4: mr.Jckpot folded before Flop (didn't bet)
Seat 5: rao999 folded on the Turn
Seat 6: easy_sarcasm (button) folded before Flop (didn't bet)



PokerStars Hand #254637220989:  Hold'em No Limit ($0.50/$1.00 USD) - 2025/01/31 15:07:07 WET [2025/01/31 10:07:07 ET]
Table 'Gawain' 6-max Seat #1 is the button
Seat 5: rao999 ($120.99 in chips) is sitting out
Seat 1: DJNezz ($111.75 in chips) 
Seat 2: Coffeecup84 ($44.64 in chips) 
Seat 3: An1an1 ($114.84 in chips) 
Seat 4: mr.Jckpot ($107.78 in chips) 
Seat 6: easy_sarcasm ($100 in chips) 
Coffeecup84: posts small blind $0.50
An1an1: posts big blind $1
*** HOLE CARDS ***
mr.Jckpot: raises $1.50 to $2.50
easy_sarcasm: folds 
DJNezz: folds 
Coffeecup84 is disconnected 
Coffeecup84 has timed out while disconnected
Coffeecup84: folds 
An1an1: folds 
Uncalled bet ($1.50) returned to mr.Jckpot
mr.Jckpot collected $2.50 from pot
mr.Jckpot: doesn't show hand 
*** SUMMARY ***
Total pot $2.50 | Rake $0 
Seat 5: rao999
Seat 1: DJNezz (button) folded before Flop (didn't bet)
Seat 2: Coffeecup84 (small blind) folded before Flop
Seat 3: An1an1 (big blind) folded before Flop
Seat 4: mr.Jckpot collected ($2.50)
Seat 6: easy_sarcasm folded before Flop (didn't bet)



PokerStars Hand #254637225424:  Hold'em No Limit ($0.50/$1.00 USD) - 2025/01/31 15:07:31 WET [2025/01/31 10:07:31 ET]
Table 'Gawain' 6-max Seat #3 is the button
Seat 2: Coffeecup84 ($44.14 in chips) is sitting out
Seat 1: DJNezz ($111.75 in chips) 
Seat 3: An1an1 ($113.84 in chips) 
Seat 4: mr.Jckpot ($109.28 in chips) 
Seat 5: rao999 ($120.99 in chips) 
Seat 6: easy_sarcasm ($100 in chips) 
mr.Jckpot: posts small blind $0.50
rao999: posts big blind $1
*** HOLE CARDS ***
easy_sarcasm: folds 
DJNezz: folds 
An1an1: folds 
mr.Jckpot: raises $2 to $3
rao999: folds 
Uncalled bet ($2) returned to mr.Jckpot
mr.Jckpot collected $2 from pot
mr.Jckpot: doesn't show hand 
*** SUMMARY ***
Total pot $2 | Rake $0 
Seat 2: Coffeecup84
Seat 1: DJNezz folded before Flop (didn't bet)
Seat 3: An1an1 (button) folded before Flop (didn't bet)
Seat 4: mr.Jckpot (small blind) collected ($2)
Seat 5: rao999 (big blind) folded before Flop
Seat 6: easy_sarcasm folded before Flop (didn't bet)



PokerStars Hand #254637229361:  Hold'em No Limit ($0.50/$1.00 USD) - 2025/01/31 15:07:52 WET [2025/01/31 10:07:52 ET]
Table 'Gawain' 6-max Seat #4 is the button
Seat 2: Coffeecup84 ($44.14 in chips) is sitting out
Seat 1: DJNezz ($111.75 in chips) 
Seat 3: An1an1 ($113.84 in chips) 
Seat 4: mr.Jckpot ($110.28 in chips) 
Seat 5: rao999 ($119.99 in chips) 
Seat 6: easy_sarcasm ($100 in chips) 
rao999: posts small blind $0.50
easy_sarcasm: posts big blind $1
*** HOLE CARDS ***
DJNezz: folds 
An1an1: folds 
mr.Jckpot: folds 
rao999: folds 
Uncalled bet ($0.50) returned to easy_sarcasm
easy_sarcasm collected $1 from pot
*** SUMMARY ***
Total pot $1 | Rake $0 
Seat 2: Coffeecup84
Seat 1: DJNezz folded before Flop (didn't bet)
Seat 3: An1an1 folded before Flop (didn't bet)
Seat 4: mr.Jckpot (button) folded before Flop (didn't bet)
Seat 5: rao999 (small blind) folded before Flop
Seat 6: easy_sarcasm (big blind) collected ($1)



PokerStars Hand #254637232343:  Hold'em No Limit ($0.50/$1.00 USD) - 2025/01/31 15:08:09 WET [2025/01/31 10:08:09 ET]
Table 'Gawain' 6-max Seat #5 is the button
Seat 2: Coffeecup84 ($44.14 in chips) is sitting out
Seat 1: DJNezz ($111.75 in chips) 
Seat 3: An1an1 ($113.84 in chips) 
Seat 4: mr.Jckpot ($110.28 in chips) 
Seat 5: rao999 ($119.49 in chips) 
Seat 6: easy_sarcasm ($100.50 in chips) 
easy_sarcasm: posts small blind $0.50
DJNezz: posts big blind $1
*** HOLE CARDS ***
An1an1: folds 
mr.Jckpot: folds 
An1an1 leaves the table
rao999: raises $1.50 to $2.50
easy_sarcasm: folds 
mr.Jckpot leaves the table
DJNezz: folds 
Uncalled bet ($1.50) returned to rao999
rao999 collected $2.50 from pot
rao999: doesn't show hand 
*** SUMMARY ***
Total pot $2.50 | Rake $0 
Seat 2: Coffeecup84
Seat 1: DJNezz (big blind) folded before Flop
Seat 3: An1an1 folded before Flop (didn't bet)
Seat 4: mr.Jckpot folded before Flop (didn't bet)
Seat 5: rao999 (button) collected ($2.50)
Seat 6: easy_sarcasm (small blind) folded before Flop



PokerStars Hand #254637234806:  Hold'em No Limit ($0.50/$1.00 USD) - 2025/01/31 15:08:22 WET [2025/01/31 10:08:22 ET]
Table 'Gawain' 6-max Seat #6 is the button
Seat 2: Coffeecup84 ($44.14 in chips) is sitting out
Seat 1: DJNezz ($110.75 in chips) 
Seat 5: rao999 ($120.99 in chips) 
Seat 6: easy_sarcasm ($100 in chips) 
DJNezz: posts small blind $0.50
rao999: posts big blind $1
*** HOLE CARDS ***
easy_sarcasm: raises $1.20 to $2.20
DJNezz: folds 
rao999: folds 
Uncalled bet ($1.20) returned to easy_sarcasm
easy_sarcasm collected $2.50 from pot
*** SUMMARY ***
Total pot $2.50 | Rake $0 
Seat 2: Coffeecup84
Seat 1: DJNezz (small blind) folded before Flop
Seat 5: rao999 (big blind) folded before Flop
Seat 6: easy_sarcasm (button) collected ($2.50)



PokerStars Hand #254637238269:  Hold'em No Limit ($0.50/$1.00 USD) - 2025/01/31 15:08:40 WET [2025/01/31 10:08:40 ET]
Table 'Gawain' 6-max Seat #1 is the button
Seat 2: Coffeecup84 ($44.14 in chips) is sitting out
Seat 1: DJNezz ($110.25 in chips) 
Seat 5: rao999 ($119.99 in chips) 
Seat 6: easy_sarcasm ($101.50 in chips) 
rao999: posts small blind $0.50
easy_sarcasm: posts big blind $1
*** HOLE CARDS ***
DJNezz: folds 
DJNezz leaves the table
rao999 has timed out
rao999: folds 
Uncalled bet ($0.50) returned to easy_sarcasm
easy_sarcasm collected $1 from pot
*** SUMMARY ***
Total pot $1 | Rake $0 
Seat 2: Coffeecup84
Seat 1: DJNezz (button) folded before Flop (didn't bet)
Seat 5: rao999 (small blind) folded before Flop
Seat 6: easy_sarcasm (big blind) collected ($1)



