PokerStars Hand #254635381272:  Hold'em No Limit ($0.50/$1.00 USD) - 2025/01/31 11:47:46 WET [2025/01/31 6:47:46 ET]
Table 'Monoceros' 6-max Seat #3 is the button
Seat 2: stephans888 ($48.31 in chips) 
Seat 3: Dai5dop ($100 in chips) 
Seat 4: vadjkeee ($116.15 in chips) 
Seat 5: alexandr699 ($100 in chips) 
vadjkeee: posts small blind $0.50
alexandr699: posts big blind $1
*** HOLE CARDS ***
stephans888: folds 
Dai5dop: raises $1.50 to $2.50
vadjkeee: folds 
alexandr699: raises $9.50 to $12
Dai5dop: raises $13 to $25
alexandr699: raises $75 to $100 and is all-in
Dai5dop: calls $75 and is all-in
*** FLOP *** [Ac 7s 7d]
*** TURN *** [Ac 7s 7d] [8c]
*** RIVER *** [Ac 7s 7d 8c] [9s]
KeR888 joins the table at seat #6 
*** SHOW DOWN ***
alexandr699: shows [9h 9d] (a full house, Nines full of Sevens)
Dai5dop: shows [Kd Kc] (two pair, Kings and Sevens)
alexandr699 collected $199.50 from pot
Dai5dop cashed out the hand for $158 | Cash Out Fee $3.22
*** SUMMARY ***
Total pot $200.50 | Rake $1 
Board [Ac 7s 7d 8c 9s]
Seat 2: stephans888 folded before Flop (didn't bet)
Seat 3: Dai5dop (button) showed [Kd Kc] and lost with two pair, Kings and Sevens (cashed out).
Seat 4: vadjkeee (small blind) folded before Flop
Seat 5: alexandr699 (big blind) showed [9h 9d] and won ($199.50) with a full house, Nines full of Sevens



PokerStars Hand #254635387945:  Hold'em No Limit ($0.50/$1.00 USD) - 2025/01/31 11:48:37 WET [2025/01/31 6:48:37 ET]
Table 'Monoceros' 6-max Seat #4 is the button
Seat 2: stephans888 ($48.31 in chips) 
Seat 3: Dai5dop ($158 in chips) 
Seat 4: vadjkeee ($115.65 in chips) 
Seat 5: alexandr699 ($199.50 in chips) 
Seat 6: KeR888 ($100 in chips) 
alexandr699: posts small blind $0.50
KeR888: posts big blind $1
*** HOLE CARDS ***
stephans888: calls $1
Dai5dop: folds 
vadjkeee: folds 
alexandr699: raises $2.98 to $3.98
KeR888: folds 
stephans888: raises $44.33 to $48.31 and is all-in
alexandr699: folds 
Uncalled bet ($44.33) returned to stephans888
stephans888 collected $8.96 from pot
*** SUMMARY ***
Total pot $8.96 | Rake $0 
Seat 2: stephans888 collected ($8.96)
Seat 3: Dai5dop folded before Flop (didn't bet)
Seat 4: vadjkeee (button) folded before Flop (didn't bet)
Seat 5: alexandr699 (small blind) folded before Flop
Seat 6: KeR888 (big blind) folded before Flop



PokerStars Hand #254635391049:  Hold'em No Limit ($0.50/$1.00 USD) - 2025/01/31 11:49:01 WET [2025/01/31 6:49:01 ET]
Table 'Monoceros' 6-max Seat #5 is the button
Seat 2: stephans888 ($53.29 in chips) 
Seat 3: Dai5dop ($158 in chips) 
Seat 4: vadjkeee ($115.65 in chips) 
Seat 5: alexandr699 ($195.52 in chips) 
Seat 6: KeR888 ($100 in chips) 
KeR888: posts small blind $0.50
stephans888: posts big blind $1
*** HOLE CARDS ***
Dai5dop: folds 
vadjkeee: folds 
alexandr699: raises $1.98 to $2.98
KeR888: folds 
stephans888: folds 
Uncalled bet ($1.98) returned to alexandr699
alexandr699 collected $2.50 from pot
alexandr699: doesn't show hand 
*** SUMMARY ***
Total pot $2.50 | Rake $0 
Seat 2: stephans888 (big blind) folded before Flop
Seat 3: Dai5dop folded before Flop (didn't bet)
Seat 4: vadjkeee folded before Flop (didn't bet)
Seat 5: alexandr699 (button) collected ($2.50)
Seat 6: KeR888 (small blind) folded before Flop



PokerStars Hand #254635393483:  Hold'em No Limit ($0.50/$1.00 USD) - 2025/01/31 11:49:20 WET [2025/01/31 6:49:20 ET]
Table 'Monoceros' 6-max Seat #6 is the button
Seat 2: stephans888 ($52.29 in chips) 
Seat 3: Dai5dop ($158 in chips) 
Seat 4: vadjkeee ($115.65 in chips) 
Seat 5: alexandr699 ($197.02 in chips) 
Seat 6: KeR888 ($100 in chips) 
stephans888: posts small blind $0.50
Dai5dop: posts big blind $1
*** HOLE CARDS ***
vadjkeee: folds 
alexandr699: folds 
KeR888: folds 
stephans888: folds 
Uncalled bet ($0.50) returned to Dai5dop
Dai5dop collected $1 from pot
Dai5dop: doesn't show hand 
*** SUMMARY ***
Total pot $1 | Rake $0 
Seat 2: stephans888 (small blind) folded before Flop
Seat 3: Dai5dop (big blind) collected ($1)
Seat 4: vadjkeee folded before Flop (didn't bet)
Seat 5: alexandr699 folded before Flop (didn't bet)
Seat 6: KeR888 (button) folded before Flop (didn't bet)



PokerStars Hand #254635394697:  Hold'em No Limit ($0.50/$1.00 USD) - 2025/01/31 11:49:29 WET [2025/01/31 6:49:29 ET]
Table 'Monoceros' 6-max Seat #2 is the button
Seat 2: stephans888 ($51.79 in chips) 
Seat 3: Dai5dop ($158.50 in chips) 
Seat 4: vadjkeee ($115.65 in chips) 
Seat 5: alexandr699 ($197.02 in chips) 
Seat 6: KeR888 ($100 in chips) 
Dai5dop: posts small blind $0.50
vadjkeee: posts big blind $1
*** HOLE CARDS ***
alexandr699: folds 
KeR888: folds 
stephans888: folds 
Dai5dop: raises $2 to $3
vadjkeee: raises $6 to $9
Dai5dop: calls $6
*** FLOP *** [2d 8d 6c]
Dai5dop: checks 
vadjkeee: bets $9.41
Melenya joins the table at seat #1 
Dai5dop: calls $9.41
*** TURN *** [2d 8d 6c] [As]
Dai5dop: checks 
vadjkeee: checks 
*** RIVER *** [2d 8d 6c As] [Tc]
Dai5dop: checks 
vadjkeee: checks 
*** SHOW DOWN ***
Dai5dop: shows [Jd Qd] (high card Ace)
vadjkeee: shows [Kd Kc] (a pair of Kings)
vadjkeee collected $34.98 from pot
*** SUMMARY ***
Total pot $36.82 | Rake $1.84 
Board [2d 8d 6c As Tc]
Seat 2: stephans888 (button) folded before Flop (didn't bet)
Seat 3: Dai5dop (small blind) showed [Jd Qd] and lost with high card Ace
Seat 4: vadjkeee (big blind) showed [Kd Kc] and won ($34.98) with a pair of Kings
Seat 5: alexandr699 folded before Flop (didn't bet)
Seat 6: KeR888 folded before Flop (didn't bet)



PokerStars Hand #254635402674:  Hold'em No Limit ($0.50/$1.00 USD) - 2025/01/31 11:50:30 WET [2025/01/31 6:50:30 ET]
Table 'Monoceros' 6-max Seat #3 is the button
Seat 1: Melenya ($100 in chips) is sitting out
Seat 2: stephans888 ($51.79 in chips) 
Seat 3: Dai5dop ($140.09 in chips) 
Seat 4: vadjkeee ($132.22 in chips) 
Seat 5: alexandr699 ($197.02 in chips) 
Seat 6: KeR888 ($100 in chips) 
vadjkeee: posts small blind $0.50
alexandr699: posts big blind $1
Melenya: sits out 
*** HOLE CARDS ***
KeR888: folds 
stephans888: folds 
Dai5dop: folds 
vadjkeee: folds 
Uncalled bet ($0.50) returned to alexandr699
alexandr699 collected $1 from pot
alexandr699: doesn't show hand 
*** SUMMARY ***
Total pot $1 | Rake $0 
Seat 1: Melenya
Seat 2: stephans888 folded before Flop (didn't bet)
Seat 3: Dai5dop (button) folded before Flop (didn't bet)
Seat 4: vadjkeee (small blind) folded before Flop
Seat 5: alexandr699 (big blind) collected ($1)
Seat 6: KeR888 folded before Flop (didn't bet)



PokerStars Hand #254635404717:  Hold'em No Limit ($0.50/$1.00 USD) - 2025/01/31 11:50:45 WET [2025/01/31 6:50:45 ET]
Table 'Monoceros' 6-max Seat #4 is the button
Seat 1: Melenya ($100 in chips) is sitting out
Seat 2: stephans888 ($51.79 in chips) 
Seat 3: Dai5dop ($140.09 in chips) 
Seat 4: vadjkeee ($131.72 in chips) 
Seat 5: alexandr699 ($197.52 in chips) 
Seat 6: KeR888 ($100 in chips) 
alexandr699: posts small blind $0.50
KeR888: posts big blind $1
Melenya: sits out 
*** HOLE CARDS ***
stephans888: calls $1
Dai5dop: folds 
vadjkeee: folds 
alexandr699: folds 
KeR888: checks 
*** FLOP *** [Jd 8h 7c]
KeR888: checks 
stephans888: checks 
*** TURN *** [Jd 8h 7c] [Kc]
KeR888: checks 
stephans888: checks 
*** RIVER *** [Jd 8h 7c Kc] [Ah]
KeR888: checks 
stephans888: checks 
*** SHOW DOWN ***
KeR888: shows [7h 5c] (a pair of Sevens)
stephans888: shows [9d Ad] (a pair of Aces)
stephans888 collected $2.35 from pot
*** SUMMARY ***
Total pot $2.50 | Rake $0.15 
Board [Jd 8h 7c Kc Ah]
Seat 1: Melenya
Seat 2: stephans888 showed [9d Ad] and won ($2.35) with a pair of Aces
Seat 3: Dai5dop folded before Flop (didn't bet)
Seat 4: vadjkeee (button) folded before Flop (didn't bet)
Seat 5: alexandr699 (small blind) folded before Flop
Seat 6: KeR888 (big blind) showed [7h 5c] and lost with a pair of Sevens



PokerStars Hand #254635408849:  Hold'em No Limit ($0.50/$1.00 USD) - 2025/01/31 11:51:16 WET [2025/01/31 6:51:16 ET]
Table 'Monoceros' 6-max Seat #5 is the button
Seat 1: Melenya ($100 in chips) 
Seat 2: stephans888 ($53.14 in chips) 
Seat 3: Dai5dop ($140.09 in chips) 
Seat 4: vadjkeee ($131.72 in chips) 
Seat 5: alexandr699 ($197.02 in chips) 
Seat 6: KeR888 ($100 in chips) 
KeR888: posts small blind $0.50
Melenya: posts big blind $1
*** HOLE CARDS ***
stephans888: folds 
Dai5dop: folds 
vadjkeee: folds 
alexandr699: raises $1.98 to $2.98
KeR888: folds 
Melenya: calls $1.98
*** FLOP *** [Qd Jd Kc]
Melenya: checks 
alexandr699: bets $3.07
Melenya: raises $9.21 to $12.28
alexandr699: folds 
Uncalled bet ($9.21) returned to Melenya
Melenya collected $11.97 from pot
Melenya: doesn't show hand 
*** SUMMARY ***
Total pot $12.60 | Rake $0.63 
Board [Qd Jd Kc]
Seat 1: Melenya (big blind) collected ($11.97)
Seat 2: stephans888 folded before Flop (didn't bet)
Seat 3: Dai5dop folded before Flop (didn't bet)
Seat 4: vadjkeee folded before Flop (didn't bet)
Seat 5: alexandr699 (button) folded on the Flop
Seat 6: KeR888 (small blind) folded before Flop



PokerStars Hand #254635416471:  Hold'em No Limit ($0.50/$1.00 USD) - 2025/01/31 11:52:15 WET [2025/01/31 6:52:15 ET]
Table 'Monoceros' 6-max Seat #6 is the button
Seat 1: Melenya ($105.92 in chips) 
Seat 2: stephans888 ($53.14 in chips) 
Seat 3: Dai5dop ($140.09 in chips) 
Seat 4: vadjkeee ($131.72 in chips) 
Seat 5: alexandr699 ($190.97 in chips) 
Seat 6: KeR888 ($100 in chips) 
Melenya: posts small blind $0.50
stephans888: posts big blind $1
*** HOLE CARDS ***
Dai5dop: raises $1.20 to $2.20
vadjkeee: folds 
alexandr699: folds 
KeR888: folds 
Melenya: folds 
stephans888: calls $1.20
*** FLOP *** [5c Qc 7h]
stephans888: checks 
Dai5dop: bets $1.40
stephans888: calls $1.40
*** TURN *** [5c Qc 7h] [Js]
stephans888: checks 
Dai5dop: bets $5.49
stephans888: folds 
Uncalled bet ($5.49) returned to Dai5dop
Dai5dop collected $7.32 from pot
Dai5dop: doesn't show hand 
*** SUMMARY ***
Total pot $7.70 | Rake $0.38 
Board [5c Qc 7h Js]
Seat 1: Melenya (small blind) folded before Flop
Seat 2: stephans888 (big blind) folded on the Turn
Seat 3: Dai5dop collected ($7.32)
Seat 4: vadjkeee folded before Flop (didn't bet)
Seat 5: alexandr699 folded before Flop (didn't bet)
Seat 6: KeR888 (button) folded before Flop (didn't bet)



PokerStars Hand #254635422269:  Hold'em No Limit ($0.50/$1.00 USD) - 2025/01/31 11:52:59 WET [2025/01/31 6:52:59 ET]
Table 'Monoceros' 6-max Seat #1 is the button
Seat 1: Melenya ($105.42 in chips) 
Seat 2: stephans888 ($49.54 in chips) 
Seat 3: Dai5dop ($143.81 in chips) 
Seat 4: vadjkeee ($131.72 in chips) 
Seat 5: alexandr699 ($190.97 in chips) 
Seat 6: KeR888 ($100 in chips) 
stephans888: posts small blind $0.50
Dai5dop: posts big blind $1
*** HOLE CARDS ***
vadjkeee: folds 
alexandr699: folds 
KeR888: folds 
Melenya: folds 
stephans888: folds 
Uncalled bet ($0.50) returned to Dai5dop
Dai5dop collected $1 from pot
Dai5dop: doesn't show hand 
*** SUMMARY ***
Total pot $1 | Rake $0 
Seat 1: Melenya (button) folded before Flop (didn't bet)
Seat 2: stephans888 (small blind) folded before Flop
Seat 3: Dai5dop (big blind) collected ($1)
Seat 4: vadjkeee folded before Flop (didn't bet)
Seat 5: alexandr699 folded before Flop (didn't bet)
Seat 6: KeR888 folded before Flop (didn't bet)



PokerStars Hand #254635423978:  Hold'em No Limit ($0.50/$1.00 USD) - 2025/01/31 11:53:12 WET [2025/01/31 6:53:12 ET]
Table 'Monoceros' 6-max Seat #2 is the button
Seat 1: Melenya ($105.42 in chips) 
Seat 2: stephans888 ($49.04 in chips) 
Seat 3: Dai5dop ($144.31 in chips) 
Seat 4: vadjkeee ($131.72 in chips) 
Seat 5: alexandr699 ($190.97 in chips) 
Seat 6: KeR888 ($100 in chips) 
Dai5dop: posts small blind $0.50
vadjkeee: posts big blind $1
*** HOLE CARDS ***
alexandr699: folds 
KeR888: folds 
alexandr699 leaves the table
Melenya: folds 
stephans888: folds 
Dai5dop: folds 
Uncalled bet ($0.50) returned to vadjkeee
vadjkeee collected $1 from pot
vadjkeee: doesn't show hand 
*** SUMMARY ***
Total pot $1 | Rake $0 
Seat 1: Melenya folded before Flop (didn't bet)
Seat 2: stephans888 (button) folded before Flop (didn't bet)
Seat 3: Dai5dop (small blind) folded before Flop
Seat 4: vadjkeee (big blind) collected ($1)
Seat 5: alexandr699 folded before Flop (didn't bet)
Seat 6: KeR888 folded before Flop (didn't bet)



PokerStars Hand #254635441244:  Hold'em No Limit ($0.50/$1.00 USD) - 2025/01/31 11:55:26 WET [2025/01/31 6:55:26 ET]
Table 'Monoceros' 6-max Seat #3 is the button
Seat 1: Melenya ($109.42 in chips) 
Seat 2: stephans888 ($48.89 in chips) 
Seat 3: Dai5dop ($142.31 in chips) 
Seat 4: vadjkeee ($132.22 in chips) 
Seat 5: Pippa83 ($100 in chips) 
Seat 6: KeR888 ($101.50 in chips) 
vadjkeee: posts small blind $0.50
Pippa83: posts big blind $1
*** HOLE CARDS ***
KeR888: folds 
Melenya: folds 
stephans888: folds 
Dai5dop: raises $1.50 to $2.50
vadjkeee: raises $9.50 to $12
Pippa83: folds 
Dai5dop: folds 
Uncalled bet ($9.50) returned to vadjkeee
vadjkeee collected $6 from pot
vadjkeee: doesn't show hand 
*** SUMMARY ***
Total pot $6 | Rake $0 
Seat 1: Melenya folded before Flop (didn't bet)
Seat 2: stephans888 folded before Flop (didn't bet)
Seat 3: Dai5dop (button) folded before Flop
Seat 4: vadjkeee (small blind) collected ($6)
Seat 5: Pippa83 (big blind) folded before Flop
Seat 6: KeR888 folded before Flop (didn't bet)



PokerStars Hand #254635443858:  Hold'em No Limit ($0.50/$1.00 USD) - 2025/01/31 11:55:50 WET [2025/01/31 6:55:50 ET]
Table 'Monoceros' 6-max Seat #4 is the button
Seat 1: Melenya ($109.42 in chips) 
Seat 2: stephans888 ($48.89 in chips) 
Seat 3: Dai5dop ($139.81 in chips) 
Seat 4: vadjkeee ($135.72 in chips) 
Seat 5: Pippa83 ($100 in chips) 
Seat 6: KeR888 ($101.50 in chips) 
Pippa83: posts small blind $0.50
KeR888: posts big blind $1
*** HOLE CARDS ***
Melenya: folds 
stephans888: calls $1
Dai5dop: folds 
vadjkeee: raises $3 to $4
Pippa83: folds 
KeR888: folds 
stephans888: raises $3 to $7
vadjkeee: calls $3
*** FLOP *** [Kh 8d Qc]
stephans888: bets $1
vadjkeee: raises $4 to $5
stephans888: raises $12.36 to $17.36
vadjkeee: calls $12.36
*** TURN *** [Kh 8d Qc] [2c]
stephans888: bets $24.53 and is all-in
vadjkeee: calls $24.53
*** RIVER *** [Kh 8d Qc 2c] [7h]
*** SHOW DOWN ***
stephans888: shows [Ah As] (a pair of Aces)
vadjkeee: shows [Jh Ks] (a pair of Kings)
stephans888 collected $96.16 from pot
*** SUMMARY ***
Total pot $99.28 | Rake $3.12 
Board [Kh 8d Qc 2c 7h]
Seat 1: Melenya folded before Flop (didn't bet)
Seat 2: stephans888 showed [Ah As] and won ($96.16) with a pair of Aces
Seat 3: Dai5dop folded before Flop (didn't bet)
Seat 4: vadjkeee (button) showed [Jh Ks] and lost with a pair of Kings
Seat 5: Pippa83 (small blind) folded before Flop
Seat 6: KeR888 (big blind) folded before Flop



PokerStars Hand #254635448939:  Hold'em No Limit ($0.50/$1.00 USD) - 2025/01/31 11:56:37 WET [2025/01/31 6:56:37 ET]
Table 'Monoceros' 6-max Seat #5 is the button
Seat 1: Melenya ($109.42 in chips) 
Seat 2: stephans888 ($96.16 in chips) 
Seat 3: Dai5dop ($139.81 in chips) 
Seat 4: vadjkeee ($100 in chips) 
Seat 5: Pippa83 ($100 in chips) 
Seat 6: KeR888 ($100.50 in chips) 
KeR888: posts small blind $0.50
Melenya: posts big blind $1
*** HOLE CARDS ***
stephans888: folds 
Dai5dop: folds 
vadjkeee: folds 
Pippa83: raises $1.50 to $2.50
KeR888: folds 
Melenya: folds 
Uncalled bet ($1.50) returned to Pippa83
Pippa83 collected $2.50 from pot
Pippa83: doesn't show hand 
*** SUMMARY ***
Total pot $2.50 | Rake $0 
Seat 1: Melenya (big blind) folded before Flop
Seat 2: stephans888 folded before Flop (didn't bet)
Seat 3: Dai5dop folded before Flop (didn't bet)
Seat 4: vadjkeee folded before Flop (didn't bet)
Seat 5: Pippa83 (button) collected ($2.50)
Seat 6: KeR888 (small blind) folded before Flop



PokerStars Hand #254635451155:  Hold'em No Limit ($0.50/$1.00 USD) - 2025/01/31 11:56:58 WET [2025/01/31 6:56:58 ET]
Table 'Monoceros' 6-max Seat #6 is the button
Seat 1: Melenya ($108.42 in chips) 
Seat 2: stephans888 ($96.16 in chips) 
Seat 3: Dai5dop ($139.81 in chips) 
Seat 4: vadjkeee ($100 in chips) 
Seat 5: Pippa83 ($101.50 in chips) 
Seat 6: KeR888 ($100 in chips) 
Melenya: posts small blind $0.50
stephans888: posts big blind $1
*** HOLE CARDS ***
Dai5dop: folds 
vadjkeee: raises $2 to $3
Pippa83: folds 
KeR888: folds 
Melenya: folds 
stephans888: folds 
Uncalled bet ($2) returned to vadjkeee
vadjkeee collected $2.50 from pot
vadjkeee: doesn't show hand 
*** SUMMARY ***
Total pot $2.50 | Rake $0 
Seat 1: Melenya (small blind) folded before Flop
Seat 2: stephans888 (big blind) folded before Flop
Seat 3: Dai5dop folded before Flop (didn't bet)
Seat 4: vadjkeee collected ($2.50)
Seat 5: Pippa83 folded before Flop (didn't bet)
Seat 6: KeR888 (button) folded before Flop (didn't bet)



PokerStars Hand #254635453167:  Hold'em No Limit ($0.50/$1.00 USD) - 2025/01/31 11:57:16 WET [2025/01/31 6:57:16 ET]
Table 'Monoceros' 6-max Seat #1 is the button
Seat 1: Melenya ($107.92 in chips) 
Seat 2: stephans888 ($95.16 in chips) 
Seat 3: Dai5dop ($139.81 in chips) 
Seat 4: vadjkeee ($101.50 in chips) 
Seat 5: Pippa83 ($101.50 in chips) 
Seat 6: KeR888 ($100 in chips) 
stephans888: posts small blind $0.50
Dai5dop: posts big blind $1
*** HOLE CARDS ***
vadjkeee: folds 
Pippa83: folds 
KeR888: folds 
Melenya: folds 
stephans888: folds 
Uncalled bet ($0.50) returned to Dai5dop
Dai5dop collected $1 from pot
Dai5dop: doesn't show hand 
*** SUMMARY ***
Total pot $1 | Rake $0 
Seat 1: Melenya (button) folded before Flop (didn't bet)
Seat 2: stephans888 (small blind) folded before Flop
Seat 3: Dai5dop (big blind) collected ($1)
Seat 4: vadjkeee folded before Flop (didn't bet)
Seat 5: Pippa83 folded before Flop (didn't bet)
Seat 6: KeR888 folded before Flop (didn't bet)



PokerStars Hand #254635453927:  Hold'em No Limit ($0.50/$1.00 USD) - 2025/01/31 11:57:23 WET [2025/01/31 6:57:23 ET]
Table 'Monoceros' 6-max Seat #2 is the button
Seat 1: Melenya ($107.92 in chips) 
Seat 2: stephans888 ($94.66 in chips) 
Seat 3: Dai5dop ($140.31 in chips) 
Seat 4: vadjkeee ($101.50 in chips) 
Seat 5: Pippa83 ($101.50 in chips) 
Seat 6: KeR888 ($100 in chips) 
Dai5dop: posts small blind $0.50
vadjkeee: posts big blind $1
*** HOLE CARDS ***
Pippa83: folds 
KeR888: folds 
Melenya: folds 
stephans888: calls $1
Dai5dop: folds 
vadjkeee: checks 
*** FLOP *** [Jc Qd Ts]
vadjkeee: checks 
stephans888: checks 
*** TURN *** [Jc Qd Ts] [4d]
vadjkeee: checks 
stephans888: checks 
*** RIVER *** [Jc Qd Ts 4d] [5s]
vadjkeee: bets $2
stephans888: folds 
Uncalled bet ($2) returned to vadjkeee
vadjkeee collected $2.38 from pot
vadjkeee: doesn't show hand 
*** SUMMARY ***
Total pot $2.50 | Rake $0.12 
Board [Jc Qd Ts 4d 5s]
Seat 1: Melenya folded before Flop (didn't bet)
Seat 2: stephans888 (button) folded on the River
Seat 3: Dai5dop (small blind) folded before Flop
Seat 4: vadjkeee (big blind) collected ($2.38)
Seat 5: Pippa83 folded before Flop (didn't bet)
Seat 6: KeR888 folded before Flop (didn't bet)



PokerStars Hand #254635461161:  Hold'em No Limit ($0.50/$1.00 USD) - 2025/01/31 11:58:30 WET [2025/01/31 6:58:30 ET]
Table 'Monoceros' 6-max Seat #3 is the button
Seat 1: Melenya ($107.92 in chips) 
Seat 2: stephans888 ($93.66 in chips) 
Seat 3: Dai5dop ($139.81 in chips) 
Seat 4: vadjkeee ($102.88 in chips) 
Seat 5: Pippa83 ($101.50 in chips) 
Seat 6: KeR888 ($100 in chips) 
vadjkeee: posts small blind $0.50
Pippa83: posts big blind $1
*** HOLE CARDS ***
KeR888: folds 
Melenya: folds 
stephans888: folds 
Dai5dop: raises $1.50 to $2.50
vadjkeee: folds 
Pippa83: folds 
Uncalled bet ($1.50) returned to Dai5dop
Dai5dop collected $2.50 from pot
Dai5dop: doesn't show hand 
*** SUMMARY ***
Total pot $2.50 | Rake $0 
Seat 1: Melenya folded before Flop (didn't bet)
Seat 2: stephans888 folded before Flop (didn't bet)
Seat 3: Dai5dop (button) collected ($2.50)
Seat 4: vadjkeee (small blind) folded before Flop
Seat 5: Pippa83 (big blind) folded before Flop
Seat 6: KeR888 folded before Flop (didn't bet)



PokerStars Hand #254635464054:  Hold'em No Limit ($0.50/$1.00 USD) - 2025/01/31 11:58:56 WET [2025/01/31 6:58:56 ET]
Table 'Monoceros' 6-max Seat #4 is the button
Seat 1: Melenya ($107.92 in chips) 
Seat 2: stephans888 ($93.66 in chips) 
Seat 3: Dai5dop ($141.31 in chips) 
Seat 4: vadjkeee ($102.38 in chips) 
Seat 5: Pippa83 ($100.50 in chips) 
Seat 6: KeR888 ($100 in chips) 
Pippa83: posts small blind $0.50
KeR888: posts big blind $1
*** HOLE CARDS ***
Melenya: folds 
stephans888: calls $1
Dai5dop: folds 
vadjkeee: calls $1
Pippa83: calls $0.50
KeR888: checks 
*** FLOP *** [9d 7h 5d]
Pippa83: checks 
KeR888: checks 
stephans888: bets $2
vadjkeee: folds 
Pippa83: folds 
KeR888: folds 
Uncalled bet ($2) returned to stephans888
stephans888 collected $3.75 from pot
*** SUMMARY ***
Total pot $4 | Rake $0.25 
Board [9d 7h 5d]
Seat 1: Melenya folded before Flop (didn't bet)
Seat 2: stephans888 collected ($3.75)
Seat 3: Dai5dop folded before Flop (didn't bet)
Seat 4: vadjkeee (button) folded on the Flop
Seat 5: Pippa83 (small blind) folded on the Flop
Seat 6: KeR888 (big blind) folded on the Flop



PokerStars Hand #254635469304:  Hold'em No Limit ($0.50/$1.00 USD) - 2025/01/31 11:59:45 WET [2025/01/31 6:59:45 ET]
Table 'Monoceros' 6-max Seat #5 is the button
Seat 1: Melenya ($107.92 in chips) 
Seat 2: stephans888 ($96.41 in chips) 
Seat 3: Dai5dop ($141.31 in chips) 
Seat 4: vadjkeee ($101.38 in chips) 
Seat 5: Pippa83 ($100 in chips) 
Seat 6: KeR888 ($100 in chips) 
KeR888: posts small blind $0.50
Melenya: posts big blind $1
*** HOLE CARDS ***
stephans888: folds 
Dai5dop: folds 
vadjkeee: folds 
Pippa83: raises $1.50 to $2.50
KeR888: folds 
Melenya: raises $10.50 to $13
Pippa83: folds 
Uncalled bet ($10.50) returned to Melenya
Melenya collected $5.50 from pot
Melenya: doesn't show hand 
*** SUMMARY ***
Total pot $5.50 | Rake $0 
Seat 1: Melenya (big blind) collected ($5.50)
Seat 2: stephans888 folded before Flop (didn't bet)
Seat 3: Dai5dop folded before Flop (didn't bet)
Seat 4: vadjkeee folded before Flop (didn't bet)
Seat 5: Pippa83 (button) folded before Flop
Seat 6: KeR888 (small blind) folded before Flop



PokerStars Hand #254635471840:  Hold'em No Limit ($0.50/$1.00 USD) - 2025/01/31 12:00:08 WET [2025/01/31 7:00:08 ET]
Table 'Monoceros' 6-max Seat #6 is the button
Seat 1: Melenya ($110.92 in chips) 
Seat 2: stephans888 ($96.41 in chips) 
Seat 3: Dai5dop ($141.31 in chips) 
Seat 4: vadjkeee ($101.38 in chips) 
Seat 5: Pippa83 ($100 in chips) 
Seat 6: KeR888 ($100 in chips) 
Melenya: posts small blind $0.50
stephans888: posts big blind $1
*** HOLE CARDS ***
Dai5dop: folds 
vadjkeee: raises $2 to $3
Pippa83: calls $3
KeR888: folds 
Melenya: folds 
stephans888: calls $2
*** FLOP *** [3d 7d 9s]
stephans888: bets $1
vadjkeee: folds 
Pippa83: calls $1
*** TURN *** [3d 7d 9s] [8s]
stephans888: bets $1
Pippa83: raises $19.38 to $20.38
stephans888: folds 
Uncalled bet ($19.38) returned to Pippa83
Pippa83 collected $12.82 from pot
Pippa83: doesn't show hand 
*** SUMMARY ***
Total pot $13.50 | Rake $0.68 
Board [3d 7d 9s 8s]
Seat 1: Melenya (small blind) folded before Flop
Seat 2: stephans888 (big blind) folded on the Turn
Seat 3: Dai5dop folded before Flop (didn't bet)
Seat 4: vadjkeee folded on the Flop
Seat 5: Pippa83 collected ($12.82)
Seat 6: KeR888 (button) folded before Flop (didn't bet)



PokerStars Hand #254635478230:  Hold'em No Limit ($0.50/$1.00 USD) - 2025/01/31 12:01:02 WET [2025/01/31 7:01:02 ET]
Table 'Monoceros' 6-max Seat #1 is the button
Seat 1: Melenya ($110.42 in chips) 
Seat 2: stephans888 ($91.41 in chips) 
Seat 3: Dai5dop ($141.31 in chips) 
Seat 4: vadjkeee ($100 in chips) 
Seat 5: Pippa83 ($107.82 in chips) 
Seat 6: KeR888 ($100 in chips) 
stephans888: posts small blind $0.50
Dai5dop: posts big blind $1
*** HOLE CARDS ***
vadjkeee: folds 
Pippa83: folds 
KeR888: folds 
Melenya: raises $1.50 to $2.50
stephans888 is disconnected 
stephans888 is connected 
stephans888: folds 
Dai5dop: raises $8 to $10.50
Melenya: folds 
Uncalled bet ($8) returned to Dai5dop
Dai5dop collected $5.50 from pot
Dai5dop: doesn't show hand 
*** SUMMARY ***
Total pot $5.50 | Rake $0 
Seat 1: Melenya (button) folded before Flop
Seat 2: stephans888 (small blind) folded before Flop
Seat 3: Dai5dop (big blind) collected ($5.50)
Seat 4: vadjkeee folded before Flop (didn't bet)
Seat 5: Pippa83 folded before Flop (didn't bet)
Seat 6: KeR888 folded before Flop (didn't bet)



PokerStars Hand #254635484163:  Hold'em No Limit ($0.50/$1.00 USD) - 2025/01/31 12:01:47 WET [2025/01/31 7:01:47 ET]
Table 'Monoceros' 6-max Seat #2 is the button
Seat 1: Melenya ($107.92 in chips) 
Seat 2: stephans888 ($90.91 in chips) 
Seat 3: Dai5dop ($144.31 in chips) 
Seat 4: vadjkeee ($100 in chips) 
Seat 5: Pippa83 ($107.82 in chips) 
Seat 6: KeR888 ($100 in chips) 
Dai5dop: posts small blind $0.50
vadjkeee: posts big blind $1
*** HOLE CARDS ***
Pippa83: folds 
KeR888: folds 
Melenya: folds 
stephans888: folds 
Dai5dop: raises $2 to $3
vadjkeee: folds 
Uncalled bet ($2) returned to Dai5dop
Dai5dop collected $2 from pot
Dai5dop: doesn't show hand 
*** SUMMARY ***
Total pot $2 | Rake $0 
Seat 1: Melenya folded before Flop (didn't bet)
Seat 2: stephans888 (button) folded before Flop (didn't bet)
Seat 3: Dai5dop (small blind) collected ($2)
Seat 4: vadjkeee (big blind) folded before Flop
Seat 5: Pippa83 folded before Flop (didn't bet)
Seat 6: KeR888 folded before Flop (didn't bet)



PokerStars Hand #254635486615:  Hold'em No Limit ($0.50/$1.00 USD) - 2025/01/31 12:02:06 WET [2025/01/31 7:02:06 ET]
Table 'Monoceros' 6-max Seat #3 is the button
Seat 1: Melenya ($107.92 in chips) 
Seat 2: stephans888 ($90.91 in chips) 
Seat 3: Dai5dop ($145.31 in chips) 
Seat 4: vadjkeee ($100 in chips) 
Seat 5: Pippa83 ($107.82 in chips) 
Seat 6: KeR888 ($100 in chips) 
vadjkeee: posts small blind $0.50
Pippa83: posts big blind $1
*** HOLE CARDS ***
KeR888: folds 
Melenya: raises $1 to $2
stephans888: calls $2
Dai5dop: folds 
vadjkeee: folds 
Pippa83: calls $1
*** FLOP *** [Tc 7c Ad]
Pippa83: checks 
Melenya: checks 
stephans888: checks 
*** TURN *** [Tc 7c Ad] [Qc]
Pippa83: checks 
Melenya: checks 
stephans888: checks 
*** RIVER *** [Tc 7c Ad Qc] [4d]
Pippa83: checks 
Melenya: checks 
stephans888: checks 
*** SHOW DOWN ***
Pippa83: shows [Th 6h] (a pair of Tens)
Melenya: shows [Js Ts] (a pair of Tens - Ace+Queen+Jack kicker)
stephans888: shows [Jd Qh] (a pair of Queens)
stephans888 collected $6.10 from pot
*** SUMMARY ***
Total pot $6.50 | Rake $0.40 
Board [Tc 7c Ad Qc 4d]
Seat 1: Melenya showed [Js Ts] and lost with a pair of Tens
Seat 2: stephans888 showed [Jd Qh] and won ($6.10) with a pair of Queens
Seat 3: Dai5dop (button) folded before Flop (didn't bet)
Seat 4: vadjkeee (small blind) folded before Flop
Seat 5: Pippa83 (big blind) showed [Th 6h] and lost with a pair of Tens
Seat 6: KeR888 folded before Flop (didn't bet)



PokerStars Hand #254635492190:  Hold'em No Limit ($0.50/$1.00 USD) - 2025/01/31 12:02:48 WET [2025/01/31 7:02:48 ET]
Table 'Monoceros' 6-max Seat #4 is the button
Seat 1: Melenya ($105.92 in chips) 
Seat 2: stephans888 ($95.01 in chips) 
Seat 3: Dai5dop ($145.31 in chips) 
Seat 4: vadjkeee ($100 in chips) 
Seat 5: Pippa83 ($105.82 in chips) 
Seat 6: KeR888 ($100 in chips) 
Pippa83: posts small blind $0.50
KeR888: posts big blind $1
*** HOLE CARDS ***
Melenya: folds 
stephans888: raises $1 to $2
Dai5dop: raises $4.50 to $6.50
vadjkeee: folds 
Pippa83: folds 
KeR888: folds 
stephans888: raises $88.51 to $95.01 and is all-in
Dai5dop: folds 
Uncalled bet ($88.51) returned to stephans888
stephans888 collected $14.50 from pot
*** SUMMARY ***
Total pot $14.50 | Rake $0 
Seat 1: Melenya folded before Flop (didn't bet)
Seat 2: stephans888 collected ($14.50)
Seat 3: Dai5dop folded before Flop
Seat 4: vadjkeee (button) folded before Flop (didn't bet)
Seat 5: Pippa83 (small blind) folded before Flop
Seat 6: KeR888 (big blind) folded before Flop



PokerStars Hand #254635494966:  Hold'em No Limit ($0.50/$1.00 USD) - 2025/01/31 12:03:09 WET [2025/01/31 7:03:09 ET]
Table 'Monoceros' 6-max Seat #5 is the button
Seat 1: Melenya ($105.92 in chips) 
Seat 2: stephans888 ($103.01 in chips) 
Seat 3: Dai5dop ($138.81 in chips) 
Seat 4: vadjkeee ($100 in chips) 
Seat 5: Pippa83 ($105.32 in chips) 
Seat 6: KeR888 ($100 in chips) 
KeR888: posts small blind $0.50
Melenya: posts big blind $1
*** HOLE CARDS ***
stephans888: folds 
Dai5dop: folds 
vadjkeee: folds 
Pippa83: folds 
KeR888: raises $2 to $3
Melenya: folds 
Uncalled bet ($2) returned to KeR888
KeR888 collected $2 from pot
KeR888: doesn't show hand 
*** SUMMARY ***
Total pot $2 | Rake $0 
Seat 1: Melenya (big blind) folded before Flop
Seat 2: stephans888 folded before Flop (didn't bet)
Seat 3: Dai5dop folded before Flop (didn't bet)
Seat 4: vadjkeee folded before Flop (didn't bet)
Seat 5: Pippa83 (button) folded before Flop (didn't bet)
Seat 6: KeR888 (small blind) collected ($2)



PokerStars Hand #254635497743:  Hold'em No Limit ($0.50/$1.00 USD) - 2025/01/31 12:03:31 WET [2025/01/31 7:03:31 ET]
Table 'Monoceros' 6-max Seat #6 is the button
Seat 2: stephans888 ($103.01 in chips) is sitting out
Seat 1: Melenya ($104.92 in chips) 
Seat 3: Dai5dop ($138.81 in chips) 
Seat 4: vadjkeee ($100 in chips) 
Seat 5: Pippa83 ($105.32 in chips) 
Seat 6: KeR888 ($101 in chips) 
Melenya: posts small blind $0.50
Dai5dop: posts big blind $1
*** HOLE CARDS ***
vadjkeee: folds 
Pippa83: folds 
KeR888: folds 
Melenya: folds 
Uncalled bet ($0.50) returned to Dai5dop
Dai5dop collected $1 from pot
Dai5dop: doesn't show hand 
*** SUMMARY ***
Total pot $1 | Rake $0 
Seat 2: stephans888
Seat 1: Melenya (small blind) folded before Flop
Seat 3: Dai5dop (big blind) collected ($1)
Seat 4: vadjkeee folded before Flop (didn't bet)
Seat 5: Pippa83 folded before Flop (didn't bet)
Seat 6: KeR888 (button) folded before Flop (didn't bet)



PokerStars Hand #254635499639:  Hold'em No Limit ($0.50/$1.00 USD) - 2025/01/31 12:03:45 WET [2025/01/31 7:03:45 ET]
Table 'Monoceros' 6-max Seat #1 is the button
Seat 2: stephans888 ($103.01 in chips) is sitting out
Seat 1: Melenya ($104.42 in chips) 
Seat 3: Dai5dop ($139.31 in chips) 
Seat 4: vadjkeee ($100 in chips) 
Seat 5: Pippa83 ($105.32 in chips) 
Seat 6: KeR888 ($101 in chips) 
Dai5dop: posts small blind $0.50
vadjkeee: posts big blind $1
*** HOLE CARDS ***
Pippa83: folds 
KeR888: folds 
Melenya: folds 
Dai5dop: folds 
Uncalled bet ($0.50) returned to vadjkeee
vadjkeee collected $1 from pot
vadjkeee: doesn't show hand 
*** SUMMARY ***
Total pot $1 | Rake $0 
Seat 2: stephans888
Seat 1: Melenya (button) folded before Flop (didn't bet)
Seat 3: Dai5dop (small blind) folded before Flop
Seat 4: vadjkeee (big blind) collected ($1)
Seat 5: Pippa83 folded before Flop (didn't bet)
Seat 6: KeR888 folded before Flop (didn't bet)



PokerStars Hand #254635501830:  Hold'em No Limit ($0.50/$1.00 USD) - 2025/01/31 12:04:02 WET [2025/01/31 7:04:02 ET]
Table 'Monoceros' 6-max Seat #3 is the button
Seat 2: stephans888 ($103.01 in chips) is sitting out
Seat 1: Melenya ($104.42 in chips) 
Seat 3: Dai5dop ($138.81 in chips) 
Seat 4: vadjkeee ($100.50 in chips) 
Seat 5: Pippa83 ($105.32 in chips) 
Seat 6: KeR888 ($101 in chips) 
vadjkeee: posts small blind $0.50
Pippa83: posts big blind $1
*** HOLE CARDS ***
KeR888: folds 
Melenya: folds 
Dai5dop: folds 
vadjkeee: raises $2 to $3
Pippa83: folds 
Uncalled bet ($2) returned to vadjkeee
vadjkeee collected $2 from pot
vadjkeee: doesn't show hand 
*** SUMMARY ***
Total pot $2 | Rake $0 
Seat 2: stephans888
Seat 1: Melenya folded before Flop (didn't bet)
Seat 3: Dai5dop (button) folded before Flop (didn't bet)
Seat 4: vadjkeee (small blind) collected ($2)
Seat 5: Pippa83 (big blind) folded before Flop
Seat 6: KeR888 folded before Flop (didn't bet)



PokerStars Hand #254635504358:  Hold'em No Limit ($0.50/$1.00 USD) - 2025/01/31 12:04:21 WET [2025/01/31 7:04:21 ET]
Table 'Monoceros' 6-max Seat #4 is the button
Seat 2: stephans888 ($103.01 in chips) is sitting out
Seat 1: Melenya ($104.42 in chips) 
Seat 3: Dai5dop ($138.81 in chips) 
Seat 4: vadjkeee ($101.50 in chips) 
Seat 5: Pippa83 ($104.32 in chips) 
Seat 6: KeR888 ($101 in chips) 
Pippa83: posts small blind $0.50
KeR888: posts big blind $1
*** HOLE CARDS ***
Melenya: folds 
Dai5dop: raises $1.50 to $2.50
vadjkeee: folds 
Pippa83: folds 
KeR888: folds 
Uncalled bet ($1.50) returned to Dai5dop
Dai5dop collected $2.50 from pot
Dai5dop: doesn't show hand 
*** SUMMARY ***
Total pot $2.50 | Rake $0 
Seat 2: stephans888
Seat 1: Melenya folded before Flop (didn't bet)
Seat 3: Dai5dop collected ($2.50)
Seat 4: vadjkeee (button) folded before Flop (didn't bet)
Seat 5: Pippa83 (small blind) folded before Flop
Seat 6: KeR888 (big blind) folded before Flop



PokerStars Hand #254635507256:  Hold'em No Limit ($0.50/$1.00 USD) - 2025/01/31 12:04:43 WET [2025/01/31 7:04:43 ET]
Table 'Monoceros' 6-max Seat #5 is the button
Seat 1: Melenya ($104.42 in chips) is sitting out
Seat 2: stephans888 ($103.01 in chips) is sitting out
Seat 3: Dai5dop ($140.31 in chips) 
Seat 4: vadjkeee ($101.50 in chips) 
Seat 5: Pippa83 ($103.82 in chips) 
Seat 6: KeR888 ($100 in chips) 
KeR888: posts small blind $0.50
Melenya: is sitting out 
Dai5dop: posts big blind $1
*** HOLE CARDS ***
vadjkeee: folds 
Pippa83: folds 
KeR888: folds 
Uncalled bet ($0.50) returned to Dai5dop
Dai5dop collected $1 from pot
Dai5dop: doesn't show hand 
*** SUMMARY ***
Total pot $1 | Rake $0 
Seat 1: Melenya
Seat 2: stephans888
Seat 3: Dai5dop (big blind) collected ($1)
Seat 4: vadjkeee folded before Flop (didn't bet)
Seat 5: Pippa83 (button) folded before Flop (didn't bet)
Seat 6: KeR888 (small blind) folded before Flop



PokerStars Hand #254635508328:  Hold'em No Limit ($0.50/$1.00 USD) - 2025/01/31 12:04:52 WET [2025/01/31 7:04:52 ET]
Table 'Monoceros' 6-max Seat #6 is the button
Seat 1: Melenya ($104.42 in chips) is sitting out
Seat 2: stephans888 ($103.01 in chips) is sitting out
Seat 3: Dai5dop ($140.81 in chips) 
Seat 4: vadjkeee ($101.50 in chips) 
Seat 5: Pippa83 ($103.82 in chips) 
Seat 6: KeR888 ($100 in chips) 
Dai5dop: posts small blind $0.50
vadjkeee: posts big blind $1
*** HOLE CARDS ***
Pippa83: folds 
KeR888: folds 
Dai5dop: folds 
Uncalled bet ($0.50) returned to vadjkeee
vadjkeee collected $1 from pot
vadjkeee: doesn't show hand 
*** SUMMARY ***
Total pot $1 | Rake $0 
Seat 1: Melenya
Seat 2: stephans888
Seat 3: Dai5dop (small blind) folded before Flop
Seat 4: vadjkeee (big blind) collected ($1)
Seat 5: Pippa83 folded before Flop (didn't bet)
Seat 6: KeR888 (button) folded before Flop (didn't bet)



PokerStars Hand #254635509641:  Hold'em No Limit ($0.50/$1.00 USD) - 2025/01/31 12:05:01 WET [2025/01/31 7:05:01 ET]
Table 'Monoceros' 6-max Seat #3 is the button
Seat 2: stephans888 ($103.01 in chips) is sitting out
Seat 3: Dai5dop ($140.31 in chips) 
Seat 4: vadjkeee ($102 in chips) 
Seat 5: Pippa83 ($103.82 in chips) 
Seat 6: KeR888 ($100 in chips) 
Melenya leaves the table
vadjkeee: posts small blind $0.50
Pippa83: posts big blind $1
*** HOLE CARDS ***
KeR888: folds 
Dai5dop: folds 
vadjkeee: folds 
Uncalled bet ($0.50) returned to Pippa83
Pippa83 collected $1 from pot
Pippa83: doesn't show hand 
*** SUMMARY ***
Total pot $1 | Rake $0 
Seat 2: stephans888
Seat 3: Dai5dop (button) folded before Flop (didn't bet)
Seat 4: vadjkeee (small blind) folded before Flop
Seat 5: Pippa83 (big blind) collected ($1)
Seat 6: KeR888 folded before Flop (didn't bet)



PokerStars Hand #254635511073:  Hold'em No Limit ($0.50/$1.00 USD) - 2025/01/31 12:05:12 WET [2025/01/31 7:05:12 ET]
Table 'Monoceros' 6-max Seat #4 is the button
Seat 2: stephans888 ($103.01 in chips) is sitting out
Seat 3: Dai5dop ($140.31 in chips) 
Seat 4: vadjkeee ($101.50 in chips) 
Seat 5: Pippa83 ($104.32 in chips) 
Seat 6: KeR888 ($100 in chips) 
Pippa83: posts small blind $0.50
KeR888: posts big blind $1
*** HOLE CARDS ***
Dai5dop: folds 
vadjkeee: folds 
Pippa83: raises $2 to $3
KeR888: folds 
Uncalled bet ($2) returned to Pippa83
Pippa83 collected $2 from pot
Pippa83: doesn't show hand 
*** SUMMARY ***
Total pot $2 | Rake $0 
Seat 2: stephans888
Seat 3: Dai5dop folded before Flop (didn't bet)
Seat 4: vadjkeee (button) folded before Flop (didn't bet)
Seat 5: Pippa83 (small blind) collected ($2)
Seat 6: KeR888 (big blind) folded before Flop



PokerStars Hand #254635512940:  Hold'em No Limit ($0.50/$1.00 USD) - 2025/01/31 12:05:26 WET [2025/01/31 7:05:26 ET]
Table 'Monoceros' 6-max Seat #5 is the button
Seat 2: stephans888 ($103.01 in chips) is sitting out
Seat 3: Dai5dop ($140.31 in chips) 
Seat 4: vadjkeee ($101.50 in chips) 
Seat 5: Pippa83 ($105.32 in chips) 
Seat 6: KeR888 ($100 in chips) 
KeR888: posts small blind $0.50
Dai5dop: posts big blind $1
*** HOLE CARDS ***
vadjkeee: folds 
Pippa83: raises $1.50 to $2.50
KeR888: folds 
Dai5dop: folds 
Uncalled bet ($1.50) returned to Pippa83
value_ftw joins the table at seat #1 
Pippa83 collected $2.50 from pot
Pippa83: doesn't show hand 
*** SUMMARY ***
Total pot $2.50 | Rake $0 
Seat 2: stephans888
Seat 3: Dai5dop (big blind) folded before Flop
Seat 4: vadjkeee folded before Flop (didn't bet)
Seat 5: Pippa83 (button) collected ($2.50)
Seat 6: KeR888 (small blind) folded before Flop



PokerStars Hand #254635515267:  Hold'em No Limit ($0.50/$1.00 USD) - 2025/01/31 12:05:43 WET [2025/01/31 7:05:43 ET]
Table 'Monoceros' 6-max Seat #6 is the button
Seat 1: value_ftw ($100 in chips) is sitting out
Seat 2: stephans888 ($103.01 in chips) is sitting out
Seat 3: Dai5dop ($139.31 in chips) 
Seat 4: vadjkeee ($101.50 in chips) 
Seat 5: Pippa83 ($106.82 in chips) 
Seat 6: KeR888 ($100 in chips) 
Dai5dop: posts small blind $0.50
vadjkeee: posts big blind $1
*** HOLE CARDS ***
Pippa83: folds 
KeR888: folds 
Dai5dop: raises $2 to $3
vadjkeee: folds 
Uncalled bet ($2) returned to Dai5dop
Dai5dop collected $2 from pot
Dai5dop: doesn't show hand 
*** SUMMARY ***
Total pot $2 | Rake $0 
Seat 1: value_ftw
Seat 2: stephans888
Seat 3: Dai5dop (small blind) collected ($2)
Seat 4: vadjkeee (big blind) folded before Flop
Seat 5: Pippa83 folded before Flop (didn't bet)
Seat 6: KeR888 (button) folded before Flop (didn't bet)



PokerStars Hand #254635517539:  Hold'em No Limit ($0.50/$1.00 USD) - 2025/01/31 12:06:01 WET [2025/01/31 7:06:01 ET]
Table 'Monoceros' 6-max Seat #3 is the button
Seat 1: value_ftw ($100 in chips) is sitting out
Seat 2: stephans888 ($103.01 in chips) is sitting out
Seat 3: Dai5dop ($140.31 in chips) 
Seat 4: vadjkeee ($100.50 in chips) 
Seat 5: Pippa83 ($106.82 in chips) 
Seat 6: KeR888 ($100 in chips) 
vadjkeee: posts small blind $0.50
Pippa83: posts big blind $1
value_ftw: sits out 
stephans888: sits out 
*** HOLE CARDS ***
KeR888: folds 
Dai5dop: folds 
vadjkeee: folds 
Uncalled bet ($0.50) returned to Pippa83
Pippa83 collected $1 from pot
Pippa83: doesn't show hand 
*** SUMMARY ***
Total pot $1 | Rake $0 
Seat 1: value_ftw
Seat 2: stephans888
Seat 3: Dai5dop (button) folded before Flop (didn't bet)
Seat 4: vadjkeee (small blind) folded before Flop
Seat 5: Pippa83 (big blind) collected ($1)
Seat 6: KeR888 folded before Flop (didn't bet)



PokerStars Hand #254635518590:  Hold'em No Limit ($0.50/$1.00 USD) - 2025/01/31 12:06:09 WET [2025/01/31 7:06:09 ET]
Table 'Monoceros' 6-max Seat #4 is the button
Seat 1: value_ftw ($100 in chips) is sitting out
Seat 2: stephans888 ($103.01 in chips) is sitting out
Seat 3: Dai5dop ($140.31 in chips) 
Seat 4: vadjkeee ($100 in chips) 
Seat 5: Pippa83 ($107.32 in chips) 
Seat 6: KeR888 ($100 in chips) 
Pippa83: posts small blind $0.50
KeR888: posts big blind $1
value_ftw: sits out 
stephans888: sits out 
*** HOLE CARDS ***
Dai5dop: folds 
vadjkeee: raises $1.50 to $2.50
Pippa83: folds 
KeR888: folds 
Uncalled bet ($1.50) returned to vadjkeee
vadjkeee collected $2.50 from pot
vadjkeee: doesn't show hand 
*** SUMMARY ***
Total pot $2.50 | Rake $0 
Seat 1: value_ftw
Seat 2: stephans888
Seat 3: Dai5dop folded before Flop (didn't bet)
Seat 4: vadjkeee (button) collected ($2.50)
Seat 5: Pippa83 (small blind) folded before Flop
Seat 6: KeR888 (big blind) folded before Flop



PokerStars Hand #254635520416:  Hold'em No Limit ($0.50/$1.00 USD) - 2025/01/31 12:06:23 WET [2025/01/31 7:06:23 ET]
Table 'Monoceros' 6-max Seat #5 is the button
Seat 2: stephans888 ($103.01 in chips) is sitting out
Seat 1: value_ftw ($100 in chips) 
Seat 3: Dai5dop ($140.31 in chips) 
Seat 4: vadjkeee ($101.50 in chips) 
Seat 5: Pippa83 ($106.82 in chips) 
Seat 6: KeR888 ($100 in chips) 
KeR888: posts small blind $0.50
value_ftw: posts big blind $1
stephans888 has timed out
stephans888: is sitting out 
*** HOLE CARDS ***
Dai5dop: folds 
stephans888 is disconnected 
vadjkeee: folds 
Pippa83: raises $1.50 to $2.50
KeR888: folds 
value_ftw: calls $1.50
*** FLOP *** [Th 2d 5d]
value_ftw: checks 
Pippa83: checks 
*** TURN *** [Th 2d 5d] [2s]
value_ftw: checks 
Pippa83: checks 
*** RIVER *** [Th 2d 5d 2s] [4d]
value_ftw: bets $1.72
Pippa83: calls $1.72
*** SHOW DOWN ***
value_ftw: shows [6c Kc] (a pair of Deuces)
Pippa83: shows [As 6d] (a pair of Deuces - Ace kicker)
Pippa83 collected $8.49 from pot
*** SUMMARY ***
Total pot $8.94 | Rake $0.45 
Board [Th 2d 5d 2s 4d]
Seat 2: stephans888
Seat 1: value_ftw (big blind) showed [6c Kc] and lost with a pair of Deuces
Seat 3: Dai5dop folded before Flop (didn't bet)
Seat 4: vadjkeee folded before Flop (didn't bet)
Seat 5: Pippa83 (button) showed [As 6d] and won ($8.49) with a pair of Deuces
Seat 6: KeR888 (small blind) folded before Flop



PokerStars Hand #254635528268:  Hold'em No Limit ($0.50/$1.00 USD) - 2025/01/31 12:07:24 WET [2025/01/31 7:07:24 ET]
Table 'Monoceros' 6-max Seat #6 is the button
Seat 1: value_ftw ($100 in chips) 
Seat 2: stephans888 ($103.01 in chips) 
Seat 3: Dai5dop ($140.31 in chips) 
Seat 4: vadjkeee ($101.50 in chips) 
Seat 5: Pippa83 ($111.09 in chips) 
Seat 6: KeR888 ($100 in chips) 
value_ftw: posts small blind $0.50
stephans888: posts big blind $1
*** HOLE CARDS ***
Dai5dop: raises $1.20 to $2.20
vadjkeee: folds 
Pippa83: folds 
KeR888: folds 
value_ftw: folds 
stephans888: folds 
Uncalled bet ($1.20) returned to Dai5dop
Dai5dop collected $2.50 from pot
Dai5dop: doesn't show hand 
*** SUMMARY ***
Total pot $2.50 | Rake $0 
Seat 1: value_ftw (small blind) folded before Flop
Seat 2: stephans888 (big blind) folded before Flop
Seat 3: Dai5dop collected ($2.50)
Seat 4: vadjkeee folded before Flop (didn't bet)
Seat 5: Pippa83 folded before Flop (didn't bet)
Seat 6: KeR888 (button) folded before Flop (didn't bet)



PokerStars Hand #254635530371:  Hold'em No Limit ($0.50/$1.00 USD) - 2025/01/31 12:07:40 WET [2025/01/31 7:07:40 ET]
Table 'Monoceros' 6-max Seat #1 is the button
Seat 1: value_ftw ($100 in chips) 
Seat 2: stephans888 ($102.01 in chips) 
Seat 3: Dai5dop ($141.81 in chips) 
Seat 4: vadjkeee ($101.50 in chips) 
Seat 5: Pippa83 ($111.09 in chips) 
Seat 6: KeR888 ($100 in chips) 
stephans888: posts small blind $0.50
Dai5dop: posts big blind $1
*** HOLE CARDS ***
vadjkeee: folds 
Pippa83: folds 
KeR888: folds 
value_ftw: folds 
stephans888: calls $0.50
Dai5dop: raises $2.50 to $3.50
stephans888: calls $2.50
*** FLOP *** [4h 7d Kh]
stephans888: checks 
Dai5dop: bets $2
stephans888: folds 
Uncalled bet ($2) returned to Dai5dop
Dai5dop collected $6.65 from pot
Dai5dop: doesn't show hand 
*** SUMMARY ***
Total pot $7 | Rake $0.35 
Board [4h 7d Kh]
Seat 1: value_ftw (button) folded before Flop (didn't bet)
Seat 2: stephans888 (small blind) folded on the Flop
Seat 3: Dai5dop (big blind) collected ($6.65)
Seat 4: vadjkeee folded before Flop (didn't bet)
Seat 5: Pippa83 folded before Flop (didn't bet)
Seat 6: KeR888 folded before Flop (didn't bet)



PokerStars Hand #254635536391:  Hold'em No Limit ($0.50/$1.00 USD) - 2025/01/31 12:08:26 WET [2025/01/31 7:08:26 ET]
Table 'Monoceros' 6-max Seat #2 is the button
Seat 1: value_ftw ($100 in chips) 
Seat 2: stephans888 ($98.51 in chips) 
Seat 3: Dai5dop ($144.96 in chips) 
Seat 4: vadjkeee ($101.50 in chips) 
Seat 5: Pippa83 ($111.09 in chips) 
Seat 6: KeR888 ($100 in chips) 
Dai5dop: posts small blind $0.50
vadjkeee: posts big blind $1
*** HOLE CARDS ***
Pippa83: folds 
KeR888: raises $1.20 to $2.20
value_ftw: folds 
stephans888: folds 
Dai5dop: folds 
vadjkeee: folds 
Uncalled bet ($1.20) returned to KeR888
KeR888 collected $2.50 from pot
KeR888: doesn't show hand 
*** SUMMARY ***
Total pot $2.50 | Rake $0 
Seat 1: value_ftw folded before Flop (didn't bet)
Seat 2: stephans888 (button) folded before Flop (didn't bet)
Seat 3: Dai5dop (small blind) folded before Flop
Seat 4: vadjkeee (big blind) folded before Flop
Seat 5: Pippa83 folded before Flop (didn't bet)
Seat 6: KeR888 collected ($2.50)



PokerStars Hand #254635538596:  Hold'em No Limit ($0.50/$1.00 USD) - 2025/01/31 12:08:43 WET [2025/01/31 7:08:43 ET]
Table 'Monoceros' 6-max Seat #3 is the button
Seat 1: value_ftw ($100 in chips) 
Seat 2: stephans888 ($98.51 in chips) 
Seat 3: Dai5dop ($144.46 in chips) 
Seat 4: vadjkeee ($100.50 in chips) 
Seat 5: Pippa83 ($111.09 in chips) 
Seat 6: KeR888 ($101.50 in chips) 
vadjkeee: posts small blind $0.50
Pippa83: posts big blind $1
*** HOLE CARDS ***
KeR888: raises $1.50 to $2.50
value_ftw: folds 
stephans888: calls $2.50
Dai5dop: calls $2.50
vadjkeee: folds 
Pippa83: calls $1.50
*** FLOP *** [Qs 2c 9s]
Pippa83: checks 
KeR888: checks 
stephans888: checks 
Dai5dop: checks 
*** TURN *** [Qs 2c 9s] [Ts]
Pippa83: checks 
KeR888: checks 
stephans888: checks 
Dai5dop: bets $7.49
Pippa83: folds 
KeR888: raises $24.51 to $32
stephans888: folds 
Dai5dop: folds 
Uncalled bet ($24.51) returned to KeR888
KeR888 collected $24.21 from pot
KeR888: doesn't show hand 
*** SUMMARY ***
Total pot $25.48 | Rake $1.27 
Board [Qs 2c 9s Ts]
Seat 1: value_ftw folded before Flop (didn't bet)
Seat 2: stephans888 folded on the Turn
Seat 3: Dai5dop (button) folded on the Turn
Seat 4: vadjkeee (small blind) folded before Flop
Seat 5: Pippa83 (big blind) folded on the Turn
Seat 6: KeR888 collected ($24.21)



PokerStars Hand #254635547508:  Hold'em No Limit ($0.50/$1.00 USD) - 2025/01/31 12:09:50 WET [2025/01/31 7:09:50 ET]
Table 'Monoceros' 6-max Seat #4 is the button
Seat 6: KeR888 ($115.72 in chips) is sitting out
Seat 1: value_ftw ($100 in chips) 
Seat 2: stephans888 ($96.01 in chips) 
Seat 3: Dai5dop ($134.47 in chips) 
Seat 4: vadjkeee ($100 in chips) 
Seat 5: Pippa83 ($108.59 in chips) 
Pippa83: posts small blind $0.50
KeR888: is sitting out 
value_ftw: posts big blind $1
*** HOLE CARDS ***
stephans888: calls $1
Dai5dop: folds 
vadjkeee: folds 
Pippa83: calls $0.50
value_ftw: checks 
*** FLOP *** [4c Qh 4h]
Pippa83: checks 
value_ftw: checks 
stephans888: checks 
*** TURN *** [4c Qh 4h] [8s]
Pippa83: bets $2.14
value_ftw: folds 
stephans888: raises $2.14 to $4.28
Pippa83: calls $2.14
*** RIVER *** [4c Qh 4h 8s] [Ah]
Pippa83: checks 
stephans888: bets $2
Pippa83: calls $2
*** SHOW DOWN ***
stephans888: shows [7s 4s] (three of a kind, Fours)
Pippa83: mucks hand 
stephans888 collected $14.58 from pot
*** SUMMARY ***
Total pot $15.56 | Rake $0.98 
Board [4c Qh 4h 8s Ah]
Seat 6: KeR888
Seat 1: value_ftw (big blind) folded on the Turn
Seat 2: stephans888 showed [7s 4s] and won ($14.58) with three of a kind, Fours
Seat 3: Dai5dop folded before Flop (didn't bet)
Seat 4: vadjkeee (button) folded before Flop (didn't bet)
Seat 5: Pippa83 (small blind) mucked



PokerStars Hand #254635554666:  Hold'em No Limit ($0.50/$1.00 USD) - 2025/01/31 12:10:44 WET [2025/01/31 7:10:44 ET]
Table 'Monoceros' 6-max Seat #5 is the button
Seat 6: KeR888 ($115.72 in chips) is sitting out
Seat 1: value_ftw ($100 in chips) 
Seat 2: stephans888 ($103.31 in chips) 
Seat 3: Dai5dop ($134.47 in chips) 
Seat 4: vadjkeee ($100 in chips) 
Seat 5: Pippa83 ($101.31 in chips) 
value_ftw: posts small blind $0.50
stephans888: posts big blind $1
*** HOLE CARDS ***
Dai5dop: folds 
vadjkeee: folds 
Pippa83: folds 
value_ftw: raises $2 to $3
stephans888: folds 
Uncalled bet ($2) returned to value_ftw
value_ftw collected $2 from pot
value_ftw: doesn't show hand 
*** SUMMARY ***
Total pot $2 | Rake $0 
Seat 6: KeR888
Seat 1: value_ftw (small blind) collected ($2)
Seat 2: stephans888 (big blind) folded before Flop
Seat 3: Dai5dop folded before Flop (didn't bet)
Seat 4: vadjkeee folded before Flop (didn't bet)
Seat 5: Pippa83 (button) folded before Flop (didn't bet)



PokerStars Hand #254635555933:  Hold'em No Limit ($0.50/$1.00 USD) - 2025/01/31 12:10:53 WET [2025/01/31 7:10:53 ET]
Table 'Monoceros' 6-max Seat #1 is the button
Seat 6: KeR888 ($115.72 in chips) is sitting out
Seat 1: value_ftw ($101 in chips) 
Seat 2: stephans888 ($102.31 in chips) 
Seat 3: Dai5dop ($134.47 in chips) 
Seat 4: vadjkeee ($100 in chips) 
Seat 5: Pippa83 ($101.31 in chips) 
stephans888: posts small blind $0.50
Dai5dop: posts big blind $1
KeR888: sits out 
*** HOLE CARDS ***
vadjkeee: raises $1.50 to $2.50
Pippa83: folds 
value_ftw: folds 
stephans888: folds 
Dai5dop: calls $1.50
*** FLOP *** [Qs Td Qd]
Dai5dop: checks 
vadjkeee: bets $1.30
Dai5dop: folds 
Uncalled bet ($1.30) returned to vadjkeee
vadjkeee collected $5.22 from pot
vadjkeee: doesn't show hand 
*** SUMMARY ***
Total pot $5.50 | Rake $0.28 
Board [Qs Td Qd]
Seat 6: KeR888
Seat 1: value_ftw (button) folded before Flop (didn't bet)
Seat 2: stephans888 (small blind) folded before Flop
Seat 3: Dai5dop (big blind) folded on the Flop
Seat 4: vadjkeee collected ($5.22)
Seat 5: Pippa83 folded before Flop (didn't bet)



PokerStars Hand #254635559952:  Hold'em No Limit ($0.50/$1.00 USD) - 2025/01/31 12:11:24 WET [2025/01/31 7:11:24 ET]
Table 'Monoceros' 6-max Seat #2 is the button
Seat 6: KeR888 ($115.72 in chips) is sitting out
Seat 1: value_ftw ($101 in chips) 
Seat 2: stephans888 ($101.81 in chips) 
Seat 3: Dai5dop ($131.97 in chips) 
Seat 4: vadjkeee ($102.72 in chips) 
Seat 5: Pippa83 ($101.31 in chips) 
Dai5dop: posts small blind $0.50
vadjkeee: posts big blind $1
KeR888: sits out 
*** HOLE CARDS ***
Pippa83: folds 
value_ftw: folds 
stephans888: folds 
Dai5dop: folds 
Uncalled bet ($0.50) returned to vadjkeee
vadjkeee collected $1 from pot
vadjkeee: doesn't show hand 
*** SUMMARY ***
Total pot $1 | Rake $0 
Seat 6: KeR888
Seat 1: value_ftw folded before Flop (didn't bet)
Seat 2: stephans888 (button) folded before Flop (didn't bet)
Seat 3: Dai5dop (small blind) folded before Flop
Seat 4: vadjkeee (big blind) collected ($1)
Seat 5: Pippa83 folded before Flop (didn't bet)



PokerStars Hand #254635561340:  Hold'em No Limit ($0.50/$1.00 USD) - 2025/01/31 12:11:34 WET [2025/01/31 7:11:34 ET]
Table 'Monoceros' 6-max Seat #3 is the button
Seat 6: KeR888 ($115.72 in chips) is sitting out
Seat 1: value_ftw ($101 in chips) 
Seat 2: stephans888 ($101.81 in chips) 
Seat 3: Dai5dop ($131.47 in chips) 
Seat 4: vadjkeee ($103.22 in chips) 
Seat 5: Pippa83 ($101.31 in chips) 
vadjkeee: posts small blind $0.50
Pippa83: posts big blind $1
KeR888: sits out 
*** HOLE CARDS ***
value_ftw: folds 
stephans888: folds 
Dai5dop: folds 
vadjkeee: raises $2 to $3
Pippa83: raises $6 to $9
vadjkeee: folds 
Uncalled bet ($6) returned to Pippa83
Pippa83 collected $6 from pot
Pippa83: doesn't show hand 
*** SUMMARY ***
Total pot $6 | Rake $0 
Seat 6: KeR888
Seat 1: value_ftw folded before Flop (didn't bet)
Seat 2: stephans888 folded before Flop (didn't bet)
Seat 3: Dai5dop (button) folded before Flop (didn't bet)
Seat 4: vadjkeee (small blind) folded before Flop
Seat 5: Pippa83 (big blind) collected ($6)



PokerStars Hand #254635565434:  Hold'em No Limit ($0.50/$1.00 USD) - 2025/01/31 12:12:05 WET [2025/01/31 7:12:05 ET]
Table 'Monoceros' 6-max Seat #4 is the button
Seat 1: value_ftw ($101 in chips) 
Seat 2: stephans888 ($101.81 in chips) 
Seat 3: Dai5dop ($131.47 in chips) 
Seat 4: vadjkeee ($100.22 in chips) 
Seat 5: Pippa83 ($104.31 in chips) 
Seat 6: KeR888 ($115.72 in chips) 
Pippa83: posts small blind $0.50
KeR888: posts big blind $1
*** HOLE CARDS ***
value_ftw: folds 
stephans888: folds 
Dai5dop: folds 
vadjkeee: raises $1.50 to $2.50
Pippa83: folds 
KeR888: raises $8.50 to $11
vadjkeee: folds 
Uncalled bet ($8.50) returned to KeR888
KeR888 collected $5.50 from pot
KeR888: doesn't show hand 
*** SUMMARY ***
Total pot $5.50 | Rake $0 
Seat 1: value_ftw folded before Flop (didn't bet)
Seat 2: stephans888 folded before Flop (didn't bet)
Seat 3: Dai5dop folded before Flop (didn't bet)
Seat 4: vadjkeee (button) folded before Flop
Seat 5: Pippa83 (small blind) folded before Flop
Seat 6: KeR888 (big blind) collected ($5.50)



PokerStars Hand #254635571658:  Hold'em No Limit ($0.50/$1.00 USD) - 2025/01/31 12:12:52 WET [2025/01/31 7:12:52 ET]
Table 'Monoceros' 6-max Seat #5 is the button
Seat 1: value_ftw ($101 in chips) 
Seat 2: stephans888 ($101.81 in chips) 
Seat 3: Dai5dop ($131.47 in chips) 
Seat 4: vadjkeee ($100 in chips) 
Seat 5: Pippa83 ($103.81 in chips) 
Seat 6: KeR888 ($118.72 in chips) 
KeR888: posts small blind $0.50
value_ftw: posts big blind $1
*** HOLE CARDS ***
stephans888: folds 
Dai5dop: raises $1.20 to $2.20
vadjkeee: folds 
Pippa83: folds 
KeR888: folds 
value_ftw: folds 
Uncalled bet ($1.20) returned to Dai5dop
Dai5dop collected $2.50 from pot
Dai5dop: doesn't show hand 
*** SUMMARY ***
Total pot $2.50 | Rake $0 
Seat 1: value_ftw (big blind) folded before Flop
Seat 2: stephans888 folded before Flop (didn't bet)
Seat 3: Dai5dop collected ($2.50)
Seat 4: vadjkeee folded before Flop (didn't bet)
Seat 5: Pippa83 (button) folded before Flop (didn't bet)
Seat 6: KeR888 (small blind) folded before Flop



PokerStars Hand #254635573923:  Hold'em No Limit ($0.50/$1.00 USD) - 2025/01/31 12:13:10 WET [2025/01/31 7:13:10 ET]
Table 'Monoceros' 6-max Seat #6 is the button
Seat 1: value_ftw ($100 in chips) 
Seat 2: stephans888 ($101.81 in chips) 
Seat 3: Dai5dop ($132.97 in chips) 
Seat 4: vadjkeee ($100 in chips) 
Seat 5: Pippa83 ($103.81 in chips) 
Seat 6: KeR888 ($118.22 in chips) 
value_ftw: posts small blind $0.50
stephans888: posts big blind $1
*** HOLE CARDS ***
Dai5dop: raises $1.20 to $2.20
vadjkeee: folds 
Pippa83: folds 
KeR888: folds 
value_ftw: folds 
stephans888: raises $1.20 to $3.40
Dai5dop: calls $1.20
*** FLOP *** [Ks Kd 6d]
stephans888: bets $1
Dai5dop: calls $1
*** TURN *** [Ks Kd 6d] [9c]
stephans888: bets $4.42
Dai5dop: folds 
Uncalled bet ($4.42) returned to stephans888
stephans888 collected $8.72 from pot
*** SUMMARY ***
Total pot $9.30 | Rake $0.58 
Board [Ks Kd 6d 9c]
Seat 1: value_ftw (small blind) folded before Flop
Seat 2: stephans888 (big blind) collected ($8.72)
Seat 3: Dai5dop folded on the Turn
Seat 4: vadjkeee folded before Flop (didn't bet)
Seat 5: Pippa83 folded before Flop (didn't bet)
Seat 6: KeR888 (button) folded before Flop (didn't bet)



PokerStars Hand #254635579811:  Hold'em No Limit ($0.50/$1.00 USD) - 2025/01/31 12:13:55 WET [2025/01/31 7:13:55 ET]
Table 'Monoceros' 6-max Seat #1 is the button
Seat 1: value_ftw ($100 in chips) 
Seat 2: stephans888 ($106.13 in chips) 
Seat 3: Dai5dop ($128.57 in chips) 
Seat 4: vadjkeee ($100 in chips) 
Seat 5: Pippa83 ($103.81 in chips) 
Seat 6: KeR888 ($118.22 in chips) 
stephans888: posts small blind $0.50
Dai5dop: posts big blind $1
*** HOLE CARDS ***
vadjkeee: raises $2 to $3
Pippa83: folds 
KeR888: folds 
value_ftw: folds 
stephans888 is disconnected 
stephans888 is connected 
stephans888: calls $2.50
Dai5dop: folds 
*** FLOP *** [5d Kd Jh]
stephans888: checks 
vadjkeee: bets $4.46
stephans888: calls $4.46
*** TURN *** [5d Kd Jh] [6s]
stephans888: checks 
vadjkeee: bets $14
stephans888: calls $14
*** RIVER *** [5d Kd Jh 6s] [8d]
stephans888: checks 
vadjkeee: bets $19
stephans888: calls $19
*** SHOW DOWN ***
vadjkeee: shows [Ad Ah] (a pair of Aces)
stephans888: mucks hand 
vadjkeee collected $79.42 from pot
*** SUMMARY ***
Total pot $81.92 | Rake $2.50 
Board [5d Kd Jh 6s 8d]
Seat 1: value_ftw (button) folded before Flop (didn't bet)
Seat 2: stephans888 (small blind) mucked
Seat 3: Dai5dop (big blind) folded before Flop
Seat 4: vadjkeee showed [Ad Ah] and won ($79.42) with a pair of Aces
Seat 5: Pippa83 folded before Flop (didn't bet)
Seat 6: KeR888 folded before Flop (didn't bet)



PokerStars Hand #254635590914:  Hold'em No Limit ($0.50/$1.00 USD) - 2025/01/31 12:15:18 WET [2025/01/31 7:15:18 ET]
Table 'Monoceros' 6-max Seat #2 is the button
Seat 1: value_ftw ($100 in chips) 
Seat 2: stephans888 ($65.67 in chips) 
Seat 3: Dai5dop ($127.57 in chips) 
Seat 4: vadjkeee ($138.96 in chips) 
Seat 5: Pippa83 ($103.81 in chips) 
Seat 6: KeR888 ($118.22 in chips) 
Dai5dop: posts small blind $0.50
vadjkeee: posts big blind $1
*** HOLE CARDS ***
Pippa83: folds 
KeR888: raises $1.50 to $2.50
value_ftw: folds 
stephans888: raises $1.50 to $4
Dai5dop: folds 
vadjkeee: folds 
KeR888: raises $11 to $15
stephans888: raises $50.67 to $65.67 and is all-in
KeR888: calls $50.67
*** FLOP *** [5c 6c 6h]
*** TURN *** [5c 6c 6h] [8d]
*** RIVER *** [5c 6c 6h 8d] [7s]
*** SHOW DOWN ***
KeR888: shows [Kh Kd] (two pair, Kings and Sixes)
stephans888: shows [As Jc] (a pair of Sixes)
KeR888 collected $130.34 from pot
*** SUMMARY ***
Total pot $132.84 | Rake $2.50 
Board [5c 6c 6h 8d 7s]
Seat 1: value_ftw folded before Flop (didn't bet)
Seat 2: stephans888 (button) showed [As Jc] and lost with a pair of Sixes
Seat 3: Dai5dop (small blind) folded before Flop
Seat 4: vadjkeee (big blind) folded before Flop
Seat 5: Pippa83 folded before Flop (didn't bet)
Seat 6: KeR888 showed [Kh Kd] and won ($130.34) with two pair, Kings and Sixes



PokerStars Hand #254635597578:  Hold'em No Limit ($0.50/$1.00 USD) - 2025/01/31 12:16:08 WET [2025/01/31 7:16:08 ET]
Table 'Monoceros' 6-max Seat #3 is the button
Seat 2: stephans888 ($0 in chips) is sitting out
Seat 1: value_ftw ($100 in chips) 
Seat 3: Dai5dop ($127.07 in chips) 
Seat 4: vadjkeee ($137.96 in chips) 
Seat 5: Pippa83 ($103.81 in chips) 
Seat 6: KeR888 ($182.89 in chips) 
vadjkeee: posts small blind $0.50
Pippa83: posts big blind $1
*** HOLE CARDS ***
KeR888: raises $1.20 to $2.20
value_ftw: folds 
Dai5dop: folds 
vadjkeee: folds 
Pippa83: calls $1.20
*** FLOP *** [5h Td 8c]
Pippa83: checks 
stephans888 is disconnected 
KeR888: bets $2.33
Pippa83: calls $2.33
*** TURN *** [5h Td 8c] [2h]
Pippa83: checks 
KeR888: checks 
*** RIVER *** [5h Td 8c 2h] [Jc]
Pippa83: bets $2.27
KeR888: folds 
Uncalled bet ($2.27) returned to Pippa83
Pippa83 collected $9.08 from pot
Pippa83: doesn't show hand 
*** SUMMARY ***
Total pot $9.56 | Rake $0.48 
Board [5h Td 8c 2h Jc]
Seat 2: stephans888
Seat 1: value_ftw folded before Flop (didn't bet)
Seat 3: Dai5dop (button) folded before Flop (didn't bet)
Seat 4: vadjkeee (small blind) folded before Flop
Seat 5: Pippa83 (big blind) collected ($9.08)
Seat 6: KeR888 folded on the River



PokerStars Hand #254635609329:  Hold'em No Limit ($0.50/$1.00 USD) - 2025/01/31 12:17:37 WET [2025/01/31 7:17:37 ET]
Table 'Monoceros' 6-max Seat #4 is the button
Seat 2: stephans888 ($0 in chips) is sitting out
Seat 6: KeR888 ($178.36 in chips) is sitting out
Seat 1: value_ftw ($100 in chips) 
Seat 3: Dai5dop ($127.07 in chips) 
Seat 4: vadjkeee ($137.46 in chips) 
Seat 5: Pippa83 ($108.36 in chips) 
Pippa83: posts small blind $0.50
KeR888: is sitting out 
value_ftw: posts big blind $1
*** HOLE CARDS ***
KeR888 leaves the table
Dai5dop: folds 
fedor0f joins the table at seat #6 
vadjkeee: raises $1.50 to $2.50
Pippa83: folds 
value_ftw: folds 
Uncalled bet ($1.50) returned to vadjkeee
vadjkeee collected $2.50 from pot
vadjkeee: doesn't show hand 
*** SUMMARY ***
Total pot $2.50 | Rake $0 
Seat 2: stephans888
Seat 6: KeR888
Seat 1: value_ftw (big blind) folded before Flop
Seat 3: Dai5dop folded before Flop (didn't bet)
Seat 4: vadjkeee (button) collected ($2.50)
Seat 5: Pippa83 (small blind) folded before Flop



PokerStars Hand #254635611719:  Hold'em No Limit ($0.50/$1.00 USD) - 2025/01/31 12:17:55 WET [2025/01/31 7:17:55 ET]
Table 'Monoceros' 6-max Seat #5 is the button
Seat 2: stephans888 ($0 in chips) is sitting out
Seat 6: fedor0f ($100 in chips) is sitting out
Seat 1: value_ftw ($100 in chips) 
Seat 3: Dai5dop ($127.07 in chips) 
Seat 4: vadjkeee ($138.96 in chips) 
Seat 5: Pippa83 ($107.86 in chips) 
value_ftw: posts small blind $0.50
Dai5dop: posts big blind $1
*** HOLE CARDS ***
vadjkeee: folds 
Pippa83: raises $1.50 to $2.50
value_ftw: folds 
Dai5dop: folds 
Uncalled bet ($1.50) returned to Pippa83
Pippa83 collected $2.50 from pot
Pippa83: doesn't show hand 
*** SUMMARY ***
Total pot $2.50 | Rake $0 
Seat 2: stephans888
Seat 6: fedor0f
Seat 1: value_ftw (small blind) folded before Flop
Seat 3: Dai5dop (big blind) folded before Flop
Seat 4: vadjkeee folded before Flop (didn't bet)
Seat 5: Pippa83 (button) collected ($2.50)



PokerStars Hand #254635614061:  Hold'em No Limit ($0.50/$1.00 USD) - 2025/01/31 12:18:12 WET [2025/01/31 7:18:12 ET]
Table 'Monoceros' 6-max Seat #1 is the button
Seat 2: stephans888 ($0 in chips) is sitting out
Seat 6: fedor0f ($100 in chips) is sitting out
Seat 1: value_ftw ($100 in chips) 
Seat 3: Dai5dop ($126.07 in chips) 
Seat 4: vadjkeee ($138.96 in chips) 
Seat 5: Pippa83 ($109.36 in chips) 
Dai5dop: posts small blind $0.50
vadjkeee: posts big blind $1
fedor0f: sits out 
*** HOLE CARDS ***
Pippa83: folds 
value_ftw: raises $1.50 to $2.50
Dai5dop: folds 
vadjkeee: folds 
Uncalled bet ($1.50) returned to value_ftw
value_ftw collected $2.50 from pot
value_ftw: doesn't show hand 
*** SUMMARY ***
Total pot $2.50 | Rake $0 
Seat 2: stephans888
Seat 6: fedor0f
Seat 1: value_ftw (button) collected ($2.50)
Seat 3: Dai5dop (small blind) folded before Flop
Seat 4: vadjkeee (big blind) folded before Flop
Seat 5: Pippa83 folded before Flop (didn't bet)



PokerStars Hand #254635615913:  Hold'em No Limit ($0.50/$1.00 USD) - 2025/01/31 12:18:26 WET [2025/01/31 7:18:26 ET]
Table 'Monoceros' 6-max Seat #3 is the button
Seat 2: stephans888 ($0 in chips) is sitting out
Seat 6: fedor0f ($100 in chips) is sitting out
Seat 1: value_ftw ($101.50 in chips) 
Seat 3: Dai5dop ($125.57 in chips) 
Seat 4: vadjkeee ($137.96 in chips) 
Seat 5: Pippa83 ($109.36 in chips) 
vadjkeee: posts small blind $0.50
Pippa83: posts big blind $1
fedor0f: sits out 
*** HOLE CARDS ***
value_ftw: raises $1.20 to $2.20
Dai5dop: folds 
vadjkeee: folds 
Pippa83: calls $1.20
*** FLOP *** [7d 3c Qd]
Pippa83: checks 
value_ftw: checks 
*** TURN *** [7d 3c Qd] [6h]
Pippa83: bets $3.50
value_ftw: calls $3.50
*** RIVER *** [7d 3c Qd 6h] [9h]
Pippa83: bets $8.48
value_ftw: calls $8.48
*** SHOW DOWN ***
Pippa83: shows [6c 6s] (three of a kind, Sixes)
value_ftw: mucks hand 
Pippa83 collected $27.86 from pot
*** SUMMARY ***
Total pot $28.86 | Rake $1 
Board [7d 3c Qd 6h 9h]
Seat 2: stephans888
Seat 6: fedor0f
Seat 1: value_ftw mucked
Seat 3: Dai5dop (button) folded before Flop (didn't bet)
Seat 4: vadjkeee (small blind) folded before Flop
Seat 5: Pippa83 (big blind) showed [6c 6s] and won ($27.86) with three of a kind, Sixes



PokerStars Hand #254635622356:  Hold'em No Limit ($0.50/$1.00 USD) - 2025/01/31 12:19:15 WET [2025/01/31 7:19:15 ET]
Table 'Monoceros' 6-max Seat #4 is the button
Seat 2: stephans888 ($0 in chips) is sitting out
Seat 1: value_ftw ($100 in chips) 
Seat 3: Dai5dop ($125.57 in chips) 
Seat 4: vadjkeee ($137.46 in chips) 
Seat 5: Pippa83 ($123.04 in chips) 
Seat 6: fedor0f ($100 in chips) 
Pippa83: posts small blind $0.50
fedor0f: posts big blind $1
*** HOLE CARDS ***
value_ftw: raises $1.20 to $2.20
Dai5dop: folds 
vadjkeee: folds 
Pippa83: folds 
fedor0f: calls $1.20
*** FLOP *** [Ad Tc 8c]
fedor0f: checks 
value_ftw: bets $3.50
fedor0f: folds 
Uncalled bet ($3.50) returned to value_ftw
value_ftw collected $4.66 from pot
value_ftw: doesn't show hand 
*** SUMMARY ***
Total pot $4.90 | Rake $0.24 
Board [Ad Tc 8c]
Seat 2: stephans888
Seat 1: value_ftw collected ($4.66)
Seat 3: Dai5dop folded before Flop (didn't bet)
Seat 4: vadjkeee (button) folded before Flop (didn't bet)
Seat 5: Pippa83 (small blind) folded before Flop
Seat 6: fedor0f (big blind) folded on the Flop



PokerStars Hand #254635629982:  Hold'em No Limit ($0.50/$1.00 USD) - 2025/01/31 12:20:12 WET [2025/01/31 7:20:12 ET]
Table 'Monoceros' 6-max Seat #5 is the button
Seat 1: value_ftw ($102.46 in chips) is sitting out
Seat 2: stephans888 ($0 in chips) is sitting out
Seat 3: Dai5dop ($125.57 in chips) is sitting out
Seat 4: vadjkeee ($137.46 in chips) 
Seat 5: Pippa83 ($122.54 in chips) 
Seat 6: fedor0f ($100 in chips) 
fedor0f: posts small blind $0.50
value_ftw: is sitting out 
Dai5dop: is sitting out 
vadjkeee: posts big blind $1
*** HOLE CARDS ***
value_ftw leaves the table
Pippa83: raises $1.50 to $2.50
Dai5dop leaves the table
Red4erT joins the table at seat #3 
fedor0f: folds 
vadjkeee: folds 
Uncalled bet ($1.50) returned to Pippa83
Pippa83 collected $2.50 from pot
Pippa83: doesn't show hand 
*** SUMMARY ***
Total pot $2.50 | Rake $0 
Seat 1: value_ftw
Seat 2: stephans888
Seat 3: Dai5dop
Seat 4: vadjkeee (big blind) folded before Flop
Seat 5: Pippa83 (button) collected ($2.50)
Seat 6: fedor0f (small blind) folded before Flop



PokerStars Hand #254635632490:  Hold'em No Limit ($0.50/$1.00 USD) - 2025/01/31 12:20:31 WET [2025/01/31 7:20:31 ET]
Table 'Monoceros' 6-max Seat #6 is the button
Seat 2: stephans888 ($0 in chips) is sitting out
Seat 3: Red4erT ($10 in chips) is sitting out
Seat 4: vadjkeee ($136.46 in chips) 
Seat 5: Pippa83 ($124.04 in chips) 
Seat 6: fedor0f ($100 in chips) 
vadjkeee: posts small blind $0.50
Pippa83: posts big blind $1
*** HOLE CARDS ***
fedor0f: raises $1.20 to $2.20
vadjkeee: folds 
Pippa83: raises $8.80 to $11
fedor0f: folds 
Uncalled bet ($8.80) returned to Pippa83
stevoooo34 joins the table at seat #1 
stevoooo34 is disconnected 
Pippa83 collected $4.90 from pot
Pippa83: doesn't show hand 
*** SUMMARY ***
Total pot $4.90 | Rake $0 
Seat 2: stephans888
Seat 3: Red4erT
Seat 4: vadjkeee (small blind) folded before Flop
Seat 5: Pippa83 (big blind) collected ($4.90)
Seat 6: fedor0f (button) folded before Flop



PokerStars Hand #254635636992:  Hold'em No Limit ($0.50/$1.00 USD) - 2025/01/31 12:21:05 WET [2025/01/31 7:21:05 ET]
Table 'Monoceros' 6-max Seat #4 is the button
Seat 1: stevoooo34 ($100 in chips) is sitting out
Seat 2: stephans888 ($0 in chips) is sitting out
Seat 3: Red4erT ($10 in chips) is sitting out
Seat 4: vadjkeee ($135.96 in chips) 
Seat 5: Pippa83 ($126.74 in chips) 
Seat 6: fedor0f ($100 in chips) 
Pippa83: posts small blind $0.50
fedor0f: posts big blind $1
stevoooo34: sits out 
Red4erT: sits out 
*** HOLE CARDS ***
vadjkeee: folds 
Pippa83: folds 
Uncalled bet ($0.50) returned to fedor0f
fedor0f collected $1 from pot
fedor0f: doesn't show hand 
*** SUMMARY ***
Total pot $1 | Rake $0 
Seat 1: stevoooo34
Seat 2: stephans888
Seat 3: Red4erT
Seat 4: vadjkeee (button) folded before Flop (didn't bet)
Seat 5: Pippa83 (small blind) folded before Flop
Seat 6: fedor0f (big blind) collected ($1)



PokerStars Hand #254635638220:  Hold'em No Limit ($0.50/$1.00 USD) - 2025/01/31 12:21:14 WET [2025/01/31 7:21:14 ET]
Table 'Monoceros' 6-max Seat #5 is the button
Seat 2: stephans888 ($0 in chips) is sitting out
Seat 3: Red4erT ($10 in chips) is sitting out
Seat 1: stevoooo34 ($100 in chips) 
Seat 4: vadjkeee ($135.96 in chips) 
Seat 5: Pippa83 ($126.24 in chips) 
Seat 6: fedor0f ($100.50 in chips) 
fedor0f: posts small blind $0.50
stevoooo34: posts big blind $1
Red4erT: sits out 
*** HOLE CARDS ***
vadjkeee: raises $1.50 to $2.50
Pippa83: folds 
fedor0f: raises $7.50 to $10
stevoooo34: folds 
vadjkeee: calls $7.50
*** FLOP *** [Jh Jd 6c]
fedor0f: bets $6
vadjkeee: calls $6
*** TURN *** [Jh Jd 6c] [Ac]
fedor0f: checks 
vadjkeee: bets $24
fedor0f: calls $24
*** RIVER *** [Jh Jd 6c Ac] [7d]
fedor0f: checks 
vadjkeee: checks 
*** SHOW DOWN ***
fedor0f: shows [Qh As] (two pair, Aces and Jacks)
vadjkeee: mucks hand 
fedor0f collected $80 from pot
*** SUMMARY ***
Total pot $81 | Rake $1 
Board [Jh Jd 6c Ac 7d]
Seat 2: stephans888
Seat 3: Red4erT
Seat 1: stevoooo34 (big blind) folded before Flop
Seat 4: vadjkeee mucked
Seat 5: Pippa83 (button) folded before Flop (didn't bet)
Seat 6: fedor0f (small blind) showed [Qh As] and won ($80) with two pair, Aces and Jacks



PokerStars Hand #254635646987:  Hold'em No Limit ($0.50/$1.00 USD) - 2025/01/31 12:22:20 WET [2025/01/31 7:22:20 ET]
Table 'Monoceros' 6-max Seat #6 is the button
Seat 2: stephans888 ($0 in chips) is sitting out
Seat 1: stevoooo34 ($99 in chips) 
Seat 3: Red4erT ($10 in chips) 
Seat 4: vadjkeee ($100 in chips) 
Seat 5: Pippa83 ($126.24 in chips) 
Seat 6: fedor0f ($140.50 in chips) 
stevoooo34: posts small blind $0.50
Red4erT: posts big blind $1
*** HOLE CARDS ***
vadjkeee: folds 
Pippa83: raises $1.50 to $2.50
fedor0f: folds 
stevoooo34: folds 
Red4erT: calls $1.50
*** FLOP *** [8s 8c 6s]
Red4erT: checks 
Pippa83: bets $7.83
Red4erT: folds 
Uncalled bet ($7.83) returned to Pippa83
Pippa83 collected $5.22 from pot
Pippa83: doesn't show hand 
*** SUMMARY ***
Total pot $5.50 | Rake $0.28 
Board [8s 8c 6s]
Seat 2: stephans888
Seat 1: stevoooo34 (small blind) folded before Flop
Seat 3: Red4erT (big blind) folded on the Flop
Seat 4: vadjkeee folded before Flop (didn't bet)
Seat 5: Pippa83 collected ($5.22)
Seat 6: fedor0f (button) folded before Flop (didn't bet)



PokerStars Hand #254635650539:  Hold'em No Limit ($0.50/$1.00 USD) - 2025/01/31 12:22:46 WET [2025/01/31 7:22:46 ET]
Table 'Monoceros' 6-max Seat #1 is the button
Seat 2: stephans888 ($0 in chips) is sitting out
Seat 1: stevoooo34 ($98.50 in chips) 
Seat 3: Red4erT ($10 in chips) 
Seat 4: vadjkeee ($100 in chips) 
Seat 5: Pippa83 ($128.96 in chips) 
Seat 6: fedor0f ($140.50 in chips) 
Red4erT: posts small blind $0.50
vadjkeee: posts big blind $1
*** HOLE CARDS ***
Pippa83: raises $1.20 to $2.20
fedor0f: folds 
stevoooo34: folds 
Red4erT: raises $7.80 to $10 and is all-in
vadjkeee: folds 
Pippa83: calls $7.80
*** FLOP *** [5c 7d 5s]
*** TURN *** [5c 7d 5s] [2s]
*** RIVER *** [5c 7d 5s 2s] [8s]
*** SHOW DOWN ***
Red4erT: shows [As 8c] (two pair, Eights and Fives)
Pippa83: shows [9s Ac] (a pair of Fives)
Red4erT collected $19.95 from pot
*** SUMMARY ***
Total pot $21 | Rake $1.05 
Board [5c 7d 5s 2s 8s]
Seat 2: stephans888
Seat 1: stevoooo34 (button) folded before Flop (didn't bet)
Seat 3: Red4erT (small blind) showed [As 8c] and won ($19.95) with two pair, Eights and Fives
Seat 4: vadjkeee (big blind) folded before Flop
Seat 5: Pippa83 showed [9s Ac] and lost with a pair of Fives
Seat 6: fedor0f folded before Flop (didn't bet)



PokerStars Hand #254635654686:  Hold'em No Limit ($0.50/$1.00 USD) - 2025/01/31 12:23:18 WET [2025/01/31 7:23:18 ET]
Table 'Monoceros' 6-max Seat #3 is the button
Seat 2: stephans888 ($0 in chips) is sitting out
Seat 1: stevoooo34 ($98.50 in chips) 
Seat 3: Red4erT ($19.95 in chips) 
Seat 4: vadjkeee ($100 in chips) 
Seat 5: Pippa83 ($118.96 in chips) 
Seat 6: fedor0f ($140.50 in chips) 
vadjkeee: posts small blind $0.50
Pippa83: posts big blind $1
*** HOLE CARDS ***
fedor0f: folds 
stevoooo34: folds 
Red4erT: folds 
vadjkeee: raises $2 to $3
Pippa83: folds 
Uncalled bet ($2) returned to vadjkeee
vadjkeee collected $2 from pot
vadjkeee: doesn't show hand 
*** SUMMARY ***
Total pot $2 | Rake $0 
Seat 2: stephans888
Seat 1: stevoooo34 folded before Flop (didn't bet)
Seat 3: Red4erT (button) folded before Flop (didn't bet)
Seat 4: vadjkeee (small blind) collected ($2)
Seat 5: Pippa83 (big blind) folded before Flop
Seat 6: fedor0f folded before Flop (didn't bet)



PokerStars Hand #254635656740:  Hold'em No Limit ($0.50/$1.00 USD) - 2025/01/31 12:23:33 WET [2025/01/31 7:23:33 ET]
Table 'Monoceros' 6-max Seat #4 is the button
Seat 2: stephans888 ($0 in chips) is sitting out
Seat 1: stevoooo34 ($98.50 in chips) 
Seat 3: Red4erT ($19.95 in chips) 
Seat 4: vadjkeee ($101 in chips) 
Seat 5: Pippa83 ($117.96 in chips) 
Seat 6: fedor0f ($140.50 in chips) 
Pippa83: posts small blind $0.50
fedor0f: posts big blind $1
*** HOLE CARDS ***
stevoooo34: folds 
Red4erT: folds 
vadjkeee: raises $1.50 to $2.50
Pippa83: folds 
fedor0f: raises $9.50 to $12
vadjkeee: folds 
Uncalled bet ($9.50) returned to fedor0f
fedor0f collected $5.50 from pot
fedor0f: doesn't show hand 
*** SUMMARY ***
Total pot $5.50 | Rake $0 
Seat 2: stephans888
Seat 1: stevoooo34 folded before Flop (didn't bet)
Seat 3: Red4erT folded before Flop (didn't bet)
Seat 4: vadjkeee (button) folded before Flop
Seat 5: Pippa83 (small blind) folded before Flop
Seat 6: fedor0f (big blind) collected ($5.50)



PokerStars Hand #254635660867:  Hold'em No Limit ($0.50/$1.00 USD) - 2025/01/31 12:24:04 WET [2025/01/31 7:24:04 ET]
Table 'Monoceros' 6-max Seat #5 is the button
Seat 2: stephans888 ($0 in chips) is sitting out
Seat 1: stevoooo34 ($98.50 in chips) 
Seat 3: Red4erT ($19.95 in chips) 
Seat 4: vadjkeee ($100 in chips) 
Seat 5: Pippa83 ($117.46 in chips) 
Seat 6: fedor0f ($143.50 in chips) 
fedor0f: posts small blind $0.50
stevoooo34: posts big blind $1
*** HOLE CARDS ***
Red4erT: folds 
vadjkeee: raises $1.50 to $2.50
Pippa83: folds 
fedor0f: folds 
stevoooo34: raises $1.50 to $4
vadjkeee: calls $1.50
*** FLOP *** [9s 2h 2s]
stevoooo34: bets $9.08
vadjkeee: folds 
Uncalled bet ($9.08) returned to stevoooo34
stevoooo34 collected $8.08 from pot
*** SUMMARY ***
Total pot $8.50 | Rake $0.42 
Board [9s 2h 2s]
Seat 2: stephans888
Seat 1: stevoooo34 (big blind) collected ($8.08)
Seat 3: Red4erT folded before Flop (didn't bet)
Seat 4: vadjkeee folded on the Flop
Seat 5: Pippa83 (button) folded before Flop (didn't bet)
Seat 6: fedor0f (small blind) folded before Flop



PokerStars Hand #254635668248:  Hold'em No Limit ($0.50/$1.00 USD) - 2025/01/31 12:24:59 WET [2025/01/31 7:24:59 ET]
Table 'Monoceros' 6-max Seat #6 is the button
Seat 2: stephans888 ($0 in chips) is sitting out
Seat 1: stevoooo34 ($102.58 in chips) 
Seat 3: Red4erT ($19.95 in chips) 
Seat 4: vadjkeee ($100 in chips) 
Seat 5: Pippa83 ($117.46 in chips) 
Seat 6: fedor0f ($143 in chips) 
stevoooo34: posts small blind $0.50
Red4erT: posts big blind $1
*** HOLE CARDS ***
vadjkeee: folds 
Pippa83: folds 
fedor0f: folds 
stevoooo34: folds 
Uncalled bet ($0.50) returned to Red4erT
Red4erT collected $1 from pot
stephans888 leaves the table
Red4erT: doesn't show hand 
*** SUMMARY ***
Total pot $1 | Rake $0 
Seat 2: stephans888
Seat 1: stevoooo34 (small blind) folded before Flop
Seat 3: Red4erT (big blind) collected ($1)
Seat 4: vadjkeee folded before Flop (didn't bet)
Seat 5: Pippa83 folded before Flop (didn't bet)
Seat 6: fedor0f (button) folded before Flop (didn't bet)



PokerStars Hand #254635669419:  Hold'em No Limit ($0.50/$1.00 USD) - 2025/01/31 12:25:08 WET [2025/01/31 7:25:08 ET]
Table 'Monoceros' 6-max Seat #1 is the button
Seat 1: stevoooo34 ($102.08 in chips) 
Seat 3: Red4erT ($20.45 in chips) 
Seat 4: vadjkeee ($100 in chips) 
Seat 5: Pippa83 ($117.46 in chips) 
Seat 6: fedor0f ($143 in chips) 
Red4erT: posts small blind $0.50
vadjkeee: posts big blind $1
*** HOLE CARDS ***
Pippa83: folds 
fedor0f: folds 
stevoooo34: folds 
Red4erT: folds 
Uncalled bet ($0.50) returned to vadjkeee
vadjkeee collected $1 from pot
vadjkeee: doesn't show hand 
*** SUMMARY ***
Total pot $1 | Rake $0 
Seat 1: stevoooo34 (button) folded before Flop (didn't bet)
Seat 3: Red4erT (small blind) folded before Flop
Seat 4: vadjkeee (big blind) collected ($1)
Seat 5: Pippa83 folded before Flop (didn't bet)
Seat 6: fedor0f folded before Flop (didn't bet)



PokerStars Hand #254635671102:  Hold'em No Limit ($0.50/$1.00 USD) - 2025/01/31 12:25:20 WET [2025/01/31 7:25:20 ET]
Table 'Monoceros' 6-max Seat #3 is the button
Seat 1: stevoooo34 ($102.08 in chips) 
Seat 3: Red4erT ($19.95 in chips) 
Seat 4: vadjkeee ($100.50 in chips) 
Seat 5: Pippa83 ($117.46 in chips) 
Seat 6: fedor0f ($143 in chips) 
vadjkeee: posts small blind $0.50
Pippa83: posts big blind $1
*** HOLE CARDS ***
fedor0f: folds 
stevoooo34: folds 
Red4erT: raises $1 to $2
vadjkeee: folds 
Pippa83: calls $1
*** FLOP *** [Jc Kc 8h]
Pippa83: checks 
Red4erT: bets $2.14
Pippa83: folds 
Uncalled bet ($2.14) returned to Red4erT
Red4erT collected $4.28 from pot
Red4erT: doesn't show hand 
*** SUMMARY ***
Total pot $4.50 | Rake $0.22 
Board [Jc Kc 8h]
Seat 1: stevoooo34 folded before Flop (didn't bet)
Seat 3: Red4erT (button) collected ($4.28)
Seat 4: vadjkeee (small blind) folded before Flop
Seat 5: Pippa83 (big blind) folded on the Flop
Seat 6: fedor0f folded before Flop (didn't bet)



PokerStars Hand #254635677043:  Hold'em No Limit ($0.50/$1.00 USD) - 2025/01/31 12:26:04 WET [2025/01/31 7:26:04 ET]
Table 'Monoceros' 6-max Seat #4 is the button
Seat 6: fedor0f ($143 in chips) is sitting out
Seat 1: stevoooo34 ($102.08 in chips) 
Seat 3: Red4erT ($22.23 in chips) 
Seat 4: vadjkeee ($100 in chips) 
Seat 5: Pippa83 ($115.46 in chips) 
Pippa83: posts small blind $0.50
fedor0f: is sitting out 
stevoooo34: posts big blind $1
*** HOLE CARDS ***
Red4erT: folds 
vadjkeee: folds 
fedor0f leaves the table
Pippa83: raises $2 to $3
socito joins the table at seat #2 
stevoooo34: folds 
Uncalled bet ($2) returned to Pippa83
Pippa83 collected $2 from pot
Pippa83: doesn't show hand 
*** SUMMARY ***
Total pot $2 | Rake $0 
Seat 6: fedor0f
Seat 1: stevoooo34 (big blind) folded before Flop
Seat 3: Red4erT folded before Flop (didn't bet)
Seat 4: vadjkeee (button) folded before Flop (didn't bet)
Seat 5: Pippa83 (small blind) collected ($2)



PokerStars Hand #254635678617:  Hold'em No Limit ($0.50/$1.00 USD) - 2025/01/31 12:26:16 WET [2025/01/31 7:26:16 ET]
Table 'Monoceros' 6-max Seat #5 is the button
Seat 1: stevoooo34 ($101.08 in chips) 
Seat 2: socito ($100 in chips) 
Seat 3: Red4erT ($22.23 in chips) 
Seat 4: vadjkeee ($100 in chips) 
Seat 5: Pippa83 ($116.46 in chips) 
stevoooo34: posts small blind $0.50
socito: posts big blind $1
*** HOLE CARDS ***
Red4erT: folds 
vadjkeee: raises $1.50 to $2.50
Pippa83: folds 
stevoooo34: folds 
socito: calls $1.50
*** FLOP *** [8c 8s 9c]
socito: checks 
vadjkeee: bets $1.30
socito: calls $1.30
*** TURN *** [8c 8s 9c] [7d]
socito: checks 
vadjkeee: checks 
*** RIVER *** [8c 8s 9c 7d] [Qh]
socito: bets $5.78
vadjkeee: calls $5.78
*** SHOW DOWN ***
socito: shows [Jd 8d] (three of a kind, Eights)
vadjkeee: mucks hand 
socito collected $18.68 from pot
*** SUMMARY ***
Total pot $19.66 | Rake $0.98 
Board [8c 8s 9c 7d Qh]
Seat 1: stevoooo34 (small blind) folded before Flop
Seat 2: socito (big blind) showed [Jd 8d] and won ($18.68) with three of a kind, Eights
Seat 3: Red4erT folded before Flop (didn't bet)
Seat 4: vadjkeee mucked
Seat 5: Pippa83 (button) folded before Flop (didn't bet)



PokerStars Hand #254635689974:  Hold'em No Limit ($0.50/$1.00 USD) - 2025/01/31 12:27:40 WET [2025/01/31 7:27:40 ET]
Table 'Monoceros' 6-max Seat #1 is the button
Seat 1: stevoooo34 ($100.58 in chips) 
Seat 2: socito ($109.10 in chips) 
Seat 3: Red4erT ($22.23 in chips) 
Seat 4: vadjkeee ($100 in chips) 
Seat 5: Pippa83 ($116.46 in chips) 
socito: posts small blind $0.50
Red4erT: posts big blind $1
*** HOLE CARDS ***
vadjkeee: raises $1.50 to $2.50
Pippa83: folds 
stevoooo34: folds 
socito: folds 
Red4erT: folds 
Uncalled bet ($1.50) returned to vadjkeee
vadjkeee collected $2.50 from pot
vadjkeee: doesn't show hand 
*** SUMMARY ***
Total pot $2.50 | Rake $0 
Seat 1: stevoooo34 (button) folded before Flop (didn't bet)
Seat 2: socito (small blind) folded before Flop
Seat 3: Red4erT (big blind) folded before Flop
Seat 4: vadjkeee collected ($2.50)
Seat 5: Pippa83 folded before Flop (didn't bet)



PokerStars Hand #254635692805:  Hold'em No Limit ($0.50/$1.00 USD) - 2025/01/31 12:28:01 WET [2025/01/31 7:28:01 ET]
Table 'Monoceros' 6-max Seat #2 is the button
Seat 1: stevoooo34 ($100.58 in chips) 
Seat 2: socito ($108.60 in chips) 
Seat 3: Red4erT ($21.23 in chips) 
Seat 4: vadjkeee ($101.50 in chips) 
Seat 5: Pippa83 ($116.46 in chips) 
Red4erT: posts small blind $0.50
vadjkeee: posts big blind $1
*** HOLE CARDS ***
Pippa83: raises $1.20 to $2.20
stevoooo34: raises $7.90 to $10.10
socito: folds 
Red4erT: folds 
vadjkeee: folds 
Pippa83: folds 
Uncalled bet ($7.90) returned to stevoooo34
stevoooo34 collected $5.90 from pot
*** SUMMARY ***
Total pot $5.90 | Rake $0 
Seat 1: stevoooo34 collected ($5.90)
Seat 2: socito (button) folded before Flop (didn't bet)
Seat 3: Red4erT (small blind) folded before Flop
Seat 4: vadjkeee (big blind) folded before Flop
Seat 5: Pippa83 folded before Flop



PokerStars Hand #254635695419:  Hold'em No Limit ($0.50/$1.00 USD) - 2025/01/31 12:28:21 WET [2025/01/31 7:28:21 ET]
Table 'Monoceros' 6-max Seat #3 is the button
Seat 5: Pippa83 ($114.26 in chips) is sitting out
Seat 1: stevoooo34 ($104.28 in chips) 
Seat 2: socito ($108.60 in chips) 
Seat 3: Red4erT ($20.73 in chips) 
Seat 4: vadjkeee ($100.50 in chips) 
vadjkeee: posts small blind $0.50
Pippa83: is sitting out 
stevoooo34: posts big blind $1
*** HOLE CARDS ***
Pippa83 leaves the table
socito: folds 
Red4erT: raises $1 to $2
vadjkeee: folds 
stevoooo34: folds 
Uncalled bet ($1) returned to Red4erT
Red4erT collected $2.50 from pot
Red4erT: doesn't show hand 
*** SUMMARY ***
Total pot $2.50 | Rake $0 
Seat 5: Pippa83
Seat 1: stevoooo34 (big blind) folded before Flop
Seat 2: socito folded before Flop (didn't bet)
Seat 3: Red4erT (button) collected ($2.50)
Seat 4: vadjkeee (small blind) folded before Flop



PokerStars Hand #254635697507:  Hold'em No Limit ($0.50/$1.00 USD) - 2025/01/31 12:28:36 WET [2025/01/31 7:28:36 ET]
Table 'Monoceros' 6-max Seat #4 is the button
Seat 1: stevoooo34 ($103.28 in chips) 
Seat 2: socito ($108.60 in chips) 
Seat 3: Red4erT ($22.23 in chips) 
Seat 4: vadjkeee ($100 in chips) 
stevoooo34: posts small blind $0.50
socito: posts big blind $1
*** HOLE CARDS ***
Red4erT: folds 
tintin641 joins the table at seat #5 
vadjkeee: raises $1.50 to $2.50
stevoooo34: calls $2
Hubero-59 joins the table at seat #6 
socito: folds 
*** FLOP *** [Th 3d 8d]
stevoooo34: checks 
vadjkeee: checks 
*** TURN *** [Th 3d 8d] [9h]
stevoooo34: bets $2.85
vadjkeee: calls $2.85
*** RIVER *** [Th 3d 8d 9h] [Ks]
stevoooo34: checks 
vadjkeee: checks 
*** SHOW DOWN ***
stevoooo34: shows [2d 2c] (a pair of Deuces)
vadjkeee: mucks hand 
stevoooo34 collected $11.12 from pot
*** SUMMARY ***
Total pot $11.70 | Rake $0.58 
Board [Th 3d 8d 9h Ks]
Seat 1: stevoooo34 (small blind) showed [2d 2c] and won ($11.12) with a pair of Deuces
Seat 2: socito (big blind) folded before Flop
Seat 3: Red4erT folded before Flop (didn't bet)
Seat 4: vadjkeee (button) mucked



PokerStars Hand #254635704067:  Hold'em No Limit ($0.50/$1.00 USD) - 2025/01/31 12:29:26 WET [2025/01/31 7:29:26 ET]
Table 'Monoceros' 6-max Seat #1 is the button
Seat 5: tintin641 ($100 in chips) is sitting out
Seat 6: Hubero-59 ($100 in chips) is sitting out
Seat 1: stevoooo34 ($109.05 in chips) 
Seat 2: socito ($107.60 in chips) 
Seat 3: Red4erT ($22.23 in chips) 
Seat 4: vadjkeee ($100 in chips) 
socito: posts small blind $0.50
Red4erT: posts big blind $1
tintin641: sits out 
Hubero-59: sits out 
*** HOLE CARDS ***
vadjkeee: raises $1.50 to $2.50
stevoooo34: folds 
socito: folds 
Red4erT: folds 
Uncalled bet ($1.50) returned to vadjkeee
vadjkeee collected $2.50 from pot
vadjkeee: doesn't show hand 
*** SUMMARY ***
Total pot $2.50 | Rake $0 
Seat 5: tintin641
Seat 6: Hubero-59
Seat 1: stevoooo34 (button) folded before Flop (didn't bet)
Seat 2: socito (small blind) folded before Flop
Seat 3: Red4erT (big blind) folded before Flop
Seat 4: vadjkeee collected ($2.50)



PokerStars Hand #254635706710:  Hold'em No Limit ($0.50/$1.00 USD) - 2025/01/31 12:29:45 WET [2025/01/31 7:29:45 ET]
Table 'Monoceros' 6-max Seat #2 is the button
Seat 5: tintin641 ($100 in chips) is sitting out
Seat 6: Hubero-59 ($100 in chips) is sitting out
Seat 1: stevoooo34 ($109.05 in chips) 
Seat 2: socito ($107.10 in chips) 
Seat 3: Red4erT ($21.23 in chips) 
Seat 4: vadjkeee ($101.50 in chips) 
Red4erT: posts small blind $0.50
vadjkeee: posts big blind $1
tintin641: sits out 
Hubero-59: sits out 
*** HOLE CARDS ***
stevoooo34: folds 
socito: raises $1.50 to $2.50
Red4erT: folds 
vadjkeee: folds 
Uncalled bet ($1.50) returned to socito
socito collected $2.50 from pot
socito: doesn't show hand 
*** SUMMARY ***
Total pot $2.50 | Rake $0 
Seat 5: tintin641
Seat 6: Hubero-59
Seat 1: stevoooo34 folded before Flop (didn't bet)
Seat 2: socito (button) collected ($2.50)
Seat 3: Red4erT (small blind) folded before Flop
Seat 4: vadjkeee (big blind) folded before Flop



PokerStars Hand #254635709417:  Hold'em No Limit ($0.50/$1.00 USD) - 2025/01/31 12:30:05 WET [2025/01/31 7:30:05 ET]
Table 'Monoceros' 6-max Seat #3 is the button
Seat 6: Hubero-59 ($100 in chips) is sitting out
Seat 1: stevoooo34 ($109.05 in chips) 
Seat 2: socito ($108.60 in chips) 
Seat 3: Red4erT ($20.73 in chips) 
Seat 4: vadjkeee ($100.50 in chips) 
Seat 5: tintin641 ($100 in chips) 
vadjkeee: posts small blind $0.50
tintin641: posts big blind $1
Hubero-59: sits out 
*** HOLE CARDS ***
stevoooo34: folds 
socito: folds 
Red4erT: folds 
vadjkeee: raises $2 to $3
tintin641: folds 
Uncalled bet ($2) returned to vadjkeee
vadjkeee collected $2 from pot
vadjkeee: doesn't show hand 
*** SUMMARY ***
Total pot $2 | Rake $0 
Seat 6: Hubero-59
Seat 1: stevoooo34 folded before Flop (didn't bet)
Seat 2: socito folded before Flop (didn't bet)
Seat 3: Red4erT (button) folded before Flop (didn't bet)
Seat 4: vadjkeee (small blind) collected ($2)
Seat 5: tintin641 (big blind) folded before Flop



PokerStars Hand #254635712420:  Hold'em No Limit ($0.50/$1.00 USD) - 2025/01/31 12:30:27 WET [2025/01/31 7:30:27 ET]
Table 'Monoceros' 6-max Seat #4 is the button
Seat 1: stevoooo34 ($109.05 in chips) 
Seat 2: socito ($108.60 in chips) 
Seat 3: Red4erT ($20.73 in chips) 
Seat 4: vadjkeee ($101.50 in chips) 
Seat 5: tintin641 ($100 in chips) 
Seat 6: Hubero-59 ($100 in chips) 
tintin641: posts small blind $0.50
Hubero-59: posts big blind $1
*** HOLE CARDS ***
stevoooo34: raises $2 to $3
socito: folds 
Red4erT: folds 
vadjkeee: folds 
tintin641: folds 
Hubero-59: folds 
Uncalled bet ($2) returned to stevoooo34
stevoooo34 collected $2.50 from pot
*** SUMMARY ***
Total pot $2.50 | Rake $0 
Seat 1: stevoooo34 collected ($2.50)
Seat 2: socito folded before Flop (didn't bet)
Seat 3: Red4erT folded before Flop (didn't bet)
Seat 4: vadjkeee (button) folded before Flop (didn't bet)
Seat 5: tintin641 (small blind) folded before Flop
Seat 6: Hubero-59 (big blind) folded before Flop



PokerStars Hand #254635714319:  Hold'em No Limit ($0.50/$1.00 USD) - 2025/01/31 12:30:42 WET [2025/01/31 7:30:42 ET]
Table 'Monoceros' 6-max Seat #5 is the button
Seat 1: stevoooo34 ($110.55 in chips) 
Seat 2: socito ($108.60 in chips) 
Seat 3: Red4erT ($20.73 in chips) 
Seat 4: vadjkeee ($101.50 in chips) 
Seat 5: tintin641 ($100 in chips) 
Seat 6: Hubero-59 ($99 in chips) 
Hubero-59: posts small blind $0.50
stevoooo34: posts big blind $1
*** HOLE CARDS ***
socito: raises $1.50 to $2.50
Red4erT: folds 
vadjkeee: folds 
tintin641: raises $5 to $7.50
Hubero-59: folds 
stevoooo34: folds 
socito: raises $12.50 to $20
tintin641: folds 
Uncalled bet ($12.50) returned to socito
socito collected $16.50 from pot
socito: doesn't show hand 
*** SUMMARY ***
Total pot $16.50 | Rake $0 
Seat 1: stevoooo34 (big blind) folded before Flop
Seat 2: socito collected ($16.50)
Seat 3: Red4erT folded before Flop (didn't bet)
Seat 4: vadjkeee folded before Flop (didn't bet)
Seat 5: tintin641 (button) folded before Flop
Seat 6: Hubero-59 (small blind) folded before Flop



PokerStars Hand #254635720075:  Hold'em No Limit ($0.50/$1.00 USD) - 2025/01/31 12:31:24 WET [2025/01/31 7:31:24 ET]
Table 'Monoceros' 6-max Seat #6 is the button
Seat 1: stevoooo34 ($109.55 in chips) 
Seat 2: socito ($117.60 in chips) 
Seat 3: Red4erT ($20.73 in chips) 
Seat 4: vadjkeee ($101.50 in chips) 
Seat 5: tintin641 ($100 in chips) 
Seat 6: Hubero-59 ($98.50 in chips) 
stevoooo34: posts small blind $0.50
socito: posts big blind $1
*** HOLE CARDS ***
Red4erT: folds 
vadjkeee: folds 
tintin641: folds 
Hubero-59: folds 
stevoooo34: calls $0.50
socito: checks 
*** FLOP *** [2h 9h Kd]
stevoooo34: checks 
socito: checks 
*** TURN *** [2h 9h Kd] [4c]
stevoooo34: bets $1.90
socito: folds 
Uncalled bet ($1.90) returned to stevoooo34
stevoooo34 collected $1.90 from pot
*** SUMMARY ***
Total pot $2 | Rake $0.10 
Board [2h 9h Kd 4c]
Seat 1: stevoooo34 (small blind) collected ($1.90)
Seat 2: socito (big blind) folded on the Turn
Seat 3: Red4erT folded before Flop (didn't bet)
Seat 4: vadjkeee folded before Flop (didn't bet)
Seat 5: tintin641 folded before Flop (didn't bet)
Seat 6: Hubero-59 (button) folded before Flop (didn't bet)



PokerStars Hand #254635726610:  Hold'em No Limit ($0.50/$1.00 USD) - 2025/01/31 12:32:13 WET [2025/01/31 7:32:13 ET]
Table 'Monoceros' 6-max Seat #1 is the button
Seat 1: stevoooo34 ($110.45 in chips) 
Seat 2: socito ($116.60 in chips) 
Seat 3: Red4erT ($20.73 in chips) 
Seat 4: vadjkeee ($101.50 in chips) 
Seat 5: tintin641 ($100 in chips) 
Seat 6: Hubero-59 ($98.50 in chips) 
socito: posts small blind $0.50
Red4erT: posts big blind $1
*** HOLE CARDS ***
vadjkeee: folds 
tintin641: folds 
Hubero-59: raises $1 to $2
stevoooo34: folds 
socito: folds 
Red4erT: folds 
Uncalled bet ($1) returned to Hubero-59
Hubero-59 collected $2.50 from pot
Hubero-59: doesn't show hand 
*** SUMMARY ***
Total pot $2.50 | Rake $0 
Seat 1: stevoooo34 (button) folded before Flop (didn't bet)
Seat 2: socito (small blind) folded before Flop
Seat 3: Red4erT (big blind) folded before Flop
Seat 4: vadjkeee folded before Flop (didn't bet)
Seat 5: tintin641 folded before Flop (didn't bet)
Seat 6: Hubero-59 collected ($2.50)



PokerStars Hand #254635729916:  Hold'em No Limit ($0.50/$1.00 USD) - 2025/01/31 12:32:37 WET [2025/01/31 7:32:37 ET]
Table 'Monoceros' 6-max Seat #2 is the button
Seat 1: stevoooo34 ($110.45 in chips) 
Seat 2: socito ($116.10 in chips) 
Seat 3: Red4erT ($19.73 in chips) 
Seat 4: vadjkeee ($101.50 in chips) 
Seat 5: tintin641 ($100 in chips) 
Seat 6: Hubero-59 ($100 in chips) 
Red4erT: posts small blind $0.50
vadjkeee: posts big blind $1
*** HOLE CARDS ***
tintin641: folds 
Hubero-59: raises $1 to $2
stevoooo34: folds 
socito: folds 
Red4erT: folds 
vadjkeee: calls $1
*** FLOP *** [Jh Jc 5s]
vadjkeee: checks 
Hubero-59: bets $2
vadjkeee: folds 
Uncalled bet ($2) returned to Hubero-59
Hubero-59 collected $4.28 from pot
Hubero-59: doesn't show hand 
*** SUMMARY ***
Total pot $4.50 | Rake $0.22 
Board [Jh Jc 5s]
Seat 1: stevoooo34 folded before Flop (didn't bet)
Seat 2: socito (button) folded before Flop (didn't bet)
Seat 3: Red4erT (small blind) folded before Flop
Seat 4: vadjkeee (big blind) folded on the Flop
Seat 5: tintin641 folded before Flop (didn't bet)
Seat 6: Hubero-59 collected ($4.28)



PokerStars Hand #254635735323:  Hold'em No Limit ($0.50/$1.00 USD) - 2025/01/31 12:33:16 WET [2025/01/31 7:33:16 ET]
Table 'Monoceros' 6-max Seat #3 is the button
Seat 1: stevoooo34 ($110.45 in chips) 
Seat 2: socito ($116.10 in chips) 
Seat 3: Red4erT ($19.23 in chips) 
Seat 4: vadjkeee ($100 in chips) 
Seat 5: tintin641 ($100 in chips) 
Seat 6: Hubero-59 ($102.28 in chips) 
vadjkeee: posts small blind $0.50
tintin641: posts big blind $1
*** HOLE CARDS ***
Hubero-59: folds 
stevoooo34: folds 
socito: raises $1.50 to $2.50
Red4erT: raises $16.73 to $19.23 and is all-in
vadjkeee: folds 
tintin641: folds 
socito: folds 
Uncalled bet ($16.73) returned to Red4erT
Red4erT collected $6.50 from pot
Red4erT: doesn't show hand 
*** SUMMARY ***
Total pot $6.50 | Rake $0 
Seat 1: stevoooo34 folded before Flop (didn't bet)
Seat 2: socito folded before Flop
Seat 3: Red4erT (button) collected ($6.50)
Seat 4: vadjkeee (small blind) folded before Flop
Seat 5: tintin641 (big blind) folded before Flop
Seat 6: Hubero-59 folded before Flop (didn't bet)



PokerStars Hand #254635739256:  Hold'em No Limit ($0.50/$1.00 USD) - 2025/01/31 12:33:45 WET [2025/01/31 7:33:45 ET]
Table 'Monoceros' 6-max Seat #4 is the button
Seat 1: stevoooo34 ($110.45 in chips) 
Seat 2: socito ($113.60 in chips) 
Seat 3: Red4erT ($23.23 in chips) 
Seat 4: vadjkeee ($100 in chips) 
Seat 5: tintin641 ($100 in chips) 
Seat 6: Hubero-59 ($102.28 in chips) 
tintin641: posts small blind $0.50
Hubero-59: posts big blind $1
*** HOLE CARDS ***
stevoooo34: calls $1
socito: folds 
Red4erT: folds 
vadjkeee: folds 
tintin641: calls $0.50
Hubero-59: checks 
*** FLOP *** [5s 9d 4h]
tintin641: checks 
Hubero-59: checks 
stevoooo34: checks 
*** TURN *** [5s 9d 4h] [4s]
tintin641: checks 
Hubero-59: checks 
stevoooo34: checks 
*** RIVER *** [5s 9d 4h 4s] [6d]
tintin641: bets $2.14
Hubero-59: folds 
stevoooo34: folds 
Uncalled bet ($2.14) returned to tintin641
tintin641 collected $2.85 from pot
tintin641: doesn't show hand 
*** SUMMARY ***
Total pot $3 | Rake $0.15 
Board [5s 9d 4h 4s 6d]
Seat 1: stevoooo34 folded on the River
Seat 2: socito folded before Flop (didn't bet)
Seat 3: Red4erT folded before Flop (didn't bet)
Seat 4: vadjkeee (button) folded before Flop (didn't bet)
Seat 5: tintin641 (small blind) collected ($2.85)
Seat 6: Hubero-59 (big blind) folded on the River



PokerStars Hand #254635745963:  Hold'em No Limit ($0.50/$1.00 USD) - 2025/01/31 12:34:34 WET [2025/01/31 7:34:34 ET]
Table 'Monoceros' 6-max Seat #5 is the button
Seat 1: stevoooo34 ($109.45 in chips) 
Seat 2: socito ($113.60 in chips) 
Seat 3: Red4erT ($23.23 in chips) 
Seat 4: vadjkeee ($100 in chips) 
Seat 5: tintin641 ($101.85 in chips) 
Seat 6: Hubero-59 ($101.28 in chips) 
Hubero-59: posts small blind $0.50
stevoooo34: posts big blind $1
*** HOLE CARDS ***
socito: folds 
Red4erT: raises $1 to $2
vadjkeee: folds 
vadjkeee leaves the table
tintin641: folds 
Hubero-59: folds 
stevoooo34: calls $1
*** FLOP *** [8c 2s 3c]
Pippa83 joins the table at seat #4 
stevoooo34: bets $1
Red4erT: calls $1
*** TURN *** [8c 2s 3c] [Ks]
stevoooo34: checks 
Red4erT: checks 
*** RIVER *** [8c 2s 3c Ks] [4s]
stevoooo34: checks 
Red4erT: checks 
*** SHOW DOWN ***
stevoooo34: shows [8d 6d] (a pair of Eights)
Red4erT: mucks hand 
stevoooo34 collected $6.18 from pot
*** SUMMARY ***
Total pot $6.50 | Rake $0.32 
Board [8c 2s 3c Ks 4s]
Seat 1: stevoooo34 (big blind) showed [8d 6d] and won ($6.18) with a pair of Eights
Seat 2: socito folded before Flop (didn't bet)
Seat 3: Red4erT mucked
Seat 4: vadjkeee folded before Flop (didn't bet)
Seat 5: tintin641 (button) folded before Flop (didn't bet)
Seat 6: Hubero-59 (small blind) folded before Flop



PokerStars Hand #254635754900:  Hold'em No Limit ($0.50/$1.00 USD) - 2025/01/31 12:35:40 WET [2025/01/31 7:35:40 ET]
Table 'Monoceros' 6-max Seat #6 is the button
Seat 4: Pippa83 ($114.26 in chips) is sitting out
Seat 1: stevoooo34 ($112.63 in chips) 
Seat 2: socito ($113.60 in chips) 
Seat 3: Red4erT ($20.23 in chips) 
Seat 5: tintin641 ($101.85 in chips) 
Seat 6: Hubero-59 ($100.78 in chips) 
stevoooo34: posts small blind $0.50
socito: posts big blind $1
Pippa83: sits out 
*** HOLE CARDS ***
Red4erT: folds 
tintin641: folds 
Hubero-59: folds 
stevoooo34: raises $1 to $2
socito: calls $1
*** FLOP *** [Tc Qc Jd]
stevoooo34: bets $3.80
socito: folds 
Uncalled bet ($3.80) returned to stevoooo34
stevoooo34 collected $3.80 from pot
*** SUMMARY ***
Total pot $4 | Rake $0.20 
Board [Tc Qc Jd]
Seat 4: Pippa83
Seat 1: stevoooo34 (small blind) collected ($3.80)
Seat 2: socito (big blind) folded on the Flop
Seat 3: Red4erT folded before Flop (didn't bet)
Seat 5: tintin641 folded before Flop (didn't bet)
Seat 6: Hubero-59 (button) folded before Flop (didn't bet)



PokerStars Hand #254635760034:  Hold'em No Limit ($0.50/$1.00 USD) - 2025/01/31 12:36:17 WET [2025/01/31 7:36:17 ET]
Table 'Monoceros' 6-max Seat #1 is the button
Seat 4: Pippa83 ($114.26 in chips) is sitting out
Seat 1: stevoooo34 ($114.43 in chips) 
Seat 2: socito ($111.60 in chips) 
Seat 3: Red4erT ($20.23 in chips) 
Seat 5: tintin641 ($101.85 in chips) 
Seat 6: Hubero-59 ($100.78 in chips) 
socito: posts small blind $0.50
Red4erT: posts big blind $1
Pippa83: sits out 
*** HOLE CARDS ***
tintin641: folds 
Hubero-59: folds 
stevoooo34: folds 
socito: raises $2 to $3
Red4erT: folds 
Uncalled bet ($2) returned to socito
socito collected $2 from pot
socito: doesn't show hand 
*** SUMMARY ***
Total pot $2 | Rake $0 
Seat 4: Pippa83
Seat 1: stevoooo34 (button) folded before Flop (didn't bet)
Seat 2: socito (small blind) collected ($2)
Seat 3: Red4erT (big blind) folded before Flop
Seat 5: tintin641 folded before Flop (didn't bet)
Seat 6: Hubero-59 folded before Flop (didn't bet)



PokerStars Hand #254635763537:  Hold'em No Limit ($0.50/$1.00 USD) - 2025/01/31 12:36:42 WET [2025/01/31 7:36:42 ET]
Table 'Monoceros' 6-max Seat #2 is the button
Seat 1: stevoooo34 ($114.43 in chips) 
Seat 2: socito ($112.60 in chips) 
Seat 3: Red4erT ($37.23 in chips) 
Seat 4: Pippa83 ($114.26 in chips) 
Seat 5: tintin641 ($101.85 in chips) 
Seat 6: Hubero-59 ($100.78 in chips) 
Red4erT: posts small blind $0.50
Pippa83: posts big blind $1
*** HOLE CARDS ***
tintin641: folds 
Hubero-59: raises $1 to $2
stevoooo34: folds 
socito: raises $5 to $7
Red4erT: folds 
Pippa83: folds 
Hubero-59: folds 
Uncalled bet ($5) returned to socito
socito collected $5.50 from pot
socito: doesn't show hand 
*** SUMMARY ***
Total pot $5.50 | Rake $0 
Seat 1: stevoooo34 folded before Flop (didn't bet)
Seat 2: socito (button) collected ($5.50)
Seat 3: Red4erT (small blind) folded before Flop
Seat 4: Pippa83 (big blind) folded before Flop
Seat 5: tintin641 folded before Flop (didn't bet)
Seat 6: Hubero-59 folded before Flop



PokerStars Hand #254635766295:  Hold'em No Limit ($0.50/$1.00 USD) - 2025/01/31 12:37:02 WET [2025/01/31 7:37:02 ET]
Table 'Monoceros' 6-max Seat #3 is the button
Seat 1: stevoooo34 ($114.43 in chips) 
Seat 2: socito ($116.10 in chips) 
Seat 3: Red4erT ($36.73 in chips) 
Seat 4: Pippa83 ($113.26 in chips) 
Seat 5: tintin641 ($101.85 in chips) 
Seat 6: Hubero-59 ($98.78 in chips) 
Pippa83: posts small blind $0.50
tintin641: posts big blind $1
*** HOLE CARDS ***
Hubero-59: calls $1
stevoooo34: calls $1
socito: folds 
Red4erT: folds 
Pippa83: folds 
tintin641: checks 
*** FLOP *** [6c 7c Kh]
tintin641: checks 
Hubero-59: checks 
stevoooo34: bets $3.32
tintin641: folds 
Hubero-59: folds 
Uncalled bet ($3.32) returned to stevoooo34
stevoooo34 collected $3.32 from pot
*** SUMMARY ***
Total pot $3.50 | Rake $0.18 
Board [6c 7c Kh]
Seat 1: stevoooo34 collected ($3.32)
Seat 2: socito folded before Flop (didn't bet)
Seat 3: Red4erT (button) folded before Flop (didn't bet)
Seat 4: Pippa83 (small blind) folded before Flop
Seat 5: tintin641 (big blind) folded on the Flop
Seat 6: Hubero-59 folded on the Flop



PokerStars Hand #254635772674:  Hold'em No Limit ($0.50/$1.00 USD) - 2025/01/31 12:37:48 WET [2025/01/31 7:37:48 ET]
Table 'Monoceros' 6-max Seat #4 is the button
Seat 1: stevoooo34 ($116.75 in chips) 
Seat 2: socito ($116.10 in chips) 
Seat 3: Red4erT ($36.73 in chips) 
Seat 4: Pippa83 ($112.76 in chips) 
Seat 5: tintin641 ($100.85 in chips) 
Seat 6: Hubero-59 ($100 in chips) 
tintin641: posts small blind $0.50
Hubero-59: posts big blind $1
*** HOLE CARDS ***
stevoooo34: folds 
socito: raises $1.50 to $2.50
Red4erT: folds 
Pippa83: folds 
tintin641: folds 
Hubero-59: folds 
Uncalled bet ($1.50) returned to socito
socito collected $2.50 from pot
socito: doesn't show hand 
*** SUMMARY ***
Total pot $2.50 | Rake $0 
Seat 1: stevoooo34 folded before Flop (didn't bet)
Seat 2: socito collected ($2.50)
Seat 3: Red4erT folded before Flop (didn't bet)
Seat 4: Pippa83 (button) folded before Flop (didn't bet)
Seat 5: tintin641 (small blind) folded before Flop
Seat 6: Hubero-59 (big blind) folded before Flop



PokerStars Hand #254635776384:  Hold'em No Limit ($0.50/$1.00 USD) - 2025/01/31 12:38:15 WET [2025/01/31 7:38:15 ET]
Table 'Monoceros' 6-max Seat #5 is the button
Seat 1: stevoooo34 ($116.75 in chips) 
Seat 2: socito ($117.60 in chips) 
Seat 3: Red4erT ($36.73 in chips) 
Seat 4: Pippa83 ($112.76 in chips) 
Seat 5: tintin641 ($100.35 in chips) 
Seat 6: Hubero-59 ($99 in chips) 
Hubero-59: posts small blind $0.50
stevoooo34: posts big blind $1
*** HOLE CARDS ***
socito: folds 
Red4erT: folds 
Pippa83: raises $1.50 to $2.50
tintin641: raises $5 to $7.50
Hubero-59: folds 
stevoooo34: folds 
Pippa83: folds 
Uncalled bet ($5) returned to tintin641
tintin641 collected $6.50 from pot
tintin641: doesn't show hand 
*** SUMMARY ***
Total pot $6.50 | Rake $0 
Seat 1: stevoooo34 (big blind) folded before Flop
Seat 2: socito folded before Flop (didn't bet)
Seat 3: Red4erT folded before Flop (didn't bet)
Seat 4: Pippa83 folded before Flop
Seat 5: tintin641 (button) collected ($6.50)
Seat 6: Hubero-59 (small blind) folded before Flop



PokerStars Hand #254635780770:  Hold'em No Limit ($0.50/$1.00 USD) - 2025/01/31 12:38:46 WET [2025/01/31 7:38:46 ET]
Table 'Monoceros' 6-max Seat #6 is the button
Seat 1: stevoooo34 ($115.75 in chips) 
Seat 2: socito ($117.60 in chips) 
Seat 3: Red4erT ($36.73 in chips) 
Seat 4: Pippa83 ($110.26 in chips) 
Seat 5: tintin641 ($104.35 in chips) 
Seat 6: Hubero-59 ($98.50 in chips) 
stevoooo34: posts small blind $0.50
socito: posts big blind $1
*** HOLE CARDS ***
Red4erT: folds 
Pippa83: raises $1.20 to $2.20
tintin641: folds 
Hubero-59: calls $2.20
stevoooo34: folds 
socito: folds 
*** FLOP *** [9s Qh 8d]
Pippa83: checks 
Hubero-59: checks 
*** TURN *** [9s Qh 8d] [Jc]
Pippa83: bets $1.40
Hubero-59: calls $1.40
*** RIVER *** [9s Qh 8d Jc] [3s]
Pippa83: bets $4.50
Hubero-59: folds 
Uncalled bet ($4.50) returned to Pippa83
Pippa83 collected $8.26 from pot
Pippa83: doesn't show hand 
*** SUMMARY ***
Total pot $8.70 | Rake $0.44 
Board [9s Qh 8d Jc 3s]
Seat 1: stevoooo34 (small blind) folded before Flop
Seat 2: socito (big blind) folded before Flop
Seat 3: Red4erT folded before Flop (didn't bet)
Seat 4: Pippa83 collected ($8.26)
Seat 5: tintin641 folded before Flop (didn't bet)
Seat 6: Hubero-59 (button) folded on the River



PokerStars Hand #254635789282:  Hold'em No Limit ($0.50/$1.00 USD) - 2025/01/31 12:39:47 WET [2025/01/31 7:39:47 ET]
Table 'Monoceros' 6-max Seat #1 is the button
Seat 1: stevoooo34 ($115.25 in chips) 
Seat 2: socito ($116.60 in chips) 
Seat 3: Red4erT ($36.73 in chips) 
Seat 4: Pippa83 ($114.92 in chips) 
Seat 5: tintin641 ($104.35 in chips) 
Seat 6: Hubero-59 ($98.60 in chips) 
socito: posts small blind $0.50
Red4erT: posts big blind $1
*** HOLE CARDS ***
Pippa83: folds 
tintin641: folds 
Hubero-59: folds 
stevoooo34: folds 
socito: folds 
Uncalled bet ($0.50) returned to Red4erT
Red4erT collected $1 from pot
Red4erT: doesn't show hand 
*** SUMMARY ***
Total pot $1 | Rake $0 
Seat 1: stevoooo34 (button) folded before Flop (didn't bet)
Seat 2: socito (small blind) folded before Flop
Seat 3: Red4erT (big blind) collected ($1)
Seat 4: Pippa83 folded before Flop (didn't bet)
Seat 5: tintin641 folded before Flop (didn't bet)
Seat 6: Hubero-59 folded before Flop (didn't bet)



PokerStars Hand #254635793010:  Hold'em No Limit ($0.50/$1.00 USD) - 2025/01/31 12:40:13 WET [2025/01/31 7:40:13 ET]
Table 'Monoceros' 6-max Seat #2 is the button
Seat 1: stevoooo34 ($115.25 in chips) 
Seat 2: socito ($116.10 in chips) 
Seat 3: Red4erT ($37.23 in chips) 
Seat 4: Pippa83 ($114.92 in chips) 
Seat 5: tintin641 ($104.35 in chips) 
Seat 6: Hubero-59 ($98.60 in chips) 
Red4erT: posts small blind $0.50
Pippa83: posts big blind $1
*** HOLE CARDS ***
tintin641: folds 
Hubero-59: folds 
stevoooo34: raises $4 to $5
socito: folds 
Red4erT: folds 
Pippa83: folds 
Uncalled bet ($4) returned to stevoooo34
stevoooo34 collected $2.50 from pot
*** SUMMARY ***
Total pot $2.50 | Rake $0 
Seat 1: stevoooo34 collected ($2.50)
Seat 2: socito (button) folded before Flop (didn't bet)
Seat 3: Red4erT (small blind) folded before Flop
Seat 4: Pippa83 (big blind) folded before Flop
Seat 5: tintin641 folded before Flop (didn't bet)
Seat 6: Hubero-59 folded before Flop (didn't bet)



PokerStars Hand #254635795437:  Hold'em No Limit ($0.50/$1.00 USD) - 2025/01/31 12:40:30 WET [2025/01/31 7:40:30 ET]
Table 'Monoceros' 6-max Seat #3 is the button
Seat 1: stevoooo34 ($116.75 in chips) 
Seat 2: socito ($116.10 in chips) 
Seat 3: Red4erT ($36.73 in chips) 
Seat 4: Pippa83 ($113.92 in chips) 
Seat 5: tintin641 ($104.35 in chips) 
Seat 6: Hubero-59 ($98.60 in chips) 
Pippa83: posts small blind $0.50
tintin641: posts big blind $1
*** HOLE CARDS ***
Hubero-59: folds 
stevoooo34: folds 
socito: folds 
Red4erT: folds 
Pippa83: folds 
Uncalled bet ($0.50) returned to tintin641
tintin641 collected $1 from pot
tintin641: doesn't show hand 
*** SUMMARY ***
Total pot $1 | Rake $0 
Seat 1: stevoooo34 folded before Flop (didn't bet)
Seat 2: socito folded before Flop (didn't bet)
Seat 3: Red4erT (button) folded before Flop (didn't bet)
Seat 4: Pippa83 (small blind) folded before Flop
Seat 5: tintin641 (big blind) collected ($1)
Seat 6: Hubero-59 folded before Flop (didn't bet)



PokerStars Hand #254635797403:  Hold'em No Limit ($0.50/$1.00 USD) - 2025/01/31 12:40:44 WET [2025/01/31 7:40:44 ET]
Table 'Monoceros' 6-max Seat #4 is the button
Seat 1: stevoooo34 ($116.75 in chips) 
Seat 2: socito ($116.10 in chips) 
Seat 3: Red4erT ($36.73 in chips) 
Seat 4: Pippa83 ($113.42 in chips) 
Seat 5: tintin641 ($104.85 in chips) 
Seat 6: Hubero-59 ($100 in chips) 
tintin641: posts small blind $0.50
Hubero-59: posts big blind $1
*** HOLE CARDS ***
stevoooo34: folds 
socito: folds 
Red4erT: raises $1 to $2
Pippa83: folds 
tintin641: folds 
Hubero-59: calls $1
*** FLOP *** [Qd Qh 6h]
Hubero-59: checks 
Red4erT: bets $1.07
Hubero-59: raises $6.42 to $7.49
Red4erT: folds 
Uncalled bet ($6.42) returned to Hubero-59
Hubero-59 collected $6.31 from pot
Hubero-59: doesn't show hand 
*** SUMMARY ***
Total pot $6.64 | Rake $0.33 
Board [Qd Qh 6h]
Seat 1: stevoooo34 folded before Flop (didn't bet)
Seat 2: socito folded before Flop (didn't bet)
Seat 3: Red4erT folded on the Flop
Seat 4: Pippa83 (button) folded before Flop (didn't bet)
Seat 5: tintin641 (small blind) folded before Flop
Seat 6: Hubero-59 (big blind) collected ($6.31)



PokerStars Hand #254635802135:  Hold'em No Limit ($0.50/$1.00 USD) - 2025/01/31 12:41:17 WET [2025/01/31 7:41:17 ET]
Table 'Monoceros' 6-max Seat #5 is the button
Seat 1: stevoooo34 ($116.75 in chips) 
Seat 2: socito ($116.10 in chips) 
Seat 3: Red4erT ($33.66 in chips) 
Seat 4: Pippa83 ($113.42 in chips) 
Seat 5: tintin641 ($104.35 in chips) 
Seat 6: Hubero-59 ($103.24 in chips) 
Hubero-59: posts small blind $0.50
stevoooo34: posts big blind $1
*** HOLE CARDS ***
socito: folds 
Red4erT: folds 
Pippa83: raises $1.50 to $2.50
tintin641: folds 
Hubero-59: calls $2
stevoooo34: folds 
*** FLOP *** [Tc Th Ts]
Hubero-59: bets $2.85
Pippa83: folds 
Uncalled bet ($2.85) returned to Hubero-59
Hubero-59 collected $5.70 from pot
Hubero-59: doesn't show hand 
*** SUMMARY ***
Total pot $6 | Rake $0.30 
Board [Tc Th Ts]
Seat 1: stevoooo34 (big blind) folded before Flop
Seat 2: socito folded before Flop (didn't bet)
Seat 3: Red4erT folded before Flop (didn't bet)
Seat 4: Pippa83 folded on the Flop
Seat 5: tintin641 (button) folded before Flop (didn't bet)
Seat 6: Hubero-59 (small blind) collected ($5.70)



PokerStars Hand #254635806339:  Hold'em No Limit ($0.50/$1.00 USD) - 2025/01/31 12:41:46 WET [2025/01/31 7:41:46 ET]
Table 'Monoceros' 6-max Seat #6 is the button
Seat 1: stevoooo34 ($115.75 in chips) 
Seat 2: socito ($116.10 in chips) 
Seat 3: Red4erT ($33.66 in chips) 
Seat 4: Pippa83 ($110.92 in chips) 
Seat 5: tintin641 ($104.35 in chips) 
Seat 6: Hubero-59 ($106.44 in chips) 
stevoooo34: posts small blind $0.50
socito: posts big blind $1
*** HOLE CARDS ***
Red4erT: folds 
Pippa83: raises $1.20 to $2.20
tintin641: raises $4.80 to $7
Hubero-59: folds 
stevoooo34: folds 
socito: folds 
Pippa83: folds 
Uncalled bet ($4.80) returned to tintin641
tintin641 collected $5.90 from pot
tintin641: doesn't show hand 
*** SUMMARY ***
Total pot $5.90 | Rake $0 
Seat 1: stevoooo34 (small blind) folded before Flop
Seat 2: socito (big blind) folded before Flop
Seat 3: Red4erT folded before Flop (didn't bet)
Seat 4: Pippa83 folded before Flop
Seat 5: tintin641 collected ($5.90)
Seat 6: Hubero-59 (button) folded before Flop (didn't bet)



PokerStars Hand #254635810898:  Hold'em No Limit ($0.50/$1.00 USD) - 2025/01/31 12:42:18 WET [2025/01/31 7:42:18 ET]
Table 'Monoceros' 6-max Seat #1 is the button
Seat 1: stevoooo34 ($115.25 in chips) 
Seat 2: socito ($115.10 in chips) 
Seat 3: Red4erT ($33.66 in chips) 
Seat 4: Pippa83 ($108.72 in chips) 
Seat 5: tintin641 ($108.05 in chips) 
Seat 6: Hubero-59 ($106.44 in chips) 
socito: posts small blind $0.50
Red4erT: posts big blind $1
*** HOLE CARDS ***
Pippa83: folds 
tintin641: raises $1.50 to $2.50
Hubero-59: folds 
stevoooo34: folds 
socito: folds 
Red4erT: raises $5.50 to $8
tintin641: raises $100.05 to $108.05 and is all-in
Red4erT: calls $25.66 and is all-in
Uncalled bet ($74.39) returned to tintin641
*** FLOP *** [2c 6d 9s]
*** TURN *** [2c 6d 9s] [6h]
*** RIVER *** [2c 6d 9s 6h] [9d]
*** SHOW DOWN ***
Red4erT: shows [Kc Ac] (two pair, Nines and Sixes)
tintin641: shows [Jd Js] (two pair, Jacks and Nines)
tintin641 collected $65.32 from pot
*** SUMMARY ***
Total pot $67.82 | Rake $2.50 
Board [2c 6d 9s 6h 9d]
Seat 1: stevoooo34 (button) folded before Flop (didn't bet)
Seat 2: socito (small blind) folded before Flop
Seat 3: Red4erT (big blind) showed [Kc Ac] and lost with two pair, Nines and Sixes
Seat 4: Pippa83 folded before Flop (didn't bet)
Seat 5: tintin641 showed [Jd Js] and won ($65.32) with two pair, Jacks and Nines
Seat 6: Hubero-59 folded before Flop (didn't bet)



PokerStars Hand #254635817245:  Hold'em No Limit ($0.50/$1.00 USD) - 2025/01/31 12:43:02 WET [2025/01/31 7:43:02 ET]
Table 'Monoceros' 6-max Seat #2 is the button
Seat 1: stevoooo34 ($115.25 in chips) 
Seat 2: socito ($114.60 in chips) 
Seat 3: Red4erT ($10 in chips) 
Seat 4: Pippa83 ($108.72 in chips) 
Seat 5: tintin641 ($139.71 in chips) 
Seat 6: Hubero-59 ($106.44 in chips) 
Red4erT: posts small blind $0.50
Pippa83: posts big blind $1
*** HOLE CARDS ***
tintin641: folds 
Hubero-59: folds 
stevoooo34: folds 
socito: raises $1.50 to $2.50
Red4erT: folds 
Pippa83: folds 
Uncalled bet ($1.50) returned to socito
socito collected $2.50 from pot
socito: doesn't show hand 
*** SUMMARY ***
Total pot $2.50 | Rake $0 
Seat 1: stevoooo34 folded before Flop (didn't bet)
Seat 2: socito (button) collected ($2.50)
Seat 3: Red4erT (small blind) folded before Flop
Seat 4: Pippa83 (big blind) folded before Flop
Seat 5: tintin641 folded before Flop (didn't bet)
Seat 6: Hubero-59 folded before Flop (didn't bet)



PokerStars Hand #254635820115:  Hold'em No Limit ($0.50/$1.00 USD) - 2025/01/31 12:43:22 WET [2025/01/31 7:43:22 ET]
Table 'Monoceros' 6-max Seat #3 is the button
Seat 1: stevoooo34 ($115.25 in chips) 
Seat 2: socito ($116.10 in chips) 
Seat 3: Red4erT ($37.50 in chips) 
Seat 4: Pippa83 ($107.72 in chips) 
Seat 5: tintin641 ($139.71 in chips) 
Seat 6: Hubero-59 ($106.44 in chips) 
Pippa83: posts small blind $0.50
tintin641: posts big blind $1
*** HOLE CARDS ***
Hubero-59: folds 
stevoooo34: folds 
socito: raises $1.50 to $2.50
Red4erT: calls $2.50
Pippa83: folds 
tintin641: folds 
*** FLOP *** [Qd 6s Qs]
socito: checks 
Red4erT: bets $1.55
socito: raises $4.64 to $6.19
Red4erT: folds 
Uncalled bet ($4.64) returned to socito
socito collected $9.12 from pot
socito: doesn't show hand 
*** SUMMARY ***
Total pot $9.60 | Rake $0.48 
Board [Qd 6s Qs]
Seat 1: stevoooo34 folded before Flop (didn't bet)
Seat 2: socito collected ($9.12)
Seat 3: Red4erT (button) folded on the Flop
Seat 4: Pippa83 (small blind) folded before Flop
Seat 5: tintin641 (big blind) folded before Flop
Seat 6: Hubero-59 folded before Flop (didn't bet)



PokerStars Hand #254635830271:  Hold'em No Limit ($0.50/$1.00 USD) - 2025/01/31 12:44:32 WET [2025/01/31 7:44:32 ET]
Table 'Monoceros' 6-max Seat #4 is the button
Seat 1: stevoooo34 ($115.25 in chips) 
Seat 2: socito ($121.17 in chips) 
Seat 3: Red4erT ($33.45 in chips) 
Seat 4: Pippa83 ($107.22 in chips) 
Seat 5: tintin641 ($138.71 in chips) 
Seat 6: Hubero-59 ($106.44 in chips) 
tintin641: posts small blind $0.50
Hubero-59: posts big blind $1
*** HOLE CARDS ***
stevoooo34: calls $1
socito: folds 
Red4erT: folds 
Pippa83: folds 
tintin641: raises $4 to $5
Hubero-59: folds 
stevoooo34: calls $4
*** FLOP *** [Kd 3d 7s]
tintin641: bets $3.45
stevoooo34: calls $3.45
*** TURN *** [Kd 3d 7s] [8d]
tintin641: checks 
stevoooo34: checks 
*** RIVER *** [Kd 3d 7s 8d] [9h]
tintin641: checks 
stevoooo34: bets $20
tintin641: folds 
Uncalled bet ($20) returned to stevoooo34
stevoooo34 collected $17 from pot
*** SUMMARY ***
Total pot $17.90 | Rake $0.90 
Board [Kd 3d 7s 8d 9h]
Seat 1: stevoooo34 collected ($17)
Seat 2: socito folded before Flop (didn't bet)
Seat 3: Red4erT folded before Flop (didn't bet)
Seat 4: Pippa83 (button) folded before Flop (didn't bet)
Seat 5: tintin641 (small blind) folded on the River
Seat 6: Hubero-59 (big blind) folded before Flop



PokerStars Hand #254635841867:  Hold'em No Limit ($0.50/$1.00 USD) - 2025/01/31 12:45:51 WET [2025/01/31 7:45:51 ET]
Table 'Monoceros' 6-max Seat #5 is the button
Seat 1: stevoooo34 ($123.80 in chips) 
Seat 2: socito ($121.17 in chips) 
Seat 3: Red4erT ($33.45 in chips) 
Seat 4: Pippa83 ($107.22 in chips) 
Seat 5: tintin641 ($130.26 in chips) 
Seat 6: Hubero-59 ($105.44 in chips) 
Hubero-59: posts small blind $0.50
stevoooo34: posts big blind $1
*** HOLE CARDS ***
socito: folds 
Red4erT: folds 
Pippa83: raises $1.50 to $2.50
tintin641: folds 
Hubero-59: folds 
stevoooo34: calls $1.50
*** FLOP *** [Qh Ks 5h]
stevoooo34: checks 
Pippa83: bets $3.92
stevoooo34: calls $3.92
*** TURN *** [Qh Ks 5h] [8s]
stevoooo34: checks 
Pippa83: bets $9.50
stevoooo34: folds 
Uncalled bet ($9.50) returned to Pippa83
Pippa83 collected $12.67 from pot
Pippa83: doesn't show hand 
*** SUMMARY ***
Total pot $13.34 | Rake $0.67 
Board [Qh Ks 5h 8s]
Seat 1: stevoooo34 (big blind) folded on the Turn
Seat 2: socito folded before Flop (didn't bet)
Seat 3: Red4erT folded before Flop (didn't bet)
Seat 4: Pippa83 collected ($12.67)
Seat 5: tintin641 (button) folded before Flop (didn't bet)
Seat 6: Hubero-59 (small blind) folded before Flop



PokerStars Hand #254635850047:  Hold'em No Limit ($0.50/$1.00 USD) - 2025/01/31 12:46:46 WET [2025/01/31 7:46:46 ET]
Table 'Monoceros' 6-max Seat #6 is the button
Seat 1: stevoooo34 ($117.38 in chips) 
Seat 2: socito ($121.17 in chips) 
Seat 3: Red4erT ($33.45 in chips) 
Seat 4: Pippa83 ($113.47 in chips) 
Seat 5: tintin641 ($130.26 in chips) 
Seat 6: Hubero-59 ($104.94 in chips) 
stevoooo34: posts small blind $0.50
socito: posts big blind $1
*** HOLE CARDS ***
Red4erT: folds 
Pippa83: folds 
tintin641: raises $1.50 to $2.50
Hubero-59: folds 
stevoooo34: folds 
socito: folds 
Uncalled bet ($1.50) returned to tintin641
tintin641 collected $2.50 from pot
tintin641: doesn't show hand 
*** SUMMARY ***
Total pot $2.50 | Rake $0 
Seat 1: stevoooo34 (small blind) folded before Flop
Seat 2: socito (big blind) folded before Flop
Seat 3: Red4erT folded before Flop (didn't bet)
Seat 4: Pippa83 folded before Flop (didn't bet)
Seat 5: tintin641 collected ($2.50)
Seat 6: Hubero-59 (button) folded before Flop (didn't bet)



PokerStars Hand #254635854080:  Hold'em No Limit ($0.50/$1.00 USD) - 2025/01/31 12:47:13 WET [2025/01/31 7:47:13 ET]
Table 'Monoceros' 6-max Seat #1 is the button
Seat 1: stevoooo34 ($116.88 in chips) 
Seat 2: socito ($120.17 in chips) 
Seat 3: Red4erT ($33.45 in chips) 
Seat 4: Pippa83 ($113.47 in chips) 
Seat 5: tintin641 ($131.76 in chips) 
Seat 6: Hubero-59 ($104.94 in chips) 
socito: posts small blind $0.50
Red4erT: posts big blind $1
*** HOLE CARDS ***
Pippa83: folds 
tintin641: folds 
Hubero-59: folds 
stevoooo34: folds 
socito: folds 
Uncalled bet ($0.50) returned to Red4erT
Red4erT collected $1 from pot
Red4erT: doesn't show hand 
*** SUMMARY ***
Total pot $1 | Rake $0 
Seat 1: stevoooo34 (button) folded before Flop (didn't bet)
Seat 2: socito (small blind) folded before Flop
Seat 3: Red4erT (big blind) collected ($1)
Seat 4: Pippa83 folded before Flop (didn't bet)
Seat 5: tintin641 folded before Flop (didn't bet)
Seat 6: Hubero-59 folded before Flop (didn't bet)



PokerStars Hand #254635855747:  Hold'em No Limit ($0.50/$1.00 USD) - 2025/01/31 12:47:25 WET [2025/01/31 7:47:25 ET]
Table 'Monoceros' 6-max Seat #2 is the button
Seat 1: stevoooo34 ($116.88 in chips) 
Seat 2: socito ($119.67 in chips) 
Seat 3: Red4erT ($33.95 in chips) 
Seat 4: Pippa83 ($113.47 in chips) 
Seat 5: tintin641 ($131.76 in chips) 
Seat 6: Hubero-59 ($104.94 in chips) 
Red4erT: posts small blind $0.50
Pippa83: posts big blind $1
*** HOLE CARDS ***
tintin641: raises $1.50 to $2.50
Hubero-59: folds 
stevoooo34: calls $2.50
socito: folds 
Red4erT: raises $6.50 to $9
Pippa83: folds 
tintin641: folds 
stevoooo34: calls $6.50
*** FLOP *** [Jd 8c Ts]
Red4erT: bets $24.95 and is all-in
stevoooo34: calls $24.95
*** TURN *** [Jd 8c Ts] [Kd]
*** RIVER *** [Jd 8c Ts Kd] [Js]
*** SHOW DOWN ***
Red4erT: shows [Ad Jh] (three of a kind, Jacks)
stevoooo34: shows [7h 7c] (two pair, Jacks and Sevens)
Red4erT collected $68.90 from pot
*** SUMMARY ***
Total pot $71.40 | Rake $2.50 
Board [Jd 8c Ts Kd Js]
Seat 1: stevoooo34 showed [7h 7c] and lost with two pair, Jacks and Sevens
Seat 2: socito (button) folded before Flop (didn't bet)
Seat 3: Red4erT (small blind) showed [Ad Jh] and won ($68.90) with three of a kind, Jacks
Seat 4: Pippa83 (big blind) folded before Flop
Seat 5: tintin641 folded before Flop
Seat 6: Hubero-59 folded before Flop (didn't bet)



PokerStars Hand #254635865055:  Hold'em No Limit ($0.50/$1.00 USD) - 2025/01/31 12:48:28 WET [2025/01/31 7:48:28 ET]
Table 'Monoceros' 6-max Seat #3 is the button
Seat 1: stevoooo34 ($82.93 in chips) 
Seat 2: socito ($119.67 in chips) 
Seat 3: Red4erT ($68.90 in chips) 
Seat 4: Pippa83 ($112.47 in chips) 
Seat 5: tintin641 ($129.26 in chips) 
Seat 6: Hubero-59 ($104.94 in chips) 
Pippa83: posts small blind $0.50
tintin641: posts big blind $1
*** HOLE CARDS ***
Hubero-59: folds 
stevoooo34: folds 
socito: folds 
Red4erT: folds 
Pippa83: folds 
Uncalled bet ($0.50) returned to tintin641
tintin641 collected $1 from pot
tintin641: doesn't show hand 
*** SUMMARY ***
Total pot $1 | Rake $0 
Seat 1: stevoooo34 folded before Flop (didn't bet)
Seat 2: socito folded before Flop (didn't bet)
Seat 3: Red4erT (button) folded before Flop (didn't bet)
Seat 4: Pippa83 (small blind) folded before Flop
Seat 5: tintin641 (big blind) collected ($1)
Seat 6: Hubero-59 folded before Flop (didn't bet)



PokerStars Hand #254635867136:  Hold'em No Limit ($0.50/$1.00 USD) - 2025/01/31 12:48:43 WET [2025/01/31 7:48:43 ET]
Table 'Monoceros' 6-max Seat #4 is the button
Seat 1: stevoooo34 ($82.93 in chips) 
Seat 2: socito ($119.67 in chips) 
Seat 3: Red4erT ($68.90 in chips) 
Seat 4: Pippa83 ($111.97 in chips) 
Seat 5: tintin641 ($129.76 in chips) 
Seat 6: Hubero-59 ($104.94 in chips) 
tintin641: posts small blind $0.50
Hubero-59: posts big blind $1
*** HOLE CARDS ***
stevoooo34: folds 
socito: folds 
Red4erT: folds 
Pippa83: folds 
tintin641: raises $2 to $3
Hubero-59: raises $3 to $6
tintin641: folds 
Uncalled bet ($3) returned to Hubero-59
Hubero-59 collected $6 from pot
Hubero-59: doesn't show hand 
*** SUMMARY ***
Total pot $6 | Rake $0 
Seat 1: stevoooo34 folded before Flop (didn't bet)
Seat 2: socito folded before Flop (didn't bet)
Seat 3: Red4erT folded before Flop (didn't bet)
Seat 4: Pippa83 (button) folded before Flop (didn't bet)
Seat 5: tintin641 (small blind) folded before Flop
Seat 6: Hubero-59 (big blind) collected ($6)



PokerStars Hand #254635871900:  Hold'em No Limit ($0.50/$1.00 USD) - 2025/01/31 12:49:15 WET [2025/01/31 7:49:15 ET]
Table 'Monoceros' 6-max Seat #5 is the button
Seat 1: stevoooo34 ($82.93 in chips) 
Seat 2: socito ($119.67 in chips) 
Seat 3: Red4erT ($68.90 in chips) 
Seat 4: Pippa83 ($111.97 in chips) 
Seat 5: tintin641 ($126.76 in chips) 
Seat 6: Hubero-59 ($107.94 in chips) 
Hubero-59: posts small blind $0.50
stevoooo34: posts big blind $1
*** HOLE CARDS ***
socito: folds 
Red4erT: folds 
Pippa83: raises $1.50 to $2.50
tintin641: folds 
Hubero-59 has timed out
Hubero-59: folds 
stevoooo34: folds 
Uncalled bet ($1.50) returned to Pippa83
stevoooo34 leaves the table
Pippa83 collected $2.50 from pot
Pippa83: doesn't show hand 
*** SUMMARY ***
Total pot $2.50 | Rake $0 
Seat 1: stevoooo34 (big blind) folded before Flop
Seat 2: socito folded before Flop (didn't bet)
Seat 3: Red4erT folded before Flop (didn't bet)
Seat 4: Pippa83 collected ($2.50)
Seat 5: tintin641 (button) folded before Flop (didn't bet)
Seat 6: Hubero-59 (small blind) folded before Flop



PokerStars Hand #254635880466:  Hold'em No Limit ($0.50/$1.00 USD) - 2025/01/31 12:50:12 WET [2025/01/31 7:50:12 ET]
Table 'Monoceros' 6-max Seat #2 is the button
Seat 6: Hubero-59 ($107.44 in chips) is sitting out
Seat 2: socito ($119.67 in chips) 
Seat 3: Red4erT ($68.90 in chips) 
Seat 4: Pippa83 ($113.47 in chips) 
Seat 5: tintin641 ($126.76 in chips) 
Red4erT: posts small blind $0.50
Pippa83: posts big blind $1
*** HOLE CARDS ***
tintin641: folds 
socito: raises $1.50 to $2.50
silvafox12 joins the table at seat #1 
Red4erT: folds 
Pippa83: raises $8.50 to $11
socito: folds 
Uncalled bet ($8.50) returned to Pippa83
Pippa83 collected $5.50 from pot
Pippa83: doesn't show hand 
*** SUMMARY ***
Total pot $5.50 | Rake $0 
Seat 6: Hubero-59
Seat 2: socito (button) folded before Flop
Seat 3: Red4erT (small blind) folded before Flop
Seat 4: Pippa83 (big blind) collected ($5.50)
Seat 5: tintin641 folded before Flop (didn't bet)



PokerStars Hand #254635884670:  Hold'em No Limit ($0.50/$1.00 USD) - 2025/01/31 12:50:40 WET [2025/01/31 7:50:40 ET]
Table 'Monoceros' 6-max Seat #3 is the button
Seat 5: tintin641 ($126.76 in chips) is sitting out
Seat 6: Hubero-59 ($107.44 in chips) is sitting out
Seat 1: silvafox12 ($10 in chips) 
Seat 2: socito ($117.17 in chips) 
Seat 3: Red4erT ($68.40 in chips) 
Seat 4: Pippa83 ($116.47 in chips) 
Pippa83: posts small blind $0.50
tintin641: is sitting out 
silvafox12: posts big blind $1
*** HOLE CARDS ***
tintin641 leaves the table
socito: folds 
Red4erT: folds 
Pippa83: folds 
Uncalled bet ($0.50) returned to silvafox12
silvafox12 collected $1 from pot
silvafox12: doesn't show hand 
*** SUMMARY ***
Total pot $1 | Rake $0 
Seat 5: tintin641
Seat 6: Hubero-59
Seat 1: silvafox12 (big blind) collected ($1)
Seat 2: socito folded before Flop (didn't bet)
Seat 3: Red4erT (button) folded before Flop (didn't bet)
Seat 4: Pippa83 (small blind) folded before Flop



PokerStars Hand #254635886328:  Hold'em No Limit ($0.50/$1.00 USD) - 2025/01/31 12:50:51 WET [2025/01/31 7:50:51 ET]
Table 'Monoceros' 6-max Seat #4 is the button
Seat 6: Hubero-59 ($107.44 in chips) is sitting out
Seat 1: silvafox12 ($10.50 in chips) 
Seat 2: socito ($117.17 in chips) 
Seat 3: Red4erT ($68.40 in chips) 
Seat 4: Pippa83 ($115.97 in chips) 
silvafox12: posts small blind $0.50
socito: posts big blind $1
*** HOLE CARDS ***
Red4erT: raises $1 to $2
Pippa83: folds 
Pippa83 leaves the table
silvafox12: folds 
socito: calls $1
*** FLOP *** [6c Js 6h]
socito: checks 
kel3vr4_23 joins the table at seat #4 
kel3vr4_23 is disconnected 
Red4erT: bets $1.07
socito: raises $3.21 to $4.28
Red4erT: calls $3.21
*** TURN *** [6c Js 6h] [Kc]
socito: checks 
kel3vr4_23 is disconnected 
Red4erT: bets $3.10
socito: folds 
Uncalled bet ($3.10) returned to Red4erT
Red4erT collected $12.41 from pot
Red4erT: doesn't show hand 
*** SUMMARY ***
Total pot $13.06 | Rake $0.65 
Board [6c Js 6h Kc]
Seat 6: Hubero-59
Seat 1: silvafox12 (small blind) folded before Flop
Seat 2: socito (big blind) folded on the Turn
Seat 3: Red4erT collected ($12.41)
Seat 4: Pippa83 (button) folded before Flop (didn't bet)



PokerStars Hand #254635901300:  Hold'em No Limit ($0.50/$1.00 USD) - 2025/01/31 12:52:31 WET [2025/01/31 7:52:31 ET]
Table 'Monoceros' 6-max Seat #1 is the button
Seat 3: Red4erT ($74.53 in chips) is sitting out
Seat 6: Hubero-59 ($107.44 in chips) is sitting out
Seat 1: silvafox12 ($10 in chips) 
Seat 2: socito ($110.89 in chips) 
Seat 4: kel3vr4_23 ($10 in chips) 
socito: posts small blind $0.50
Red4erT: is sitting out 
kel3vr4_23: posts big blind $1
Hubero-59: sits out 
*** HOLE CARDS ***
Red4erT leaves the table
silvafox12: folds 
LuckyShikari joins the table at seat #3 
value_ftw joins the table at seat #5 
socito: folds 
Uncalled bet ($0.50) returned to kel3vr4_23
kel3vr4_23 collected $1 from pot
*** SUMMARY ***
Total pot $1 | Rake $0 
Seat 3: Red4erT
Seat 6: Hubero-59
Seat 1: silvafox12 (button) folded before Flop (didn't bet)
Seat 2: socito (small blind) folded before Flop
Seat 4: kel3vr4_23 (big blind) collected ($1)



PokerStars Hand #254635905442:  Hold'em No Limit ($0.50/$1.00 USD) - 2025/01/31 12:52:58 WET [2025/01/31 7:52:58 ET]
Table 'Monoceros' 6-max Seat #2 is the button
Seat 3: LuckyShikari ($100 in chips) is sitting out
Seat 6: Hubero-59 ($107.44 in chips) is sitting out
Seat 1: silvafox12 ($10 in chips) 
Seat 2: socito ($110.39 in chips) 
Seat 4: kel3vr4_23 ($10.50 in chips) 
Seat 5: value_ftw ($102.46 in chips) 
kel3vr4_23: posts small blind $0.50
value_ftw: posts big blind $1
Hubero-59: sits out 
*** HOLE CARDS ***
silvafox12: folds 
socito: raises $1.50 to $2.50
kel3vr4_23: folds 
value_ftw: folds 
Uncalled bet ($1.50) returned to socito
socito collected $2.50 from pot
socito: doesn't show hand 
*** SUMMARY ***
Total pot $2.50 | Rake $0 
Seat 3: LuckyShikari
Seat 6: Hubero-59
Seat 1: silvafox12 folded before Flop (didn't bet)
Seat 2: socito (button) collected ($2.50)
Seat 4: kel3vr4_23 (small blind) folded before Flop
Seat 5: value_ftw (big blind) folded before Flop



PokerStars Hand #254635930757:  Hold'em No Limit ($0.50/$1.00 USD) - 2025/01/31 12:55:57 WET [2025/01/31 7:55:57 ET]
Table 'Monoceros' 6-max Seat #2 is the button
Seat 1: silvafox12 ($21.82 in chips) 
Seat 2: socito ($115.91 in chips) 
Seat 3: LuckyShikari ($100 in chips) 
Seat 4: kel3vr4_23 ($5.50 in chips) 
Seat 5: value_ftw ($100 in chips) 
Seat 6: Hubero-59 ($100.61 in chips) 
LuckyShikari: posts small blind $0.50
kel3vr4_23: posts big blind $1
*** HOLE CARDS ***
value_ftw: folds 
Hubero-59: folds 
silvafox12: folds 
socito: folds 
LuckyShikari: raises $1.50 to $2.50
kel3vr4_23: raises $3 to $5.50 and is all-in
LuckyShikari: calls $3
*** FLOP *** [Th Js 4d]
*** TURN *** [Th Js 4d] [5s]
*** RIVER *** [Th Js 4d 5s] [4c]
*** SHOW DOWN ***
LuckyShikari: shows [3d Jd] (two pair, Jacks and Fours)
kel3vr4_23: shows [Ks Qs] (a pair of Fours)
LuckyShikari collected $10.45 from pot
*** SUMMARY ***
Total pot $11 | Rake $0.55 
Board [Th Js 4d 5s 4c]
Seat 1: silvafox12 folded before Flop (didn't bet)
Seat 2: socito (button) folded before Flop (didn't bet)
Seat 3: LuckyShikari (small blind) showed [3d Jd] and won ($10.45) with two pair, Jacks and Fours
Seat 4: kel3vr4_23 (big blind) showed [Ks Qs] and lost with a pair of Fours
Seat 5: value_ftw folded before Flop (didn't bet)
Seat 6: Hubero-59 folded before Flop (didn't bet)



PokerStars Hand #254635908749:  Hold'em No Limit ($0.50/$1.00 USD) - 2025/01/31 12:53:20 WET [2025/01/31 7:53:20 ET]
Table 'Monoceros' 6-max Seat #4 is the button
Seat 3: LuckyShikari ($100 in chips) is sitting out
Seat 1: silvafox12 ($10 in chips) 
Seat 2: socito ($111.89 in chips) 
Seat 4: kel3vr4_23 ($10 in chips) 
Seat 5: value_ftw ($101.46 in chips) 
Seat 6: Hubero-59 ($107.44 in chips) 
value_ftw: posts small blind $0.50
Hubero-59: posts big blind $1
LuckyShikari: sits out 
*** HOLE CARDS ***
silvafox12: raises $9 to $10 and is all-in
socito: folds 
kel3vr4_23: folds 
value_ftw: folds 
Hubero-59: folds 
Uncalled bet ($9) returned to silvafox12
silvafox12 collected $2.50 from pot
silvafox12: doesn't show hand 
*** SUMMARY ***
Total pot $2.50 | Rake $0 
Seat 3: LuckyShikari
Seat 1: silvafox12 collected ($2.50)
Seat 2: socito folded before Flop (didn't bet)
Seat 4: kel3vr4_23 (button) folded before Flop (didn't bet)
Seat 5: value_ftw (small blind) folded before Flop
Seat 6: Hubero-59 (big blind) folded before Flop



PokerStars Hand #254635911653:  Hold'em No Limit ($0.50/$1.00 USD) - 2025/01/31 12:53:39 WET [2025/01/31 7:53:39 ET]
Table 'Monoceros' 6-max Seat #5 is the button
Seat 3: LuckyShikari ($100 in chips) is sitting out
Seat 1: silvafox12 ($11.50 in chips) 
Seat 2: socito ($111.89 in chips) 
Seat 4: kel3vr4_23 ($10 in chips) 
Seat 5: value_ftw ($100.96 in chips) 
Seat 6: Hubero-59 ($106.44 in chips) 
Hubero-59: posts small blind $0.50
silvafox12: posts big blind $1
LuckyShikari: sits out 
*** HOLE CARDS ***
socito: folds 
kel3vr4_23: folds 
value_ftw: raises $1.50 to $2.50
Hubero-59: folds 
silvafox12: raises $9 to $11.50 and is all-in
value_ftw: calls $9
*** FLOP *** [2s 3d As]
*** TURN *** [2s 3d As] [Ad]
*** RIVER *** [2s 3d As Ad] [8d]
*** SHOW DOWN ***
silvafox12: shows [Kd Td] (a flush, Ace high)
value_ftw: shows [Th Qs] (a pair of Aces)
silvafox12 collected $22.32 from pot
*** SUMMARY ***
Total pot $23.50 | Rake $1.18 
Board [2s 3d As Ad 8d]
Seat 3: LuckyShikari
Seat 1: silvafox12 (big blind) showed [Kd Td] and won ($22.32) with a flush, Ace high
Seat 2: socito folded before Flop (didn't bet)
Seat 4: kel3vr4_23 folded before Flop (didn't bet)
Seat 5: value_ftw (button) showed [Th Qs] and lost with a pair of Aces
Seat 6: Hubero-59 (small blind) folded before Flop



PokerStars Hand #254635915328:  Hold'em No Limit ($0.50/$1.00 USD) - 2025/01/31 12:54:04 WET [2025/01/31 7:54:04 ET]
Table 'Monoceros' 6-max Seat #6 is the button
Seat 3: LuckyShikari ($100 in chips) is sitting out
Seat 1: silvafox12 ($22.32 in chips) 
Seat 2: socito ($111.89 in chips) 
Seat 4: kel3vr4_23 ($10 in chips) 
Seat 5: value_ftw ($100 in chips) 
Seat 6: Hubero-59 ($105.94 in chips) 
silvafox12: posts small blind $0.50
socito: posts big blind $1
LuckyShikari: sits out 
*** HOLE CARDS ***
kel3vr4_23: raises $1.50 to $2.50
value_ftw: folds 
Hubero-59: folds 
silvafox12: folds 
socito: calls $1.50
*** FLOP *** [Qc 4h 9s]
socito: checks 
kel3vr4_23: checks 
*** TURN *** [Qc 4h 9s] [4d]
socito: checks 
kel3vr4_23: bets $2
socito: raises $2 to $4
kel3vr4_23: folds 
Uncalled bet ($2) returned to socito
socito collected $9.02 from pot
socito: doesn't show hand 
*** SUMMARY ***
Total pot $9.50 | Rake $0.48 
Board [Qc 4h 9s 4d]
Seat 3: LuckyShikari
Seat 1: silvafox12 (small blind) folded before Flop
Seat 2: socito (big blind) collected ($9.02)
Seat 4: kel3vr4_23 folded on the Turn
Seat 5: value_ftw folded before Flop (didn't bet)
Seat 6: Hubero-59 (button) folded before Flop (didn't bet)



PokerStars Hand #254635923048:  Hold'em No Limit ($0.50/$1.00 USD) - 2025/01/31 12:54:56 WET [2025/01/31 7:54:56 ET]
Table 'Monoceros' 6-max Seat #1 is the button
Seat 1: silvafox12 ($21.82 in chips) 
Seat 2: socito ($116.41 in chips) 
Seat 3: LuckyShikari ($100 in chips) 
Seat 4: kel3vr4_23 ($5.50 in chips) 
Seat 5: value_ftw ($100 in chips) 
Seat 6: Hubero-59 ($105.94 in chips) 
socito: posts small blind $0.50
LuckyShikari: posts big blind $1
*** HOLE CARDS ***
kel3vr4_23: folds 
value_ftw: folds 
Hubero-59: raises $1 to $2
silvafox12: folds 
socito: folds 
LuckyShikari: raises $6.50 to $8.50
Hubero-59: calls $6.50
*** FLOP *** [Jc 7c 3c]
LuckyShikari: bets $9
Hubero-59: raises $88.44 to $97.44 and is all-in
LuckyShikari: calls $82.50 and is all-in
Uncalled bet ($5.94) returned to Hubero-59
*** TURN *** [Jc 7c 3c] [2d]
*** RIVER *** [Jc 7c 3c 2d] [Jd]
*** SHOW DOWN ***
LuckyShikari: shows [Ac Kd] (a pair of Jacks)
Hubero-59: shows [Qh Jh] (three of a kind, Jacks)
Hubero-59 cashed out the hand for $94.67 | Cash Out Fee $1.93
*** SUMMARY ***
Total pot $200.50 | Rake $2.50 
Board [Jc 7c 3c 2d Jd]
Seat 1: silvafox12 (button) folded before Flop (didn't bet)
Seat 2: socito (small blind) folded before Flop
Seat 3: LuckyShikari (big blind) showed [Ac Kd] and lost with a pair of Jacks
Seat 4: kel3vr4_23 folded before Flop (didn't bet)
Seat 5: value_ftw folded before Flop (didn't bet)
Seat 6: Hubero-59 showed [Qh Jh] and won ($198) with three of a kind, Jacks (pot not awarded as player cashed out)



PokerStars Hand #254635935023:  Hold'em No Limit ($0.50/$1.00 USD) - 2025/01/31 12:56:32 WET [2025/01/31 7:56:32 ET]
Table 'Monoceros' 6-max Seat #3 is the button
Seat 1: silvafox12 ($21.82 in chips) is sitting out
Seat 4: kel3vr4_23 ($0 in chips) is sitting out
Seat 6: Hubero-59 ($100.61 in chips) is sitting out
Seat 2: socito ($115.91 in chips) 
Seat 3: LuckyShikari ($104.95 in chips) 
Seat 5: value_ftw ($100 in chips) 
value_ftw: posts small blind $0.50
Hubero-59: is sitting out 
silvafox12: is sitting out 
socito: posts big blind $1
*** HOLE CARDS ***
silvafox12 leaves the table
LuckyShikari: raises $1.25 to $2.25
value_ftw: folds 
socito: folds 
Uncalled bet ($1.25) returned to LuckyShikari
LuckyShikari collected $2.50 from pot
LuckyShikari: doesn't show hand 
Hubero-59 leaves the table
*** SUMMARY ***
Total pot $2.50 | Rake $0 
Seat 1: silvafox12
Seat 4: kel3vr4_23
Seat 6: Hubero-59
Seat 2: socito (big blind) folded before Flop
Seat 3: LuckyShikari (button) collected ($2.50)
Seat 5: value_ftw (small blind) folded before Flop



PokerStars Hand #254635936276:  Hold'em No Limit ($0.50/$1.00 USD) - 2025/01/31 12:56:43 WET [2025/01/31 7:56:43 ET]
Table 'Monoceros' 6-max Seat #5 is the button
Seat 2: socito ($114.91 in chips) 
Seat 3: LuckyShikari ($106.45 in chips) 
Seat 4: kel3vr4_23 ($10 in chips) 
Seat 5: value_ftw ($100 in chips) 
socito: posts small blind $0.50
LuckyShikari: posts big blind $1
kel3vr4_23: posts small blind $0.50
*** HOLE CARDS ***
kel3vr4_23: folds 
value_ftw: folds 
socito: folds 
Uncalled bet ($0.50) returned to LuckyShikari
LuckyShikari collected $1.50 from pot
LuckyShikari: doesn't show hand 
*** SUMMARY ***
Total pot $1.50 | Rake $0 
Seat 2: socito (small blind) folded before Flop
Seat 3: LuckyShikari (big blind) collected ($1.50)
Seat 4: kel3vr4_23 folded before Flop (didn't bet)
Seat 5: value_ftw (button) folded before Flop (didn't bet)



PokerStars Hand #254635937908:  Hold'em No Limit ($0.50/$1.00 USD) - 2025/01/31 12:56:57 WET [2025/01/31 7:56:57 ET]
Table 'Monoceros' 6-max Seat #2 is the button
Seat 3: LuckyShikari ($107.45 in chips) is sitting out
Seat 2: socito ($114.41 in chips) 
Seat 4: kel3vr4_23 ($9.50 in chips) 
Seat 5: value_ftw ($100 in chips) 
kel3vr4_23: posts small blind $0.50
value_ftw: posts big blind $1
*** HOLE CARDS ***
socito: raises $1.50 to $2.50
kel3vr4_23: folds 
LuckyShikari leaves the table
value_ftw: folds 
Uncalled bet ($1.50) returned to socito
socito collected $2.50 from pot
socito: doesn't show hand 
*** SUMMARY ***
Total pot $2.50 | Rake $0 
Seat 3: LuckyShikari
Seat 2: socito (button) collected ($2.50)
Seat 4: kel3vr4_23 (small blind) folded before Flop
Seat 5: value_ftw (big blind) folded before Flop



PokerStars Hand #254635940874:  Hold'em No Limit ($0.50/$1.00 USD) - 2025/01/31 12:57:22 WET [2025/01/31 7:57:22 ET]
Table 'Monoceros' 6-max Seat #5 is the button
Seat 2: socito ($115.91 in chips) is sitting out
Seat 4: kel3vr4_23 ($9 in chips) 
Seat 5: value_ftw ($100 in chips) 
value_ftw: posts small blind $0.50
socito: is sitting out 
kel3vr4_23: posts big blind $1
*** HOLE CARDS ***
socito leaves the table
value_ftw: raises $99 to $100 and is all-in
kel3vr4_23: calls $8 and is all-in
Uncalled bet ($91) returned to value_ftw
*** FLOP *** [8c 2s Jd]
*** TURN *** [8c 2s Jd] [4s]
*** RIVER *** [8c 2s Jd 4s] [8d]
*** SHOW DOWN ***
kel3vr4_23: shows [Qh Qs] (two pair, Queens and Eights)
value_ftw: shows [As 2h] (two pair, Eights and Deuces)
kel3vr4_23 collected $17.10 from pot
*** SUMMARY ***
Total pot $18 | Rake $0.90 
Board [8c 2s Jd 4s 8d]
Seat 2: socito
Seat 4: kel3vr4_23 (big blind) showed [Qh Qs] and won ($17.10) with two pair, Queens and Eights
Seat 5: value_ftw (button) (small blind) showed [As 2h] and lost with two pair, Eights and Deuces



