PokerStars Hand #254634799007:  Hold'em No Limit ($0.50/$1.00 USD) - 2025/01/31 10:24:41 WET [2025/01/31 5:24:41 ET]
Table 'Musca' 6-max Seat #1 is the button
Seat 1: VahTang_89 ($100 in chips) 
Seat 2: Y_19 ($100 in chips) 
Seat 3: SimonD10200 ($100 in chips) 
Seat 4: Espada Fish ($100 in chips) 
Seat 5: antey89 ($80 in chips) 
Y_19: posts small blind $0.50
SimonD10200: posts big blind $1
*** HOLE CARDS ***
Espada Fish: folds 
antey89: raises $1.50 to $2.50
VahTang_89: folds 
Y_19: folds 
SimonD10200: calls $1.50
*** FLOP *** [6h 5h 3d]
SimonD10200: checks 
Emily_GetMan joins the table at seat #6 
antey89: checks 
*** TURN *** [6h 5h 3d] [2d]
SimonD10200: checks 
antey89: checks 
*** RIVER *** [6h 5h 3d 2d] [As]
SimonD10200: checks 
antey89: checks 
*** SHOW DOWN ***
SimonD10200: shows [7s Td] (high card Ace)
antey89: shows [Tc Qs] (high card Ace - Queen kicker)
antey89 collected $5.22 from pot
*** SUMMARY ***
Total pot $5.50 | Rake $0.28 
Board [6h 5h 3d 2d As]
Seat 1: VahTang_89 (button) folded before Flop (didn't bet)
Seat 2: Y_19 (small blind) folded before Flop
Seat 3: SimonD10200 (big blind) showed [7s Td] and lost with high card Ace
Seat 4: Espada Fish folded before Flop (didn't bet)
Seat 5: antey89 showed [Tc Qs] and won ($5.22) with high card Ace



PokerStars Hand #254634805315:  Hold'em No Limit ($0.50/$1.00 USD) - 2025/01/31 10:25:39 WET [2025/01/31 5:25:39 ET]
Table 'Musca' 6-max Seat #2 is the button
Seat 6: Emily_GetMan ($100 in chips) is sitting out
Seat 1: VahTang_89 ($100 in chips) 
Seat 2: Y_19 ($100 in chips) 
Seat 3: SimonD10200 ($97.50 in chips) 
Seat 4: Espada Fish ($100 in chips) 
Seat 5: antey89 ($100 in chips) 
SimonD10200: posts small blind $0.50
Espada Fish: posts big blind $1
Emily_GetMan: sits out 
*** HOLE CARDS ***
antey89: folds 
VahTang_89: folds 
Y_19: folds 
SimonD10200: calls $0.50
Espada Fish: checks 
*** FLOP *** [2h 8s Kh]
SimonD10200: checks 
Espada Fish: checks 
*** TURN *** [2h 8s Kh] [Ah]
SimonD10200: checks 
Espada Fish: bets $1.43
SimonD10200: folds 
Uncalled bet ($1.43) returned to Espada Fish
Espada Fish collected $1.90 from pot
*** SUMMARY ***
Total pot $2 | Rake $0.10 
Board [2h 8s Kh Ah]
Seat 6: Emily_GetMan
Seat 1: VahTang_89 folded before Flop (didn't bet)
Seat 2: Y_19 (button) folded before Flop (didn't bet)
Seat 3: SimonD10200 (small blind) folded on the Turn
Seat 4: Espada Fish (big blind) collected ($1.90)
Seat 5: antey89 folded before Flop (didn't bet)



PokerStars Hand #254634809164:  Hold'em No Limit ($0.50/$1.00 USD) - 2025/01/31 10:26:14 WET [2025/01/31 5:26:14 ET]
Table 'Musca' 6-max Seat #3 is the button
Seat 6: Emily_GetMan ($100 in chips) is sitting out
Seat 1: VahTang_89 ($100 in chips) 
Seat 2: Y_19 ($100 in chips) 
Seat 3: SimonD10200 ($96.50 in chips) 
Seat 4: Espada Fish ($100.90 in chips) 
Seat 5: antey89 ($100 in chips) 
Espada Fish: posts small blind $0.50
antey89: posts big blind $1
Emily_GetMan: sits out 
*** HOLE CARDS ***
VahTang_89: folds 
Y_19: folds 
SimonD10200: folds 
Espada Fish: raises $2 to $3
antey89: calls $2
*** FLOP *** [Jd 9h 8c]
Espada Fish: checks 
antey89: checks 
*** TURN *** [Jd 9h 8c] [Ks]
Espada Fish: checks 
antey89: checks 
*** RIVER *** [Jd 9h 8c Ks] [4c]
Espada Fish: checks 
antey89: checks 
*** SHOW DOWN ***
Espada Fish: shows [8d Ah] (a pair of Eights)
antey89: shows [9d 7d] (a pair of Nines)
antey89 collected $5.70 from pot
*** SUMMARY ***
Total pot $6 | Rake $0.30 
Board [Jd 9h 8c Ks 4c]
Seat 6: Emily_GetMan
Seat 1: VahTang_89 folded before Flop (didn't bet)
Seat 2: Y_19 folded before Flop (didn't bet)
Seat 3: SimonD10200 (button) folded before Flop (didn't bet)
Seat 4: Espada Fish (small blind) showed [8d Ah] and lost with a pair of Eights
Seat 5: antey89 (big blind) showed [9d 7d] and won ($5.70) with a pair of Nines



PokerStars Hand #254634818408:  Hold'em No Limit ($0.50/$1.00 USD) - 2025/01/31 10:27:36 WET [2025/01/31 5:27:36 ET]
Table 'Musca' 6-max Seat #4 is the button
Seat 1: VahTang_89 ($100 in chips) 
Seat 2: Y_19 ($100 in chips) 
Seat 3: SimonD10200 ($96.50 in chips) 
Seat 4: Espada Fish ($100 in chips) 
Seat 5: antey89 ($102.70 in chips) 
Seat 6: Emily_GetMan ($100 in chips) 
antey89: posts small blind $0.50
Emily_GetMan: posts big blind $1
*** HOLE CARDS ***
VahTang_89: folds 
Y_19: folds 
SimonD10200: folds 
Espada Fish: folds 
antey89: folds 
Uncalled bet ($0.50) returned to Emily_GetMan
Emily_GetMan collected $1 from pot
Emily_GetMan: doesn't show hand 
*** SUMMARY ***
Total pot $1 | Rake $0 
Seat 1: VahTang_89 folded before Flop (didn't bet)
Seat 2: Y_19 folded before Flop (didn't bet)
Seat 3: SimonD10200 folded before Flop (didn't bet)
Seat 4: Espada Fish (button) folded before Flop (didn't bet)
Seat 5: antey89 (small blind) folded before Flop
Seat 6: Emily_GetMan (big blind) collected ($1)



PokerStars Hand #254634819673:  Hold'em No Limit ($0.50/$1.00 USD) - 2025/01/31 10:27:48 WET [2025/01/31 5:27:48 ET]
Table 'Musca' 6-max Seat #5 is the button
Seat 1: VahTang_89 ($100 in chips) 
Seat 2: Y_19 ($100 in chips) 
Seat 3: SimonD10200 ($96.50 in chips) 
Seat 4: Espada Fish ($100 in chips) 
Seat 5: antey89 ($102.20 in chips) 
Seat 6: Emily_GetMan ($100.50 in chips) 
Emily_GetMan: posts small blind $0.50
VahTang_89: posts big blind $1
*** HOLE CARDS ***
Y_19: folds 
SimonD10200: folds 
Espada Fish: raises $1.20 to $2.20
antey89: folds 
Emily_GetMan: folds 
VahTang_89: folds 
Uncalled bet ($1.20) returned to Espada Fish
Espada Fish collected $2.50 from pot
Espada Fish: doesn't show hand 
*** SUMMARY ***
Total pot $2.50 | Rake $0 
Seat 1: VahTang_89 (big blind) folded before Flop
Seat 2: Y_19 folded before Flop (didn't bet)
Seat 3: SimonD10200 folded before Flop (didn't bet)
Seat 4: Espada Fish collected ($2.50)
Seat 5: antey89 (button) folded before Flop (didn't bet)
Seat 6: Emily_GetMan (small blind) folded before Flop



PokerStars Hand #254634824720:  Hold'em No Limit ($0.50/$1.00 USD) - 2025/01/31 10:28:33 WET [2025/01/31 5:28:33 ET]
Table 'Musca' 6-max Seat #6 is the button
Seat 1: VahTang_89 ($100 in chips) 
Seat 2: Y_19 ($100 in chips) 
Seat 3: SimonD10200 ($96.50 in chips) 
Seat 4: Espada Fish ($101.50 in chips) 
Seat 5: antey89 ($102.20 in chips) 
Seat 6: Emily_GetMan ($100 in chips) 
VahTang_89: posts small blind $0.50
Y_19: posts big blind $1
*** HOLE CARDS ***
SimonD10200: raises $2 to $3
Espada Fish: folds 
antey89: raises $5 to $8
Emily_GetMan: folds 
VahTang_89: folds 
Y_19: folds 
SimonD10200: calls $5
*** FLOP *** [As 2d 9d]
SimonD10200: bets $8.31
antey89: folds 
Uncalled bet ($8.31) returned to SimonD10200
SimonD10200 collected $16.62 from pot
*** SUMMARY ***
Total pot $17.50 | Rake $0.88 
Board [As 2d 9d]
Seat 1: VahTang_89 (small blind) folded before Flop
Seat 2: Y_19 (big blind) folded before Flop
Seat 3: SimonD10200 collected ($16.62)
Seat 4: Espada Fish folded before Flop (didn't bet)
Seat 5: antey89 folded on the Flop
Seat 6: Emily_GetMan (button) folded before Flop (didn't bet)



PokerStars Hand #254634828153:  Hold'em No Limit ($0.50/$1.00 USD) - 2025/01/31 10:29:05 WET [2025/01/31 5:29:05 ET]
Table 'Musca' 6-max Seat #1 is the button
Seat 1: VahTang_89 ($100 in chips) 
Seat 2: Y_19 ($100 in chips) 
Seat 3: SimonD10200 ($105.12 in chips) 
Seat 4: Espada Fish ($101.50 in chips) 
Seat 5: antey89 ($100 in chips) 
Seat 6: Emily_GetMan ($100 in chips) 
Y_19: posts small blind $0.50
SimonD10200: posts big blind $1
*** HOLE CARDS ***
Espada Fish: folds 
antey89: raises $1.50 to $2.50
Emily_GetMan: folds 
VahTang_89: folds 
Y_19: folds 
SimonD10200: calls $1.50
*** FLOP *** [Qs 2s 3s]
SimonD10200: checks 
antey89: checks 
*** TURN *** [Qs 2s 3s] [Tc]
SimonD10200: bets $2.61
antey89: folds 
Uncalled bet ($2.61) returned to SimonD10200
SimonD10200 collected $5.22 from pot
*** SUMMARY ***
Total pot $5.50 | Rake $0.28 
Board [Qs 2s 3s Tc]
Seat 1: VahTang_89 (button) folded before Flop (didn't bet)
Seat 2: Y_19 (small blind) folded before Flop
Seat 3: SimonD10200 (big blind) collected ($5.22)
Seat 4: Espada Fish folded before Flop (didn't bet)
Seat 5: antey89 folded on the Turn
Seat 6: Emily_GetMan folded before Flop (didn't bet)



PokerStars Hand #254634834360:  Hold'em No Limit ($0.50/$1.00 USD) - 2025/01/31 10:30:02 WET [2025/01/31 5:30:02 ET]
Table 'Musca' 6-max Seat #2 is the button
Seat 1: VahTang_89 ($100 in chips) 
Seat 2: Y_19 ($100 in chips) 
Seat 3: SimonD10200 ($107.84 in chips) 
Seat 4: Espada Fish ($101.50 in chips) 
Seat 5: antey89 ($100 in chips) 
Seat 6: Emily_GetMan ($100 in chips) 
SimonD10200: posts small blind $0.50
Espada Fish: posts big blind $1
*** HOLE CARDS ***
antey89: folds 
Emily_GetMan: folds 
VahTang_89: folds 
Y_19: raises $1.23 to $2.23
SimonD10200: calls $1.73
Espada Fish: folds 
*** FLOP *** [3h Kc 6c]
SimonD10200: checks 
Y_19: bets $1.71
SimonD10200: calls $1.71
*** TURN *** [3h Kc 6c] [6s]
SimonD10200: checks 
Y_19: checks 
*** RIVER *** [3h Kc 6c 6s] [Tc]
SimonD10200: bets $4.22
Y_19: folds 
Uncalled bet ($4.22) returned to SimonD10200
SimonD10200 collected $8.44 from pot
*** SUMMARY ***
Total pot $8.88 | Rake $0.44 
Board [3h Kc 6c 6s Tc]
Seat 1: VahTang_89 folded before Flop (didn't bet)
Seat 2: Y_19 (button) folded on the River
Seat 3: SimonD10200 (small blind) collected ($8.44)
Seat 4: Espada Fish (big blind) folded before Flop
Seat 5: antey89 folded before Flop (didn't bet)
Seat 6: Emily_GetMan folded before Flop (didn't bet)



PokerStars Hand #254634839601:  Hold'em No Limit ($0.50/$1.00 USD) - 2025/01/31 10:30:50 WET [2025/01/31 5:30:50 ET]
Table 'Musca' 6-max Seat #3 is the button
Seat 1: VahTang_89 ($100 in chips) 
Seat 2: Y_19 ($100 in chips) 
Seat 3: SimonD10200 ($112.34 in chips) 
Seat 4: Espada Fish ($100.50 in chips) 
Seat 5: antey89 ($100 in chips) 
Seat 6: Emily_GetMan ($100 in chips) 
Espada Fish: posts small blind $0.50
antey89: posts big blind $1
*** HOLE CARDS ***
Emily_GetMan: raises $1 to $2
VahTang_89: folds 
Y_19: folds 
SimonD10200: calls $2
Espada Fish: folds 
antey89: folds 
*** FLOP *** [3s 9s 2h]
Emily_GetMan: bets $1.72
SimonD10200: calls $1.72
*** TURN *** [3s 9s 2h] [Qh]
Emily_GetMan: bets $11.04
SimonD10200: calls $11.04
*** RIVER *** [3s 9s 2h Qh] [9d]
Emily_GetMan: checks 
SimonD10200: bets $14.74
Emily_GetMan: folds 
Uncalled bet ($14.74) returned to SimonD10200
SimonD10200 collected $29.47 from pot
*** SUMMARY ***
Total pot $31.02 | Rake $1.55 
Board [3s 9s 2h Qh 9d]
Seat 1: VahTang_89 folded before Flop (didn't bet)
Seat 2: Y_19 folded before Flop (didn't bet)
Seat 3: SimonD10200 (button) collected ($29.47)
Seat 4: Espada Fish (small blind) folded before Flop
Seat 5: antey89 (big blind) folded before Flop
Seat 6: Emily_GetMan folded on the River



PokerStars Hand #254634845600:  Hold'em No Limit ($0.50/$1.00 USD) - 2025/01/31 10:31:45 WET [2025/01/31 5:31:45 ET]
Table 'Musca' 6-max Seat #4 is the button
Seat 1: VahTang_89 ($100 in chips) 
Seat 2: Y_19 ($100 in chips) 
Seat 3: SimonD10200 ($127.05 in chips) 
Seat 4: Espada Fish ($100 in chips) 
Seat 5: antey89 ($100 in chips) 
Seat 6: Emily_GetMan ($100 in chips) 
antey89: posts small blind $0.50
Emily_GetMan: posts big blind $1
*** HOLE CARDS ***
VahTang_89: folds 
Y_19: folds 
SimonD10200: folds 
Espada Fish: raises $1.50 to $2.50
antey89: folds 
Emily_GetMan: folds 
Uncalled bet ($1.50) returned to Espada Fish
Espada Fish collected $2.50 from pot
Espada Fish: doesn't show hand 
*** SUMMARY ***
Total pot $2.50 | Rake $0 
Seat 1: VahTang_89 folded before Flop (didn't bet)
Seat 2: Y_19 folded before Flop (didn't bet)
Seat 3: SimonD10200 folded before Flop (didn't bet)
Seat 4: Espada Fish (button) collected ($2.50)
Seat 5: antey89 (small blind) folded before Flop
Seat 6: Emily_GetMan (big blind) folded before Flop



PokerStars Hand #254634847288:  Hold'em No Limit ($0.50/$1.00 USD) - 2025/01/31 10:32:01 WET [2025/01/31 5:32:01 ET]
Table 'Musca' 6-max Seat #5 is the button
Seat 1: VahTang_89 ($100 in chips) 
Seat 2: Y_19 ($100 in chips) 
Seat 3: SimonD10200 ($127.05 in chips) 
Seat 4: Espada Fish ($101.50 in chips) 
Seat 5: antey89 ($100 in chips) 
Seat 6: Emily_GetMan ($100 in chips) 
Emily_GetMan: posts small blind $0.50
VahTang_89: posts big blind $1
*** HOLE CARDS ***
Y_19: folds 
SimonD10200: folds 
Espada Fish: raises $1.20 to $2.20
antey89: folds 
Emily_GetMan: raises $9.30 to $11.50
VahTang_89: folds 
Espada Fish: folds 
Uncalled bet ($9.30) returned to Emily_GetMan
Emily_GetMan collected $5.40 from pot
Emily_GetMan: doesn't show hand 
*** SUMMARY ***
Total pot $5.40 | Rake $0 
Seat 1: VahTang_89 (big blind) folded before Flop
Seat 2: Y_19 folded before Flop (didn't bet)
Seat 3: SimonD10200 folded before Flop (didn't bet)
Seat 4: Espada Fish folded before Flop
Seat 5: antey89 (button) folded before Flop (didn't bet)
Seat 6: Emily_GetMan (small blind) collected ($5.40)



PokerStars Hand #254634851252:  Hold'em No Limit ($0.50/$1.00 USD) - 2025/01/31 10:32:37 WET [2025/01/31 5:32:37 ET]
Table 'Musca' 6-max Seat #6 is the button
Seat 1: VahTang_89 ($100 in chips) 
Seat 2: Y_19 ($100 in chips) 
Seat 3: SimonD10200 ($127.05 in chips) 
Seat 4: Espada Fish ($100 in chips) 
Seat 5: antey89 ($100 in chips) 
Seat 6: Emily_GetMan ($103.20 in chips) 
VahTang_89: posts small blind $0.50
Y_19: posts big blind $1
*** HOLE CARDS ***
SimonD10200: raises $2 to $3
Espada Fish: folds 
antey89: folds 
Emily_GetMan: folds 
VahTang_89: folds 
Y_19: folds 
Uncalled bet ($2) returned to SimonD10200
SimonD10200 collected $2.50 from pot
*** SUMMARY ***
Total pot $2.50 | Rake $0 
Seat 1: VahTang_89 (small blind) folded before Flop
Seat 2: Y_19 (big blind) folded before Flop
Seat 3: SimonD10200 collected ($2.50)
Seat 4: Espada Fish folded before Flop (didn't bet)
Seat 5: antey89 folded before Flop (didn't bet)
Seat 6: Emily_GetMan (button) folded before Flop (didn't bet)



PokerStars Hand #254634853800:  Hold'em No Limit ($0.50/$1.00 USD) - 2025/01/31 10:33:01 WET [2025/01/31 5:33:01 ET]
Table 'Musca' 6-max Seat #1 is the button
Seat 1: VahTang_89 ($100 in chips) 
Seat 2: Y_19 ($100 in chips) 
Seat 3: SimonD10200 ($128.55 in chips) 
Seat 4: Espada Fish ($100 in chips) 
Seat 5: antey89 ($100 in chips) 
Seat 6: Emily_GetMan ($103.20 in chips) 
Y_19: posts small blind $0.50
SimonD10200: posts big blind $1
*** HOLE CARDS ***
Espada Fish: folds 
antey89: folds 
Emily_GetMan: raises $1 to $2
VahTang_89: folds 
Y_19: raises $8 to $10
SimonD10200: folds 
Emily_GetMan: folds 
Uncalled bet ($8) returned to Y_19
Y_19 collected $5 from pot
Y_19: doesn't show hand 
*** SUMMARY ***
Total pot $5 | Rake $0 
Seat 1: VahTang_89 (button) folded before Flop (didn't bet)
Seat 2: Y_19 (small blind) collected ($5)
Seat 3: SimonD10200 (big blind) folded before Flop
Seat 4: Espada Fish folded before Flop (didn't bet)
Seat 5: antey89 folded before Flop (didn't bet)
Seat 6: Emily_GetMan folded before Flop



PokerStars Hand #254634856054:  Hold'em No Limit ($0.50/$1.00 USD) - 2025/01/31 10:33:21 WET [2025/01/31 5:33:21 ET]
Table 'Musca' 6-max Seat #2 is the button
Seat 1: VahTang_89 ($100 in chips) 
Seat 2: Y_19 ($103 in chips) 
Seat 3: SimonD10200 ($127.55 in chips) 
Seat 4: Espada Fish ($100 in chips) 
Seat 5: antey89 ($100 in chips) 
Seat 6: Emily_GetMan ($101.20 in chips) 
SimonD10200: posts small blind $0.50
Espada Fish: posts big blind $1
*** HOLE CARDS ***
antey89: folds 
Emily_GetMan: folds 
VahTang_89: folds 
Y_19: raises $1.23 to $2.23
SimonD10200: folds 
Espada Fish: folds 
Uncalled bet ($1.23) returned to Y_19
Y_19 collected $2.50 from pot
Y_19: doesn't show hand 
*** SUMMARY ***
Total pot $2.50 | Rake $0 
Seat 1: VahTang_89 folded before Flop (didn't bet)
Seat 2: Y_19 (button) collected ($2.50)
Seat 3: SimonD10200 (small blind) folded before Flop
Seat 4: Espada Fish (big blind) folded before Flop
Seat 5: antey89 folded before Flop (didn't bet)
Seat 6: Emily_GetMan folded before Flop (didn't bet)



PokerStars Hand #254634857571:  Hold'em No Limit ($0.50/$1.00 USD) - 2025/01/31 10:33:35 WET [2025/01/31 5:33:35 ET]
Table 'Musca' 6-max Seat #3 is the button
Seat 1: VahTang_89 ($100 in chips) 
Seat 2: Y_19 ($104.50 in chips) 
Seat 3: SimonD10200 ($127.05 in chips) 
Seat 4: Espada Fish ($100 in chips) 
Seat 5: antey89 ($100 in chips) 
Seat 6: Emily_GetMan ($101.20 in chips) 
Espada Fish: posts small blind $0.50
antey89: posts big blind $1
*** HOLE CARDS ***
Emily_GetMan: folds 
VahTang_89: folds 
Y_19: folds 
SimonD10200: folds 
Espada Fish: folds 
Uncalled bet ($0.50) returned to antey89
antey89 collected $1 from pot
antey89: doesn't show hand 
*** SUMMARY ***
Total pot $1 | Rake $0 
Seat 1: VahTang_89 folded before Flop (didn't bet)
Seat 2: Y_19 folded before Flop (didn't bet)
Seat 3: SimonD10200 (button) folded before Flop (didn't bet)
Seat 4: Espada Fish (small blind) folded before Flop
Seat 5: antey89 (big blind) collected ($1)
Seat 6: Emily_GetMan folded before Flop (didn't bet)



PokerStars Hand #254634858334:  Hold'em No Limit ($0.50/$1.00 USD) - 2025/01/31 10:33:42 WET [2025/01/31 5:33:42 ET]
Table 'Musca' 6-max Seat #4 is the button
Seat 1: VahTang_89 ($100 in chips) 
Seat 2: Y_19 ($104.50 in chips) 
Seat 3: SimonD10200 ($127.05 in chips) 
Seat 4: Espada Fish ($100 in chips) 
Seat 5: antey89 ($100.50 in chips) 
Seat 6: Emily_GetMan ($101.20 in chips) 
antey89: posts small blind $0.50
Emily_GetMan: posts big blind $1
*** HOLE CARDS ***
VahTang_89: folds 
Y_19: folds 
SimonD10200: raises $2 to $3
Espada Fish: folds 
antey89: folds 
Emily_GetMan: folds 
Uncalled bet ($2) returned to SimonD10200
SimonD10200 collected $2.50 from pot
*** SUMMARY ***
Total pot $2.50 | Rake $0 
Seat 1: VahTang_89 folded before Flop (didn't bet)
Seat 2: Y_19 folded before Flop (didn't bet)
Seat 3: SimonD10200 collected ($2.50)
Seat 4: Espada Fish (button) folded before Flop (didn't bet)
Seat 5: antey89 (small blind) folded before Flop
Seat 6: Emily_GetMan (big blind) folded before Flop



PokerStars Hand #254634860246:  Hold'em No Limit ($0.50/$1.00 USD) - 2025/01/31 10:33:59 WET [2025/01/31 5:33:59 ET]
Table 'Musca' 6-max Seat #5 is the button
Seat 1: VahTang_89 ($100 in chips) 
Seat 2: Y_19 ($104.50 in chips) 
Seat 3: SimonD10200 ($128.55 in chips) 
Seat 4: Espada Fish ($100 in chips) 
Seat 5: antey89 ($100 in chips) 
Seat 6: Emily_GetMan ($100.20 in chips) 
Emily_GetMan: posts small blind $0.50
VahTang_89: posts big blind $1
*** HOLE CARDS ***
Y_19: folds 
SimonD10200: folds 
Espada Fish: folds 
antey89: raises $1.50 to $2.50
Emily_GetMan: folds 
VahTang_89: calls $1.50
*** FLOP *** [7c 6s Jc]
VahTang_89: checks 
antey89: bets $3.39
VahTang_89: calls $3.39
*** TURN *** [7c 6s Jc] [6c]
VahTang_89: checks 
antey89: bets $7.59
VahTang_89: folds 
Uncalled bet ($7.59) returned to antey89
antey89 collected $11.67 from pot
antey89: doesn't show hand 
*** SUMMARY ***
Total pot $12.28 | Rake $0.61 
Board [7c 6s Jc 6c]
Seat 1: VahTang_89 (big blind) folded on the Turn
Seat 2: Y_19 folded before Flop (didn't bet)
Seat 3: SimonD10200 folded before Flop (didn't bet)
Seat 4: Espada Fish folded before Flop (didn't bet)
Seat 5: antey89 (button) collected ($11.67)
Seat 6: Emily_GetMan (small blind) folded before Flop



PokerStars Hand #254634867082:  Hold'em No Limit ($0.50/$1.00 USD) - 2025/01/31 10:35:03 WET [2025/01/31 5:35:03 ET]
Table 'Musca' 6-max Seat #6 is the button
Seat 1: VahTang_89 ($100 in chips) 
Seat 2: Y_19 ($104.50 in chips) 
Seat 3: SimonD10200 ($128.55 in chips) 
Seat 4: Espada Fish ($100 in chips) 
Seat 5: antey89 ($105.78 in chips) 
Seat 6: Emily_GetMan ($100 in chips) 
VahTang_89: posts small blind $0.50
Y_19: posts big blind $1
*** HOLE CARDS ***
SimonD10200: raises $1 to $2
Espada Fish: folds 
antey89: folds 
Emily_GetMan: folds 
VahTang_89: folds 
Y_19: calls $1
*** FLOP *** [Ks Td Kc]
Y_19: checks 
SimonD10200: checks 
*** TURN *** [Ks Td Kc] [9s]
Y_19: checks 
SimonD10200: checks 
*** RIVER *** [Ks Td Kc 9s] [3s]
Y_19: checks 
SimonD10200: checks 
*** SHOW DOWN ***
Y_19: shows [4c Ac] (a pair of Kings)
SimonD10200: shows [5c 9c] (two pair, Kings and Nines)
SimonD10200 collected $4.28 from pot
*** SUMMARY ***
Total pot $4.50 | Rake $0.22 
Board [Ks Td Kc 9s 3s]
Seat 1: VahTang_89 (small blind) folded before Flop
Seat 2: Y_19 (big blind) showed [4c Ac] and lost with a pair of Kings
Seat 3: SimonD10200 showed [5c 9c] and won ($4.28) with two pair, Kings and Nines
Seat 4: Espada Fish folded before Flop (didn't bet)
Seat 5: antey89 folded before Flop (didn't bet)
Seat 6: Emily_GetMan (button) folded before Flop (didn't bet)



PokerStars Hand #254634870191:  Hold'em No Limit ($0.50/$1.00 USD) - 2025/01/31 10:35:31 WET [2025/01/31 5:35:31 ET]
Table 'Musca' 6-max Seat #1 is the button
Seat 1: VahTang_89 ($100 in chips) 
Seat 2: Y_19 ($102.50 in chips) 
Seat 3: SimonD10200 ($130.83 in chips) 
Seat 4: Espada Fish ($100 in chips) 
Seat 5: antey89 ($105.78 in chips) 
Seat 6: Emily_GetMan ($100 in chips) 
Y_19: posts small blind $0.50
SimonD10200: posts big blind $1
*** HOLE CARDS ***
Espada Fish: raises $1.20 to $2.20
antey89: folds 
Emily_GetMan: folds 
VahTang_89: raises $4.80 to $7
Y_19: folds 
SimonD10200: folds 
Espada Fish: raises $14 to $21
VahTang_89: raises $79 to $100 and is all-in
Espada Fish: calls $79 and is all-in
*** FLOP *** [4c 7d 5s]
*** TURN *** [4c 7d 5s] [8c]
*** RIVER *** [4c 7d 5s 8c] [9s]
*** SHOW DOWN ***
Espada Fish: shows [Kd Ac] (high card Ace)
VahTang_89: shows [Ks Ad] (high card Ace)
Espada Fish collected $99.50 from pot
VahTang_89 collected $99.50 from pot
*** SUMMARY ***
Total pot $201.50 | Rake $2.50 
Board [4c 7d 5s 8c 9s]
Seat 1: VahTang_89 (button) showed [Ks Ad] and won ($99.50) with high card Ace
Seat 2: Y_19 (small blind) folded before Flop
Seat 3: SimonD10200 (big blind) folded before Flop
Seat 4: Espada Fish showed [Kd Ac] and won ($99.50) with high card Ace
Seat 5: antey89 folded before Flop (didn't bet)
Seat 6: Emily_GetMan folded before Flop (didn't bet)



PokerStars Hand #254634875991:  Hold'em No Limit ($0.50/$1.00 USD) - 2025/01/31 10:36:25 WET [2025/01/31 5:36:25 ET]
Table 'Musca' 6-max Seat #2 is the button
Seat 1: VahTang_89 ($100 in chips) 
Seat 2: Y_19 ($102 in chips) 
Seat 3: SimonD10200 ($129.83 in chips) 
Seat 4: Espada Fish ($100 in chips) 
Seat 5: antey89 ($105.78 in chips) 
Seat 6: Emily_GetMan ($100 in chips) 
SimonD10200: posts small blind $0.50
Espada Fish: posts big blind $1
*** HOLE CARDS ***
antey89: folds 
Emily_GetMan: raises $1 to $2
VahTang_89: folds 
Y_19: folds 
SimonD10200: folds 
Espada Fish: folds 
Uncalled bet ($1) returned to Emily_GetMan
Emily_GetMan collected $2.50 from pot
Emily_GetMan: doesn't show hand 
*** SUMMARY ***
Total pot $2.50 | Rake $0 
Seat 1: VahTang_89 folded before Flop (didn't bet)
Seat 2: Y_19 (button) folded before Flop (didn't bet)
Seat 3: SimonD10200 (small blind) folded before Flop
Seat 4: Espada Fish (big blind) folded before Flop
Seat 5: antey89 folded before Flop (didn't bet)
Seat 6: Emily_GetMan collected ($2.50)



PokerStars Hand #254634878716:  Hold'em No Limit ($0.50/$1.00 USD) - 2025/01/31 10:36:49 WET [2025/01/31 5:36:49 ET]
Table 'Musca' 6-max Seat #3 is the button
Seat 5: antey89 ($105.78 in chips) is sitting out
Seat 1: VahTang_89 ($100 in chips) 
Seat 2: Y_19 ($102 in chips) 
Seat 3: SimonD10200 ($129.33 in chips) 
Seat 4: Espada Fish ($100 in chips) 
Seat 6: Emily_GetMan ($101.50 in chips) 
Espada Fish: posts small blind $0.50
antey89: is sitting out 
Emily_GetMan: posts big blind $1
*** HOLE CARDS ***
antey89 leaves the table
VahTang_89: folds 
raiseinthedarkk joins the table at seat #5 
Y_19: folds 
SimonD10200: raises $2.50 to $3.50
Espada Fish: folds 
Emily_GetMan: calls $2.50
*** FLOP *** [4d Ad 5c]
Emily_GetMan: checks 
SimonD10200: bets $3.56
Emily_GetMan: calls $3.56
*** TURN *** [4d Ad 5c] [9c]
Emily_GetMan: checks 
SimonD10200: bets $6.95
Emily_GetMan: calls $6.95
*** RIVER *** [4d Ad 5c 9c] [4c]
Emily_GetMan: checks 
SimonD10200: bets $27.09
Emily_GetMan: folds 
Uncalled bet ($27.09) returned to SimonD10200
SimonD10200 collected $27.09 from pot
*** SUMMARY ***
Total pot $28.52 | Rake $1.43 
Board [4d Ad 5c 9c 4c]
Seat 5: antey89
Seat 1: VahTang_89 folded before Flop (didn't bet)
Seat 2: Y_19 folded before Flop (didn't bet)
Seat 3: SimonD10200 (button) collected ($27.09)
Seat 4: Espada Fish (small blind) folded before Flop
Seat 6: Emily_GetMan (big blind) folded on the River



PokerStars Hand #254634882506:  Hold'em No Limit ($0.50/$1.00 USD) - 2025/01/31 10:37:23 WET [2025/01/31 5:37:23 ET]
Table 'Musca' 6-max Seat #4 is the button
Seat 5: raiseinthedarkk ($100 in chips) is sitting out
Seat 1: VahTang_89 ($100 in chips) 
Seat 2: Y_19 ($102 in chips) 
Seat 3: SimonD10200 ($142.41 in chips) 
Seat 4: Espada Fish ($100 in chips) 
Seat 6: Emily_GetMan ($100 in chips) 
Emily_GetMan: posts small blind $0.50
VahTang_89: posts big blind $1
*** HOLE CARDS ***
Y_19: folds 
SimonD10200: raises $2 to $3
Espada Fish: folds 
Emily_GetMan: raises $10 to $13
VahTang_89: folds 
SimonD10200: folds 
Uncalled bet ($10) returned to Emily_GetMan
Emily_GetMan collected $7 from pot
Emily_GetMan: doesn't show hand 
*** SUMMARY ***
Total pot $7 | Rake $0 
Seat 5: raiseinthedarkk
Seat 1: VahTang_89 (big blind) folded before Flop
Seat 2: Y_19 folded before Flop (didn't bet)
Seat 3: SimonD10200 folded before Flop
Seat 4: Espada Fish (button) folded before Flop (didn't bet)
Seat 6: Emily_GetMan (small blind) collected ($7)



PokerStars Hand #254634884907:  Hold'em No Limit ($0.50/$1.00 USD) - 2025/01/31 10:37:45 WET [2025/01/31 5:37:45 ET]
Table 'Musca' 6-max Seat #6 is the button
Seat 5: raiseinthedarkk ($100 in chips) is sitting out
Seat 1: VahTang_89 ($100 in chips) 
Seat 2: Y_19 ($102 in chips) 
Seat 3: SimonD10200 ($139.41 in chips) 
Seat 4: Espada Fish ($100 in chips) 
Seat 6: Emily_GetMan ($104 in chips) 
VahTang_89: posts small blind $0.50
Y_19: posts big blind $1
raiseinthedarkk: sits out 
*** HOLE CARDS ***
SimonD10200: folds 
Espada Fish: folds 
Emily_GetMan: raises $1.50 to $2.50
VahTang_89: raises $9 to $11.50
Y_19: folds 
Emily_GetMan: folds 
Uncalled bet ($9) returned to VahTang_89
VahTang_89 collected $6 from pot
VahTang_89: doesn't show hand 
*** SUMMARY ***
Total pot $6 | Rake $0 
Seat 5: raiseinthedarkk
Seat 1: VahTang_89 (small blind) collected ($6)
Seat 2: Y_19 (big blind) folded before Flop
Seat 3: SimonD10200 folded before Flop (didn't bet)
Seat 4: Espada Fish folded before Flop (didn't bet)
Seat 6: Emily_GetMan (button) folded before Flop



PokerStars Hand #254634886887:  Hold'em No Limit ($0.50/$1.00 USD) - 2025/01/31 10:38:03 WET [2025/01/31 5:38:03 ET]
Table 'Musca' 6-max Seat #1 is the button
Seat 5: raiseinthedarkk ($100 in chips) is sitting out
Seat 1: VahTang_89 ($103.50 in chips) 
Seat 2: Y_19 ($101 in chips) 
Seat 3: SimonD10200 ($139.41 in chips) 
Seat 4: Espada Fish ($100 in chips) 
Seat 6: Emily_GetMan ($101.50 in chips) 
Y_19: posts small blind $0.50
SimonD10200: posts big blind $1
raiseinthedarkk: sits out 
*** HOLE CARDS ***
Espada Fish: raises $1.20 to $2.20
Emily_GetMan: folds 
VahTang_89: folds 
Y_19: folds 
SimonD10200: calls $1.20
*** FLOP *** [2c 8c 2h]
SimonD10200: checks 
Espada Fish: checks 
*** TURN *** [2c 8c 2h] [5d]
SimonD10200: bets $2.33
Espada Fish: calls $2.33
*** RIVER *** [2c 8c 2h 5d] [8h]
SimonD10200: checks 
Espada Fish: checks 
*** SHOW DOWN ***
SimonD10200: shows [7s 6d] (two pair, Eights and Deuces)
Espada Fish: shows [Qd Ad] (two pair, Eights and Deuces - Ace kicker)
Espada Fish collected $9.08 from pot
*** SUMMARY ***
Total pot $9.56 | Rake $0.48 
Board [2c 8c 2h 5d 8h]
Seat 5: raiseinthedarkk
Seat 1: VahTang_89 (button) folded before Flop (didn't bet)
Seat 2: Y_19 (small blind) folded before Flop
Seat 3: SimonD10200 (big blind) showed [7s 6d] and lost with two pair, Eights and Deuces
Seat 4: Espada Fish showed [Qd Ad] and won ($9.08) with two pair, Eights and Deuces
Seat 6: Emily_GetMan folded before Flop (didn't bet)



PokerStars Hand #254634892826:  Hold'em No Limit ($0.50/$1.00 USD) - 2025/01/31 10:38:57 WET [2025/01/31 5:38:57 ET]
Table 'Musca' 6-max Seat #2 is the button
Seat 5: raiseinthedarkk ($100 in chips) is sitting out
Seat 1: VahTang_89 ($103.50 in chips) 
Seat 2: Y_19 ($100.50 in chips) 
Seat 3: SimonD10200 ($134.88 in chips) 
Seat 4: Espada Fish ($104.55 in chips) 
Seat 6: Emily_GetMan ($101.50 in chips) 
SimonD10200: posts small blind $0.50
Espada Fish: posts big blind $1
raiseinthedarkk: sits out 
*** HOLE CARDS ***
Emily_GetMan: folds 
VahTang_89: raises $1.20 to $2.20
Y_19: folds 
SimonD10200: folds 
Espada Fish: folds 
Uncalled bet ($1.20) returned to VahTang_89
VahTang_89 collected $2.50 from pot
VahTang_89: doesn't show hand 
*** SUMMARY ***
Total pot $2.50 | Rake $0 
Seat 5: raiseinthedarkk
Seat 1: VahTang_89 collected ($2.50)
Seat 2: Y_19 (button) folded before Flop (didn't bet)
Seat 3: SimonD10200 (small blind) folded before Flop
Seat 4: Espada Fish (big blind) folded before Flop
Seat 6: Emily_GetMan folded before Flop (didn't bet)



PokerStars Hand #254634893903:  Hold'em No Limit ($0.50/$1.00 USD) - 2025/01/31 10:39:07 WET [2025/01/31 5:39:07 ET]
Table 'Musca' 6-max Seat #3 is the button
Seat 1: VahTang_89 ($105 in chips) 
Seat 2: Y_19 ($100.50 in chips) 
Seat 3: SimonD10200 ($134.38 in chips) 
Seat 4: Espada Fish ($103.55 in chips) 
Seat 5: raiseinthedarkk ($100 in chips) 
Seat 6: Emily_GetMan ($101.50 in chips) 
Espada Fish: posts small blind $0.50
raiseinthedarkk: posts big blind $1
*** HOLE CARDS ***
Emily_GetMan: folds 
VahTang_89: folds 
Y_19: folds 
SimonD10200: folds 
Espada Fish: raises $2 to $3
raiseinthedarkk: raises $6 to $9
Espada Fish: folds 
Uncalled bet ($6) returned to raiseinthedarkk
raiseinthedarkk collected $6 from pot
raiseinthedarkk: doesn't show hand 
*** SUMMARY ***
Total pot $6 | Rake $0 
Seat 1: VahTang_89 folded before Flop (didn't bet)
Seat 2: Y_19 folded before Flop (didn't bet)
Seat 3: SimonD10200 (button) folded before Flop (didn't bet)
Seat 4: Espada Fish (small blind) folded before Flop
Seat 5: raiseinthedarkk (big blind) collected ($6)
Seat 6: Emily_GetMan folded before Flop (didn't bet)



PokerStars Hand #254634896626:  Hold'em No Limit ($0.50/$1.00 USD) - 2025/01/31 10:39:32 WET [2025/01/31 5:39:32 ET]
Table 'Musca' 6-max Seat #4 is the button
Seat 1: VahTang_89 ($105 in chips) 
Seat 2: Y_19 ($100.50 in chips) 
Seat 3: SimonD10200 ($134.38 in chips) 
Seat 4: Espada Fish ($100.55 in chips) 
Seat 5: raiseinthedarkk ($103 in chips) 
Seat 6: Emily_GetMan ($101.50 in chips) 
raiseinthedarkk: posts small blind $0.50
Emily_GetMan: posts big blind $1
*** HOLE CARDS ***
VahTang_89: folds 
Y_19: raises $1.23 to $2.23
SimonD10200: calls $2.23
Espada Fish: folds 
raiseinthedarkk: folds 
Emily_GetMan: calls $1.23
*** FLOP *** [Kc 7d 2c]
Emily_GetMan: checks 
Y_19: checks 
SimonD10200: bets $4.42
Emily_GetMan: calls $4.42
Y_19: folds 
*** TURN *** [Kc 7d 2c] [As]
Emily_GetMan: checks 
SimonD10200: bets $9.62
Emily_GetMan: calls $9.62
*** RIVER *** [Kc 7d 2c As] [7s]
Emily_GetMan: checks 
SimonD10200: bets $18.76
Emily_GetMan: calls $18.76
*** SHOW DOWN ***
SimonD10200: shows [5c Qc] (a pair of Sevens)
Emily_GetMan: shows [4d Kd] (two pair, Kings and Sevens)
Emily_GetMan collected $70.29 from pot
*** SUMMARY ***
Total pot $72.79 | Rake $2.50 
Board [Kc 7d 2c As 7s]
Seat 1: VahTang_89 folded before Flop (didn't bet)
Seat 2: Y_19 folded on the Flop
Seat 3: SimonD10200 showed [5c Qc] and lost with a pair of Sevens
Seat 4: Espada Fish (button) folded before Flop (didn't bet)
Seat 5: raiseinthedarkk (small blind) folded before Flop
Seat 6: Emily_GetMan (big blind) showed [4d Kd] and won ($70.29) with two pair, Kings and Sevens



PokerStars Hand #254634904315:  Hold'em No Limit ($0.50/$1.00 USD) - 2025/01/31 10:40:42 WET [2025/01/31 5:40:42 ET]
Table 'Musca' 6-max Seat #5 is the button
Seat 1: VahTang_89 ($105 in chips) 
Seat 2: Y_19 ($100 in chips) 
Seat 3: SimonD10200 ($99.35 in chips) 
Seat 4: Espada Fish ($100.55 in chips) 
Seat 5: raiseinthedarkk ($102.50 in chips) 
Seat 6: Emily_GetMan ($136.76 in chips) 
Emily_GetMan: posts small blind $0.50
VahTang_89: posts big blind $1
*** HOLE CARDS ***
Y_19: folds 
SimonD10200: folds 
Espada Fish: folds 
raiseinthedarkk: raises $1 to $2
Emily_GetMan: folds 
VahTang_89: folds 
Uncalled bet ($1) returned to raiseinthedarkk
raiseinthedarkk collected $2.50 from pot
raiseinthedarkk: doesn't show hand 
*** SUMMARY ***
Total pot $2.50 | Rake $0 
Seat 1: VahTang_89 (big blind) folded before Flop
Seat 2: Y_19 folded before Flop (didn't bet)
Seat 3: SimonD10200 folded before Flop (didn't bet)
Seat 4: Espada Fish folded before Flop (didn't bet)
Seat 5: raiseinthedarkk (button) collected ($2.50)
Seat 6: Emily_GetMan (small blind) folded before Flop



PokerStars Hand #254634905946:  Hold'em No Limit ($0.50/$1.00 USD) - 2025/01/31 10:40:57 WET [2025/01/31 5:40:57 ET]
Table 'Musca' 6-max Seat #6 is the button
Seat 1: VahTang_89 ($104 in chips) 
Seat 2: Y_19 ($100 in chips) 
Seat 3: SimonD10200 ($99.35 in chips) 
Seat 4: Espada Fish ($100.55 in chips) 
Seat 5: raiseinthedarkk ($104 in chips) 
Seat 6: Emily_GetMan ($136.26 in chips) 
VahTang_89: posts small blind $0.50
Y_19: posts big blind $1
*** HOLE CARDS ***
SimonD10200: raises $2.50 to $3.50
Espada Fish: folds 
raiseinthedarkk: folds 
Emily_GetMan: raises $7 to $10.50
VahTang_89: folds 
Y_19: folds 
SimonD10200: calls $7
*** FLOP *** [Ah 3s Ks]
SimonD10200: bets $10.69
Emily_GetMan: folds 
Uncalled bet ($10.69) returned to SimonD10200
SimonD10200 collected $21.38 from pot
*** SUMMARY ***
Total pot $22.50 | Rake $1.12 
Board [Ah 3s Ks]
Seat 1: VahTang_89 (small blind) folded before Flop
Seat 2: Y_19 (big blind) folded before Flop
Seat 3: SimonD10200 collected ($21.38)
Seat 4: Espada Fish folded before Flop (didn't bet)
Seat 5: raiseinthedarkk folded before Flop (didn't bet)
Seat 6: Emily_GetMan (button) folded on the Flop



PokerStars Hand #254634910265:  Hold'em No Limit ($0.50/$1.00 USD) - 2025/01/31 10:41:36 WET [2025/01/31 5:41:36 ET]
Table 'Musca' 6-max Seat #1 is the button
Seat 1: VahTang_89 ($103.50 in chips) 
Seat 2: Y_19 ($100 in chips) 
Seat 3: SimonD10200 ($110.23 in chips) 
Seat 4: Espada Fish ($100.55 in chips) 
Seat 5: raiseinthedarkk ($104 in chips) 
Seat 6: Emily_GetMan ($125.76 in chips) 
Y_19: posts small blind $0.50
SimonD10200: posts big blind $1
*** HOLE CARDS ***
Espada Fish: folds 
raiseinthedarkk: folds 
Emily_GetMan: folds 
VahTang_89: raises $1.20 to $2.20
Y_19: raises $9.30 to $11.50
SimonD10200: folds 
VahTang_89: folds 
Uncalled bet ($9.30) returned to Y_19
Y_19 collected $5.40 from pot
Y_19: doesn't show hand 
*** SUMMARY ***
Total pot $5.40 | Rake $0 
Seat 1: VahTang_89 (button) folded before Flop
Seat 2: Y_19 (small blind) collected ($5.40)
Seat 3: SimonD10200 (big blind) folded before Flop
Seat 4: Espada Fish folded before Flop (didn't bet)
Seat 5: raiseinthedarkk folded before Flop (didn't bet)
Seat 6: Emily_GetMan folded before Flop (didn't bet)



PokerStars Hand #254634913362:  Hold'em No Limit ($0.50/$1.00 USD) - 2025/01/31 10:42:03 WET [2025/01/31 5:42:03 ET]
Table 'Musca' 6-max Seat #2 is the button
Seat 1: VahTang_89 ($101.30 in chips) 
Seat 2: Y_19 ($103.20 in chips) 
Seat 3: SimonD10200 ($109.23 in chips) 
Seat 4: Espada Fish ($100.55 in chips) 
Seat 5: raiseinthedarkk ($104 in chips) 
Seat 6: Emily_GetMan ($125.76 in chips) 
SimonD10200: posts small blind $0.50
Espada Fish: posts big blind $1
*** HOLE CARDS ***
raiseinthedarkk: folds 
Emily_GetMan: folds 
VahTang_89: folds 
Y_19: raises $1.23 to $2.23
SimonD10200: folds 
Espada Fish: calls $1.23
*** FLOP *** [Ac Ad 9c]
Espada Fish: checks 
Y_19: bets $1.55
Espada Fish: folds 
Uncalled bet ($1.55) returned to Y_19
Y_19 collected $4.71 from pot
Y_19: doesn't show hand 
*** SUMMARY ***
Total pot $4.96 | Rake $0.25 
Board [Ac Ad 9c]
Seat 1: VahTang_89 folded before Flop (didn't bet)
Seat 2: Y_19 (button) collected ($4.71)
Seat 3: SimonD10200 (small blind) folded before Flop
Seat 4: Espada Fish (big blind) folded on the Flop
Seat 5: raiseinthedarkk folded before Flop (didn't bet)
Seat 6: Emily_GetMan folded before Flop (didn't bet)



PokerStars Hand #254634917645:  Hold'em No Limit ($0.50/$1.00 USD) - 2025/01/31 10:42:41 WET [2025/01/31 5:42:41 ET]
Table 'Musca' 6-max Seat #3 is the button
Seat 1: VahTang_89 ($101.30 in chips) 
Seat 2: Y_19 ($105.68 in chips) 
Seat 3: SimonD10200 ($108.73 in chips) 
Seat 4: Espada Fish ($100 in chips) 
Seat 5: raiseinthedarkk ($104 in chips) 
Seat 6: Emily_GetMan ($125.76 in chips) 
Espada Fish: posts small blind $0.50
raiseinthedarkk: posts big blind $1
*** HOLE CARDS ***
Emily_GetMan: raises $1 to $2
VahTang_89: folds 
Y_19: folds 
SimonD10200: folds 
Espada Fish: folds 
raiseinthedarkk: folds 
Uncalled bet ($1) returned to Emily_GetMan
Emily_GetMan collected $2.50 from pot
Emily_GetMan: doesn't show hand 
*** SUMMARY ***
Total pot $2.50 | Rake $0 
Seat 1: VahTang_89 folded before Flop (didn't bet)
Seat 2: Y_19 folded before Flop (didn't bet)
Seat 3: SimonD10200 (button) folded before Flop (didn't bet)
Seat 4: Espada Fish (small blind) folded before Flop
Seat 5: raiseinthedarkk (big blind) folded before Flop
Seat 6: Emily_GetMan collected ($2.50)



PokerStars Hand #254634918798:  Hold'em No Limit ($0.50/$1.00 USD) - 2025/01/31 10:42:52 WET [2025/01/31 5:42:52 ET]
Table 'Musca' 6-max Seat #4 is the button
Seat 1: VahTang_89 ($101.30 in chips) 
Seat 2: Y_19 ($105.68 in chips) 
Seat 3: SimonD10200 ($108.73 in chips) 
Seat 4: Espada Fish ($100 in chips) 
Seat 5: raiseinthedarkk ($103 in chips) 
Seat 6: Emily_GetMan ($127.26 in chips) 
raiseinthedarkk: posts small blind $0.50
Emily_GetMan: posts big blind $1
*** HOLE CARDS ***
VahTang_89: folds 
Y_19: folds 
SimonD10200: raises $2 to $3
Espada Fish: folds 
raiseinthedarkk: folds 
Emily_GetMan: folds 
Uncalled bet ($2) returned to SimonD10200
SimonD10200 collected $2.50 from pot
*** SUMMARY ***
Total pot $2.50 | Rake $0 
Seat 1: VahTang_89 folded before Flop (didn't bet)
Seat 2: Y_19 folded before Flop (didn't bet)
Seat 3: SimonD10200 collected ($2.50)
Seat 4: Espada Fish (button) folded before Flop (didn't bet)
Seat 5: raiseinthedarkk (small blind) folded before Flop
Seat 6: Emily_GetMan (big blind) folded before Flop



PokerStars Hand #254634920977:  Hold'em No Limit ($0.50/$1.00 USD) - 2025/01/31 10:43:11 WET [2025/01/31 5:43:11 ET]
Table 'Musca' 6-max Seat #5 is the button
Seat 1: VahTang_89 ($101.30 in chips) 
Seat 2: Y_19 ($105.68 in chips) 
Seat 3: SimonD10200 ($110.23 in chips) 
Seat 4: Espada Fish ($100 in chips) 
Seat 5: raiseinthedarkk ($102.50 in chips) 
Seat 6: Emily_GetMan ($126.26 in chips) 
Emily_GetMan: posts small blind $0.50
VahTang_89: posts big blind $1
*** HOLE CARDS ***
Y_19: folds 
SimonD10200: folds 
Espada Fish: folds 
raiseinthedarkk: folds 
Emily_GetMan: folds 
Uncalled bet ($0.50) returned to VahTang_89
VahTang_89 collected $1 from pot
VahTang_89: doesn't show hand 
*** SUMMARY ***
Total pot $1 | Rake $0 
Seat 1: VahTang_89 (big blind) collected ($1)
Seat 2: Y_19 folded before Flop (didn't bet)
Seat 3: SimonD10200 folded before Flop (didn't bet)
Seat 4: Espada Fish folded before Flop (didn't bet)
Seat 5: raiseinthedarkk (button) folded before Flop (didn't bet)
Seat 6: Emily_GetMan (small blind) folded before Flop



PokerStars Hand #254634922197:  Hold'em No Limit ($0.50/$1.00 USD) - 2025/01/31 10:43:22 WET [2025/01/31 5:43:22 ET]
Table 'Musca' 6-max Seat #6 is the button
Seat 1: VahTang_89 ($101.80 in chips) 
Seat 2: Y_19 ($105.68 in chips) 
Seat 3: SimonD10200 ($110.23 in chips) 
Seat 4: Espada Fish ($100 in chips) 
Seat 5: raiseinthedarkk ($102.50 in chips) 
Seat 6: Emily_GetMan ($125.76 in chips) 
VahTang_89: posts small blind $0.50
Y_19: posts big blind $1
*** HOLE CARDS ***
SimonD10200: folds 
Espada Fish: folds 
raiseinthedarkk: folds 
Emily_GetMan: raises $1.50 to $2.50
VahTang_89: folds 
Y_19: calls $1.50
*** FLOP *** [8c Jd 6s]
Y_19: checks 
Emily_GetMan: checks 
*** TURN *** [8c Jd 6s] [4s]
Y_19: checks 
Emily_GetMan: checks 
*** RIVER *** [8c Jd 6s 4s] [5s]
Y_19: checks 
Emily_GetMan: checks 
*** SHOW DOWN ***
Y_19: shows [2s 2c] (a pair of Deuces)
Emily_GetMan: mucks hand 
Y_19 collected $5.22 from pot
*** SUMMARY ***
Total pot $5.50 | Rake $0.28 
Board [8c Jd 6s 4s 5s]
Seat 1: VahTang_89 (small blind) folded before Flop
Seat 2: Y_19 (big blind) showed [2s 2c] and won ($5.22) with a pair of Deuces
Seat 3: SimonD10200 folded before Flop (didn't bet)
Seat 4: Espada Fish folded before Flop (didn't bet)
Seat 5: raiseinthedarkk folded before Flop (didn't bet)
Seat 6: Emily_GetMan (button) mucked



PokerStars Hand #254634927773:  Hold'em No Limit ($0.50/$1.00 USD) - 2025/01/31 10:44:12 WET [2025/01/31 5:44:12 ET]
Table 'Musca' 6-max Seat #1 is the button
Seat 1: VahTang_89 ($101.30 in chips) 
Seat 2: Y_19 ($108.40 in chips) 
Seat 3: SimonD10200 ($110.23 in chips) 
Seat 4: Espada Fish ($100 in chips) 
Seat 5: raiseinthedarkk ($102.50 in chips) 
Seat 6: Emily_GetMan ($123.26 in chips) 
Y_19: posts small blind $0.50
SimonD10200: posts big blind $1
*** HOLE CARDS ***
Espada Fish: folds 
raiseinthedarkk: folds 
Emily_GetMan: folds 
VahTang_89: folds 
Y_19: raises $2 to $3
SimonD10200: calls $2
*** FLOP *** [Kc Td Kd]
Y_19: bets $1.88
SimonD10200: calls $1.88
*** TURN *** [Kc Td Kd] [Ad]
Y_19: bets $4.64
SimonD10200: folds 
Uncalled bet ($4.64) returned to Y_19
Y_19 collected $9.27 from pot
Y_19: doesn't show hand 
*** SUMMARY ***
Total pot $9.76 | Rake $0.49 
Board [Kc Td Kd Ad]
Seat 1: VahTang_89 (button) folded before Flop (didn't bet)
Seat 2: Y_19 (small blind) collected ($9.27)
Seat 3: SimonD10200 (big blind) folded on the Turn
Seat 4: Espada Fish folded before Flop (didn't bet)
Seat 5: raiseinthedarkk folded before Flop (didn't bet)
Seat 6: Emily_GetMan folded before Flop (didn't bet)



PokerStars Hand #254634931398:  Hold'em No Limit ($0.50/$1.00 USD) - 2025/01/31 10:44:45 WET [2025/01/31 5:44:45 ET]
Table 'Musca' 6-max Seat #2 is the button
Seat 1: VahTang_89 ($101.30 in chips) 
Seat 2: Y_19 ($112.79 in chips) 
Seat 3: SimonD10200 ($105.35 in chips) 
Seat 4: Espada Fish ($100 in chips) 
Seat 5: raiseinthedarkk ($102.50 in chips) 
Seat 6: Emily_GetMan ($123.26 in chips) 
SimonD10200: posts small blind $0.50
Espada Fish: posts big blind $1
*** HOLE CARDS ***
raiseinthedarkk: folds 
Emily_GetMan: folds 
VahTang_89: raises $1.20 to $2.20
Y_19: folds 
SimonD10200: raises $4.40 to $6.60
Espada Fish: folds 
VahTang_89: calls $4.40
*** FLOP *** [8h 9d Tc]
SimonD10200: bets $6.75
VahTang_89: raises $15 to $21.75
SimonD10200: calls $15
*** TURN *** [8h 9d Tc] [As]
SimonD10200: bets $27.60
VahTang_89: raises $45.35 to $72.95 and is all-in
SimonD10200: calls $45.35
*** RIVER *** [8h 9d Tc As] [Ts]
*** SHOW DOWN ***
SimonD10200: shows [Ac Qc] (two pair, Aces and Tens)
VahTang_89: shows [Th 9h] (a full house, Tens full of Nines)
VahTang_89 collected $201.10 from pot
*** SUMMARY ***
Total pot $203.60 | Rake $2.50 
Board [8h 9d Tc As Ts]
Seat 1: VahTang_89 showed [Th 9h] and won ($201.10) with a full house, Tens full of Nines
Seat 2: Y_19 (button) folded before Flop (didn't bet)
Seat 3: SimonD10200 (small blind) showed [Ac Qc] and lost with two pair, Aces and Tens
Seat 4: Espada Fish (big blind) folded before Flop
Seat 5: raiseinthedarkk folded before Flop (didn't bet)
Seat 6: Emily_GetMan folded before Flop (didn't bet)



PokerStars Hand #254634939242:  Hold'em No Limit ($0.50/$1.00 USD) - 2025/01/31 10:45:55 WET [2025/01/31 5:45:55 ET]
Table 'Musca' 6-max Seat #3 is the button
Seat 1: VahTang_89 ($201.10 in chips) 
Seat 2: Y_19 ($112.79 in chips) 
Seat 3: SimonD10200 ($4.05 in chips) 
Seat 4: Espada Fish ($100 in chips) 
Seat 5: raiseinthedarkk ($102.50 in chips) 
Seat 6: Emily_GetMan ($123.26 in chips) 
Espada Fish: posts small blind $0.50
raiseinthedarkk: posts big blind $1
*** HOLE CARDS ***
Emily_GetMan: folds 
VahTang_89: folds 
Y_19: raises $1.23 to $2.23
SimonD10200: raises $1.82 to $4.05 and is all-in
Espada Fish: folds 
raiseinthedarkk: folds 
Y_19: calls $1.82
*** FLOP *** [5s Ad 7h]
*** TURN *** [5s Ad 7h] [8h]
*** RIVER *** [5s Ad 7h 8h] [6s]
*** SHOW DOWN ***
Y_19: shows [7s 7d] (three of a kind, Sevens)
SimonD10200: shows [Th 2h] (high card Ace)
Y_19 collected $9.12 from pot
*** SUMMARY ***
Total pot $9.60 | Rake $0.48 
Board [5s Ad 7h 8h 6s]
Seat 1: VahTang_89 folded before Flop (didn't bet)
Seat 2: Y_19 showed [7s 7d] and won ($9.12) with three of a kind, Sevens
Seat 3: SimonD10200 (button) showed [Th 2h] and lost with high card Ace
Seat 4: Espada Fish (small blind) folded before Flop
Seat 5: raiseinthedarkk (big blind) folded before Flop
Seat 6: Emily_GetMan folded before Flop (didn't bet)



PokerStars Hand #254634943517:  Hold'em No Limit ($0.50/$1.00 USD) - 2025/01/31 10:46:34 WET [2025/01/31 5:46:34 ET]
Table 'Musca' 6-max Seat #4 is the button
Seat 3: SimonD10200 ($0 in chips) is sitting out
Seat 1: VahTang_89 ($201.10 in chips) 
Seat 2: Y_19 ($117.86 in chips) 
Seat 4: Espada Fish ($100 in chips) 
Seat 5: raiseinthedarkk ($101.50 in chips) 
Seat 6: Emily_GetMan ($123.26 in chips) 
raiseinthedarkk: posts small blind $0.50
Emily_GetMan: posts big blind $1
*** HOLE CARDS ***
VahTang_89: raises $1.20 to $2.20
Y_19: folds 
Espada Fish: folds 
raiseinthedarkk: folds 
Emily_GetMan: folds 
Uncalled bet ($1.20) returned to VahTang_89
VahTang_89 collected $2.50 from pot
VahTang_89: doesn't show hand 
*** SUMMARY ***
Total pot $2.50 | Rake $0 
Seat 3: SimonD10200
Seat 1: VahTang_89 collected ($2.50)
Seat 2: Y_19 folded before Flop (didn't bet)
Seat 4: Espada Fish (button) folded before Flop (didn't bet)
Seat 5: raiseinthedarkk (small blind) folded before Flop
Seat 6: Emily_GetMan (big blind) folded before Flop



PokerStars Hand #254634945164:  Hold'em No Limit ($0.50/$1.00 USD) - 2025/01/31 10:46:49 WET [2025/01/31 5:46:49 ET]
Table 'Musca' 6-max Seat #5 is the button
Seat 1: VahTang_89 ($202.60 in chips) 
Seat 2: Y_19 ($117.86 in chips) 
Seat 3: SimonD10200 ($100 in chips) 
Seat 4: Espada Fish ($100 in chips) 
Seat 5: raiseinthedarkk ($101 in chips) 
Seat 6: Emily_GetMan ($122.26 in chips) 
Emily_GetMan: posts small blind $0.50
VahTang_89: posts big blind $1
*** HOLE CARDS ***
Y_19: folds 
SimonD10200: raises $2.50 to $3.50
Espada Fish: folds 
raiseinthedarkk: raises $5 to $8.50
Emily_GetMan: folds 
VahTang_89: folds 
SimonD10200: raises $12 to $20.50
raiseinthedarkk: calls $12
*** FLOP *** [Qc Kc Tc]
SimonD10200: bets $20.19
raiseinthedarkk: folds 
Uncalled bet ($20.19) returned to SimonD10200
SimonD10200 collected $40.38 from pot
*** SUMMARY ***
Total pot $42.50 | Rake $2.12 
Board [Qc Kc Tc]
Seat 1: VahTang_89 (big blind) folded before Flop
Seat 2: Y_19 folded before Flop (didn't bet)
Seat 3: SimonD10200 collected ($40.38)
Seat 4: Espada Fish folded before Flop (didn't bet)
Seat 5: raiseinthedarkk (button) folded on the Flop
Seat 6: Emily_GetMan (small blind) folded before Flop



PokerStars Hand #254634953099:  Hold'em No Limit ($0.50/$1.00 USD) - 2025/01/31 10:48:02 WET [2025/01/31 5:48:02 ET]
Table 'Musca' 6-max Seat #6 is the button
Seat 1: VahTang_89 ($201.60 in chips) 
Seat 2: Y_19 ($117.86 in chips) 
Seat 3: SimonD10200 ($119.88 in chips) 
Seat 4: Espada Fish ($100 in chips) 
Seat 5: raiseinthedarkk ($100 in chips) 
Seat 6: Emily_GetMan ($121.76 in chips) 
VahTang_89: posts small blind $0.50
Y_19: posts big blind $1
*** HOLE CARDS ***
SimonD10200: folds 
Espada Fish: folds 
raiseinthedarkk: raises $1.20 to $2.20
Emily_GetMan: folds 
VahTang_89: folds 
Y_19: folds 
Uncalled bet ($1.20) returned to raiseinthedarkk
raiseinthedarkk collected $2.50 from pot
raiseinthedarkk: doesn't show hand 
*** SUMMARY ***
Total pot $2.50 | Rake $0 
Seat 1: VahTang_89 (small blind) folded before Flop
Seat 2: Y_19 (big blind) folded before Flop
Seat 3: SimonD10200 folded before Flop (didn't bet)
Seat 4: Espada Fish folded before Flop (didn't bet)
Seat 5: raiseinthedarkk collected ($2.50)
Seat 6: Emily_GetMan (button) folded before Flop (didn't bet)



PokerStars Hand #254634955554:  Hold'em No Limit ($0.50/$1.00 USD) - 2025/01/31 10:48:23 WET [2025/01/31 5:48:23 ET]
Table 'Musca' 6-max Seat #1 is the button
Seat 1: VahTang_89 ($201.10 in chips) 
Seat 2: Y_19 ($116.86 in chips) 
Seat 3: SimonD10200 ($119.88 in chips) 
Seat 4: Espada Fish ($100 in chips) 
Seat 5: raiseinthedarkk ($101.50 in chips) 
Seat 6: Emily_GetMan ($121.76 in chips) 
Y_19: posts small blind $0.50
SimonD10200: posts big blind $1
*** HOLE CARDS ***
Espada Fish: folds 
raiseinthedarkk: raises $1.20 to $2.20
Emily_GetMan: folds 
VahTang_89: folds 
Y_19: folds 
SimonD10200: folds 
Uncalled bet ($1.20) returned to raiseinthedarkk
raiseinthedarkk collected $2.50 from pot
raiseinthedarkk: doesn't show hand 
*** SUMMARY ***
Total pot $2.50 | Rake $0 
Seat 1: VahTang_89 (button) folded before Flop (didn't bet)
Seat 2: Y_19 (small blind) folded before Flop
Seat 3: SimonD10200 (big blind) folded before Flop
Seat 4: Espada Fish folded before Flop (didn't bet)
Seat 5: raiseinthedarkk collected ($2.50)
Seat 6: Emily_GetMan folded before Flop (didn't bet)



PokerStars Hand #254634957724:  Hold'em No Limit ($0.50/$1.00 USD) - 2025/01/31 10:48:43 WET [2025/01/31 5:48:43 ET]
Table 'Musca' 6-max Seat #2 is the button
Seat 1: VahTang_89 ($201.10 in chips) 
Seat 2: Y_19 ($116.36 in chips) 
Seat 3: SimonD10200 ($118.88 in chips) 
Seat 4: Espada Fish ($100 in chips) 
Seat 5: raiseinthedarkk ($103 in chips) 
Seat 6: Emily_GetMan ($121.76 in chips) 
SimonD10200: posts small blind $0.50
Espada Fish: posts big blind $1
*** HOLE CARDS ***
raiseinthedarkk: folds 
Emily_GetMan: folds 
VahTang_89: folds 
Y_19: folds 
SimonD10200: raises $2 to $3
Espada Fish: folds 
Uncalled bet ($2) returned to SimonD10200
SimonD10200 collected $2 from pot
*** SUMMARY ***
Total pot $2 | Rake $0 
Seat 1: VahTang_89 folded before Flop (didn't bet)
Seat 2: Y_19 (button) folded before Flop (didn't bet)
Seat 3: SimonD10200 (small blind) collected ($2)
Seat 4: Espada Fish (big blind) folded before Flop
Seat 5: raiseinthedarkk folded before Flop (didn't bet)
Seat 6: Emily_GetMan folded before Flop (didn't bet)



PokerStars Hand #254634959107:  Hold'em No Limit ($0.50/$1.00 USD) - 2025/01/31 10:48:56 WET [2025/01/31 5:48:56 ET]
Table 'Musca' 6-max Seat #3 is the button
Seat 1: VahTang_89 ($201.10 in chips) 
Seat 2: Y_19 ($116.36 in chips) 
Seat 3: SimonD10200 ($119.88 in chips) 
Seat 4: Espada Fish ($100 in chips) 
Seat 5: raiseinthedarkk ($103 in chips) 
Seat 6: Emily_GetMan ($121.76 in chips) 
Espada Fish: posts small blind $0.50
raiseinthedarkk: posts big blind $1
*** HOLE CARDS ***
Emily_GetMan: raises $1 to $2
VahTang_89: folds 
Y_19: folds 
SimonD10200: raises $5.50 to $7.50
Espada Fish: folds 
raiseinthedarkk: folds 
Emily_GetMan: calls $5.50
*** FLOP *** [7s 9c Ad]
Emily_GetMan: checks 
SimonD10200: bets $7.84
Emily_GetMan: calls $7.84
*** TURN *** [7s 9c Ad] [Tc]
Emily_GetMan: checks 
SimonD10200: bets $15.29
Emily_GetMan: calls $15.29
*** RIVER *** [7s 9c Ad Tc] [6s]
Emily_GetMan: bets $91.13 and is all-in
SimonD10200: folds 
Uncalled bet ($91.13) returned to Emily_GetMan
Emily_GetMan collected $60.26 from pot
Emily_GetMan: doesn't show hand 
*** SUMMARY ***
Total pot $62.76 | Rake $2.50 
Board [7s 9c Ad Tc 6s]
Seat 1: VahTang_89 folded before Flop (didn't bet)
Seat 2: Y_19 folded before Flop (didn't bet)
Seat 3: SimonD10200 (button) folded on the River
Seat 4: Espada Fish (small blind) folded before Flop
Seat 5: raiseinthedarkk (big blind) folded before Flop
Seat 6: Emily_GetMan collected ($60.26)



PokerStars Hand #254634965577:  Hold'em No Limit ($0.50/$1.00 USD) - 2025/01/31 10:49:53 WET [2025/01/31 5:49:53 ET]
Table 'Musca' 6-max Seat #4 is the button
Seat 1: VahTang_89 ($201.10 in chips) 
Seat 2: Y_19 ($116.36 in chips) 
Seat 3: SimonD10200 ($89.25 in chips) 
Seat 4: Espada Fish ($100 in chips) 
Seat 5: raiseinthedarkk ($102 in chips) 
Seat 6: Emily_GetMan ($151.39 in chips) 
raiseinthedarkk: posts small blind $0.50
Emily_GetMan: posts big blind $1
*** HOLE CARDS ***
VahTang_89: folds 
Y_19: folds 
SimonD10200: folds 
Espada Fish: raises $1.50 to $2.50
raiseinthedarkk: folds 
Emily_GetMan: calls $1.50
*** FLOP *** [3d Ks 4d]
Emily_GetMan: checks 
Espada Fish: checks 
*** TURN *** [3d Ks 4d] [8s]
Emily_GetMan: checks 
Espada Fish: checks 
*** RIVER *** [3d Ks 4d 8s] [Kc]
Emily_GetMan: checks 
Espada Fish: bets $3.13
Emily_GetMan: folds 
Uncalled bet ($3.13) returned to Espada Fish
Espada Fish collected $5.22 from pot
Espada Fish: doesn't show hand 
*** SUMMARY ***
Total pot $5.50 | Rake $0.28 
Board [3d Ks 4d 8s Kc]
Seat 1: VahTang_89 folded before Flop (didn't bet)
Seat 2: Y_19 folded before Flop (didn't bet)
Seat 3: SimonD10200 folded before Flop (didn't bet)
Seat 4: Espada Fish (button) collected ($5.22)
Seat 5: raiseinthedarkk (small blind) folded before Flop
Seat 6: Emily_GetMan (big blind) folded on the River



PokerStars Hand #254634972395:  Hold'em No Limit ($0.50/$1.00 USD) - 2025/01/31 10:50:53 WET [2025/01/31 5:50:53 ET]
Table 'Musca' 6-max Seat #5 is the button
Seat 1: VahTang_89 ($201.10 in chips) 
Seat 2: Y_19 ($116.36 in chips) 
Seat 3: SimonD10200 ($89.25 in chips) 
Seat 4: Espada Fish ($102.72 in chips) 
Seat 5: raiseinthedarkk ($101.50 in chips) 
Seat 6: Emily_GetMan ($148.89 in chips) 
Emily_GetMan: posts small blind $0.50
VahTang_89: posts big blind $1
*** HOLE CARDS ***
Y_19: folds 
SimonD10200: raises $2 to $3
Espada Fish: folds 
raiseinthedarkk: folds 
Emily_GetMan: folds 
VahTang_89: raises $9.50 to $12.50
SimonD10200: calls $9.50
*** FLOP *** [2c Ks 3c]
VahTang_89: checks 
SimonD10200: checks 
*** TURN *** [2c Ks 3c] [8d]
VahTang_89: bets $7.99
SimonD10200: calls $7.99
*** RIVER *** [2c Ks 3c 8d] [2s]
VahTang_89: bets $13.01
SimonD10200: calls $13.01
*** SHOW DOWN ***
VahTang_89: shows [Jc Js] (two pair, Jacks and Deuces)
SimonD10200: mucks hand 
VahTang_89 collected $65 from pot
*** SUMMARY ***
Total pot $67.50 | Rake $2.50 
Board [2c Ks 3c 8d 2s]
Seat 1: VahTang_89 (big blind) showed [Jc Js] and won ($65) with two pair, Jacks and Deuces
Seat 2: Y_19 folded before Flop (didn't bet)
Seat 3: SimonD10200 mucked
Seat 4: Espada Fish folded before Flop (didn't bet)
Seat 5: raiseinthedarkk (button) folded before Flop (didn't bet)
Seat 6: Emily_GetMan (small blind) folded before Flop



PokerStars Hand #254634977249:  Hold'em No Limit ($0.50/$1.00 USD) - 2025/01/31 10:51:36 WET [2025/01/31 5:51:36 ET]
Table 'Musca' 6-max Seat #6 is the button
Seat 1: VahTang_89 ($232.60 in chips) 
Seat 2: Y_19 ($116.36 in chips) 
Seat 3: SimonD10200 ($55.75 in chips) 
Seat 4: Espada Fish ($102.72 in chips) 
Seat 5: raiseinthedarkk ($101.50 in chips) 
Seat 6: Emily_GetMan ($148.39 in chips) 
VahTang_89: posts small blind $0.50
Y_19: posts big blind $1
*** HOLE CARDS ***
SimonD10200: folds 
Espada Fish: folds 
raiseinthedarkk: folds 
Emily_GetMan: folds 
VahTang_89: raises $2 to $3
Y_19: raises $6 to $9
VahTang_89: calls $6
*** FLOP *** [Ks As Qc]
VahTang_89: checks 
Y_19: bets $5.64
VahTang_89: folds 
Uncalled bet ($5.64) returned to Y_19
Y_19 collected $17.10 from pot
Y_19: doesn't show hand 
*** SUMMARY ***
Total pot $18 | Rake $0.90 
Board [Ks As Qc]
Seat 1: VahTang_89 (small blind) folded on the Flop
Seat 2: Y_19 (big blind) collected ($17.10)
Seat 3: SimonD10200 folded before Flop (didn't bet)
Seat 4: Espada Fish folded before Flop (didn't bet)
Seat 5: raiseinthedarkk folded before Flop (didn't bet)
Seat 6: Emily_GetMan (button) folded before Flop (didn't bet)



PokerStars Hand #254634981657:  Hold'em No Limit ($0.50/$1.00 USD) - 2025/01/31 10:52:15 WET [2025/01/31 5:52:15 ET]
Table 'Musca' 6-max Seat #1 is the button
Seat 1: VahTang_89 ($223.60 in chips) 
Seat 2: Y_19 ($124.46 in chips) 
Seat 3: SimonD10200 ($55.75 in chips) 
Seat 4: Espada Fish ($102.72 in chips) 
Seat 5: raiseinthedarkk ($101.50 in chips) 
Seat 6: Emily_GetMan ($148.39 in chips) 
Y_19: posts small blind $0.50
SimonD10200: posts big blind $1
*** HOLE CARDS ***
Espada Fish: raises $1.20 to $2.20
raiseinthedarkk: folds 
Emily_GetMan: folds 
VahTang_89: folds 
Y_19: raises $9.30 to $11.50
SimonD10200: folds 
Espada Fish: folds 
Uncalled bet ($9.30) returned to Y_19
Y_19 collected $5.40 from pot
Y_19: doesn't show hand 
*** SUMMARY ***
Total pot $5.40 | Rake $0 
Seat 1: VahTang_89 (button) folded before Flop (didn't bet)
Seat 2: Y_19 (small blind) collected ($5.40)
Seat 3: SimonD10200 (big blind) folded before Flop
Seat 4: Espada Fish folded before Flop
Seat 5: raiseinthedarkk folded before Flop (didn't bet)
Seat 6: Emily_GetMan folded before Flop (didn't bet)



PokerStars Hand #254634983983:  Hold'em No Limit ($0.50/$1.00 USD) - 2025/01/31 10:52:36 WET [2025/01/31 5:52:36 ET]
Table 'Musca' 6-max Seat #2 is the button
Seat 1: VahTang_89 ($223.60 in chips) 
Seat 2: Y_19 ($127.66 in chips) 
Seat 3: SimonD10200 ($54.75 in chips) 
Seat 4: Espada Fish ($100.52 in chips) 
Seat 5: raiseinthedarkk ($101.50 in chips) 
Seat 6: Emily_GetMan ($148.39 in chips) 
SimonD10200: posts small blind $0.50
Espada Fish: posts big blind $1
*** HOLE CARDS ***
raiseinthedarkk: raises $1.20 to $2.20
Emily_GetMan: folds 
VahTang_89: raises $4.80 to $7
Y_19: folds 
SimonD10200: folds 
Espada Fish: folds 
raiseinthedarkk: calls $4.80
*** FLOP *** [9d Qh 5h]
raiseinthedarkk: checks 
VahTang_89: bets $4.86
raiseinthedarkk: calls $4.86
*** TURN *** [9d Qh 5h] [8d]
raiseinthedarkk: bets $15.81
VahTang_89: folds 
Uncalled bet ($15.81) returned to raiseinthedarkk
raiseinthedarkk collected $23.96 from pot
raiseinthedarkk: doesn't show hand 
*** SUMMARY ***
Total pot $25.22 | Rake $1.26 
Board [9d Qh 5h 8d]
Seat 1: VahTang_89 folded on the Turn
Seat 2: Y_19 (button) folded before Flop (didn't bet)
Seat 3: SimonD10200 (small blind) folded before Flop
Seat 4: Espada Fish (big blind) folded before Flop
Seat 5: raiseinthedarkk collected ($23.96)
Seat 6: Emily_GetMan folded before Flop (didn't bet)



PokerStars Hand #254634995443:  Hold'em No Limit ($0.50/$1.00 USD) - 2025/01/31 10:54:20 WET [2025/01/31 5:54:20 ET]
Table 'Musca' 6-max Seat #3 is the button
Seat 1: VahTang_89 ($211.74 in chips) 
Seat 2: Y_19 ($127.66 in chips) 
Seat 3: SimonD10200 ($54.25 in chips) 
Seat 4: Espada Fish ($100 in chips) 
Seat 5: raiseinthedarkk ($113.60 in chips) 
Seat 6: Emily_GetMan ($148.39 in chips) 
Espada Fish: posts small blind $0.50
raiseinthedarkk: posts big blind $1
*** HOLE CARDS ***
Emily_GetMan: folds 
VahTang_89: folds 
Y_19: folds 
SimonD10200: folds 
Espada Fish: folds 
Uncalled bet ($0.50) returned to raiseinthedarkk
raiseinthedarkk collected $1 from pot
raiseinthedarkk: doesn't show hand 
*** SUMMARY ***
Total pot $1 | Rake $0 
Seat 1: VahTang_89 folded before Flop (didn't bet)
Seat 2: Y_19 folded before Flop (didn't bet)
Seat 3: SimonD10200 (button) folded before Flop (didn't bet)
Seat 4: Espada Fish (small blind) folded before Flop
Seat 5: raiseinthedarkk (big blind) collected ($1)
Seat 6: Emily_GetMan folded before Flop (didn't bet)



PokerStars Hand #254634997012:  Hold'em No Limit ($0.50/$1.00 USD) - 2025/01/31 10:54:33 WET [2025/01/31 5:54:33 ET]
Table 'Musca' 6-max Seat #4 is the button
Seat 1: VahTang_89 ($211.74 in chips) 
Seat 2: Y_19 ($127.66 in chips) 
Seat 3: SimonD10200 ($54.25 in chips) 
Seat 4: Espada Fish ($100 in chips) 
Seat 5: raiseinthedarkk ($114.10 in chips) 
Seat 6: Emily_GetMan ($148.39 in chips) 
raiseinthedarkk: posts small blind $0.50
Emily_GetMan: posts big blind $1
*** HOLE CARDS ***
VahTang_89: folds 
Y_19: folds 
SimonD10200: raises $2.50 to $3.50
Espada Fish: folds 
raiseinthedarkk: folds 
Emily_GetMan: folds 
Uncalled bet ($2.50) returned to SimonD10200
SimonD10200 collected $2.50 from pot
*** SUMMARY ***
Total pot $2.50 | Rake $0 
Seat 1: VahTang_89 folded before Flop (didn't bet)
Seat 2: Y_19 folded before Flop (didn't bet)
Seat 3: SimonD10200 collected ($2.50)
Seat 4: Espada Fish (button) folded before Flop (didn't bet)
Seat 5: raiseinthedarkk (small blind) folded before Flop
Seat 6: Emily_GetMan (big blind) folded before Flop



PokerStars Hand #254634998267:  Hold'em No Limit ($0.50/$1.00 USD) - 2025/01/31 10:54:44 WET [2025/01/31 5:54:44 ET]
Table 'Musca' 6-max Seat #5 is the button
Seat 1: VahTang_89 ($211.74 in chips) 
Seat 2: Y_19 ($127.66 in chips) 
Seat 3: SimonD10200 ($55.75 in chips) 
Seat 4: Espada Fish ($100 in chips) 
Seat 5: raiseinthedarkk ($113.60 in chips) 
Seat 6: Emily_GetMan ($147.39 in chips) 
Emily_GetMan: posts small blind $0.50
VahTang_89: posts big blind $1
*** HOLE CARDS ***
Y_19: folds 
SimonD10200: raises $2 to $3
Espada Fish: folds 
raiseinthedarkk: calls $3
Emily_GetMan: folds 
VahTang_89: folds 
*** FLOP *** [9d Qd 4d]
SimonD10200: bets $3.56
raiseinthedarkk: calls $3.56
*** TURN *** [9d Qd 4d] [9s]
SimonD10200: bets $6.95
raiseinthedarkk: calls $6.95
*** RIVER *** [9d Qd 4d 9s] [9h]
SimonD10200: bets $20.55
raiseinthedarkk: calls $20.55
*** SHOW DOWN ***
SimonD10200: shows [5c 9c] (four of a kind, Nines)
raiseinthedarkk: mucks hand 
SimonD10200 collected $67.12 from pot
*** SUMMARY ***
Total pot $69.62 | Rake $2.50 
Board [9d Qd 4d 9s 9h]
Seat 1: VahTang_89 (big blind) folded before Flop
Seat 2: Y_19 folded before Flop (didn't bet)
Seat 3: SimonD10200 showed [5c 9c] and won ($67.12) with four of a kind, Nines
Seat 4: Espada Fish folded before Flop (didn't bet)
Seat 5: raiseinthedarkk (button) mucked
Seat 6: Emily_GetMan (small blind) folded before Flop



PokerStars Hand #254635003369:  Hold'em No Limit ($0.50/$1.00 USD) - 2025/01/31 10:55:32 WET [2025/01/31 5:55:32 ET]
Table 'Musca' 6-max Seat #6 is the button
Seat 1: VahTang_89 ($210.74 in chips) 
Seat 2: Y_19 ($127.66 in chips) 
Seat 3: SimonD10200 ($88.81 in chips) 
Seat 4: Espada Fish ($100 in chips) 
Seat 5: raiseinthedarkk ($100 in chips) 
Seat 6: Emily_GetMan ($146.89 in chips) 
VahTang_89: posts small blind $0.50
Y_19: posts big blind $1
*** HOLE CARDS ***
SimonD10200: raises $2 to $3
Espada Fish: folds 
raiseinthedarkk: folds 
Emily_GetMan: raises $6 to $9
VahTang_89: folds 
Y_19: folds 
SimonD10200: calls $6
*** FLOP *** [9d Jh 2s]
SimonD10200: checks 
Emily_GetMan: checks 
*** TURN *** [9d Jh 2s] [7c]
SimonD10200: checks 
Emily_GetMan: checks 
*** RIVER *** [9d Jh 2s 7c] [Ad]
SimonD10200: checks 
Emily_GetMan: bets $12.22
SimonD10200: folds 
Uncalled bet ($12.22) returned to Emily_GetMan
Emily_GetMan collected $18.52 from pot
Emily_GetMan: doesn't show hand 
*** SUMMARY ***
Total pot $19.50 | Rake $0.98 
Board [9d Jh 2s 7c Ad]
Seat 1: VahTang_89 (small blind) folded before Flop
Seat 2: Y_19 (big blind) folded before Flop
Seat 3: SimonD10200 folded on the River
Seat 4: Espada Fish folded before Flop (didn't bet)
Seat 5: raiseinthedarkk folded before Flop (didn't bet)
Seat 6: Emily_GetMan (button) collected ($18.52)



PokerStars Hand #254635006892:  Hold'em No Limit ($0.50/$1.00 USD) - 2025/01/31 10:56:10 WET [2025/01/31 5:56:10 ET]
Table 'Musca' 6-max Seat #1 is the button
Seat 1: VahTang_89 ($210.24 in chips) 
Seat 2: Y_19 ($126.66 in chips) 
Seat 3: SimonD10200 ($79.81 in chips) 
Seat 4: Espada Fish ($100 in chips) 
Seat 5: raiseinthedarkk ($100 in chips) 
Seat 6: Emily_GetMan ($156.41 in chips) 
Y_19: posts small blind $0.50
SimonD10200: posts big blind $1
*** HOLE CARDS ***
Espada Fish: folds 
raiseinthedarkk: folds 
Emily_GetMan: raises $1 to $2
VahTang_89: folds 
Y_19: folds 
SimonD10200: raises $4.50 to $6.50
Emily_GetMan: raises $149.91 to $156.41 and is all-in
SimonD10200: folds 
Uncalled bet ($149.91) returned to Emily_GetMan
Emily_GetMan collected $13.50 from pot
Emily_GetMan: doesn't show hand 
*** SUMMARY ***
Total pot $13.50 | Rake $0 
Seat 1: VahTang_89 (button) folded before Flop (didn't bet)
Seat 2: Y_19 (small blind) folded before Flop
Seat 3: SimonD10200 (big blind) folded before Flop
Seat 4: Espada Fish folded before Flop (didn't bet)
Seat 5: raiseinthedarkk folded before Flop (didn't bet)
Seat 6: Emily_GetMan collected ($13.50)



PokerStars Hand #254635009046:  Hold'em No Limit ($0.50/$1.00 USD) - 2025/01/31 10:56:33 WET [2025/01/31 5:56:33 ET]
Table 'Musca' 6-max Seat #2 is the button
Seat 1: VahTang_89 ($210.24 in chips) 
Seat 2: Y_19 ($126.16 in chips) 
Seat 3: SimonD10200 ($73.31 in chips) 
Seat 4: Espada Fish ($100 in chips) 
Seat 5: raiseinthedarkk ($100 in chips) 
Seat 6: Emily_GetMan ($163.41 in chips) 
SimonD10200: posts small blind $0.50
Espada Fish: posts big blind $1
*** HOLE CARDS ***
raiseinthedarkk: folds 
Emily_GetMan: folds 
VahTang_89: raises $1.20 to $2.20
Y_19: folds 
SimonD10200: folds 
Espada Fish: folds 
Uncalled bet ($1.20) returned to VahTang_89
VahTang_89 collected $2.50 from pot
VahTang_89: doesn't show hand 
*** SUMMARY ***
Total pot $2.50 | Rake $0 
Seat 1: VahTang_89 collected ($2.50)
Seat 2: Y_19 (button) folded before Flop (didn't bet)
Seat 3: SimonD10200 (small blind) folded before Flop
Seat 4: Espada Fish (big blind) folded before Flop
Seat 5: raiseinthedarkk folded before Flop (didn't bet)
Seat 6: Emily_GetMan folded before Flop (didn't bet)



PokerStars Hand #254635010706:  Hold'em No Limit ($0.50/$1.00 USD) - 2025/01/31 10:56:51 WET [2025/01/31 5:56:51 ET]
Table 'Musca' 6-max Seat #3 is the button
Seat 1: VahTang_89 ($211.74 in chips) 
Seat 2: Y_19 ($126.16 in chips) 
Seat 3: SimonD10200 ($72.81 in chips) 
Seat 4: Espada Fish ($100 in chips) 
Seat 5: raiseinthedarkk ($100 in chips) 
Seat 6: Emily_GetMan ($163.41 in chips) 
Espada Fish: posts small blind $0.50
raiseinthedarkk: posts big blind $1
*** HOLE CARDS ***
Emily_GetMan: raises $1 to $2
VahTang_89: folds 
Y_19: folds 
SimonD10200: calls $2
Espada Fish: folds 
raiseinthedarkk: folds 
*** FLOP *** [Qd 4s Ks]
Emily_GetMan: bets $3.45
SimonD10200: folds 
Uncalled bet ($3.45) returned to Emily_GetMan
Emily_GetMan collected $5.22 from pot
Emily_GetMan: doesn't show hand 
*** SUMMARY ***
Total pot $5.50 | Rake $0.28 
Board [Qd 4s Ks]
Seat 1: VahTang_89 folded before Flop (didn't bet)
Seat 2: Y_19 folded before Flop (didn't bet)
Seat 3: SimonD10200 (button) folded on the Flop
Seat 4: Espada Fish (small blind) folded before Flop
Seat 5: raiseinthedarkk (big blind) folded before Flop
Seat 6: Emily_GetMan collected ($5.22)



PokerStars Hand #254635012716:  Hold'em No Limit ($0.50/$1.00 USD) - 2025/01/31 10:57:12 WET [2025/01/31 5:57:12 ET]
Table 'Musca' 6-max Seat #4 is the button
Seat 6: Emily_GetMan ($166.63 in chips) is sitting out
Seat 1: VahTang_89 ($211.74 in chips) 
Seat 2: Y_19 ($126.16 in chips) 
Seat 3: SimonD10200 ($70.81 in chips) 
Seat 4: Espada Fish ($100 in chips) 
Seat 5: raiseinthedarkk ($100 in chips) 
raiseinthedarkk: posts small blind $0.50
Emily_GetMan: is sitting out 
VahTang_89: posts big blind $1
*** HOLE CARDS ***
Emily_GetMan leaves the table
Y_19: folds 
SimonD10200: folds 
Espada Fish: folds 
raiseinthedarkk: folds 
Uncalled bet ($0.50) returned to VahTang_89
VahTang_89 collected $1 from pot
VahTang_89: doesn't show hand 
*** SUMMARY ***
Total pot $1 | Rake $0 
Seat 6: Emily_GetMan
Seat 1: VahTang_89 (big blind) collected ($1)
Seat 2: Y_19 folded before Flop (didn't bet)
Seat 3: SimonD10200 folded before Flop (didn't bet)
Seat 4: Espada Fish (button) folded before Flop (didn't bet)
Seat 5: raiseinthedarkk (small blind) folded before Flop



PokerStars Hand #254635014256:  Hold'em No Limit ($0.50/$1.00 USD) - 2025/01/31 10:57:29 WET [2025/01/31 5:57:29 ET]
Table 'Musca' 6-max Seat #5 is the button
Seat 1: VahTang_89 ($212.24 in chips) 
Seat 2: Y_19 ($126.16 in chips) 
Seat 3: SimonD10200 ($70.81 in chips) 
Seat 4: Espada Fish ($100 in chips) 
Seat 5: raiseinthedarkk ($100 in chips) 
VahTang_89: posts small blind $0.50
Y_19: posts big blind $1
*** HOLE CARDS ***
SimonD10200: folds 
Espada Fish: folds 
Pippa83 joins the table at seat #6 
raiseinthedarkk: folds 
VahTang_89: folds 
Uncalled bet ($0.50) returned to Y_19
Y_19 collected $1 from pot
Y_19: doesn't show hand 
*** SUMMARY ***
Total pot $1 | Rake $0 
Seat 1: VahTang_89 (small blind) folded before Flop
Seat 2: Y_19 (big blind) collected ($1)
Seat 3: SimonD10200 folded before Flop (didn't bet)
Seat 4: Espada Fish folded before Flop (didn't bet)
Seat 5: raiseinthedarkk (button) folded before Flop (didn't bet)



PokerStars Hand #254635015368:  Hold'em No Limit ($0.50/$1.00 USD) - 2025/01/31 10:57:40 WET [2025/01/31 5:57:40 ET]
Table 'Musca' 6-max Seat #1 is the button
Seat 6: Pippa83 ($100 in chips) is sitting out
Seat 1: VahTang_89 ($211.74 in chips) 
Seat 2: Y_19 ($126.66 in chips) 
Seat 3: SimonD10200 ($70.81 in chips) 
Seat 4: Espada Fish ($100 in chips) 
Seat 5: raiseinthedarkk ($100 in chips) 
Y_19: posts small blind $0.50
SimonD10200: posts big blind $1
Pippa83: sits out 
*** HOLE CARDS ***
Espada Fish: folds 
raiseinthedarkk: folds 
VahTang_89: raises $1.20 to $2.20
Y_19: folds 
SimonD10200: folds 
Uncalled bet ($1.20) returned to VahTang_89
VahTang_89 collected $2.50 from pot
VahTang_89: doesn't show hand 
*** SUMMARY ***
Total pot $2.50 | Rake $0 
Seat 6: Pippa83
Seat 1: VahTang_89 (button) collected ($2.50)
Seat 2: Y_19 (small blind) folded before Flop
Seat 3: SimonD10200 (big blind) folded before Flop
Seat 4: Espada Fish folded before Flop (didn't bet)
Seat 5: raiseinthedarkk folded before Flop (didn't bet)



PokerStars Hand #254635018553:  Hold'em No Limit ($0.50/$1.00 USD) - 2025/01/31 10:58:14 WET [2025/01/31 5:58:14 ET]
Table 'Musca' 6-max Seat #2 is the button
Seat 6: Pippa83 ($100 in chips) is sitting out
Seat 1: VahTang_89 ($213.24 in chips) 
Seat 2: Y_19 ($126.16 in chips) 
Seat 3: SimonD10200 ($69.81 in chips) 
Seat 4: Espada Fish ($100 in chips) 
Seat 5: raiseinthedarkk ($100 in chips) 
SimonD10200: posts small blind $0.50
Espada Fish: posts big blind $1
Pippa83: sits out 
*** HOLE CARDS ***
raiseinthedarkk: folds 
VahTang_89: folds 
Y_19: folds 
SimonD10200: folds 
Uncalled bet ($0.50) returned to Espada Fish
Espada Fish collected $1 from pot
Espada Fish: doesn't show hand 
*** SUMMARY ***
Total pot $1 | Rake $0 
Seat 6: Pippa83
Seat 1: VahTang_89 folded before Flop (didn't bet)
Seat 2: Y_19 (button) folded before Flop (didn't bet)
Seat 3: SimonD10200 (small blind) folded before Flop
Seat 4: Espada Fish (big blind) collected ($1)
Seat 5: raiseinthedarkk folded before Flop (didn't bet)



PokerStars Hand #254635019642:  Hold'em No Limit ($0.50/$1.00 USD) - 2025/01/31 10:58:25 WET [2025/01/31 5:58:25 ET]
Table 'Musca' 6-max Seat #3 is the button
Seat 6: Pippa83 ($100 in chips) is sitting out
Seat 1: VahTang_89 ($213.24 in chips) 
Seat 2: Y_19 ($126.16 in chips) 
Seat 3: SimonD10200 ($69.31 in chips) 
Seat 4: Espada Fish ($100.50 in chips) 
Seat 5: raiseinthedarkk ($100 in chips) 
Espada Fish: posts small blind $0.50
raiseinthedarkk: posts big blind $1
Pippa83: sits out 
*** HOLE CARDS ***
VahTang_89: folds 
Y_19: folds 
SimonD10200: raises $2 to $3
Espada Fish: folds 
raiseinthedarkk: folds 
Uncalled bet ($2) returned to SimonD10200
SimonD10200 collected $2.50 from pot
*** SUMMARY ***
Total pot $2.50 | Rake $0 
Seat 6: Pippa83
Seat 1: VahTang_89 folded before Flop (didn't bet)
Seat 2: Y_19 folded before Flop (didn't bet)
Seat 3: SimonD10200 (button) collected ($2.50)
Seat 4: Espada Fish (small blind) folded before Flop
Seat 5: raiseinthedarkk (big blind) folded before Flop



PokerStars Hand #254635021642:  Hold'em No Limit ($0.50/$1.00 USD) - 2025/01/31 10:58:47 WET [2025/01/31 5:58:47 ET]
Table 'Musca' 6-max Seat #4 is the button
Seat 1: VahTang_89 ($213.24 in chips) 
Seat 2: Y_19 ($126.16 in chips) 
Seat 3: SimonD10200 ($70.81 in chips) 
Seat 4: Espada Fish ($100 in chips) 
Seat 5: raiseinthedarkk ($100 in chips) 
Seat 6: Pippa83 ($100 in chips) 
raiseinthedarkk: posts small blind $0.50
Pippa83: posts big blind $1
*** HOLE CARDS ***
VahTang_89: folds 
Y_19: folds 
SimonD10200: raises $2.50 to $3.50
Espada Fish: folds 
raiseinthedarkk: folds 
Pippa83: folds 
Uncalled bet ($2.50) returned to SimonD10200
SimonD10200 collected $2.50 from pot
*** SUMMARY ***
Total pot $2.50 | Rake $0 
Seat 1: VahTang_89 folded before Flop (didn't bet)
Seat 2: Y_19 folded before Flop (didn't bet)
Seat 3: SimonD10200 collected ($2.50)
Seat 4: Espada Fish (button) folded before Flop (didn't bet)
Seat 5: raiseinthedarkk (small blind) folded before Flop
Seat 6: Pippa83 (big blind) folded before Flop



PokerStars Hand #254635024267:  Hold'em No Limit ($0.50/$1.00 USD) - 2025/01/31 10:59:13 WET [2025/01/31 5:59:13 ET]
Table 'Musca' 6-max Seat #5 is the button
Seat 1: VahTang_89 ($213.24 in chips) 
Seat 2: Y_19 ($126.16 in chips) 
Seat 3: SimonD10200 ($72.31 in chips) 
Seat 4: Espada Fish ($100 in chips) 
Seat 5: raiseinthedarkk ($100 in chips) 
Seat 6: Pippa83 ($100 in chips) 
Pippa83: posts small blind $0.50
VahTang_89: posts big blind $1
*** HOLE CARDS ***
Y_19: folds 
SimonD10200: folds 
Espada Fish: folds 
raiseinthedarkk: folds 
Pippa83: folds 
Uncalled bet ($0.50) returned to VahTang_89
VahTang_89 collected $1 from pot
VahTang_89: doesn't show hand 
*** SUMMARY ***
Total pot $1 | Rake $0 
Seat 1: VahTang_89 (big blind) collected ($1)
Seat 2: Y_19 folded before Flop (didn't bet)
Seat 3: SimonD10200 folded before Flop (didn't bet)
Seat 4: Espada Fish folded before Flop (didn't bet)
Seat 5: raiseinthedarkk (button) folded before Flop (didn't bet)
Seat 6: Pippa83 (small blind) folded before Flop



PokerStars Hand #254635025162:  Hold'em No Limit ($0.50/$1.00 USD) - 2025/01/31 10:59:23 WET [2025/01/31 5:59:23 ET]
Table 'Musca' 6-max Seat #6 is the button
Seat 1: VahTang_89 ($213.74 in chips) 
Seat 2: Y_19 ($126.16 in chips) 
Seat 3: SimonD10200 ($72.31 in chips) 
Seat 4: Espada Fish ($100 in chips) 
Seat 5: raiseinthedarkk ($100 in chips) 
Seat 6: Pippa83 ($100 in chips) 
VahTang_89: posts small blind $0.50
Y_19: posts big blind $1
*** HOLE CARDS ***
SimonD10200: folds 
Espada Fish: folds 
raiseinthedarkk: raises $1.20 to $2.20
Pippa83: folds 
VahTang_89: folds 
Y_19: folds 
Uncalled bet ($1.20) returned to raiseinthedarkk
raiseinthedarkk collected $2.50 from pot
raiseinthedarkk: doesn't show hand 
*** SUMMARY ***
Total pot $2.50 | Rake $0 
Seat 1: VahTang_89 (small blind) folded before Flop
Seat 2: Y_19 (big blind) folded before Flop
Seat 3: SimonD10200 folded before Flop (didn't bet)
Seat 4: Espada Fish folded before Flop (didn't bet)
Seat 5: raiseinthedarkk collected ($2.50)
Seat 6: Pippa83 (button) folded before Flop (didn't bet)



PokerStars Hand #254635027493:  Hold'em No Limit ($0.50/$1.00 USD) - 2025/01/31 10:59:48 WET [2025/01/31 5:59:48 ET]
Table 'Musca' 6-max Seat #1 is the button
Seat 1: VahTang_89 ($213.24 in chips) 
Seat 2: Y_19 ($125.16 in chips) 
Seat 3: SimonD10200 ($72.31 in chips) 
Seat 4: Espada Fish ($100 in chips) 
Seat 5: raiseinthedarkk ($101.50 in chips) 
Seat 6: Pippa83 ($100 in chips) 
Y_19: posts small blind $0.50
SimonD10200: posts big blind $1
*** HOLE CARDS ***
Espada Fish: folds 
raiseinthedarkk: folds 
Pippa83: raises $1.50 to $2.50
VahTang_89: folds 
Y_19: folds 
SimonD10200: calls $1.50
*** FLOP *** [2s 4d 2h]
SimonD10200: checks 
Pippa83: bets $1.31
SimonD10200: calls $1.31
*** TURN *** [2s 4d 2h] [3h]
SimonD10200: checks 
Pippa83: bets $5.78
SimonD10200: folds 
Uncalled bet ($5.78) returned to Pippa83
Pippa83 collected $7.71 from pot
Pippa83: doesn't show hand 
*** SUMMARY ***
Total pot $8.12 | Rake $0.41 
Board [2s 4d 2h 3h]
Seat 1: VahTang_89 (button) folded before Flop (didn't bet)
Seat 2: Y_19 (small blind) folded before Flop
Seat 3: SimonD10200 (big blind) folded on the Turn
Seat 4: Espada Fish folded before Flop (didn't bet)
Seat 5: raiseinthedarkk folded before Flop (didn't bet)
Seat 6: Pippa83 collected ($7.71)



PokerStars Hand #254635030482:  Hold'em No Limit ($0.50/$1.00 USD) - 2025/01/31 11:00:19 WET [2025/01/31 6:00:19 ET]
Table 'Musca' 6-max Seat #2 is the button
Seat 1: VahTang_89 ($213.24 in chips) 
Seat 2: Y_19 ($124.66 in chips) 
Seat 3: SimonD10200 ($68.50 in chips) 
Seat 4: Espada Fish ($100 in chips) 
Seat 5: raiseinthedarkk ($101.50 in chips) 
Seat 6: Pippa83 ($103.90 in chips) 
SimonD10200: posts small blind $0.50
Espada Fish: posts big blind $1
*** HOLE CARDS ***
raiseinthedarkk: folds 
Pippa83: folds 
VahTang_89: folds 
Y_19: raises $1.23 to $2.23
SimonD10200: folds 
Espada Fish: calls $1.23
*** FLOP *** [Qc 7h 9c]
Espada Fish: checks 
Y_19: bets $1.55
Espada Fish: calls $1.55
*** TURN *** [Qc 7h 9c] [7d]
Espada Fish: checks 
Y_19: checks 
*** RIVER *** [Qc 7h 9c 7d] [9h]
Espada Fish: bets $2.53
Y_19: folds 
Uncalled bet ($2.53) returned to Espada Fish
Espada Fish collected $7.66 from pot
Espada Fish: doesn't show hand 
*** SUMMARY ***
Total pot $8.06 | Rake $0.40 
Board [Qc 7h 9c 7d 9h]
Seat 1: VahTang_89 folded before Flop (didn't bet)
Seat 2: Y_19 (button) folded on the River
Seat 3: SimonD10200 (small blind) folded before Flop
Seat 4: Espada Fish (big blind) collected ($7.66)
Seat 5: raiseinthedarkk folded before Flop (didn't bet)
Seat 6: Pippa83 folded before Flop (didn't bet)



PokerStars Hand #254635038219:  Hold'em No Limit ($0.50/$1.00 USD) - 2025/01/31 11:01:31 WET [2025/01/31 6:01:31 ET]
Table 'Musca' 6-max Seat #3 is the button
Seat 1: VahTang_89 ($213.24 in chips) 
Seat 2: Y_19 ($120.88 in chips) 
Seat 3: SimonD10200 ($68 in chips) 
Seat 4: Espada Fish ($103.88 in chips) 
Seat 5: raiseinthedarkk ($101.50 in chips) 
Seat 6: Pippa83 ($103.90 in chips) 
Espada Fish: posts small blind $0.50
raiseinthedarkk: posts big blind $1
*** HOLE CARDS ***
Pippa83: folds 
VahTang_89: raises $1.20 to $2.20
Y_19: folds 
SimonD10200: folds 
Espada Fish: folds 
raiseinthedarkk: folds 
Uncalled bet ($1.20) returned to VahTang_89
VahTang_89 collected $2.50 from pot
VahTang_89: doesn't show hand 
*** SUMMARY ***
Total pot $2.50 | Rake $0 
Seat 1: VahTang_89 collected ($2.50)
Seat 2: Y_19 folded before Flop (didn't bet)
Seat 3: SimonD10200 (button) folded before Flop (didn't bet)
Seat 4: Espada Fish (small blind) folded before Flop
Seat 5: raiseinthedarkk (big blind) folded before Flop
Seat 6: Pippa83 folded before Flop (didn't bet)



PokerStars Hand #254635039974:  Hold'em No Limit ($0.50/$1.00 USD) - 2025/01/31 11:01:47 WET [2025/01/31 6:01:47 ET]
Table 'Musca' 6-max Seat #4 is the button
Seat 1: VahTang_89 ($214.74 in chips) 
Seat 2: Y_19 ($120.88 in chips) 
Seat 3: SimonD10200 ($68 in chips) 
Seat 4: Espada Fish ($103.38 in chips) 
Seat 5: raiseinthedarkk ($100.50 in chips) 
Seat 6: Pippa83 ($103.90 in chips) 
raiseinthedarkk: posts small blind $0.50
Pippa83: posts big blind $1
*** HOLE CARDS ***
VahTang_89: folds 
Y_19: raises $1.23 to $2.23
SimonD10200: calls $2.23
Espada Fish: raises $9.77 to $12
raiseinthedarkk: folds 
Pippa83: folds 
Y_19: folds 
SimonD10200: calls $9.77
*** FLOP *** [4d 9h 4s]
SimonD10200: bets $13.17
Espada Fish: calls $13.17
*** TURN *** [4d 9h 4s] [Qs]
SimonD10200: bets $25.79
Espada Fish: folds 
Uncalled bet ($25.79) returned to SimonD10200
SimonD10200 collected $51.57 from pot
*** SUMMARY ***
Total pot $54.07 | Rake $2.50 
Board [4d 9h 4s Qs]
Seat 1: VahTang_89 folded before Flop (didn't bet)
Seat 2: Y_19 folded before Flop
Seat 3: SimonD10200 collected ($51.57)
Seat 4: Espada Fish (button) folded on the Turn
Seat 5: raiseinthedarkk (small blind) folded before Flop
Seat 6: Pippa83 (big blind) folded before Flop



PokerStars Hand #254635047281:  Hold'em No Limit ($0.50/$1.00 USD) - 2025/01/31 11:02:50 WET [2025/01/31 6:02:50 ET]
Table 'Musca' 6-max Seat #5 is the button
Seat 1: VahTang_89 ($214.74 in chips) 
Seat 2: Y_19 ($118.65 in chips) 
Seat 3: SimonD10200 ($94.40 in chips) 
Seat 4: Espada Fish ($100 in chips) 
Seat 5: raiseinthedarkk ($100 in chips) 
Seat 6: Pippa83 ($102.90 in chips) 
Pippa83: posts small blind $0.50
VahTang_89: posts big blind $1
*** HOLE CARDS ***
Y_19: folds 
SimonD10200: folds 
Espada Fish: folds 
raiseinthedarkk: folds 
Pippa83: raises $2 to $3
VahTang_89: folds 
Uncalled bet ($2) returned to Pippa83
Pippa83 collected $2 from pot
Pippa83: doesn't show hand 
*** SUMMARY ***
Total pot $2 | Rake $0 
Seat 1: VahTang_89 (big blind) folded before Flop
Seat 2: Y_19 folded before Flop (didn't bet)
Seat 3: SimonD10200 folded before Flop (didn't bet)
Seat 4: Espada Fish folded before Flop (didn't bet)
Seat 5: raiseinthedarkk (button) folded before Flop (didn't bet)
Seat 6: Pippa83 (small blind) collected ($2)



PokerStars Hand #254635049798:  Hold'em No Limit ($0.50/$1.00 USD) - 2025/01/31 11:03:11 WET [2025/01/31 6:03:11 ET]
Table 'Musca' 6-max Seat #6 is the button
Seat 1: VahTang_89 ($213.74 in chips) 
Seat 2: Y_19 ($118.65 in chips) 
Seat 3: SimonD10200 ($94.40 in chips) 
Seat 4: Espada Fish ($100 in chips) 
Seat 5: raiseinthedarkk ($100 in chips) 
Seat 6: Pippa83 ($103.90 in chips) 
VahTang_89: posts small blind $0.50
Y_19: posts big blind $1
*** HOLE CARDS ***
SimonD10200: raises $2.50 to $3.50
Espada Fish: folds 
raiseinthedarkk: folds 
Pippa83: folds 
VahTang_89: folds 
Y_19: folds 
Uncalled bet ($2.50) returned to SimonD10200
SimonD10200 collected $2.50 from pot
*** SUMMARY ***
Total pot $2.50 | Rake $0 
Seat 1: VahTang_89 (small blind) folded before Flop
Seat 2: Y_19 (big blind) folded before Flop
Seat 3: SimonD10200 collected ($2.50)
Seat 4: Espada Fish folded before Flop (didn't bet)
Seat 5: raiseinthedarkk folded before Flop (didn't bet)
Seat 6: Pippa83 (button) folded before Flop (didn't bet)



PokerStars Hand #254635052623:  Hold'em No Limit ($0.50/$1.00 USD) - 2025/01/31 11:03:36 WET [2025/01/31 6:03:36 ET]
Table 'Musca' 6-max Seat #1 is the button
Seat 1: VahTang_89 ($213.24 in chips) 
Seat 2: Y_19 ($117.65 in chips) 
Seat 3: SimonD10200 ($95.90 in chips) 
Seat 4: Espada Fish ($100 in chips) 
Seat 5: raiseinthedarkk ($100 in chips) 
Seat 6: Pippa83 ($103.90 in chips) 
Y_19: posts small blind $0.50
SimonD10200: posts big blind $1
*** HOLE CARDS ***
Espada Fish: folds 
raiseinthedarkk: folds 
Pippa83: folds 
VahTang_89: folds 
Y_19: folds 
Uncalled bet ($0.50) returned to SimonD10200
SimonD10200 collected $1 from pot
*** SUMMARY ***
Total pot $1 | Rake $0 
Seat 1: VahTang_89 (button) folded before Flop (didn't bet)
Seat 2: Y_19 (small blind) folded before Flop
Seat 3: SimonD10200 (big blind) collected ($1)
Seat 4: Espada Fish folded before Flop (didn't bet)
Seat 5: raiseinthedarkk folded before Flop (didn't bet)
Seat 6: Pippa83 folded before Flop (didn't bet)



PokerStars Hand #254635053829:  Hold'em No Limit ($0.50/$1.00 USD) - 2025/01/31 11:03:46 WET [2025/01/31 6:03:46 ET]
Table 'Musca' 6-max Seat #2 is the button
Seat 1: VahTang_89 ($213.24 in chips) 
Seat 2: Y_19 ($117.15 in chips) 
Seat 3: SimonD10200 ($96.40 in chips) 
Seat 4: Espada Fish ($100 in chips) 
Seat 5: raiseinthedarkk ($100 in chips) 
Seat 6: Pippa83 ($103.90 in chips) 
SimonD10200: posts small blind $0.50
Espada Fish: posts big blind $1
*** HOLE CARDS ***
raiseinthedarkk: folds 
Pippa83: folds 
VahTang_89: raises $1.20 to $2.20
Y_19: calls $2.20
SimonD10200: calls $1.70
Espada Fish: folds 
*** FLOP *** [6c Ac 9c]
SimonD10200: checks 
VahTang_89: checks 
Y_19: bets $2.38
SimonD10200: folds 
VahTang_89: calls $2.38
*** TURN *** [6c Ac 9c] [9d]
VahTang_89: checks 
Y_19: checks 
*** RIVER *** [6c Ac 9c 9d] [3s]
VahTang_89: checks 
Y_19: checks 
*** SHOW DOWN ***
VahTang_89: shows [Qd Qc] (two pair, Queens and Nines)
Y_19: shows [Ad 6d] (two pair, Aces and Nines)
Y_19 collected $11.74 from pot
*** SUMMARY ***
Total pot $12.36 | Rake $0.62 
Board [6c Ac 9c 9d 3s]
Seat 1: VahTang_89 showed [Qd Qc] and lost with two pair, Queens and Nines
Seat 2: Y_19 (button) showed [Ad 6d] and won ($11.74) with two pair, Aces and Nines
Seat 3: SimonD10200 (small blind) folded on the Flop
Seat 4: Espada Fish (big blind) folded before Flop
Seat 5: raiseinthedarkk folded before Flop (didn't bet)
Seat 6: Pippa83 folded before Flop (didn't bet)



PokerStars Hand #254635060423:  Hold'em No Limit ($0.50/$1.00 USD) - 2025/01/31 11:04:43 WET [2025/01/31 6:04:43 ET]
Table 'Musca' 6-max Seat #3 is the button
Seat 1: VahTang_89 ($208.66 in chips) 
Seat 2: Y_19 ($124.31 in chips) 
Seat 3: SimonD10200 ($94.20 in chips) 
Seat 4: Espada Fish ($100 in chips) 
Seat 5: raiseinthedarkk ($100 in chips) 
Seat 6: Pippa83 ($103.90 in chips) 
Espada Fish: posts small blind $0.50
raiseinthedarkk: posts big blind $1
*** HOLE CARDS ***
Pippa83: folds 
VahTang_89: raises $1.20 to $2.20
Y_19: folds 
SimonD10200: folds 
Espada Fish: folds 
raiseinthedarkk: calls $1.20
*** FLOP *** [Jd 9c Td]
raiseinthedarkk: checks 
VahTang_89: bets $3.08
raiseinthedarkk: folds 
Uncalled bet ($3.08) returned to VahTang_89
VahTang_89 collected $4.66 from pot
VahTang_89: doesn't show hand 
*** SUMMARY ***
Total pot $4.90 | Rake $0.24 
Board [Jd 9c Td]
Seat 1: VahTang_89 collected ($4.66)
Seat 2: Y_19 folded before Flop (didn't bet)
Seat 3: SimonD10200 (button) folded before Flop (didn't bet)
Seat 4: Espada Fish (small blind) folded before Flop
Seat 5: raiseinthedarkk (big blind) folded on the Flop
Seat 6: Pippa83 folded before Flop (didn't bet)



PokerStars Hand #254635064067:  Hold'em No Limit ($0.50/$1.00 USD) - 2025/01/31 11:05:14 WET [2025/01/31 6:05:14 ET]
Table 'Musca' 6-max Seat #4 is the button
Seat 1: VahTang_89 ($211.12 in chips) 
Seat 2: Y_19 ($124.31 in chips) 
Seat 3: SimonD10200 ($94.20 in chips) 
Seat 4: Espada Fish ($100 in chips) 
Seat 5: raiseinthedarkk ($100 in chips) 
Seat 6: Pippa83 ($103.90 in chips) 
raiseinthedarkk: posts small blind $0.50
Pippa83: posts big blind $1
*** HOLE CARDS ***
VahTang_89: folds 
Y_19: folds 
SimonD10200: raises $1 to $2
Espada Fish: folds 
raiseinthedarkk: folds 
Pippa83: folds 
Uncalled bet ($1) returned to SimonD10200
SimonD10200 collected $2.50 from pot
*** SUMMARY ***
Total pot $2.50 | Rake $0 
Seat 1: VahTang_89 folded before Flop (didn't bet)
Seat 2: Y_19 folded before Flop (didn't bet)
Seat 3: SimonD10200 collected ($2.50)
Seat 4: Espada Fish (button) folded before Flop (didn't bet)
Seat 5: raiseinthedarkk (small blind) folded before Flop
Seat 6: Pippa83 (big blind) folded before Flop



PokerStars Hand #254635066235:  Hold'em No Limit ($0.50/$1.00 USD) - 2025/01/31 11:05:33 WET [2025/01/31 6:05:33 ET]
Table 'Musca' 6-max Seat #5 is the button
Seat 1: VahTang_89 ($211.12 in chips) 
Seat 2: Y_19 ($124.31 in chips) 
Seat 3: SimonD10200 ($95.70 in chips) 
Seat 4: Espada Fish ($100 in chips) 
Seat 5: raiseinthedarkk ($100 in chips) 
Seat 6: Pippa83 ($102.90 in chips) 
Pippa83: posts small blind $0.50
VahTang_89: posts big blind $1
*** HOLE CARDS ***
Y_19: folds 
SimonD10200: folds 
Espada Fish: raises $1.20 to $2.20
raiseinthedarkk: folds 
Pippa83: folds 
VahTang_89: folds 
Uncalled bet ($1.20) returned to Espada Fish
Espada Fish collected $2.50 from pot
Espada Fish: doesn't show hand 
*** SUMMARY ***
Total pot $2.50 | Rake $0 
Seat 1: VahTang_89 (big blind) folded before Flop
Seat 2: Y_19 folded before Flop (didn't bet)
Seat 3: SimonD10200 folded before Flop (didn't bet)
Seat 4: Espada Fish collected ($2.50)
Seat 5: raiseinthedarkk (button) folded before Flop (didn't bet)
Seat 6: Pippa83 (small blind) folded before Flop



PokerStars Hand #254635068246:  Hold'em No Limit ($0.50/$1.00 USD) - 2025/01/31 11:05:50 WET [2025/01/31 6:05:50 ET]
Table 'Musca' 6-max Seat #6 is the button
Seat 1: VahTang_89 ($210.12 in chips) 
Seat 2: Y_19 ($124.31 in chips) 
Seat 3: SimonD10200 ($95.70 in chips) 
Seat 4: Espada Fish ($101.50 in chips) 
Seat 5: raiseinthedarkk ($100 in chips) 
Seat 6: Pippa83 ($102.40 in chips) 
VahTang_89: posts small blind $0.50
Y_19: posts big blind $1
*** HOLE CARDS ***
SimonD10200: folds 
Espada Fish: folds 
raiseinthedarkk: raises $1.20 to $2.20
Pippa83: folds 
VahTang_89: folds 
Y_19: folds 
Uncalled bet ($1.20) returned to raiseinthedarkk
raiseinthedarkk collected $2.50 from pot
raiseinthedarkk: doesn't show hand 
*** SUMMARY ***
Total pot $2.50 | Rake $0 
Seat 1: VahTang_89 (small blind) folded before Flop
Seat 2: Y_19 (big blind) folded before Flop
Seat 3: SimonD10200 folded before Flop (didn't bet)
Seat 4: Espada Fish folded before Flop (didn't bet)
Seat 5: raiseinthedarkk collected ($2.50)
Seat 6: Pippa83 (button) folded before Flop (didn't bet)



PokerStars Hand #254635069816:  Hold'em No Limit ($0.50/$1.00 USD) - 2025/01/31 11:06:04 WET [2025/01/31 6:06:04 ET]
Table 'Musca' 6-max Seat #1 is the button
Seat 1: VahTang_89 ($209.62 in chips) 
Seat 2: Y_19 ($123.31 in chips) 
Seat 3: SimonD10200 ($95.70 in chips) 
Seat 4: Espada Fish ($101.50 in chips) 
Seat 5: raiseinthedarkk ($101.50 in chips) 
Seat 6: Pippa83 ($102.40 in chips) 
Y_19: posts small blind $0.50
SimonD10200: posts big blind $1
*** HOLE CARDS ***
Espada Fish: folds 
raiseinthedarkk: folds 
Pippa83: folds 
VahTang_89: raises $1.20 to $2.20
Y_19: folds 
SimonD10200: folds 
Uncalled bet ($1.20) returned to VahTang_89
VahTang_89 collected $2.50 from pot
VahTang_89: doesn't show hand 
*** SUMMARY ***
Total pot $2.50 | Rake $0 
Seat 1: VahTang_89 (button) collected ($2.50)
Seat 2: Y_19 (small blind) folded before Flop
Seat 3: SimonD10200 (big blind) folded before Flop
Seat 4: Espada Fish folded before Flop (didn't bet)
Seat 5: raiseinthedarkk folded before Flop (didn't bet)
Seat 6: Pippa83 folded before Flop (didn't bet)



PokerStars Hand #254635072700:  Hold'em No Limit ($0.50/$1.00 USD) - 2025/01/31 11:06:29 WET [2025/01/31 6:06:29 ET]
Table 'Musca' 6-max Seat #2 is the button
Seat 1: VahTang_89 ($211.12 in chips) 
Seat 2: Y_19 ($122.81 in chips) 
Seat 3: SimonD10200 ($94.70 in chips) 
Seat 4: Espada Fish ($101.50 in chips) 
Seat 5: raiseinthedarkk ($101.50 in chips) 
Seat 6: Pippa83 ($102.40 in chips) 
SimonD10200: posts small blind $0.50
Espada Fish: posts big blind $1
*** HOLE CARDS ***
raiseinthedarkk: folds 
Pippa83: folds 
VahTang_89: folds 
Y_19: folds 
SimonD10200: folds 
Uncalled bet ($0.50) returned to Espada Fish
Espada Fish collected $1 from pot
Espada Fish: doesn't show hand 
*** SUMMARY ***
Total pot $1 | Rake $0 
Seat 1: VahTang_89 folded before Flop (didn't bet)
Seat 2: Y_19 (button) folded before Flop (didn't bet)
Seat 3: SimonD10200 (small blind) folded before Flop
Seat 4: Espada Fish (big blind) collected ($1)
Seat 5: raiseinthedarkk folded before Flop (didn't bet)
Seat 6: Pippa83 folded before Flop (didn't bet)



PokerStars Hand #254635073817:  Hold'em No Limit ($0.50/$1.00 USD) - 2025/01/31 11:06:38 WET [2025/01/31 6:06:38 ET]
Table 'Musca' 6-max Seat #3 is the button
Seat 1: VahTang_89 ($211.12 in chips) 
Seat 2: Y_19 ($122.81 in chips) 
Seat 3: SimonD10200 ($94.20 in chips) 
Seat 4: Espada Fish ($102 in chips) 
Seat 5: raiseinthedarkk ($101.50 in chips) 
Seat 6: Pippa83 ($102.40 in chips) 
Espada Fish: posts small blind $0.50
raiseinthedarkk: posts big blind $1
*** HOLE CARDS ***
Pippa83: raises $1.20 to $2.20
VahTang_89: folds 
Y_19: folds 
SimonD10200: calls $2.20
Espada Fish: folds 
raiseinthedarkk: folds 
*** FLOP *** [5c 3d 7h]
Pippa83: checks 
SimonD10200: checks 
*** TURN *** [5c 3d 7h] [Ah]
Pippa83: checks 
SimonD10200: checks 
*** RIVER *** [5c 3d 7h Ah] [Qd]
Pippa83: bets $1.40
SimonD10200: calls $1.40
*** SHOW DOWN ***
Pippa83: shows [2h 2d] (a pair of Deuces)
SimonD10200: shows [Td 7d] (a pair of Sevens)
SimonD10200 collected $8.26 from pot
*** SUMMARY ***
Total pot $8.70 | Rake $0.44 
Board [5c 3d 7h Ah Qd]
Seat 1: VahTang_89 folded before Flop (didn't bet)
Seat 2: Y_19 folded before Flop (didn't bet)
Seat 3: SimonD10200 (button) showed [Td 7d] and won ($8.26) with a pair of Sevens
Seat 4: Espada Fish (small blind) folded before Flop
Seat 5: raiseinthedarkk (big blind) folded before Flop
Seat 6: Pippa83 showed [2h 2d] and lost with a pair of Deuces



PokerStars Hand #254635078447:  Hold'em No Limit ($0.50/$1.00 USD) - 2025/01/31 11:07:18 WET [2025/01/31 6:07:18 ET]
Table 'Musca' 6-max Seat #4 is the button
Seat 1: VahTang_89 ($211.12 in chips) 
Seat 2: Y_19 ($122.81 in chips) 
Seat 3: SimonD10200 ($98.86 in chips) 
Seat 4: Espada Fish ($101.50 in chips) 
Seat 5: raiseinthedarkk ($100.50 in chips) 
Seat 6: Pippa83 ($100 in chips) 
raiseinthedarkk: posts small blind $0.50
Pippa83: posts big blind $1
*** HOLE CARDS ***
VahTang_89: raises $1.20 to $2.20
Y_19: folds 
SimonD10200: folds 
Espada Fish: folds 
raiseinthedarkk: folds 
Pippa83: folds 
Uncalled bet ($1.20) returned to VahTang_89
VahTang_89 collected $2.50 from pot
VahTang_89: doesn't show hand 
*** SUMMARY ***
Total pot $2.50 | Rake $0 
Seat 1: VahTang_89 collected ($2.50)
Seat 2: Y_19 folded before Flop (didn't bet)
Seat 3: SimonD10200 folded before Flop (didn't bet)
Seat 4: Espada Fish (button) folded before Flop (didn't bet)
Seat 5: raiseinthedarkk (small blind) folded before Flop
Seat 6: Pippa83 (big blind) folded before Flop



PokerStars Hand #254635079958:  Hold'em No Limit ($0.50/$1.00 USD) - 2025/01/31 11:07:31 WET [2025/01/31 6:07:31 ET]
Table 'Musca' 6-max Seat #5 is the button
Seat 1: VahTang_89 ($212.62 in chips) 
Seat 2: Y_19 ($122.81 in chips) 
Seat 3: SimonD10200 ($98.86 in chips) 
Seat 4: Espada Fish ($101.50 in chips) 
Seat 5: raiseinthedarkk ($100 in chips) 
Seat 6: Pippa83 ($100 in chips) 
Pippa83: posts small blind $0.50
VahTang_89: posts big blind $1
*** HOLE CARDS ***
Y_19: folds 
SimonD10200: raises $2.50 to $3.50
Espada Fish: folds 
raiseinthedarkk: calls $3.50
Pippa83: raises $12.50 to $16
VahTang_89: folds 
SimonD10200: calls $12.50
raiseinthedarkk: folds 
*** FLOP *** [2c Jh 4h]
Pippa83: bets $11.44
SimonD10200: calls $11.44
*** TURN *** [2c Jh 4h] [7h]
Pippa83: checks 
SimonD10200: bets $20
Pippa83: folds 
Uncalled bet ($20) returned to SimonD10200
SimonD10200 collected $56.88 from pot
*** SUMMARY ***
Total pot $59.38 | Rake $2.50 
Board [2c Jh 4h 7h]
Seat 1: VahTang_89 (big blind) folded before Flop
Seat 2: Y_19 folded before Flop (didn't bet)
Seat 3: SimonD10200 collected ($56.88)
Seat 4: Espada Fish folded before Flop (didn't bet)
Seat 5: raiseinthedarkk (button) folded before Flop
Seat 6: Pippa83 (small blind) folded on the Turn



PokerStars Hand #254635100043:  Hold'em No Limit ($0.50/$1.00 USD) - 2025/01/31 11:10:25 WET [2025/01/31 6:10:25 ET]
Table 'Musca' 6-max Seat #3 is the button
Seat 1: VahTang_89 ($211.12 in chips) 
Seat 2: Y_19 ($122.89 in chips) 
Seat 3: SimonD10200 ($118.03 in chips) 
Seat 4: Espada Fish ($105.52 in chips) 
Seat 5: raiseinthedarkk ($107.49 in chips) 
Seat 6: Pippa83 ($100 in chips) 
Espada Fish: posts small blind $0.50
raiseinthedarkk: posts big blind $1
*** HOLE CARDS ***
Pippa83: folds 
VahTang_89: folds 
Y_19: raises $1.23 to $2.23
SimonD10200: folds 
Espada Fish: raises $8.77 to $11
raiseinthedarkk: folds 
Y_19: folds 
Uncalled bet ($8.77) returned to Espada Fish
Espada Fish collected $5.46 from pot
Espada Fish: doesn't show hand 
*** SUMMARY ***
Total pot $5.46 | Rake $0 
Seat 1: VahTang_89 folded before Flop (didn't bet)
Seat 2: Y_19 folded before Flop
Seat 3: SimonD10200 (button) folded before Flop (didn't bet)
Seat 4: Espada Fish (small blind) collected ($5.46)
Seat 5: raiseinthedarkk (big blind) folded before Flop
Seat 6: Pippa83 folded before Flop (didn't bet)



PokerStars Hand #254635103231:  Hold'em No Limit ($0.50/$1.00 USD) - 2025/01/31 11:10:52 WET [2025/01/31 6:10:52 ET]
Table 'Musca' 6-max Seat #4 is the button
Seat 1: VahTang_89 ($211.12 in chips) 
Seat 2: Y_19 ($120.66 in chips) 
Seat 3: SimonD10200 ($118.03 in chips) 
Seat 4: Espada Fish ($108.75 in chips) 
Seat 5: raiseinthedarkk ($106.49 in chips) 
Seat 6: Pippa83 ($100 in chips) 
raiseinthedarkk: posts small blind $0.50
Pippa83: posts big blind $1
*** HOLE CARDS ***
VahTang_89: folds 
Y_19: folds 
SimonD10200: raises $2.50 to $3.50
Espada Fish: folds 
raiseinthedarkk: folds 
Pippa83: calls $2.50
*** FLOP *** [4s 5d 6c]
Pippa83: checks 
SimonD10200: bets $3.56
Pippa83: calls $3.56
*** TURN *** [4s 5d 6c] [Ts]
Pippa83: checks 
SimonD10200: bets $6.95
Pippa83: calls $6.95
*** RIVER *** [4s 5d 6c Ts] [6d]
Pippa83: checks 
SimonD10200: checks 
*** SHOW DOWN ***
Pippa83: shows [9h 7h] (a pair of Sixes)
SimonD10200: shows [Qd As] (a pair of Sixes - Ace kicker)
SimonD10200 collected $27.09 from pot
*** SUMMARY ***
Total pot $28.52 | Rake $1.43 
Board [4s 5d 6c Ts 6d]
Seat 1: VahTang_89 folded before Flop (didn't bet)
Seat 2: Y_19 folded before Flop (didn't bet)
Seat 3: SimonD10200 showed [Qd As] and won ($27.09) with a pair of Sixes
Seat 4: Espada Fish (button) folded before Flop (didn't bet)
Seat 5: raiseinthedarkk (small blind) folded before Flop
Seat 6: Pippa83 (big blind) showed [9h 7h] and lost with a pair of Sixes



PokerStars Hand #254635109215:  Hold'em No Limit ($0.50/$1.00 USD) - 2025/01/31 11:11:43 WET [2025/01/31 6:11:43 ET]
Table 'Musca' 6-max Seat #5 is the button
Seat 1: VahTang_89 ($211.12 in chips) 
Seat 2: Y_19 ($120.66 in chips) 
Seat 3: SimonD10200 ($131.11 in chips) 
Seat 4: Espada Fish ($108.75 in chips) 
Seat 5: raiseinthedarkk ($105.99 in chips) 
Seat 6: Pippa83 ($100 in chips) 
Pippa83: posts small blind $0.50
VahTang_89: posts big blind $1
*** HOLE CARDS ***
Y_19: folds 
SimonD10200: raises $2 to $3
Espada Fish: folds 
raiseinthedarkk: folds 
Pippa83: folds 
VahTang_89: folds 
Uncalled bet ($2) returned to SimonD10200
SimonD10200 collected $2.50 from pot
*** SUMMARY ***
Total pot $2.50 | Rake $0 
Seat 1: VahTang_89 (big blind) folded before Flop
Seat 2: Y_19 folded before Flop (didn't bet)
Seat 3: SimonD10200 collected ($2.50)
Seat 4: Espada Fish folded before Flop (didn't bet)
Seat 5: raiseinthedarkk (button) folded before Flop (didn't bet)
Seat 6: Pippa83 (small blind) folded before Flop



PokerStars Hand #254635110602:  Hold'em No Limit ($0.50/$1.00 USD) - 2025/01/31 11:11:56 WET [2025/01/31 6:11:56 ET]
Table 'Musca' 6-max Seat #6 is the button
Seat 1: VahTang_89 ($210.12 in chips) 
Seat 2: Y_19 ($120.66 in chips) 
Seat 3: SimonD10200 ($132.61 in chips) 
Seat 4: Espada Fish ($108.75 in chips) 
Seat 5: raiseinthedarkk ($105.99 in chips) 
Seat 6: Pippa83 ($100 in chips) 
VahTang_89: posts small blind $0.50
Y_19: posts big blind $1
*** HOLE CARDS ***
SimonD10200: folds 
Espada Fish: folds 
raiseinthedarkk: raises $1.20 to $2.20
Pippa83: folds 
VahTang_89: folds 
Y_19: folds 
Uncalled bet ($1.20) returned to raiseinthedarkk
raiseinthedarkk collected $2.50 from pot
raiseinthedarkk: doesn't show hand 
*** SUMMARY ***
Total pot $2.50 | Rake $0 
Seat 1: VahTang_89 (small blind) folded before Flop
Seat 2: Y_19 (big blind) folded before Flop
Seat 3: SimonD10200 folded before Flop (didn't bet)
Seat 4: Espada Fish folded before Flop (didn't bet)
Seat 5: raiseinthedarkk collected ($2.50)
Seat 6: Pippa83 (button) folded before Flop (didn't bet)



PokerStars Hand #254635112577:  Hold'em No Limit ($0.50/$1.00 USD) - 2025/01/31 11:12:13 WET [2025/01/31 6:12:13 ET]
Table 'Musca' 6-max Seat #1 is the button
Seat 1: VahTang_89 ($209.62 in chips) 
Seat 2: Y_19 ($119.66 in chips) 
Seat 3: SimonD10200 ($132.61 in chips) 
Seat 4: Espada Fish ($108.75 in chips) 
Seat 5: raiseinthedarkk ($107.49 in chips) 
Seat 6: Pippa83 ($100 in chips) 
Y_19: posts small blind $0.50
SimonD10200: posts big blind $1
*** HOLE CARDS ***
Espada Fish: folds 
raiseinthedarkk: folds 
Pippa83: folds 
VahTang_89: raises $1.20 to $2.20
Y_19: raises $9.30 to $11.50
SimonD10200: folds 
VahTang_89: raises $13.50 to $25
Y_19: folds 
Uncalled bet ($13.50) returned to VahTang_89
VahTang_89 collected $24 from pot
VahTang_89: doesn't show hand 
*** SUMMARY ***
Total pot $24 | Rake $0 
Seat 1: VahTang_89 (button) collected ($24)
Seat 2: Y_19 (small blind) folded before Flop
Seat 3: SimonD10200 (big blind) folded before Flop
Seat 4: Espada Fish folded before Flop (didn't bet)
Seat 5: raiseinthedarkk folded before Flop (didn't bet)
Seat 6: Pippa83 folded before Flop (didn't bet)



PokerStars Hand #254635116456:  Hold'em No Limit ($0.50/$1.00 USD) - 2025/01/31 11:12:45 WET [2025/01/31 6:12:45 ET]
Table 'Musca' 6-max Seat #2 is the button
Seat 1: VahTang_89 ($222.12 in chips) 
Seat 2: Y_19 ($108.16 in chips) 
Seat 3: SimonD10200 ($131.61 in chips) 
Seat 4: Espada Fish ($108.75 in chips) 
Seat 5: raiseinthedarkk ($107.49 in chips) 
Seat 6: Pippa83 ($100 in chips) 
SimonD10200: posts small blind $0.50
Espada Fish: posts big blind $1
*** HOLE CARDS ***
raiseinthedarkk: folds 
Pippa83: folds 
VahTang_89: raises $1.20 to $2.20
Y_19: raises $4.43 to $6.63
SimonD10200: folds 
Espada Fish: folds 
VahTang_89: folds 
Uncalled bet ($4.43) returned to Y_19
Y_19 collected $5.90 from pot
Y_19: doesn't show hand 
*** SUMMARY ***
Total pot $5.90 | Rake $0 
Seat 1: VahTang_89 folded before Flop
Seat 2: Y_19 (button) collected ($5.90)
Seat 3: SimonD10200 (small blind) folded before Flop
Seat 4: Espada Fish (big blind) folded before Flop
Seat 5: raiseinthedarkk folded before Flop (didn't bet)
Seat 6: Pippa83 folded before Flop (didn't bet)



PokerStars Hand #254635118448:  Hold'em No Limit ($0.50/$1.00 USD) - 2025/01/31 11:13:02 WET [2025/01/31 6:13:02 ET]
Table 'Musca' 6-max Seat #3 is the button
Seat 1: VahTang_89 ($219.92 in chips) 
Seat 2: Y_19 ($111.86 in chips) 
Seat 3: SimonD10200 ($131.11 in chips) 
Seat 4: Espada Fish ($107.75 in chips) 
Seat 5: raiseinthedarkk ($107.49 in chips) 
Seat 6: Pippa83 ($100 in chips) 
Espada Fish: posts small blind $0.50
raiseinthedarkk: posts big blind $1
*** HOLE CARDS ***
Pippa83: folds 
VahTang_89: folds 
Y_19: raises $1.23 to $2.23
SimonD10200: calls $2.23
Espada Fish: folds 
raiseinthedarkk: calls $1.23
*** FLOP *** [6c As 5c]
raiseinthedarkk: checks 
Y_19: checks 
SimonD10200: checks 
*** TURN *** [6c As 5c] [Kd]
raiseinthedarkk: bets $4.51
Y_19: folds 
SimonD10200: calls $4.51
*** RIVER *** [6c As 5c Kd] [Jd]
raiseinthedarkk: bets $3.85
SimonD10200: raises $23.10 to $26.95
raiseinthedarkk: raises $71.05 to $98
SimonD10200: raises $26.37 to $124.37 and is all-in
raiseinthedarkk: calls $2.75 and is all-in
Uncalled bet ($23.62) returned to SimonD10200
*** SHOW DOWN ***
SimonD10200: shows [Qd Tc] (a straight, Ten to Ace)
raiseinthedarkk: shows [Td Qh] (a straight, Ten to Ace)
raiseinthedarkk collected $107.61 from pot
SimonD10200 collected $107.60 from pot
*** SUMMARY ***
Total pot $217.71 | Rake $2.50 
Board [6c As 5c Kd Jd]
Seat 1: VahTang_89 folded before Flop (didn't bet)
Seat 2: Y_19 folded on the Turn
Seat 3: SimonD10200 (button) showed [Qd Tc] and won ($107.60) with a straight, Ten to Ace
Seat 4: Espada Fish (small blind) folded before Flop
Seat 5: raiseinthedarkk (big blind) showed [Td Qh] and won ($107.61) with a straight, Ten to Ace
Seat 6: Pippa83 folded before Flop (didn't bet)



PokerStars Hand #254635131399:  Hold'em No Limit ($0.50/$1.00 USD) - 2025/01/31 11:14:49 WET [2025/01/31 6:14:49 ET]
Table 'Musca' 6-max Seat #4 is the button
Seat 1: VahTang_89 ($219.92 in chips) 
Seat 2: Y_19 ($109.63 in chips) 
Seat 3: SimonD10200 ($131.22 in chips) 
Seat 4: Espada Fish ($107.25 in chips) 
Seat 5: raiseinthedarkk ($107.61 in chips) 
Seat 6: Pippa83 ($100 in chips) 
raiseinthedarkk: posts small blind $0.50
Pippa83: posts big blind $1
*** HOLE CARDS ***
VahTang_89: folds 
Y_19: folds 
SimonD10200: folds 
Espada Fish: raises $1.50 to $2.50
raiseinthedarkk: folds 
Pippa83: folds 
Uncalled bet ($1.50) returned to Espada Fish
Espada Fish collected $2.50 from pot
Espada Fish: doesn't show hand 
*** SUMMARY ***
Total pot $2.50 | Rake $0 
Seat 1: VahTang_89 folded before Flop (didn't bet)
Seat 2: Y_19 folded before Flop (didn't bet)
Seat 3: SimonD10200 folded before Flop (didn't bet)
Seat 4: Espada Fish (button) collected ($2.50)
Seat 5: raiseinthedarkk (small blind) folded before Flop
Seat 6: Pippa83 (big blind) folded before Flop



PokerStars Hand #254635133884:  Hold'em No Limit ($0.50/$1.00 USD) - 2025/01/31 11:15:09 WET [2025/01/31 6:15:09 ET]
Table 'Musca' 6-max Seat #5 is the button
Seat 1: VahTang_89 ($219.92 in chips) 
Seat 2: Y_19 ($109.63 in chips) 
Seat 3: SimonD10200 ($131.22 in chips) 
Seat 4: Espada Fish ($108.75 in chips) 
Seat 5: raiseinthedarkk ($107.11 in chips) 
Seat 6: Pippa83 ($100 in chips) 
Pippa83: posts small blind $0.50
VahTang_89: posts big blind $1
*** HOLE CARDS ***
Y_19: folds 
SimonD10200: raises $1 to $2
Espada Fish: folds 
raiseinthedarkk: raises $10 to $12
Pippa83: folds 
VahTang_89: folds 
SimonD10200: calls $10
*** FLOP *** [Ac Kd Tc]
SimonD10200: bets $12.11
raiseinthedarkk: calls $12.11
*** TURN *** [Ac Kd Tc] [4c]
SimonD10200: checks 
raiseinthedarkk: checks 
*** RIVER *** [Ac Kd Tc 4c] [8h]
SimonD10200: bets $23.62
raiseinthedarkk: folds 
Uncalled bet ($23.62) returned to SimonD10200
SimonD10200 collected $47.23 from pot
*** SUMMARY ***
Total pot $49.72 | Rake $2.49 
Board [Ac Kd Tc 4c 8h]
Seat 1: VahTang_89 (big blind) folded before Flop
Seat 2: Y_19 folded before Flop (didn't bet)
Seat 3: SimonD10200 collected ($47.23)
Seat 4: Espada Fish folded before Flop (didn't bet)
Seat 5: raiseinthedarkk (button) folded on the River
Seat 6: Pippa83 (small blind) folded before Flop



PokerStars Hand #254635141748:  Hold'em No Limit ($0.50/$1.00 USD) - 2025/01/31 11:16:14 WET [2025/01/31 6:16:14 ET]
Table 'Musca' 6-max Seat #6 is the button
Seat 1: VahTang_89 ($218.92 in chips) 
Seat 2: Y_19 ($109.63 in chips) 
Seat 3: SimonD10200 ($154.34 in chips) 
Seat 4: Espada Fish ($108.75 in chips) 
Seat 5: raiseinthedarkk ($100 in chips) 
Seat 6: Pippa83 ($100 in chips) 
VahTang_89: posts small blind $0.50
Y_19: posts big blind $1
*** HOLE CARDS ***
SimonD10200: raises $2 to $3
Espada Fish: folds 
raiseinthedarkk: raises $5.50 to $8.50
Pippa83: folds 
VahTang_89: folds 
Y_19: folds 
SimonD10200: calls $5.50
*** FLOP *** [9s 4h 7c]
SimonD10200: bets $8.79
raiseinthedarkk: raises $9.21 to $18
SimonD10200: calls $9.21
*** TURN *** [9s 4h 7c] [Ad]
SimonD10200: checks 
raiseinthedarkk: checks 
*** RIVER *** [9s 4h 7c Ad] [6c]
SimonD10200: checks 
raiseinthedarkk: checks 
*** SHOW DOWN ***
SimonD10200: shows [Js 9h] (a pair of Nines)
raiseinthedarkk: mucks hand 
SimonD10200 collected $52 from pot
*** SUMMARY ***
Total pot $54.50 | Rake $2.50 
Board [9s 4h 7c Ad 6c]
Seat 1: VahTang_89 (small blind) folded before Flop
Seat 2: Y_19 (big blind) folded before Flop
Seat 3: SimonD10200 showed [Js 9h] and won ($52) with a pair of Nines
Seat 4: Espada Fish folded before Flop (didn't bet)
Seat 5: raiseinthedarkk mucked
Seat 6: Pippa83 (button) folded before Flop (didn't bet)



PokerStars Hand #254635147396:  Hold'em No Limit ($0.50/$1.00 USD) - 2025/01/31 11:17:01 WET [2025/01/31 6:17:01 ET]
Table 'Musca' 6-max Seat #1 is the button
Seat 1: VahTang_89 ($218.42 in chips) 
Seat 2: Y_19 ($108.63 in chips) 
Seat 3: SimonD10200 ($179.84 in chips) 
Seat 4: Espada Fish ($108.75 in chips) 
Seat 5: raiseinthedarkk ($100 in chips) 
Seat 6: Pippa83 ($100 in chips) 
Y_19: posts small blind $0.50
SimonD10200: posts big blind $1
*** HOLE CARDS ***
Espada Fish: folds 
raiseinthedarkk: folds 
Pippa83: folds 
VahTang_89: raises $1.20 to $2.20
Y_19: folds 
SimonD10200: folds 
Uncalled bet ($1.20) returned to VahTang_89
VahTang_89 collected $2.50 from pot
VahTang_89: doesn't show hand 
*** SUMMARY ***
Total pot $2.50 | Rake $0 
Seat 1: VahTang_89 (button) collected ($2.50)
Seat 2: Y_19 (small blind) folded before Flop
Seat 3: SimonD10200 (big blind) folded before Flop
Seat 4: Espada Fish folded before Flop (didn't bet)
Seat 5: raiseinthedarkk folded before Flop (didn't bet)
Seat 6: Pippa83 folded before Flop (didn't bet)



PokerStars Hand #254635148898:  Hold'em No Limit ($0.50/$1.00 USD) - 2025/01/31 11:17:14 WET [2025/01/31 6:17:14 ET]
Table 'Musca' 6-max Seat #2 is the button
Seat 1: VahTang_89 ($219.92 in chips) 
Seat 2: Y_19 ($108.13 in chips) 
Seat 3: SimonD10200 ($178.84 in chips) 
Seat 4: Espada Fish ($108.75 in chips) 
Seat 5: raiseinthedarkk ($100 in chips) 
Seat 6: Pippa83 ($100 in chips) 
SimonD10200: posts small blind $0.50
Espada Fish: posts big blind $1
*** HOLE CARDS ***
raiseinthedarkk: folds 
Pippa83: folds 
VahTang_89: folds 
Y_19: folds 
SimonD10200: folds 
Uncalled bet ($0.50) returned to Espada Fish
Espada Fish collected $1 from pot
Espada Fish: doesn't show hand 
*** SUMMARY ***
Total pot $1 | Rake $0 
Seat 1: VahTang_89 folded before Flop (didn't bet)
Seat 2: Y_19 (button) folded before Flop (didn't bet)
Seat 3: SimonD10200 (small blind) folded before Flop
Seat 4: Espada Fish (big blind) collected ($1)
Seat 5: raiseinthedarkk folded before Flop (didn't bet)
Seat 6: Pippa83 folded before Flop (didn't bet)



PokerStars Hand #254635150526:  Hold'em No Limit ($0.50/$1.00 USD) - 2025/01/31 11:17:27 WET [2025/01/31 6:17:27 ET]
Table 'Musca' 6-max Seat #3 is the button
Seat 1: VahTang_89 ($219.92 in chips) 
Seat 2: Y_19 ($108.13 in chips) 
Seat 3: SimonD10200 ($178.34 in chips) 
Seat 4: Espada Fish ($109.25 in chips) 
Seat 5: raiseinthedarkk ($100 in chips) 
Seat 6: Pippa83 ($100 in chips) 
Espada Fish: posts small blind $0.50
raiseinthedarkk: posts big blind $1
*** HOLE CARDS ***
Pippa83: folds 
VahTang_89: folds 
Y_19: folds 
SimonD10200: raises $2.50 to $3.50
Espada Fish: folds 
raiseinthedarkk: folds 
Uncalled bet ($2.50) returned to SimonD10200
SimonD10200 collected $2.50 from pot
*** SUMMARY ***
Total pot $2.50 | Rake $0 
Seat 1: VahTang_89 folded before Flop (didn't bet)
Seat 2: Y_19 folded before Flop (didn't bet)
Seat 3: SimonD10200 (button) collected ($2.50)
Seat 4: Espada Fish (small blind) folded before Flop
Seat 5: raiseinthedarkk (big blind) folded before Flop
Seat 6: Pippa83 folded before Flop (didn't bet)



PokerStars Hand #254635153657:  Hold'em No Limit ($0.50/$1.00 USD) - 2025/01/31 11:17:53 WET [2025/01/31 6:17:53 ET]
Table 'Musca' 6-max Seat #4 is the button
Seat 1: VahTang_89 ($219.92 in chips) 
Seat 2: Y_19 ($108.13 in chips) 
Seat 3: SimonD10200 ($179.84 in chips) 
Seat 4: Espada Fish ($108.75 in chips) 
Seat 5: raiseinthedarkk ($100 in chips) 
Seat 6: Pippa83 ($100 in chips) 
raiseinthedarkk: posts small blind $0.50
Pippa83: posts big blind $1
*** HOLE CARDS ***
VahTang_89: folds 
Y_19: folds 
SimonD10200: folds 
Espada Fish: folds 
raiseinthedarkk: raises $2 to $3
Pippa83: calls $2
*** FLOP *** [Td 6d 4s]
raiseinthedarkk: bets $3.76
Pippa83: calls $3.76
*** TURN *** [Td 6d 4s] [2h]
raiseinthedarkk: bets $8.47
Pippa83: folds 
Uncalled bet ($8.47) returned to raiseinthedarkk
raiseinthedarkk collected $12.84 from pot
raiseinthedarkk: doesn't show hand 
*** SUMMARY ***
Total pot $13.52 | Rake $0.68 
Board [Td 6d 4s 2h]
Seat 1: VahTang_89 folded before Flop (didn't bet)
Seat 2: Y_19 folded before Flop (didn't bet)
Seat 3: SimonD10200 folded before Flop (didn't bet)
Seat 4: Espada Fish (button) folded before Flop (didn't bet)
Seat 5: raiseinthedarkk (small blind) collected ($12.84)
Seat 6: Pippa83 (big blind) folded on the Turn



PokerStars Hand #254635160526:  Hold'em No Limit ($0.50/$1.00 USD) - 2025/01/31 11:18:50 WET [2025/01/31 6:18:50 ET]
Table 'Musca' 6-max Seat #5 is the button
Seat 1: VahTang_89 ($219.92 in chips) 
Seat 2: Y_19 ($108.13 in chips) 
Seat 3: SimonD10200 ($179.84 in chips) 
Seat 4: Espada Fish ($108.75 in chips) 
Seat 5: raiseinthedarkk ($106.08 in chips) 
Seat 6: Pippa83 ($100 in chips) 
Pippa83: posts small blind $0.50
VahTang_89: posts big blind $1
*** HOLE CARDS ***
Y_19: folds 
SimonD10200: raises $1 to $2
Espada Fish: folds 
raiseinthedarkk: raises $4 to $6
Pippa83: folds 
VahTang_89: folds 
SimonD10200: calls $4
*** FLOP *** [Qs Qd 6d]
SimonD10200: checks 
raiseinthedarkk: bets $3.21
SimonD10200: folds 
Uncalled bet ($3.21) returned to raiseinthedarkk
raiseinthedarkk collected $12.82 from pot
raiseinthedarkk: doesn't show hand 
*** SUMMARY ***
Total pot $13.50 | Rake $0.68 
Board [Qs Qd 6d]
Seat 1: VahTang_89 (big blind) folded before Flop
Seat 2: Y_19 folded before Flop (didn't bet)
Seat 3: SimonD10200 folded on the Flop
Seat 4: Espada Fish folded before Flop (didn't bet)
Seat 5: raiseinthedarkk (button) collected ($12.82)
Seat 6: Pippa83 (small blind) folded before Flop



PokerStars Hand #254635165351:  Hold'em No Limit ($0.50/$1.00 USD) - 2025/01/31 11:19:30 WET [2025/01/31 6:19:30 ET]
Table 'Musca' 6-max Seat #6 is the button
Seat 1: VahTang_89 ($218.92 in chips) 
Seat 2: Y_19 ($108.13 in chips) 
Seat 3: SimonD10200 ($173.84 in chips) 
Seat 4: Espada Fish ($108.75 in chips) 
Seat 5: raiseinthedarkk ($112.90 in chips) 
Seat 6: Pippa83 ($100 in chips) 
VahTang_89: posts small blind $0.50
Y_19: posts big blind $1
*** HOLE CARDS ***
SimonD10200: raises $2.50 to $3.50
Espada Fish: folds 
raiseinthedarkk: folds 
Pippa83: folds 
VahTang_89: folds 
Y_19: folds 
Uncalled bet ($2.50) returned to SimonD10200
SimonD10200 collected $2.50 from pot
*** SUMMARY ***
Total pot $2.50 | Rake $0 
Seat 1: VahTang_89 (small blind) folded before Flop
Seat 2: Y_19 (big blind) folded before Flop
Seat 3: SimonD10200 collected ($2.50)
Seat 4: Espada Fish folded before Flop (didn't bet)
Seat 5: raiseinthedarkk folded before Flop (didn't bet)
Seat 6: Pippa83 (button) folded before Flop (didn't bet)



PokerStars Hand #254635168456:  Hold'em No Limit ($0.50/$1.00 USD) - 2025/01/31 11:19:56 WET [2025/01/31 6:19:56 ET]
Table 'Musca' 6-max Seat #1 is the button
Seat 1: VahTang_89 ($218.42 in chips) 
Seat 2: Y_19 ($107.13 in chips) 
Seat 3: SimonD10200 ($175.34 in chips) 
Seat 4: Espada Fish ($108.75 in chips) 
Seat 5: raiseinthedarkk ($112.90 in chips) 
Seat 6: Pippa83 ($100 in chips) 
Y_19: posts small blind $0.50
SimonD10200: posts big blind $1
*** HOLE CARDS ***
Espada Fish: folds 
raiseinthedarkk: folds 
Pippa83: folds 
VahTang_89: raises $1.20 to $2.20
Y_19: folds 
SimonD10200: folds 
Uncalled bet ($1.20) returned to VahTang_89
VahTang_89 collected $2.50 from pot
VahTang_89: doesn't show hand 
*** SUMMARY ***
Total pot $2.50 | Rake $0 
Seat 1: VahTang_89 (button) collected ($2.50)
Seat 2: Y_19 (small blind) folded before Flop
Seat 3: SimonD10200 (big blind) folded before Flop
Seat 4: Espada Fish folded before Flop (didn't bet)
Seat 5: raiseinthedarkk folded before Flop (didn't bet)
Seat 6: Pippa83 folded before Flop (didn't bet)



PokerStars Hand #254635171668:  Hold'em No Limit ($0.50/$1.00 USD) - 2025/01/31 11:20:22 WET [2025/01/31 6:20:22 ET]
Table 'Musca' 6-max Seat #2 is the button
Seat 1: VahTang_89 ($219.92 in chips) 
Seat 2: Y_19 ($106.63 in chips) 
Seat 3: SimonD10200 ($174.34 in chips) 
Seat 4: Espada Fish ($108.75 in chips) 
Seat 5: raiseinthedarkk ($112.90 in chips) 
Seat 6: Pippa83 ($100 in chips) 
SimonD10200: posts small blind $0.50
Espada Fish: posts big blind $1
*** HOLE CARDS ***
raiseinthedarkk: folds 
Pippa83: folds 
VahTang_89: folds 
Y_19: folds 
SimonD10200: folds 
Uncalled bet ($0.50) returned to Espada Fish
Espada Fish collected $1 from pot
Espada Fish: doesn't show hand 
*** SUMMARY ***
Total pot $1 | Rake $0 
Seat 1: VahTang_89 folded before Flop (didn't bet)
Seat 2: Y_19 (button) folded before Flop (didn't bet)
Seat 3: SimonD10200 (small blind) folded before Flop
Seat 4: Espada Fish (big blind) collected ($1)
Seat 5: raiseinthedarkk folded before Flop (didn't bet)
Seat 6: Pippa83 folded before Flop (didn't bet)



PokerStars Hand #254635172906:  Hold'em No Limit ($0.50/$1.00 USD) - 2025/01/31 11:20:32 WET [2025/01/31 6:20:32 ET]
Table 'Musca' 6-max Seat #3 is the button
Seat 1: VahTang_89 ($219.92 in chips) 
Seat 2: Y_19 ($106.63 in chips) 
Seat 3: SimonD10200 ($173.84 in chips) 
Seat 4: Espada Fish ($109.25 in chips) 
Seat 5: raiseinthedarkk ($112.90 in chips) 
Seat 6: Pippa83 ($100 in chips) 
Espada Fish: posts small blind $0.50
raiseinthedarkk: posts big blind $1
*** HOLE CARDS ***
Pippa83: folds 
VahTang_89: folds 
Y_19: folds 
SimonD10200: raises $2.50 to $3.50
Espada Fish: raises $8.50 to $12
raiseinthedarkk: folds 
SimonD10200: calls $8.50
*** FLOP *** [9c 5h Qh]
Espada Fish: bets $7.84
SimonD10200: calls $7.84
*** TURN *** [9c 5h Qh] [6s]
Espada Fish: checks 
SimonD10200: checks 
*** RIVER *** [9c 5h Qh 6s] [8d]
Espada Fish: checks 
SimonD10200: checks 
*** SHOW DOWN ***
Espada Fish: shows [Ks As] (high card Ace)
SimonD10200: mucks hand 
Espada Fish collected $38.65 from pot
*** SUMMARY ***
Total pot $40.68 | Rake $2.03 
Board [9c 5h Qh 6s 8d]
Seat 1: VahTang_89 folded before Flop (didn't bet)
Seat 2: Y_19 folded before Flop (didn't bet)
Seat 3: SimonD10200 (button) mucked
Seat 4: Espada Fish (small blind) showed [Ks As] and won ($38.65) with high card Ace
Seat 5: raiseinthedarkk (big blind) folded before Flop
Seat 6: Pippa83 folded before Flop (didn't bet)



PokerStars Hand #254635181941:  Hold'em No Limit ($0.50/$1.00 USD) - 2025/01/31 11:21:45 WET [2025/01/31 6:21:45 ET]
Table 'Musca' 6-max Seat #4 is the button
Seat 1: VahTang_89 ($219.92 in chips) 
Seat 2: Y_19 ($106.63 in chips) 
Seat 3: SimonD10200 ($154 in chips) 
Seat 4: Espada Fish ($128.06 in chips) 
Seat 5: raiseinthedarkk ($111.90 in chips) 
Seat 6: Pippa83 ($100 in chips) 
raiseinthedarkk: posts small blind $0.50
Pippa83: posts big blind $1
*** HOLE CARDS ***
VahTang_89: raises $1.20 to $2.20
Y_19: folds 
SimonD10200: folds 
Espada Fish: folds 
raiseinthedarkk: folds 
Pippa83: raises $8.80 to $11
VahTang_89: calls $8.80
*** FLOP *** [Tc 2h Kc]
Pippa83: bets $7.06
VahTang_89: folds 
Uncalled bet ($7.06) returned to Pippa83
Pippa83 collected $21.38 from pot
Pippa83: doesn't show hand 
*** SUMMARY ***
Total pot $22.50 | Rake $1.12 
Board [Tc 2h Kc]
Seat 1: VahTang_89 folded on the Flop
Seat 2: Y_19 folded before Flop (didn't bet)
Seat 3: SimonD10200 folded before Flop (didn't bet)
Seat 4: Espada Fish (button) folded before Flop (didn't bet)
Seat 5: raiseinthedarkk (small blind) folded before Flop
Seat 6: Pippa83 (big blind) collected ($21.38)



PokerStars Hand #254635187073:  Hold'em No Limit ($0.50/$1.00 USD) - 2025/01/31 11:22:27 WET [2025/01/31 6:22:27 ET]
Table 'Musca' 6-max Seat #5 is the button
Seat 1: VahTang_89 ($208.92 in chips) 
Seat 2: Y_19 ($106.63 in chips) 
Seat 3: SimonD10200 ($154 in chips) 
Seat 4: Espada Fish ($128.06 in chips) 
Seat 5: raiseinthedarkk ($111.40 in chips) 
Seat 6: Pippa83 ($110.38 in chips) 
Pippa83: posts small blind $0.50
VahTang_89: posts big blind $1
*** HOLE CARDS ***
Y_19: folds 
SimonD10200: folds 
Espada Fish: raises $1.20 to $2.20
raiseinthedarkk: folds 
Pippa83: folds 
VahTang_89: folds 
Uncalled bet ($1.20) returned to Espada Fish
Espada Fish collected $2.50 from pot
Espada Fish: doesn't show hand 
*** SUMMARY ***
Total pot $2.50 | Rake $0 
Seat 1: VahTang_89 (big blind) folded before Flop
Seat 2: Y_19 folded before Flop (didn't bet)
Seat 3: SimonD10200 folded before Flop (didn't bet)
Seat 4: Espada Fish collected ($2.50)
Seat 5: raiseinthedarkk (button) folded before Flop (didn't bet)
Seat 6: Pippa83 (small blind) folded before Flop



PokerStars Hand #254635189602:  Hold'em No Limit ($0.50/$1.00 USD) - 2025/01/31 11:22:48 WET [2025/01/31 6:22:48 ET]
Table 'Musca' 6-max Seat #6 is the button
Seat 1: VahTang_89 ($207.92 in chips) 
Seat 2: Y_19 ($106.63 in chips) 
Seat 3: SimonD10200 ($154 in chips) 
Seat 4: Espada Fish ($129.56 in chips) 
Seat 5: raiseinthedarkk ($111.40 in chips) 
Seat 6: Pippa83 ($109.88 in chips) 
VahTang_89: posts small blind $0.50
Y_19: posts big blind $1
*** HOLE CARDS ***
SimonD10200: folds 
Espada Fish: folds 
raiseinthedarkk: folds 
Pippa83: raises $1.50 to $2.50
VahTang_89: folds 
Y_19: folds 
Uncalled bet ($1.50) returned to Pippa83
Pippa83 collected $2.50 from pot
Pippa83: doesn't show hand 
*** SUMMARY ***
Total pot $2.50 | Rake $0 
Seat 1: VahTang_89 (small blind) folded before Flop
Seat 2: Y_19 (big blind) folded before Flop
Seat 3: SimonD10200 folded before Flop (didn't bet)
Seat 4: Espada Fish folded before Flop (didn't bet)
Seat 5: raiseinthedarkk folded before Flop (didn't bet)
Seat 6: Pippa83 (button) collected ($2.50)



PokerStars Hand #254635191658:  Hold'em No Limit ($0.50/$1.00 USD) - 2025/01/31 11:23:04 WET [2025/01/31 6:23:04 ET]
Table 'Musca' 6-max Seat #1 is the button
Seat 1: VahTang_89 ($207.42 in chips) 
Seat 2: Y_19 ($105.63 in chips) 
Seat 3: SimonD10200 ($154 in chips) 
Seat 4: Espada Fish ($129.56 in chips) 
Seat 5: raiseinthedarkk ($111.40 in chips) 
Seat 6: Pippa83 ($111.38 in chips) 
Y_19: posts small blind $0.50
SimonD10200: posts big blind $1
*** HOLE CARDS ***
Espada Fish: folds 
raiseinthedarkk: folds 
Pippa83: raises $1.50 to $2.50
VahTang_89: folds 
Y_19: folds 
SimonD10200: calls $1.50
*** FLOP *** [5c 9s Jh]
SimonD10200: checks 
Pippa83: bets $3.92
SimonD10200: calls $3.92
*** TURN *** [5c 9s Jh] [Jc]
SimonD10200: checks 
Pippa83: bets $9.50
SimonD10200: folds 
Uncalled bet ($9.50) returned to Pippa83
Pippa83 collected $12.67 from pot
Pippa83: doesn't show hand 
*** SUMMARY ***
Total pot $13.34 | Rake $0.67 
Board [5c 9s Jh Jc]
Seat 1: VahTang_89 (button) folded before Flop (didn't bet)
Seat 2: Y_19 (small blind) folded before Flop
Seat 3: SimonD10200 (big blind) folded on the Turn
Seat 4: Espada Fish folded before Flop (didn't bet)
Seat 5: raiseinthedarkk folded before Flop (didn't bet)
Seat 6: Pippa83 collected ($12.67)



PokerStars Hand #254635195447:  Hold'em No Limit ($0.50/$1.00 USD) - 2025/01/31 11:23:35 WET [2025/01/31 6:23:35 ET]
Table 'Musca' 6-max Seat #2 is the button
Seat 1: VahTang_89 ($207.42 in chips) 
Seat 2: Y_19 ($105.13 in chips) 
Seat 3: SimonD10200 ($147.58 in chips) 
Seat 4: Espada Fish ($129.56 in chips) 
Seat 5: raiseinthedarkk ($111.40 in chips) 
Seat 6: Pippa83 ($117.63 in chips) 
SimonD10200: posts small blind $0.50
Espada Fish: posts big blind $1
*** HOLE CARDS ***
raiseinthedarkk: folds 
Pippa83: raises $1.20 to $2.20
VahTang_89: folds 
Y_19: folds 
SimonD10200: folds 
Espada Fish: folds 
Uncalled bet ($1.20) returned to Pippa83
Pippa83 collected $2.50 from pot
Pippa83: doesn't show hand 
*** SUMMARY ***
Total pot $2.50 | Rake $0 
Seat 1: VahTang_89 folded before Flop (didn't bet)
Seat 2: Y_19 (button) folded before Flop (didn't bet)
Seat 3: SimonD10200 (small blind) folded before Flop
Seat 4: Espada Fish (big blind) folded before Flop
Seat 5: raiseinthedarkk folded before Flop (didn't bet)
Seat 6: Pippa83 collected ($2.50)



PokerStars Hand #254635196765:  Hold'em No Limit ($0.50/$1.00 USD) - 2025/01/31 11:23:46 WET [2025/01/31 6:23:46 ET]
Table 'Musca' 6-max Seat #3 is the button
Seat 1: VahTang_89 ($207.42 in chips) 
Seat 2: Y_19 ($105.13 in chips) 
Seat 3: SimonD10200 ($147.08 in chips) 
Seat 4: Espada Fish ($128.56 in chips) 
Seat 5: raiseinthedarkk ($111.40 in chips) 
Seat 6: Pippa83 ($119.13 in chips) 
Espada Fish: posts small blind $0.50
raiseinthedarkk: posts big blind $1
*** HOLE CARDS ***
Pippa83: folds 
VahTang_89: folds 
Y_19: raises $1.23 to $2.23
SimonD10200: folds 
Espada Fish: folds 
raiseinthedarkk: calls $1.23
*** FLOP *** [Jh 4d 2s]
raiseinthedarkk: checks 
Y_19: checks 
*** TURN *** [Jh 4d 2s] [Qh]
raiseinthedarkk: checks 
Y_19: checks 
*** RIVER *** [Jh 4d 2s Qh] [2h]
raiseinthedarkk: checks 
Y_19: checks 
*** SHOW DOWN ***
raiseinthedarkk: shows [Th As] (a pair of Deuces)
Y_19: shows [Ac 3c] (a pair of Deuces)
raiseinthedarkk collected $2.36 from pot
Y_19 collected $2.35 from pot
*** SUMMARY ***
Total pot $4.96 | Rake $0.25 
Board [Jh 4d 2s Qh 2h]
Seat 1: VahTang_89 folded before Flop (didn't bet)
Seat 2: Y_19 showed [Ac 3c] and won ($2.35) with a pair of Deuces
Seat 3: SimonD10200 (button) folded before Flop (didn't bet)
Seat 4: Espada Fish (small blind) folded before Flop
Seat 5: raiseinthedarkk (big blind) showed [Th As] and won ($2.36) with a pair of Deuces
Seat 6: Pippa83 folded before Flop (didn't bet)



PokerStars Hand #254635202787:  Hold'em No Limit ($0.50/$1.00 USD) - 2025/01/31 11:24:35 WET [2025/01/31 6:24:35 ET]
Table 'Musca' 6-max Seat #4 is the button
Seat 1: VahTang_89 ($207.42 in chips) 
Seat 2: Y_19 ($105.25 in chips) 
Seat 3: SimonD10200 ($147.08 in chips) 
Seat 4: Espada Fish ($128.06 in chips) 
Seat 5: raiseinthedarkk ($111.53 in chips) 
Seat 6: Pippa83 ($119.13 in chips) 
raiseinthedarkk: posts small blind $0.50
Pippa83: posts big blind $1
*** HOLE CARDS ***
VahTang_89: folds 
Y_19: folds 
SimonD10200: folds 
Espada Fish: folds 
raiseinthedarkk: folds 
Uncalled bet ($0.50) returned to Pippa83
Pippa83 collected $1 from pot
Pippa83: doesn't show hand 
*** SUMMARY ***
Total pot $1 | Rake $0 
Seat 1: VahTang_89 folded before Flop (didn't bet)
Seat 2: Y_19 folded before Flop (didn't bet)
Seat 3: SimonD10200 folded before Flop (didn't bet)
Seat 4: Espada Fish (button) folded before Flop (didn't bet)
Seat 5: raiseinthedarkk (small blind) folded before Flop
Seat 6: Pippa83 (big blind) collected ($1)



PokerStars Hand #254635204230:  Hold'em No Limit ($0.50/$1.00 USD) - 2025/01/31 11:24:47 WET [2025/01/31 6:24:47 ET]
Table 'Musca' 6-max Seat #5 is the button
Seat 1: VahTang_89 ($207.42 in chips) 
Seat 2: Y_19 ($105.25 in chips) 
Seat 3: SimonD10200 ($147.08 in chips) 
Seat 4: Espada Fish ($128.06 in chips) 
Seat 5: raiseinthedarkk ($111.03 in chips) 
Seat 6: Pippa83 ($119.63 in chips) 
Pippa83: posts small blind $0.50
VahTang_89: posts big blind $1
*** HOLE CARDS ***
Y_19: folds 
SimonD10200: folds 
Espada Fish: folds 
raiseinthedarkk: folds 
Pippa83: raises $2 to $3
VahTang_89: calls $2
*** FLOP *** [7h 2s Ad]
Pippa83: checks 
VahTang_89: checks 
*** TURN *** [7h 2s Ad] [Js]
Pippa83: checks 
VahTang_89: checks 
*** RIVER *** [7h 2s Ad Js] [Kd]
Pippa83: checks 
VahTang_89: checks 
*** SHOW DOWN ***
Pippa83: shows [7s 6c] (a pair of Sevens)
VahTang_89: shows [8h 8c] (a pair of Eights)
VahTang_89 collected $5.70 from pot
*** SUMMARY ***
Total pot $6 | Rake $0.30 
Board [7h 2s Ad Js Kd]
Seat 1: VahTang_89 (big blind) showed [8h 8c] and won ($5.70) with a pair of Eights
Seat 2: Y_19 folded before Flop (didn't bet)
Seat 3: SimonD10200 folded before Flop (didn't bet)
Seat 4: Espada Fish folded before Flop (didn't bet)
Seat 5: raiseinthedarkk (button) folded before Flop (didn't bet)
Seat 6: Pippa83 (small blind) showed [7s 6c] and lost with a pair of Sevens



PokerStars Hand #254635209688:  Hold'em No Limit ($0.50/$1.00 USD) - 2025/01/31 11:25:32 WET [2025/01/31 6:25:32 ET]
Table 'Musca' 6-max Seat #6 is the button
Seat 1: VahTang_89 ($210.12 in chips) 
Seat 2: Y_19 ($105.25 in chips) 
Seat 3: SimonD10200 ($147.08 in chips) 
Seat 4: Espada Fish ($128.06 in chips) 
Seat 5: raiseinthedarkk ($111.03 in chips) 
Seat 6: Pippa83 ($116.63 in chips) 
VahTang_89: posts small blind $0.50
Y_19: posts big blind $1
*** HOLE CARDS ***
SimonD10200: raises $2 to $3
Espada Fish: folds 
raiseinthedarkk: folds 
Pippa83: folds 
VahTang_89: folds 
Y_19: calls $2
*** FLOP *** [9d 3h 8h]
Y_19: checks 
SimonD10200: checks 
*** TURN *** [9d 3h 8h] [Qs]
Y_19: checks 
SimonD10200: checks 
*** RIVER *** [9d 3h 8h Qs] [7c]
Y_19: bets $4.33
SimonD10200: calls $4.33
*** SHOW DOWN ***
Y_19: shows [Ah 9s] (a pair of Nines)
SimonD10200: mucks hand 
Y_19 collected $14.40 from pot
*** SUMMARY ***
Total pot $15.16 | Rake $0.76 
Board [9d 3h 8h Qs 7c]
Seat 1: VahTang_89 (small blind) folded before Flop
Seat 2: Y_19 (big blind) showed [Ah 9s] and won ($14.40) with a pair of Nines
Seat 3: SimonD10200 mucked
Seat 4: Espada Fish folded before Flop (didn't bet)
Seat 5: raiseinthedarkk folded before Flop (didn't bet)
Seat 6: Pippa83 (button) folded before Flop (didn't bet)



PokerStars Hand #254635213609:  Hold'em No Limit ($0.50/$1.00 USD) - 2025/01/31 11:26:04 WET [2025/01/31 6:26:04 ET]
Table 'Musca' 6-max Seat #1 is the button
Seat 1: VahTang_89 ($209.62 in chips) 
Seat 2: Y_19 ($112.32 in chips) 
Seat 3: SimonD10200 ($139.75 in chips) 
Seat 4: Espada Fish ($128.06 in chips) 
Seat 5: raiseinthedarkk ($111.03 in chips) 
Seat 6: Pippa83 ($116.63 in chips) 
Y_19: posts small blind $0.50
SimonD10200: posts big blind $1
*** HOLE CARDS ***
Espada Fish: raises $1.20 to $2.20
raiseinthedarkk: folds 
Pippa83: folds 
VahTang_89: folds 
Y_19: folds 
SimonD10200: folds 
Uncalled bet ($1.20) returned to Espada Fish
Espada Fish collected $2.50 from pot
Espada Fish: doesn't show hand 
*** SUMMARY ***
Total pot $2.50 | Rake $0 
Seat 1: VahTang_89 (button) folded before Flop (didn't bet)
Seat 2: Y_19 (small blind) folded before Flop
Seat 3: SimonD10200 (big blind) folded before Flop
Seat 4: Espada Fish collected ($2.50)
Seat 5: raiseinthedarkk folded before Flop (didn't bet)
Seat 6: Pippa83 folded before Flop (didn't bet)



PokerStars Hand #254635216029:  Hold'em No Limit ($0.50/$1.00 USD) - 2025/01/31 11:26:23 WET [2025/01/31 6:26:23 ET]
Table 'Musca' 6-max Seat #2 is the button
Seat 1: VahTang_89 ($209.62 in chips) 
Seat 2: Y_19 ($111.82 in chips) 
Seat 3: SimonD10200 ($138.75 in chips) 
Seat 4: Espada Fish ($129.56 in chips) 
Seat 5: raiseinthedarkk ($111.03 in chips) 
Seat 6: Pippa83 ($116.63 in chips) 
SimonD10200: posts small blind $0.50
Espada Fish: posts big blind $1
*** HOLE CARDS ***
raiseinthedarkk: folds 
Pippa83: folds 
VahTang_89: folds 
Y_19: raises $1.23 to $2.23
SimonD10200: folds 
Espada Fish: folds 
Uncalled bet ($1.23) returned to Y_19
Y_19 collected $2.50 from pot
Y_19: doesn't show hand 
*** SUMMARY ***
Total pot $2.50 | Rake $0 
Seat 1: VahTang_89 folded before Flop (didn't bet)
Seat 2: Y_19 (button) collected ($2.50)
Seat 3: SimonD10200 (small blind) folded before Flop
Seat 4: Espada Fish (big blind) folded before Flop
Seat 5: raiseinthedarkk folded before Flop (didn't bet)
Seat 6: Pippa83 folded before Flop (didn't bet)



PokerStars Hand #254635217806:  Hold'em No Limit ($0.50/$1.00 USD) - 2025/01/31 11:26:38 WET [2025/01/31 6:26:38 ET]
Table 'Musca' 6-max Seat #3 is the button
Seat 1: VahTang_89 ($209.62 in chips) 
Seat 2: Y_19 ($113.32 in chips) 
Seat 3: SimonD10200 ($138.25 in chips) 
Seat 4: Espada Fish ($128.56 in chips) 
Seat 5: raiseinthedarkk ($111.03 in chips) 
Seat 6: Pippa83 ($116.63 in chips) 
Espada Fish: posts small blind $0.50
raiseinthedarkk: posts big blind $1
*** HOLE CARDS ***
Pippa83: folds 
VahTang_89: raises $1.20 to $2.20
Y_19: folds 
SimonD10200: folds 
Espada Fish: raises $8.80 to $11
raiseinthedarkk: folds 
VahTang_89: raises $14 to $25
Espada Fish: folds 
Uncalled bet ($14) returned to VahTang_89
VahTang_89 collected $23 from pot
VahTang_89: doesn't show hand 
*** SUMMARY ***
Total pot $23 | Rake $0 
Seat 1: VahTang_89 collected ($23)
Seat 2: Y_19 folded before Flop (didn't bet)
Seat 3: SimonD10200 (button) folded before Flop (didn't bet)
Seat 4: Espada Fish (small blind) folded before Flop
Seat 5: raiseinthedarkk (big blind) folded before Flop
Seat 6: Pippa83 folded before Flop (didn't bet)



PokerStars Hand #254635222369:  Hold'em No Limit ($0.50/$1.00 USD) - 2025/01/31 11:27:14 WET [2025/01/31 6:27:14 ET]
Table 'Musca' 6-max Seat #4 is the button
Seat 1: VahTang_89 ($221.62 in chips) 
Seat 2: Y_19 ($113.32 in chips) 
Seat 3: SimonD10200 ($138.25 in chips) 
Seat 4: Espada Fish ($117.56 in chips) 
Seat 5: raiseinthedarkk ($110.03 in chips) 
Seat 6: Pippa83 ($116.63 in chips) 
raiseinthedarkk: posts small blind $0.50
Pippa83: posts big blind $1
*** HOLE CARDS ***
VahTang_89: folds 
Y_19: folds 
SimonD10200: folds 
Espada Fish: raises $1.50 to $2.50
raiseinthedarkk: folds 
Pippa83: raises $9.50 to $12
Espada Fish: calls $9.50
*** FLOP *** [Tc 2c 8c]
Pippa83: checks 
Espada Fish: checks 
*** TURN *** [Tc 2c 8c] [7s]
Pippa83: checks 
Espada Fish: checks 
*** RIVER *** [Tc 2c 8c 7s] [2s]
Pippa83: bets $2.50
Espada Fish: folds 
Uncalled bet ($2.50) returned to Pippa83
Pippa83 collected $23.28 from pot
Pippa83: doesn't show hand 
*** SUMMARY ***
Total pot $24.50 | Rake $1.22 
Board [Tc 2c 8c 7s 2s]
Seat 1: VahTang_89 folded before Flop (didn't bet)
Seat 2: Y_19 folded before Flop (didn't bet)
Seat 3: SimonD10200 folded before Flop (didn't bet)
Seat 4: Espada Fish (button) folded on the River
Seat 5: raiseinthedarkk (small blind) folded before Flop
Seat 6: Pippa83 (big blind) collected ($23.28)



PokerStars Hand #254635233670:  Hold'em No Limit ($0.50/$1.00 USD) - 2025/01/31 11:28:47 WET [2025/01/31 6:28:47 ET]
Table 'Musca' 6-max Seat #5 is the button
Seat 1: VahTang_89 ($221.62 in chips) 
Seat 2: Y_19 ($113.32 in chips) 
Seat 3: SimonD10200 ($138.25 in chips) 
Seat 4: Espada Fish ($105.56 in chips) 
Seat 5: raiseinthedarkk ($109.53 in chips) 
Seat 6: Pippa83 ($127.91 in chips) 
Pippa83: posts small blind $0.50
VahTang_89: posts big blind $1
*** HOLE CARDS ***
Y_19: folds 
SimonD10200: raises $2 to $3
Espada Fish: folds 
raiseinthedarkk: folds 
Pippa83: folds 
VahTang_89: folds 
Uncalled bet ($2) returned to SimonD10200
SimonD10200 collected $2.50 from pot
*** SUMMARY ***
Total pot $2.50 | Rake $0 
Seat 1: VahTang_89 (big blind) folded before Flop
Seat 2: Y_19 folded before Flop (didn't bet)
Seat 3: SimonD10200 collected ($2.50)
Seat 4: Espada Fish folded before Flop (didn't bet)
Seat 5: raiseinthedarkk (button) folded before Flop (didn't bet)
Seat 6: Pippa83 (small blind) folded before Flop



PokerStars Hand #254635235587:  Hold'em No Limit ($0.50/$1.00 USD) - 2025/01/31 11:29:02 WET [2025/01/31 6:29:02 ET]
Table 'Musca' 6-max Seat #6 is the button
Seat 1: VahTang_89 ($220.62 in chips) 
Seat 2: Y_19 ($113.32 in chips) 
Seat 3: SimonD10200 ($139.75 in chips) 
Seat 4: Espada Fish ($105.56 in chips) 
Seat 5: raiseinthedarkk ($109.53 in chips) 
Seat 6: Pippa83 ($127.41 in chips) 
VahTang_89: posts small blind $0.50
Y_19: posts big blind $1
*** HOLE CARDS ***
SimonD10200: folds 
Espada Fish: folds 
raiseinthedarkk: folds 
Pippa83: folds 
VahTang_89: raises $2 to $3
Y_19: folds 
Uncalled bet ($2) returned to VahTang_89
VahTang_89 collected $2 from pot
VahTang_89: doesn't show hand 
*** SUMMARY ***
Total pot $2 | Rake $0 
Seat 1: VahTang_89 (small blind) collected ($2)
Seat 2: Y_19 (big blind) folded before Flop
Seat 3: SimonD10200 folded before Flop (didn't bet)
Seat 4: Espada Fish folded before Flop (didn't bet)
Seat 5: raiseinthedarkk folded before Flop (didn't bet)
Seat 6: Pippa83 (button) folded before Flop (didn't bet)



PokerStars Hand #254635237144:  Hold'em No Limit ($0.50/$1.00 USD) - 2025/01/31 11:29:15 WET [2025/01/31 6:29:15 ET]
Table 'Musca' 6-max Seat #1 is the button
Seat 1: VahTang_89 ($221.62 in chips) 
Seat 2: Y_19 ($112.32 in chips) 
Seat 3: SimonD10200 ($139.75 in chips) 
Seat 4: Espada Fish ($105.56 in chips) 
Seat 5: raiseinthedarkk ($109.53 in chips) 
Seat 6: Pippa83 ($127.41 in chips) 
Y_19: posts small blind $0.50
SimonD10200: posts big blind $1
*** HOLE CARDS ***
Espada Fish: raises $1.20 to $2.20
raiseinthedarkk: folds 
Pippa83: folds 
VahTang_89: folds 
Y_19: folds 
SimonD10200: folds 
Uncalled bet ($1.20) returned to Espada Fish
Espada Fish collected $2.50 from pot
Espada Fish: doesn't show hand 
*** SUMMARY ***
Total pot $2.50 | Rake $0 
Seat 1: VahTang_89 (button) folded before Flop (didn't bet)
Seat 2: Y_19 (small blind) folded before Flop
Seat 3: SimonD10200 (big blind) folded before Flop
Seat 4: Espada Fish collected ($2.50)
Seat 5: raiseinthedarkk folded before Flop (didn't bet)
Seat 6: Pippa83 folded before Flop (didn't bet)



PokerStars Hand #254635238296:  Hold'em No Limit ($0.50/$1.00 USD) - 2025/01/31 11:29:25 WET [2025/01/31 6:29:25 ET]
Table 'Musca' 6-max Seat #2 is the button
Seat 1: VahTang_89 ($221.62 in chips) 
Seat 2: Y_19 ($111.82 in chips) 
Seat 3: SimonD10200 ($138.75 in chips) 
Seat 4: Espada Fish ($107.06 in chips) 
Seat 5: raiseinthedarkk ($109.53 in chips) 
Seat 6: Pippa83 ($127.41 in chips) 
SimonD10200: posts small blind $0.50
Espada Fish: posts big blind $1
*** HOLE CARDS ***
raiseinthedarkk: folds 
Pippa83: folds 
VahTang_89: folds 
Y_19: folds 
SimonD10200: calls $0.50
Espada Fish: checks 
*** FLOP *** [2h 7h 7c]
SimonD10200: checks 
Espada Fish: checks 
*** TURN *** [2h 7h 7c] [3h]
SimonD10200: checks 
Espada Fish: bets $1.43
SimonD10200: calls $1.43
*** RIVER *** [2h 7h 7c 3h] [Jh]
SimonD10200: checks 
Espada Fish: bets $3.47
SimonD10200: folds 
Uncalled bet ($3.47) returned to Espada Fish
Espada Fish collected $4.62 from pot
Espada Fish: doesn't show hand 
*** SUMMARY ***
Total pot $4.86 | Rake $0.24 
Board [2h 7h 7c 3h Jh]
Seat 1: VahTang_89 folded before Flop (didn't bet)
Seat 2: Y_19 (button) folded before Flop (didn't bet)
Seat 3: SimonD10200 (small blind) folded on the River
Seat 4: Espada Fish (big blind) collected ($4.62)
Seat 5: raiseinthedarkk folded before Flop (didn't bet)
Seat 6: Pippa83 folded before Flop (didn't bet)



PokerStars Hand #254635248757:  Hold'em No Limit ($0.50/$1.00 USD) - 2025/01/31 11:30:50 WET [2025/01/31 6:30:50 ET]
Table 'Musca' 6-max Seat #3 is the button
Seat 5: raiseinthedarkk ($109.53 in chips) is sitting out
Seat 1: VahTang_89 ($221.62 in chips) 
Seat 2: Y_19 ($111.82 in chips) 
Seat 3: SimonD10200 ($136.32 in chips) 
Seat 4: Espada Fish ($109.25 in chips) 
Seat 6: Pippa83 ($127.41 in chips) 
Espada Fish: posts small blind $0.50
raiseinthedarkk: is sitting out 
Pippa83: posts big blind $1
*** HOLE CARDS ***
VahTang_89: folds 
Y_19: folds 
SimonD10200: folds 
Espada Fish: folds 
Uncalled bet ($0.50) returned to Pippa83
Pippa83 collected $1 from pot
Pippa83: doesn't show hand 
*** SUMMARY ***
Total pot $1 | Rake $0 
Seat 5: raiseinthedarkk
Seat 1: VahTang_89 folded before Flop (didn't bet)
Seat 2: Y_19 folded before Flop (didn't bet)
Seat 3: SimonD10200 (button) folded before Flop (didn't bet)
Seat 4: Espada Fish (small blind) folded before Flop
Seat 6: Pippa83 (big blind) collected ($1)



PokerStars Hand #254635250062:  Hold'em No Limit ($0.50/$1.00 USD) - 2025/01/31 11:31:00 WET [2025/01/31 6:31:00 ET]
Table 'Musca' 6-max Seat #4 is the button
Seat 5: raiseinthedarkk ($109.53 in chips) is sitting out
Seat 1: VahTang_89 ($221.62 in chips) 
Seat 2: Y_19 ($111.82 in chips) 
Seat 3: SimonD10200 ($136.32 in chips) 
Seat 4: Espada Fish ($108.75 in chips) 
Seat 6: Pippa83 ($127.91 in chips) 
Pippa83: posts small blind $0.50
VahTang_89: posts big blind $1
*** HOLE CARDS ***
Y_19: folds 
SimonD10200: folds 
Espada Fish: folds 
Pippa83: raises $2 to $3
VahTang_89: folds 
Uncalled bet ($2) returned to Pippa83
Pippa83 collected $2 from pot
Pippa83: doesn't show hand 
*** SUMMARY ***
Total pot $2 | Rake $0 
Seat 5: raiseinthedarkk
Seat 1: VahTang_89 (big blind) folded before Flop
Seat 2: Y_19 folded before Flop (didn't bet)
Seat 3: SimonD10200 folded before Flop (didn't bet)
Seat 4: Espada Fish (button) folded before Flop (didn't bet)
Seat 6: Pippa83 (small blind) collected ($2)



PokerStars Hand #254635252268:  Hold'em No Limit ($0.50/$1.00 USD) - 2025/01/31 11:31:17 WET [2025/01/31 6:31:17 ET]
Table 'Musca' 6-max Seat #6 is the button
Seat 2: Y_19 ($111.82 in chips) is sitting out
Seat 5: raiseinthedarkk ($109.53 in chips) is sitting out
Seat 1: VahTang_89 ($220.62 in chips) 
Seat 3: SimonD10200 ($136.32 in chips) 
Seat 4: Espada Fish ($108.75 in chips) 
Seat 6: Pippa83 ($128.91 in chips) 
VahTang_89: posts small blind $0.50
Y_19: is sitting out 
SimonD10200: posts big blind $1
raiseinthedarkk: sits out 
*** HOLE CARDS ***
Espada Fish: folds 
Y_19 leaves the table
Pippa83: folds 
VahTang_89: raises $2 to $3
SimonD10200: calls $2
*** FLOP *** [4s 2d 4h]
VahTang_89: bets $2.85
SimonD10200: calls $2.85
*** TURN *** [4s 2d 4h] [5s]
VahTang_89: bets $8.34
SimonD10200: calls $8.34
*** RIVER *** [4s 2d 4h 5s] [Tc]
VahTang_89: bets $20.54
MauriFierro27 joins the table at seat #2 
SimonD10200: folds 
Uncalled bet ($20.54) returned to VahTang_89
VahTang_89 collected $27.38 from pot
VahTang_89: doesn't show hand 
*** SUMMARY ***
Total pot $28.38 | Rake $1 
Board [4s 2d 4h 5s Tc]
Seat 2: Y_19
Seat 5: raiseinthedarkk
Seat 1: VahTang_89 (small blind) collected ($27.38)
Seat 3: SimonD10200 (big blind) folded on the River
Seat 4: Espada Fish folded before Flop (didn't bet)
Seat 6: Pippa83 (button) folded before Flop (didn't bet)



PokerStars Hand #254635258474:  Hold'em No Limit ($0.50/$1.00 USD) - 2025/01/31 11:32:08 WET [2025/01/31 6:32:08 ET]
Table 'Musca' 6-max Seat #1 is the button
Seat 2: MauriFierro27 ($100 in chips) is sitting out
Seat 5: raiseinthedarkk ($109.53 in chips) is sitting out
Seat 1: VahTang_89 ($233.81 in chips) 
Seat 3: SimonD10200 ($122.13 in chips) 
Seat 4: Espada Fish ($108.75 in chips) 
Seat 6: Pippa83 ($128.91 in chips) 
SimonD10200: posts small blind $0.50
Espada Fish: posts big blind $1
raiseinthedarkk: sits out 
*** HOLE CARDS ***
Pippa83: folds 
VahTang_89: raises $1.20 to $2.20
SimonD10200: folds 
Espada Fish: calls $1.20
*** FLOP *** [7c Ad 9h]
Espada Fish: checks 
VahTang_89: checks 
*** TURN *** [7c Ad 9h] [5s]
Espada Fish: bets $1.54
VahTang_89: calls $1.54
*** RIVER *** [7c Ad 9h 5s] [8h]
Espada Fish: bets $10.08
VahTang_89: calls $10.08
*** SHOW DOWN ***
Espada Fish: shows [4c 6c] (a straight, Five to Nine)
VahTang_89: shows [6s 7s] (a straight, Five to Nine)
Espada Fish collected $13.57 from pot
VahTang_89 collected $13.57 from pot
*** SUMMARY ***
Total pot $28.14 | Rake $1 
Board [7c Ad 9h 5s 8h]
Seat 2: MauriFierro27
Seat 5: raiseinthedarkk
Seat 1: VahTang_89 (button) showed [6s 7s] and won ($13.57) with a straight, Five to Nine
Seat 3: SimonD10200 (small blind) folded before Flop
Seat 4: Espada Fish (big blind) showed [4c 6c] and won ($13.57) with a straight, Five to Nine
Seat 6: Pippa83 folded before Flop (didn't bet)



PokerStars Hand #254635263968:  Hold'em No Limit ($0.50/$1.00 USD) - 2025/01/31 11:32:53 WET [2025/01/31 6:32:53 ET]
Table 'Musca' 6-max Seat #3 is the button
Seat 2: MauriFierro27 ($100 in chips) is sitting out
Seat 1: VahTang_89 ($233.56 in chips) 
Seat 3: SimonD10200 ($121.63 in chips) 
Seat 4: Espada Fish ($108.50 in chips) 
Seat 5: raiseinthedarkk ($109.53 in chips) 
Seat 6: Pippa83 ($128.91 in chips) 
Espada Fish: posts small blind $0.50
raiseinthedarkk: posts big blind $1
MauriFierro27: sits out 
*** HOLE CARDS ***
Pippa83: folds 
VahTang_89: raises $1.20 to $2.20
SimonD10200: folds 
Espada Fish: folds 
raiseinthedarkk: folds 
Uncalled bet ($1.20) returned to VahTang_89
VahTang_89 collected $2.50 from pot
VahTang_89: doesn't show hand 
*** SUMMARY ***
Total pot $2.50 | Rake $0 
Seat 2: MauriFierro27
Seat 1: VahTang_89 collected ($2.50)
Seat 3: SimonD10200 (button) folded before Flop (didn't bet)
Seat 4: Espada Fish (small blind) folded before Flop
Seat 5: raiseinthedarkk (big blind) folded before Flop
Seat 6: Pippa83 folded before Flop (didn't bet)



PokerStars Hand #254635266708:  Hold'em No Limit ($0.50/$1.00 USD) - 2025/01/31 11:33:14 WET [2025/01/31 6:33:14 ET]
Table 'Musca' 6-max Seat #4 is the button
Seat 2: MauriFierro27 ($100 in chips) is sitting out
Seat 1: VahTang_89 ($235.06 in chips) 
Seat 3: SimonD10200 ($121.63 in chips) 
Seat 4: Espada Fish ($108 in chips) 
Seat 5: raiseinthedarkk ($108.53 in chips) 
Seat 6: Pippa83 ($128.91 in chips) 
raiseinthedarkk: posts small blind $0.50
Pippa83: posts big blind $1
MauriFierro27: sits out 
*** HOLE CARDS ***
VahTang_89: folds 
SimonD10200: folds 
Espada Fish: raises $1.50 to $2.50
raiseinthedarkk: folds 
Pippa83: folds 
Uncalled bet ($1.50) returned to Espada Fish
Espada Fish collected $2.50 from pot
Espada Fish: doesn't show hand 
*** SUMMARY ***
Total pot $2.50 | Rake $0 
Seat 2: MauriFierro27
Seat 1: VahTang_89 folded before Flop (didn't bet)
Seat 3: SimonD10200 folded before Flop (didn't bet)
Seat 4: Espada Fish (button) collected ($2.50)
Seat 5: raiseinthedarkk (small blind) folded before Flop
Seat 6: Pippa83 (big blind) folded before Flop



PokerStars Hand #254635269957:  Hold'em No Limit ($0.50/$1.00 USD) - 2025/01/31 11:33:40 WET [2025/01/31 6:33:40 ET]
Table 'Musca' 6-max Seat #5 is the button
Seat 2: MauriFierro27 ($100 in chips) is sitting out
Seat 1: VahTang_89 ($235.06 in chips) 
Seat 3: SimonD10200 ($121.63 in chips) 
Seat 4: Espada Fish ($109.50 in chips) 
Seat 5: raiseinthedarkk ($108.03 in chips) 
Seat 6: Pippa83 ($127.91 in chips) 
Pippa83: posts small blind $0.50
VahTang_89: posts big blind $1
MauriFierro27: sits out 
*** HOLE CARDS ***
SimonD10200: folds 
Espada Fish: folds 
raiseinthedarkk: folds 
Pippa83: folds 
Uncalled bet ($0.50) returned to VahTang_89
VahTang_89 collected $1 from pot
VahTang_89: doesn't show hand 
*** SUMMARY ***
Total pot $1 | Rake $0 
Seat 2: MauriFierro27
Seat 1: VahTang_89 (big blind) collected ($1)
Seat 3: SimonD10200 folded before Flop (didn't bet)
Seat 4: Espada Fish folded before Flop (didn't bet)
Seat 5: raiseinthedarkk (button) folded before Flop (didn't bet)
Seat 6: Pippa83 (small blind) folded before Flop



PokerStars Hand #254635271242:  Hold'em No Limit ($0.50/$1.00 USD) - 2025/01/31 11:33:50 WET [2025/01/31 6:33:50 ET]
Table 'Musca' 6-max Seat #6 is the button
Seat 1: VahTang_89 ($235.56 in chips) 
Seat 2: MauriFierro27 ($100 in chips) 
Seat 3: SimonD10200 ($121.63 in chips) 
Seat 4: Espada Fish ($109.50 in chips) 
Seat 5: raiseinthedarkk ($108.03 in chips) 
Seat 6: Pippa83 ($127.41 in chips) 
VahTang_89: posts small blind $0.50
MauriFierro27: posts big blind $1
*** HOLE CARDS ***
SimonD10200: folds 
Espada Fish: folds 
raiseinthedarkk: raises $1.20 to $2.20
Pippa83: folds 
VahTang_89: folds 
MauriFierro27: folds 
Uncalled bet ($1.20) returned to raiseinthedarkk
raiseinthedarkk collected $2.50 from pot
raiseinthedarkk: doesn't show hand 
*** SUMMARY ***
Total pot $2.50 | Rake $0 
Seat 1: VahTang_89 (small blind) folded before Flop
Seat 2: MauriFierro27 (big blind) folded before Flop
Seat 3: SimonD10200 folded before Flop (didn't bet)
Seat 4: Espada Fish folded before Flop (didn't bet)
Seat 5: raiseinthedarkk collected ($2.50)
Seat 6: Pippa83 (button) folded before Flop (didn't bet)



PokerStars Hand #254635274334:  Hold'em No Limit ($0.50/$1.00 USD) - 2025/01/31 11:34:14 WET [2025/01/31 6:34:14 ET]
Table 'Musca' 6-max Seat #1 is the button
Seat 1: VahTang_89 ($235.06 in chips) 
Seat 2: MauriFierro27 ($100 in chips) 
Seat 3: SimonD10200 ($121.63 in chips) 
Seat 4: Espada Fish ($109.50 in chips) 
Seat 5: raiseinthedarkk ($109.53 in chips) 
Seat 6: Pippa83 ($127.41 in chips) 
MauriFierro27: posts small blind $0.50
SimonD10200: posts big blind $1
*** HOLE CARDS ***
Espada Fish: raises $1.20 to $2.20
raiseinthedarkk: folds 
Pippa83: raises $4.80 to $7
VahTang_89: folds 
MauriFierro27: folds 
SimonD10200: folds 
Espada Fish: folds 
Uncalled bet ($4.80) returned to Pippa83
Pippa83 collected $5.90 from pot
Pippa83: doesn't show hand 
*** SUMMARY ***
Total pot $5.90 | Rake $0 
Seat 1: VahTang_89 (button) folded before Flop (didn't bet)
Seat 2: MauriFierro27 (small blind) folded before Flop
Seat 3: SimonD10200 (big blind) folded before Flop
Seat 4: Espada Fish folded before Flop
Seat 5: raiseinthedarkk folded before Flop (didn't bet)
Seat 6: Pippa83 collected ($5.90)



PokerStars Hand #254635277610:  Hold'em No Limit ($0.50/$1.00 USD) - 2025/01/31 11:34:40 WET [2025/01/31 6:34:40 ET]
Table 'Musca' 6-max Seat #2 is the button
Seat 1: VahTang_89 ($235.06 in chips) 
Seat 2: MauriFierro27 ($100 in chips) 
Seat 3: SimonD10200 ($120.63 in chips) 
Seat 4: Espada Fish ($107.30 in chips) 
Seat 5: raiseinthedarkk ($109.53 in chips) 
Seat 6: Pippa83 ($131.11 in chips) 
SimonD10200: posts small blind $0.50
Espada Fish: posts big blind $1
*** HOLE CARDS ***
raiseinthedarkk: folds 
Pippa83: folds 
VahTang_89: folds 
MauriFierro27: raises $1.20 to $2.20
SimonD10200: folds 
Espada Fish: folds 
Uncalled bet ($1.20) returned to MauriFierro27
MauriFierro27 collected $2.50 from pot
MauriFierro27: doesn't show hand 
*** SUMMARY ***
Total pot $2.50 | Rake $0 
Seat 1: VahTang_89 folded before Flop (didn't bet)
Seat 2: MauriFierro27 (button) collected ($2.50)
Seat 3: SimonD10200 (small blind) folded before Flop
Seat 4: Espada Fish (big blind) folded before Flop
Seat 5: raiseinthedarkk folded before Flop (didn't bet)
Seat 6: Pippa83 folded before Flop (didn't bet)



PokerStars Hand #254635279221:  Hold'em No Limit ($0.50/$1.00 USD) - 2025/01/31 11:34:52 WET [2025/01/31 6:34:52 ET]
Table 'Musca' 6-max Seat #3 is the button
Seat 1: VahTang_89 ($235.06 in chips) 
Seat 2: MauriFierro27 ($101.50 in chips) 
Seat 3: SimonD10200 ($120.13 in chips) 
Seat 4: Espada Fish ($106.30 in chips) 
Seat 5: raiseinthedarkk ($109.53 in chips) 
Seat 6: Pippa83 ($131.11 in chips) 
Espada Fish: posts small blind $0.50
raiseinthedarkk: posts big blind $1
*** HOLE CARDS ***
Pippa83: folds 
VahTang_89: raises $1.20 to $2.20
MauriFierro27: folds 
SimonD10200: calls $2.20
Espada Fish: folds 
raiseinthedarkk: calls $1.20
*** FLOP *** [4h Jh 2c]
raiseinthedarkk: checks 
VahTang_89: checks 
SimonD10200: bets $3.37
raiseinthedarkk: calls $3.37
VahTang_89: folds 
*** TURN *** [4h Jh 2c] [Kd]
raiseinthedarkk: checks 
SimonD10200: checks 
*** RIVER *** [4h Jh 2c Kd] [6c]
raiseinthedarkk: checks 
SimonD10200: checks 
*** SHOW DOWN ***
raiseinthedarkk: shows [As 5h] (high card Ace)
SimonD10200: shows [8h 6h] (a pair of Sixes)
SimonD10200 collected $13.15 from pot
*** SUMMARY ***
Total pot $13.84 | Rake $0.69 
Board [4h Jh 2c Kd 6c]
Seat 1: VahTang_89 folded on the Flop
Seat 2: MauriFierro27 folded before Flop (didn't bet)
Seat 3: SimonD10200 (button) showed [8h 6h] and won ($13.15) with a pair of Sixes
Seat 4: Espada Fish (small blind) folded before Flop
Seat 5: raiseinthedarkk (big blind) showed [As 5h] and lost with high card Ace
Seat 6: Pippa83 folded before Flop (didn't bet)



PokerStars Hand #254635285426:  Hold'em No Limit ($0.50/$1.00 USD) - 2025/01/31 11:35:39 WET [2025/01/31 6:35:39 ET]
Table 'Musca' 6-max Seat #4 is the button
Seat 1: VahTang_89 ($232.86 in chips) 
Seat 2: MauriFierro27 ($101.50 in chips) 
Seat 3: SimonD10200 ($127.71 in chips) 
Seat 4: Espada Fish ($105.80 in chips) 
Seat 5: raiseinthedarkk ($103.96 in chips) 
Seat 6: Pippa83 ($131.11 in chips) 
raiseinthedarkk: posts small blind $0.50
Pippa83: posts big blind $1
*** HOLE CARDS ***
VahTang_89: folds 
MauriFierro27: folds 
SimonD10200: folds 
Espada Fish: raises $1.50 to $2.50
raiseinthedarkk: folds 
Pippa83: folds 
Uncalled bet ($1.50) returned to Espada Fish
Espada Fish collected $2.50 from pot
Espada Fish: doesn't show hand 
*** SUMMARY ***
Total pot $2.50 | Rake $0 
Seat 1: VahTang_89 folded before Flop (didn't bet)
Seat 2: MauriFierro27 folded before Flop (didn't bet)
Seat 3: SimonD10200 folded before Flop (didn't bet)
Seat 4: Espada Fish (button) collected ($2.50)
Seat 5: raiseinthedarkk (small blind) folded before Flop
Seat 6: Pippa83 (big blind) folded before Flop



PokerStars Hand #254635287429:  Hold'em No Limit ($0.50/$1.00 USD) - 2025/01/31 11:35:55 WET [2025/01/31 6:35:55 ET]
Table 'Musca' 6-max Seat #5 is the button
Seat 1: VahTang_89 ($232.86 in chips) 
Seat 2: MauriFierro27 ($101.50 in chips) 
Seat 3: SimonD10200 ($127.71 in chips) 
Seat 4: Espada Fish ($107.30 in chips) 
Seat 5: raiseinthedarkk ($103.46 in chips) 
Seat 6: Pippa83 ($130.11 in chips) 
Pippa83: posts small blind $0.50
VahTang_89: posts big blind $1
*** HOLE CARDS ***
MauriFierro27: folds 
SimonD10200: folds 
Espada Fish: raises $1.20 to $2.20
raiseinthedarkk: folds 
Pippa83: folds 
VahTang_89: calls $1.20
*** FLOP *** [6c 5s 5h]
VahTang_89: checks 
Espada Fish: bets $1.54
VahTang_89: raises $4.24 to $5.78
Espada Fish: calls $4.24
*** TURN *** [6c 5s 5h] [8s]
VahTang_89: bets $11.73
Espada Fish: calls $11.73
*** RIVER *** [6c 5s 5h 8s] [Ks]
VahTang_89: bets $12.51
Espada Fish: calls $12.51
*** SHOW DOWN ***
VahTang_89: shows [Kc 7c] (two pair, Kings and Fives)
Espada Fish: mucks hand 
VahTang_89 collected $62.44 from pot
*** SUMMARY ***
Total pot $64.94 | Rake $2.50 
Board [6c 5s 5h 8s Ks]
Seat 1: VahTang_89 (big blind) showed [Kc 7c] and won ($62.44) with two pair, Kings and Fives
Seat 2: MauriFierro27 folded before Flop (didn't bet)
Seat 3: SimonD10200 folded before Flop (didn't bet)
Seat 4: Espada Fish mucked
Seat 5: raiseinthedarkk (button) folded before Flop (didn't bet)
Seat 6: Pippa83 (small blind) folded before Flop



PokerStars Hand #254635298918:  Hold'em No Limit ($0.50/$1.00 USD) - 2025/01/31 11:37:22 WET [2025/01/31 6:37:22 ET]
Table 'Musca' 6-max Seat #6 is the button
Seat 1: VahTang_89 ($263.08 in chips) 
Seat 2: MauriFierro27 ($101.50 in chips) 
Seat 3: SimonD10200 ($127.71 in chips) 
Seat 4: Espada Fish ($100 in chips) 
Seat 5: raiseinthedarkk ($103.46 in chips) 
Seat 6: Pippa83 ($129.61 in chips) 
VahTang_89: posts small blind $0.50
MauriFierro27: posts big blind $1
*** HOLE CARDS ***
SimonD10200: folds 
Espada Fish: folds 
raiseinthedarkk: raises $1.20 to $2.20
Pippa83: folds 
VahTang_89: raises $8.30 to $10.50
MauriFierro27: folds 
raiseinthedarkk: folds 
Uncalled bet ($8.30) returned to VahTang_89
VahTang_89 collected $5.40 from pot
VahTang_89: doesn't show hand 
*** SUMMARY ***
Total pot $5.40 | Rake $0 
Seat 1: VahTang_89 (small blind) collected ($5.40)
Seat 2: MauriFierro27 (big blind) folded before Flop
Seat 3: SimonD10200 folded before Flop (didn't bet)
Seat 4: Espada Fish folded before Flop (didn't bet)
Seat 5: raiseinthedarkk folded before Flop
Seat 6: Pippa83 (button) folded before Flop (didn't bet)



PokerStars Hand #254635302789:  Hold'em No Limit ($0.50/$1.00 USD) - 2025/01/31 11:37:51 WET [2025/01/31 6:37:51 ET]
Table 'Musca' 6-max Seat #1 is the button
Seat 1: VahTang_89 ($266.28 in chips) 
Seat 2: MauriFierro27 ($100.50 in chips) 
Seat 3: SimonD10200 ($127.71 in chips) 
Seat 4: Espada Fish ($100 in chips) 
Seat 5: raiseinthedarkk ($101.26 in chips) 
Seat 6: Pippa83 ($129.61 in chips) 
MauriFierro27: posts small blind $0.50
SimonD10200: posts big blind $1
*** HOLE CARDS ***
Espada Fish: folds 
raiseinthedarkk: folds 
Pippa83: folds 
VahTang_89: folds 
MauriFierro27: raises $1.50 to $2.50
SimonD10200: calls $1.50
*** FLOP *** [4c Jc 6d]
MauriFierro27: bets $1.57
SimonD10200: calls $1.57
*** TURN *** [4c Jc 6d] [Kd]
MauriFierro27: checks 
SimonD10200: checks 
*** RIVER *** [4c Jc 6d Kd] [Qd]
MauriFierro27: checks 
SimonD10200: bets $3.87
MauriFierro27: calls $3.87
*** SHOW DOWN ***
SimonD10200: shows [5s Qs] (a pair of Queens)
MauriFierro27: mucks hand 
SimonD10200 collected $15.09 from pot
*** SUMMARY ***
Total pot $15.88 | Rake $0.79 
Board [4c Jc 6d Kd Qd]
Seat 1: VahTang_89 (button) folded before Flop (didn't bet)
Seat 2: MauriFierro27 (small blind) mucked
Seat 3: SimonD10200 (big blind) showed [5s Qs] and won ($15.09) with a pair of Queens
Seat 4: Espada Fish folded before Flop (didn't bet)
Seat 5: raiseinthedarkk folded before Flop (didn't bet)
Seat 6: Pippa83 folded before Flop (didn't bet)



PokerStars Hand #254635307250:  Hold'em No Limit ($0.50/$1.00 USD) - 2025/01/31 11:38:25 WET [2025/01/31 6:38:25 ET]
Table 'Musca' 6-max Seat #2 is the button
Seat 1: VahTang_89 ($266.28 in chips) 
Seat 2: MauriFierro27 ($100 in chips) 
Seat 3: SimonD10200 ($134.86 in chips) 
Seat 4: Espada Fish ($100 in chips) 
Seat 5: raiseinthedarkk ($101.26 in chips) 
Seat 6: Pippa83 ($129.61 in chips) 
SimonD10200: posts small blind $0.50
Espada Fish: posts big blind $1
*** HOLE CARDS ***
raiseinthedarkk: folds 
Pippa83: raises $1.20 to $2.20
raiseinthedarkk leaves the table
VahTang_89: folds 
MauriFierro27: folds 
SimonD10200: calls $1.70
Espada Fish: calls $1.20
*** FLOP *** [2d 8c 7s]
SimonD10200: bets $3.14
Espada Fish: calls $3.14
Pippa83: calls $3.14
*** TURN *** [2d 8c 7s] [3h]
SimonD10200: bets $7.61
Pon4uk.ua joins the table at seat #5 
Espada Fish: calls $7.61
Pippa83: folds 
*** RIVER *** [2d 8c 7s 3h] [3c]
SimonD10200: bets $14.84
Espada Fish: folds 
Uncalled bet ($14.84) returned to SimonD10200
SimonD10200 collected $29.68 from pot
*** SUMMARY ***
Total pot $31.24 | Rake $1.56 
Board [2d 8c 7s 3h 3c]
Seat 1: VahTang_89 folded before Flop (didn't bet)
Seat 2: MauriFierro27 (button) folded before Flop (didn't bet)
Seat 3: SimonD10200 (small blind) collected ($29.68)
Seat 4: Espada Fish (big blind) folded on the River
Seat 5: raiseinthedarkk folded before Flop (didn't bet)
Seat 6: Pippa83 folded on the Turn



PokerStars Hand #254635318200:  Hold'em No Limit ($0.50/$1.00 USD) - 2025/01/31 11:39:49 WET [2025/01/31 6:39:49 ET]
Table 'Musca' 6-max Seat #3 is the button
Seat 1: VahTang_89 ($266.28 in chips) 
Seat 2: MauriFierro27 ($100 in chips) 
Seat 3: SimonD10200 ($151.59 in chips) 
Seat 4: Espada Fish ($100 in chips) 
Seat 5: Pon4uk.ua ($100 in chips) 
Seat 6: Pippa83 ($124.27 in chips) 
Espada Fish: posts small blind $0.50
Pon4uk.ua: posts big blind $1
*** HOLE CARDS ***
Pippa83: folds 
VahTang_89: folds 
MauriFierro27: folds 
SimonD10200: folds 
Espada Fish: raises $2 to $3
Pon4uk.ua: calls $2
*** FLOP *** [As 3s 2d]
Espada Fish: checks 
Pon4uk.ua: checks 
*** TURN *** [As 3s 2d] [Ah]
Espada Fish: checks 
Pon4uk.ua: bets $2.85
Espada Fish: calls $2.85
*** RIVER *** [As 3s 2d Ah] [Tc]
Espada Fish: checks 
Pon4uk.ua: bets $8.34
Espada Fish: folds 
Uncalled bet ($8.34) returned to Pon4uk.ua
Pon4uk.ua collected $11.12 from pot
Pon4uk.ua: doesn't show hand 
*** SUMMARY ***
Total pot $11.70 | Rake $0.58 
Board [As 3s 2d Ah Tc]
Seat 1: VahTang_89 folded before Flop (didn't bet)
Seat 2: MauriFierro27 folded before Flop (didn't bet)
Seat 3: SimonD10200 (button) folded before Flop (didn't bet)
Seat 4: Espada Fish (small blind) folded on the River
Seat 5: Pon4uk.ua (big blind) collected ($11.12)
Seat 6: Pippa83 folded before Flop (didn't bet)



PokerStars Hand #254635329578:  Hold'em No Limit ($0.50/$1.00 USD) - 2025/01/31 11:41:14 WET [2025/01/31 6:41:14 ET]
Table 'Musca' 6-max Seat #4 is the button
Seat 1: VahTang_89 ($266.28 in chips) 
Seat 2: MauriFierro27 ($100 in chips) 
Seat 3: SimonD10200 ($151.59 in chips) 
Seat 4: Espada Fish ($100 in chips) 
Seat 5: Pon4uk.ua ($105.27 in chips) 
Seat 6: Pippa83 ($124.27 in chips) 
Pon4uk.ua: posts small blind $0.50
Pippa83: posts big blind $1
*** HOLE CARDS ***
VahTang_89: raises $1.20 to $2.20
MauriFierro27: folds 
SimonD10200: calls $2.20
Espada Fish: folds 
Pon4uk.ua: folds 
Pippa83: folds 
*** FLOP *** [Td 6s 6h]
VahTang_89: bets $2.80
SimonD10200: folds 
Uncalled bet ($2.80) returned to VahTang_89
VahTang_89 collected $5.60 from pot
VahTang_89: doesn't show hand 
*** SUMMARY ***
Total pot $5.90 | Rake $0.30 
Board [Td 6s 6h]
Seat 1: VahTang_89 collected ($5.60)
Seat 2: MauriFierro27 folded before Flop (didn't bet)
Seat 3: SimonD10200 folded on the Flop
Seat 4: Espada Fish (button) folded before Flop (didn't bet)
Seat 5: Pon4uk.ua (small blind) folded before Flop
Seat 6: Pippa83 (big blind) folded before Flop



PokerStars Hand #254635332863:  Hold'em No Limit ($0.50/$1.00 USD) - 2025/01/31 11:41:39 WET [2025/01/31 6:41:39 ET]
Table 'Musca' 6-max Seat #5 is the button
Seat 1: VahTang_89 ($269.68 in chips) 
Seat 2: MauriFierro27 ($100 in chips) 
Seat 3: SimonD10200 ($149.39 in chips) 
Seat 4: Espada Fish ($100 in chips) 
Seat 5: Pon4uk.ua ($104.77 in chips) 
Seat 6: Pippa83 ($123.27 in chips) 
Pippa83: posts small blind $0.50
VahTang_89: posts big blind $1
*** HOLE CARDS ***
MauriFierro27: folds 
SimonD10200: folds 
Espada Fish: folds 
Pon4uk.ua: raises $1.50 to $2.50
Pippa83: folds 
VahTang_89: folds 
Uncalled bet ($1.50) returned to Pon4uk.ua
Pon4uk.ua collected $2.50 from pot
Pon4uk.ua: doesn't show hand 
*** SUMMARY ***
Total pot $2.50 | Rake $0 
Seat 1: VahTang_89 (big blind) folded before Flop
Seat 2: MauriFierro27 folded before Flop (didn't bet)
Seat 3: SimonD10200 folded before Flop (didn't bet)
Seat 4: Espada Fish folded before Flop (didn't bet)
Seat 5: Pon4uk.ua (button) collected ($2.50)
Seat 6: Pippa83 (small blind) folded before Flop



PokerStars Hand #254635337693:  Hold'em No Limit ($0.50/$1.00 USD) - 2025/01/31 11:42:16 WET [2025/01/31 6:42:16 ET]
Table 'Musca' 6-max Seat #6 is the button
Seat 1: VahTang_89 ($268.68 in chips) 
Seat 2: MauriFierro27 ($100 in chips) 
Seat 3: SimonD10200 ($149.39 in chips) 
Seat 4: Espada Fish ($100 in chips) 
Seat 5: Pon4uk.ua ($106.27 in chips) 
Seat 6: Pippa83 ($122.77 in chips) 
VahTang_89: posts small blind $0.50
MauriFierro27: posts big blind $1
*** HOLE CARDS ***
SimonD10200: folds 
Espada Fish: folds 
Pon4uk.ua: folds 
Pippa83: folds 
VahTang_89: folds 
Uncalled bet ($0.50) returned to MauriFierro27
MauriFierro27 collected $1 from pot
MauriFierro27: doesn't show hand 
*** SUMMARY ***
Total pot $1 | Rake $0 
Seat 1: VahTang_89 (small blind) folded before Flop
Seat 2: MauriFierro27 (big blind) collected ($1)
Seat 3: SimonD10200 folded before Flop (didn't bet)
Seat 4: Espada Fish folded before Flop (didn't bet)
Seat 5: Pon4uk.ua folded before Flop (didn't bet)
Seat 6: Pippa83 (button) folded before Flop (didn't bet)



PokerStars Hand #254635338579:  Hold'em No Limit ($0.50/$1.00 USD) - 2025/01/31 11:42:22 WET [2025/01/31 6:42:22 ET]
Table 'Musca' 6-max Seat #1 is the button
Seat 1: VahTang_89 ($268.18 in chips) 
Seat 2: MauriFierro27 ($100.50 in chips) 
Seat 3: SimonD10200 ($149.39 in chips) 
Seat 4: Espada Fish ($100 in chips) 
Seat 5: Pon4uk.ua ($106.27 in chips) 
Seat 6: Pippa83 ($122.77 in chips) 
MauriFierro27: posts small blind $0.50
SimonD10200: posts big blind $1
*** HOLE CARDS ***
Espada Fish: folds 
Pon4uk.ua: folds 
Pippa83: folds 
VahTang_89: raises $1.20 to $2.20
MauriFierro27: folds 
SimonD10200: calls $1.20
*** FLOP *** [Ac 2c 9d]
SimonD10200: checks 
VahTang_89: bets $1.54
SimonD10200: calls $1.54
*** TURN *** [Ac 2c 9d] [Td]
SimonD10200: checks 
VahTang_89: bets $5.68
SimonD10200: calls $5.68
*** RIVER *** [Ac 2c 9d Td] [Qd]
SimonD10200: bets $9.19
VahTang_89: calls $9.19
*** SHOW DOWN ***
SimonD10200: shows [6c 6h] (a pair of Sixes)
VahTang_89: shows [As Ah] (three of a kind, Aces)
VahTang_89 collected $35.83 from pot
*** SUMMARY ***
Total pot $37.72 | Rake $1.89 
Board [Ac 2c 9d Td Qd]
Seat 1: VahTang_89 (button) showed [As Ah] and won ($35.83) with three of a kind, Aces
Seat 2: MauriFierro27 (small blind) folded before Flop
Seat 3: SimonD10200 (big blind) showed [6c 6h] and lost with a pair of Sixes
Seat 4: Espada Fish folded before Flop (didn't bet)
Seat 5: Pon4uk.ua folded before Flop (didn't bet)
Seat 6: Pippa83 folded before Flop (didn't bet)



PokerStars Hand #254635345640:  Hold'em No Limit ($0.50/$1.00 USD) - 2025/01/31 11:43:15 WET [2025/01/31 6:43:15 ET]
Table 'Musca' 6-max Seat #2 is the button
Seat 1: VahTang_89 ($285.40 in chips) 
Seat 2: MauriFierro27 ($100 in chips) 
Seat 3: SimonD10200 ($130.78 in chips) 
Seat 4: Espada Fish ($100 in chips) 
Seat 5: Pon4uk.ua ($106.27 in chips) 
Seat 6: Pippa83 ($122.77 in chips) 
SimonD10200: posts small blind $0.50
Espada Fish: posts big blind $1
*** HOLE CARDS ***
Pon4uk.ua: folds 
Pippa83: raises $1.20 to $2.20
VahTang_89: folds 
MauriFierro27: folds 
SimonD10200: raises $4.40 to $6.60
Espada Fish: calls $5.60
Pippa83: calls $4.40
*** FLOP *** [9c 5d Kh]
SimonD10200: bets $9.41
Espada Fish: folds 
Pippa83: calls $9.41
*** TURN *** [9c 5d Kh] [7s]
SimonD10200: bets $18.35
Pippa83: folds 
Uncalled bet ($18.35) returned to SimonD10200
SimonD10200 collected $36.69 from pot
*** SUMMARY ***
Total pot $38.62 | Rake $1.93 
Board [9c 5d Kh 7s]
Seat 1: VahTang_89 folded before Flop (didn't bet)
Seat 2: MauriFierro27 (button) folded before Flop (didn't bet)
Seat 3: SimonD10200 (small blind) collected ($36.69)
Seat 4: Espada Fish (big blind) folded on the Flop
Seat 5: Pon4uk.ua folded before Flop (didn't bet)
Seat 6: Pippa83 folded on the Turn



PokerStars Hand #254635351927:  Hold'em No Limit ($0.50/$1.00 USD) - 2025/01/31 11:44:03 WET [2025/01/31 6:44:03 ET]
Table 'Musca' 6-max Seat #3 is the button
Seat 1: VahTang_89 ($285.40 in chips) 
Seat 2: MauriFierro27 ($100 in chips) 
Seat 3: SimonD10200 ($151.46 in chips) 
Seat 4: Espada Fish ($100 in chips) 
Seat 5: Pon4uk.ua ($106.27 in chips) 
Seat 6: Pippa83 ($106.76 in chips) 
Espada Fish: posts small blind $0.50
Pon4uk.ua: posts big blind $1
*** HOLE CARDS ***
Pippa83: folds 
VahTang_89: folds 
MauriFierro27: raises $1.20 to $2.20
SimonD10200: folds 
Espada Fish: folds 
Pon4uk.ua: folds 
Uncalled bet ($1.20) returned to MauriFierro27
MauriFierro27 collected $2.50 from pot
MauriFierro27: doesn't show hand 
*** SUMMARY ***
Total pot $2.50 | Rake $0 
Seat 1: VahTang_89 folded before Flop (didn't bet)
Seat 2: MauriFierro27 collected ($2.50)
Seat 3: SimonD10200 (button) folded before Flop (didn't bet)
Seat 4: Espada Fish (small blind) folded before Flop
Seat 5: Pon4uk.ua (big blind) folded before Flop
Seat 6: Pippa83 folded before Flop (didn't bet)



PokerStars Hand #254635354058:  Hold'em No Limit ($0.50/$1.00 USD) - 2025/01/31 11:44:19 WET [2025/01/31 6:44:19 ET]
Table 'Musca' 6-max Seat #4 is the button
Seat 1: VahTang_89 ($285.40 in chips) 
Seat 2: MauriFierro27 ($101.50 in chips) 
Seat 3: SimonD10200 ($151.46 in chips) 
Seat 4: Espada Fish ($100 in chips) 
Seat 5: Pon4uk.ua ($105.27 in chips) 
Seat 6: Pippa83 ($106.76 in chips) 
Pon4uk.ua: posts small blind $0.50
Pippa83: posts big blind $1
*** HOLE CARDS ***
VahTang_89: folds 
MauriFierro27: folds 
SimonD10200: folds 
Espada Fish: raises $1.50 to $2.50
Pon4uk.ua: raises $8.50 to $11
Pippa83: folds 
Espada Fish: calls $8.50
*** FLOP *** [9d Qh 4c]
Pon4uk.ua: bets $7.21
Espada Fish: folds 
Uncalled bet ($7.21) returned to Pon4uk.ua
Pon4uk.ua collected $21.85 from pot
Pon4uk.ua: doesn't show hand 
*** SUMMARY ***
Total pot $23 | Rake $1.15 
Board [9d Qh 4c]
Seat 1: VahTang_89 folded before Flop (didn't bet)
Seat 2: MauriFierro27 folded before Flop (didn't bet)
Seat 3: SimonD10200 folded before Flop (didn't bet)
Seat 4: Espada Fish (button) folded on the Flop
Seat 5: Pon4uk.ua (small blind) collected ($21.85)
Seat 6: Pippa83 (big blind) folded before Flop



PokerStars Hand #254635360591:  Hold'em No Limit ($0.50/$1.00 USD) - 2025/01/31 11:45:09 WET [2025/01/31 6:45:09 ET]
Table 'Musca' 6-max Seat #5 is the button
Seat 1: VahTang_89 ($285.40 in chips) 
Seat 2: MauriFierro27 ($101.50 in chips) 
Seat 3: SimonD10200 ($151.46 in chips) 
Seat 4: Espada Fish ($100 in chips) 
Seat 5: Pon4uk.ua ($116.12 in chips) 
Seat 6: Pippa83 ($105.76 in chips) 
Pippa83: posts small blind $0.50
VahTang_89: posts big blind $1
*** HOLE CARDS ***
MauriFierro27: folds 
SimonD10200: raises $2.50 to $3.50
Espada Fish: folds 
Pon4uk.ua: calls $3.50
Pippa83: folds 
VahTang_89: calls $2.50
*** FLOP *** [7h 8c 8d]
VahTang_89: checks 
SimonD10200: checks 
Pon4uk.ua: checks 
*** TURN *** [7h 8c 8d] [2d]
VahTang_89: bets $6.90
SimonD10200: folds 
Pon4uk.ua: folds 
Uncalled bet ($6.90) returned to VahTang_89
VahTang_89 collected $10.45 from pot
VahTang_89: doesn't show hand 
*** SUMMARY ***
Total pot $11 | Rake $0.55 
Board [7h 8c 8d 2d]
Seat 1: VahTang_89 (big blind) collected ($10.45)
Seat 2: MauriFierro27 folded before Flop (didn't bet)
Seat 3: SimonD10200 folded on the Turn
Seat 4: Espada Fish folded before Flop (didn't bet)
Seat 5: Pon4uk.ua (button) folded on the Turn
Seat 6: Pippa83 (small blind) folded before Flop



PokerStars Hand #254635367041:  Hold'em No Limit ($0.50/$1.00 USD) - 2025/01/31 11:45:58 WET [2025/01/31 6:45:58 ET]
Table 'Musca' 6-max Seat #6 is the button
Seat 1: VahTang_89 ($292.35 in chips) 
Seat 2: MauriFierro27 ($101.50 in chips) 
Seat 3: SimonD10200 ($147.96 in chips) 
Seat 4: Espada Fish ($100 in chips) 
Seat 5: Pon4uk.ua ($112.62 in chips) 
Seat 6: Pippa83 ($105.26 in chips) 
VahTang_89: posts small blind $0.50
MauriFierro27: posts big blind $1
*** HOLE CARDS ***
SimonD10200: folds 
Espada Fish: folds 
Pon4uk.ua: raises $1.50 to $2.50
Pippa83: folds 
VahTang_89: folds 
MauriFierro27: folds 
Uncalled bet ($1.50) returned to Pon4uk.ua
Pon4uk.ua collected $2.50 from pot
Pon4uk.ua: doesn't show hand 
*** SUMMARY ***
Total pot $2.50 | Rake $0 
Seat 1: VahTang_89 (small blind) folded before Flop
Seat 2: MauriFierro27 (big blind) folded before Flop
Seat 3: SimonD10200 folded before Flop (didn't bet)
Seat 4: Espada Fish folded before Flop (didn't bet)
Seat 5: Pon4uk.ua collected ($2.50)
Seat 6: Pippa83 (button) folded before Flop (didn't bet)



PokerStars Hand #254635369908:  Hold'em No Limit ($0.50/$1.00 USD) - 2025/01/31 11:46:19 WET [2025/01/31 6:46:19 ET]
Table 'Musca' 6-max Seat #1 is the button
Seat 1: VahTang_89 ($291.85 in chips) 
Seat 2: MauriFierro27 ($100.50 in chips) 
Seat 3: SimonD10200 ($147.96 in chips) 
Seat 4: Espada Fish ($100 in chips) 
Seat 5: Pon4uk.ua ($114.12 in chips) 
Seat 6: Pippa83 ($105.26 in chips) 
MauriFierro27: posts small blind $0.50
SimonD10200: posts big blind $1
*** HOLE CARDS ***
Espada Fish: folds 
Pon4uk.ua: folds 
Pippa83: raises $1.50 to $2.50
VahTang_89: folds 
MauriFierro27: raises $9 to $11.50
SimonD10200: folds 
Pippa83: folds 
Uncalled bet ($9) returned to MauriFierro27
MauriFierro27 collected $6 from pot
MauriFierro27: doesn't show hand 
*** SUMMARY ***
Total pot $6 | Rake $0 
Seat 1: VahTang_89 (button) folded before Flop (didn't bet)
Seat 2: MauriFierro27 (small blind) collected ($6)
Seat 3: SimonD10200 (big blind) folded before Flop
Seat 4: Espada Fish folded before Flop (didn't bet)
Seat 5: Pon4uk.ua folded before Flop (didn't bet)
Seat 6: Pippa83 folded before Flop



PokerStars Hand #254635372285:  Hold'em No Limit ($0.50/$1.00 USD) - 2025/01/31 11:46:38 WET [2025/01/31 6:46:38 ET]
Table 'Musca' 6-max Seat #2 is the button
Seat 1: VahTang_89 ($291.85 in chips) 
Seat 2: MauriFierro27 ($104 in chips) 
Seat 3: SimonD10200 ($146.96 in chips) 
Seat 4: Espada Fish ($100 in chips) 
Seat 5: Pon4uk.ua ($114.12 in chips) 
Seat 6: Pippa83 ($102.76 in chips) 
SimonD10200: posts small blind $0.50
Espada Fish: posts big blind $1
*** HOLE CARDS ***
Pon4uk.ua: folds 
Pippa83: raises $1.20 to $2.20
VahTang_89: folds 
MauriFierro27: folds 
SimonD10200: calls $1.70
Espada Fish: folds 
*** FLOP *** [Jd 9s 6d]
SimonD10200: bets $2.57
Pippa83: folds 
Uncalled bet ($2.57) returned to SimonD10200
SimonD10200 collected $5.13 from pot
*** SUMMARY ***
Total pot $5.40 | Rake $0.27 
Board [Jd 9s 6d]
Seat 1: VahTang_89 folded before Flop (didn't bet)
Seat 2: MauriFierro27 (button) folded before Flop (didn't bet)
Seat 3: SimonD10200 (small blind) collected ($5.13)
Seat 4: Espada Fish (big blind) folded before Flop
Seat 5: Pon4uk.ua folded before Flop (didn't bet)
Seat 6: Pippa83 folded on the Flop



PokerStars Hand #254635375930:  Hold'em No Limit ($0.50/$1.00 USD) - 2025/01/31 11:47:05 WET [2025/01/31 6:47:05 ET]
Table 'Musca' 6-max Seat #3 is the button
Seat 1: VahTang_89 ($291.85 in chips) 
Seat 2: MauriFierro27 ($104 in chips) 
Seat 3: SimonD10200 ($149.89 in chips) 
Seat 4: Espada Fish ($100 in chips) 
Seat 5: Pon4uk.ua ($114.12 in chips) 
Seat 6: Pippa83 ($100.56 in chips) 
Espada Fish: posts small blind $0.50
Pon4uk.ua: posts big blind $1
*** HOLE CARDS ***
Pippa83: folds 
VahTang_89: folds 
MauriFierro27: raises $1.20 to $2.20
SimonD10200: calls $2.20
Espada Fish: folds 
Pon4uk.ua: folds 
*** FLOP *** [8h 2d Kc]
MauriFierro27: bets $1.85
SimonD10200: folds 
Uncalled bet ($1.85) returned to MauriFierro27
MauriFierro27 collected $5.60 from pot
MauriFierro27: doesn't show hand 
*** SUMMARY ***
Total pot $5.90 | Rake $0.30 
Board [8h 2d Kc]
Seat 1: VahTang_89 folded before Flop (didn't bet)
Seat 2: MauriFierro27 collected ($5.60)
Seat 3: SimonD10200 (button) folded on the Flop
Seat 4: Espada Fish (small blind) folded before Flop
Seat 5: Pon4uk.ua (big blind) folded before Flop
Seat 6: Pippa83 folded before Flop (didn't bet)



PokerStars Hand #254635379280:  Hold'em No Limit ($0.50/$1.00 USD) - 2025/01/31 11:47:30 WET [2025/01/31 6:47:30 ET]
Table 'Musca' 6-max Seat #4 is the button
Seat 1: VahTang_89 ($291.85 in chips) 
Seat 2: MauriFierro27 ($107.40 in chips) 
Seat 3: SimonD10200 ($147.69 in chips) 
Seat 4: Espada Fish ($100 in chips) 
Seat 5: Pon4uk.ua ($113.12 in chips) 
Seat 6: Pippa83 ($100.56 in chips) 
Pon4uk.ua: posts small blind $0.50
Pippa83: posts big blind $1
*** HOLE CARDS ***
VahTang_89: folds 
MauriFierro27: folds 
SimonD10200: raises $2 to $3
Espada Fish: folds 
Pon4uk.ua: raises $9 to $12
Pippa83: calls $11
SimonD10200: calls $9
*** FLOP *** [2d 7h Qs]
Pon4uk.ua: bets $8.29
Pippa83: calls $8.29
SimonD10200: calls $8.29
*** TURN *** [2d 7h Qs] [6h]
Pon4uk.ua: bets $19.26
Pippa83: folds 
SimonD10200: folds 
Uncalled bet ($19.26) returned to Pon4uk.ua
Pon4uk.ua collected $58.37 from pot
Pon4uk.ua: doesn't show hand 
*** SUMMARY ***
Total pot $60.87 | Rake $2.50 
Board [2d 7h Qs 6h]
Seat 1: VahTang_89 folded before Flop (didn't bet)
Seat 2: MauriFierro27 folded before Flop (didn't bet)
Seat 3: SimonD10200 folded on the Turn
Seat 4: Espada Fish (button) folded before Flop (didn't bet)
Seat 5: Pon4uk.ua (small blind) collected ($58.37)
Seat 6: Pippa83 (big blind) folded on the Turn



PokerStars Hand #254635388231:  Hold'em No Limit ($0.50/$1.00 USD) - 2025/01/31 11:48:39 WET [2025/01/31 6:48:39 ET]
Table 'Musca' 6-max Seat #5 is the button
Seat 1: VahTang_89 ($291.85 in chips) is sitting out
Seat 2: MauriFierro27 ($107.40 in chips) 
Seat 3: SimonD10200 ($127.40 in chips) 
Seat 4: Espada Fish ($100 in chips) 
Seat 5: Pon4uk.ua ($151.20 in chips) 
Seat 6: Pippa83 ($100 in chips) 
Pippa83: posts small blind $0.50
VahTang_89: is sitting out 
MauriFierro27: posts big blind $1
*** HOLE CARDS ***
SimonD10200: folds 
VahTang_89 leaves the table
Espada Fish: raises $1.20 to $2.20
Pon4uk.ua: folds 
Pippa83: folds 
MauriFierro27: folds 
Uncalled bet ($1.20) returned to Espada Fish
Espada Fish collected $2.50 from pot
Espada Fish: doesn't show hand 
*** SUMMARY ***
Total pot $2.50 | Rake $0 
Seat 1: VahTang_89
Seat 2: MauriFierro27 (big blind) folded before Flop
Seat 3: SimonD10200 folded before Flop (didn't bet)
Seat 4: Espada Fish collected ($2.50)
Seat 5: Pon4uk.ua (button) folded before Flop (didn't bet)
Seat 6: Pippa83 (small blind) folded before Flop



PokerStars Hand #254635390678:  Hold'em No Limit ($0.50/$1.00 USD) - 2025/01/31 11:48:58 WET [2025/01/31 6:48:58 ET]
Table 'Musca' 6-max Seat #6 is the button
Seat 2: MauriFierro27 ($106.40 in chips) 
Seat 3: SimonD10200 ($127.40 in chips) 
Seat 4: Espada Fish ($101.50 in chips) 
Seat 5: Pon4uk.ua ($151.20 in chips) 
Seat 6: Pippa83 ($100 in chips) 
MauriFierro27: posts small blind $0.50
SimonD10200: posts big blind $1
*** HOLE CARDS ***
Espada Fish: raises $1.20 to $2.20
Pon4uk.ua: folds 
Pippa83: folds 
MauriFierro27: folds 
Melenya joins the table at seat #1 
SimonD10200: raises $2.90 to $5.10
Espada Fish: calls $2.90
*** FLOP *** [3c 5s Ks]
SimonD10200: checks 
Espada Fish: checks 
*** TURN *** [3c 5s Ks] [7d]
SimonD10200: bets $5.08
Espada Fish: calls $5.08
*** RIVER *** [3c 5s Ks 7d] [7c]
SimonD10200: bets $14.91
Espada Fish: calls $14.91
*** SHOW DOWN ***
SimonD10200: shows [Ad Jc] (a pair of Sevens)
Espada Fish: shows [5h 6h] (two pair, Sevens and Fives)
Espada Fish collected $48.18 from pot
*** SUMMARY ***
Total pot $50.68 | Rake $2.50 
Board [3c 5s Ks 7d 7c]
Seat 2: MauriFierro27 (small blind) folded before Flop
Seat 3: SimonD10200 (big blind) showed [Ad Jc] and lost with a pair of Sevens
Seat 4: Espada Fish showed [5h 6h] and won ($48.18) with two pair, Sevens and Fives
Seat 5: Pon4uk.ua folded before Flop (didn't bet)
Seat 6: Pippa83 (button) folded before Flop (didn't bet)



PokerStars Hand #254635399561:  Hold'em No Limit ($0.50/$1.00 USD) - 2025/01/31 11:50:05 WET [2025/01/31 6:50:05 ET]
Table 'Musca' 6-max Seat #2 is the button
Seat 1: Melenya ($100 in chips) is sitting out
Seat 2: MauriFierro27 ($105.90 in chips) 
Seat 3: SimonD10200 ($102.31 in chips) 
Seat 4: Espada Fish ($124.59 in chips) 
Seat 5: Pon4uk.ua ($151.20 in chips) 
Seat 6: Pippa83 ($100 in chips) 
SimonD10200: posts small blind $0.50
Espada Fish: posts big blind $1
Melenya: sits out 
*** HOLE CARDS ***
Pon4uk.ua has timed out
Pon4uk.ua: folds 
Pippa83: folds 
MauriFierro27: raises $1.20 to $2.20
SimonD10200: folds 
Espada Fish: calls $1.20
*** FLOP *** [Jd 9d 3s]
Espada Fish: checks 
MauriFierro27: bets $1.54
Espada Fish: folds 
Uncalled bet ($1.54) returned to MauriFierro27
MauriFierro27 collected $4.66 from pot
MauriFierro27: doesn't show hand 
*** SUMMARY ***
Total pot $4.90 | Rake $0.24 
Board [Jd 9d 3s]
Seat 1: Melenya
Seat 2: MauriFierro27 (button) collected ($4.66)
Seat 3: SimonD10200 (small blind) folded before Flop
Seat 4: Espada Fish (big blind) folded on the Flop
Seat 5: Pon4uk.ua folded before Flop (didn't bet)
Seat 6: Pippa83 folded before Flop (didn't bet)



PokerStars Hand #254635406466:  Hold'em No Limit ($0.50/$1.00 USD) - 2025/01/31 11:50:58 WET [2025/01/31 6:50:58 ET]
Table 'Musca' 6-max Seat #3 is the button
Seat 1: Melenya ($100 in chips) is sitting out
Seat 2: MauriFierro27 ($108.36 in chips) 
Seat 3: SimonD10200 ($101.81 in chips) 
Seat 4: Espada Fish ($122.39 in chips) 
Seat 5: Pon4uk.ua ($151.20 in chips) 
Seat 6: Pippa83 ($100 in chips) 
Espada Fish: posts small blind $0.50
Pon4uk.ua: posts big blind $1
Melenya: sits out 
*** HOLE CARDS ***
Pippa83: raises $1.20 to $2.20
MauriFierro27: folds 
SimonD10200: calls $2.20
Espada Fish: folds 
Pon4uk.ua: folds 
*** FLOP *** [Qd 9h 8h]
Pippa83: bets $1.40
SimonD10200: folds 
Uncalled bet ($1.40) returned to Pippa83
Pippa83 collected $5.60 from pot
Pippa83: doesn't show hand 
*** SUMMARY ***
Total pot $5.90 | Rake $0.30 
Board [Qd 9h 8h]
Seat 1: Melenya
Seat 2: MauriFierro27 folded before Flop (didn't bet)
Seat 3: SimonD10200 (button) folded on the Flop
Seat 4: Espada Fish (small blind) folded before Flop
Seat 5: Pon4uk.ua (big blind) folded before Flop
Seat 6: Pippa83 collected ($5.60)



PokerStars Hand #254635410495:  Hold'em No Limit ($0.50/$1.00 USD) - 2025/01/31 11:51:29 WET [2025/01/31 6:51:29 ET]
Table 'Musca' 6-max Seat #4 is the button
Seat 1: Melenya ($100 in chips) is sitting out
Seat 2: MauriFierro27 ($108.36 in chips) 
Seat 3: SimonD10200 ($99.61 in chips) 
Seat 4: Espada Fish ($121.89 in chips) 
Seat 5: Pon4uk.ua ($150.20 in chips) 
Seat 6: Pippa83 ($103.40 in chips) 
Pon4uk.ua: posts small blind $0.50
Pippa83: posts big blind $1
Melenya: sits out 
*** HOLE CARDS ***
MauriFierro27: folds 
SimonD10200: folds 
Espada Fish: raises $1.50 to $2.50
Pon4uk.ua: folds 
Pippa83: folds 
Uncalled bet ($1.50) returned to Espada Fish
Espada Fish collected $2.50 from pot
Espada Fish: doesn't show hand 
*** SUMMARY ***
Total pot $2.50 | Rake $0 
Seat 1: Melenya
Seat 2: MauriFierro27 folded before Flop (didn't bet)
Seat 3: SimonD10200 folded before Flop (didn't bet)
Seat 4: Espada Fish (button) collected ($2.50)
Seat 5: Pon4uk.ua (small blind) folded before Flop
Seat 6: Pippa83 (big blind) folded before Flop



PokerStars Hand #254635414138:  Hold'em No Limit ($0.50/$1.00 USD) - 2025/01/31 11:51:57 WET [2025/01/31 6:51:57 ET]
Table 'Musca' 6-max Seat #5 is the button
Seat 1: Melenya ($100 in chips) 
Seat 2: MauriFierro27 ($108.36 in chips) 
Seat 3: SimonD10200 ($99.61 in chips) 
Seat 4: Espada Fish ($123.39 in chips) 
Seat 5: Pon4uk.ua ($149.70 in chips) 
Seat 6: Pippa83 ($102.40 in chips) 
Pippa83: posts small blind $0.50
Melenya: posts big blind $1
*** HOLE CARDS ***
MauriFierro27: raises $1.20 to $2.20
SimonD10200: folds 
Espada Fish: folds 
Pon4uk.ua: folds 
Pippa83: folds 
Melenya: folds 
Uncalled bet ($1.20) returned to MauriFierro27
MauriFierro27 collected $2.50 from pot
MauriFierro27: doesn't show hand 
*** SUMMARY ***
Total pot $2.50 | Rake $0 
Seat 1: Melenya (big blind) folded before Flop
Seat 2: MauriFierro27 collected ($2.50)
Seat 3: SimonD10200 folded before Flop (didn't bet)
Seat 4: Espada Fish folded before Flop (didn't bet)
Seat 5: Pon4uk.ua (button) folded before Flop (didn't bet)
Seat 6: Pippa83 (small blind) folded before Flop



PokerStars Hand #254635415980:  Hold'em No Limit ($0.50/$1.00 USD) - 2025/01/31 11:52:12 WET [2025/01/31 6:52:12 ET]
Table 'Musca' 6-max Seat #6 is the button
Seat 1: Melenya ($100 in chips) 
Seat 2: MauriFierro27 ($109.86 in chips) 
Seat 3: SimonD10200 ($99.61 in chips) 
Seat 4: Espada Fish ($123.39 in chips) 
Seat 5: Pon4uk.ua ($149.70 in chips) 
Seat 6: Pippa83 ($101.90 in chips) 
Melenya: posts small blind $0.50
MauriFierro27: posts big blind $1
*** HOLE CARDS ***
SimonD10200: folds 
Espada Fish: folds 
Pon4uk.ua: raises $1.50 to $2.50
Pippa83: folds 
Melenya: folds 
MauriFierro27: folds 
Uncalled bet ($1.50) returned to Pon4uk.ua
Pon4uk.ua collected $2.50 from pot
Pon4uk.ua: doesn't show hand 
*** SUMMARY ***
Total pot $2.50 | Rake $0 
Seat 1: Melenya (small blind) folded before Flop
Seat 2: MauriFierro27 (big blind) folded before Flop
Seat 3: SimonD10200 folded before Flop (didn't bet)
Seat 4: Espada Fish folded before Flop (didn't bet)
Seat 5: Pon4uk.ua collected ($2.50)
Seat 6: Pippa83 (button) folded before Flop (didn't bet)



PokerStars Hand #254635419805:  Hold'em No Limit ($0.50/$1.00 USD) - 2025/01/31 11:52:40 WET [2025/01/31 6:52:40 ET]
Table 'Musca' 6-max Seat #1 is the button
Seat 1: Melenya ($100 in chips) 
Seat 2: MauriFierro27 ($108.86 in chips) 
Seat 3: SimonD10200 ($99.61 in chips) 
Seat 4: Espada Fish ($123.39 in chips) 
Seat 5: Pon4uk.ua ($151.20 in chips) 
Seat 6: Pippa83 ($101.90 in chips) 
MauriFierro27: posts small blind $0.50
SimonD10200: posts big blind $1
*** HOLE CARDS ***
Espada Fish: folds 
Pon4uk.ua: folds 
Pippa83: raises $1.50 to $2.50
Melenya: folds 
MauriFierro27: folds 
SimonD10200: folds 
Uncalled bet ($1.50) returned to Pippa83
Pippa83 collected $2.50 from pot
Pippa83: doesn't show hand 
*** SUMMARY ***
Total pot $2.50 | Rake $0 
Seat 1: Melenya (button) folded before Flop (didn't bet)
Seat 2: MauriFierro27 (small blind) folded before Flop
Seat 3: SimonD10200 (big blind) folded before Flop
Seat 4: Espada Fish folded before Flop (didn't bet)
Seat 5: Pon4uk.ua folded before Flop (didn't bet)
Seat 6: Pippa83 collected ($2.50)



PokerStars Hand #254635437603:  Hold'em No Limit ($0.50/$1.00 USD) - 2025/01/31 11:54:54 WET [2025/01/31 6:54:54 ET]
Table 'Musca' 6-max Seat #5 is the button
Seat 3: SimonD10200 ($0 in chips) is sitting out
Seat 1: Melenya ($148.30 in chips) 
Seat 2: MauriFierro27 ($156.17 in chips) 
Seat 4: Espada Fish ($121.89 in chips) 
Seat 5: Pon4uk.ua ($151.20 in chips) 
Seat 6: Pippa83 ($102.40 in chips) 
Pippa83: posts small blind $0.50
Melenya: posts big blind $1
*** HOLE CARDS ***
MauriFierro27: folds 
Espada Fish: raises $1.20 to $2.20
Pon4uk.ua: folds 
SimonD10200 leaves the table
Pippa83: folds 
Melenya: folds 
Uncalled bet ($1.20) returned to Espada Fish
Espada Fish collected $2.50 from pot
Espada Fish: doesn't show hand 
*** SUMMARY ***
Total pot $2.50 | Rake $0 
Seat 3: SimonD10200
Seat 1: Melenya (big blind) folded before Flop
Seat 2: MauriFierro27 folded before Flop (didn't bet)
Seat 4: Espada Fish collected ($2.50)
Seat 5: Pon4uk.ua (button) folded before Flop (didn't bet)
Seat 6: Pippa83 (small blind) folded before Flop



