PokerStars Hand #254643316528:  Hold'em No Limit ($0.50/$1.00 USD) - 2025/01/31 21:50:22 WET [2025/01/31 16:50:22 ET]
Table 'Antenor II' 6-max Seat #5 is the button
Seat 4: Magnodive ($100 in chips) is sitting out
Seat 1: Pippa83 ($104.22 in chips) 
Seat 2: kvcsszblcs ($160.05 in chips) 
Seat 3: FelixTheLegend ($19.63 in chips) 
Seat 5: Nazareno1999 ($140.55 in chips) 
Seat 6: BumHuntKing ($100 in chips) 
BumHuntKing: posts small blind $0.50
Pippa83: posts big blind $1
Magnodive: sits out 
*** HOLE CARDS ***
kvcsszblcs: folds 
FelixTheLegend: calls $1
Nazareno1999: raises $2.50 to $3.50
BumHuntKing: folds 
Pippa83: folds 
FelixTheLegend: calls $2.50
*** FLOP *** [Ah 5h Kh]
FelixTheLegend: checks 
Nazareno1999: checks 
*** TURN *** [Ah 5h Kh] [6s]
FelixTheLegend: checks 
Nazareno1999: bets $2.02
FelixTheLegend: folds 
Uncalled bet ($2.02) returned to Nazareno1999
Nazareno1999 collected $8.08 from pot
Nazareno1999: doesn't show hand 
*** SUMMARY ***
Total pot $8.50 | Rake $0.42 
Board [Ah 5h Kh 6s]
Seat 4: Magnodive
Seat 1: Pippa83 (big blind) folded before Flop
Seat 2: kvcsszblcs folded before Flop (didn't bet)
Seat 3: FelixTheLegend folded on the Turn
Seat 5: Nazareno1999 (button) collected ($8.08)
Seat 6: BumHuntKing (small blind) folded before Flop



PokerStars Hand #254643327198:  Hold'em No Limit ($0.50/$1.00 USD) - 2025/01/31 21:50:56 WET [2025/01/31 16:50:56 ET]
Table 'Antenor II' 6-max Seat #6 is the button
Seat 4: Magnodive ($100 in chips) is sitting out
Seat 1: Pippa83 ($103.22 in chips) 
Seat 2: kvcsszblcs ($160.05 in chips) 
Seat 3: FelixTheLegend ($16.13 in chips) 
Seat 5: Nazareno1999 ($145.13 in chips) 
Seat 6: BumHuntKing ($100 in chips) 
Pippa83: posts small blind $0.50
kvcsszblcs: posts big blind $1
Magnodive: sits out 
*** HOLE CARDS ***
FelixTheLegend: calls $1
Nazareno1999: folds 
BumHuntKing: folds 
Pippa83: folds 
kvcsszblcs: checks 
*** FLOP *** [9d 7c Th]
kvcsszblcs: checks 
FelixTheLegend: bets $1
kvcsszblcs: calls $1
*** TURN *** [9d 7c Th] [3s]
kvcsszblcs: checks 
FelixTheLegend: bets $3
kvcsszblcs: calls $3
*** RIVER *** [9d 7c Th 3s] [5s]
kvcsszblcs: checks 
FelixTheLegend: checks 
*** SHOW DOWN ***
kvcsszblcs: shows [Kd 7d] (a pair of Sevens)
FelixTheLegend: mucks hand 
kvcsszblcs collected $9.98 from pot
*** SUMMARY ***
Total pot $10.50 | Rake $0.52 
Board [9d 7c Th 3s 5s]
Seat 4: Magnodive
Seat 1: Pippa83 (small blind) folded before Flop
Seat 2: kvcsszblcs (big blind) showed [Kd 7d] and won ($9.98) with a pair of Sevens
Seat 3: FelixTheLegend mucked
Seat 5: Nazareno1999 folded before Flop (didn't bet)
Seat 6: BumHuntKing (button) folded before Flop (didn't bet)



PokerStars Hand #254643341053:  Hold'em No Limit ($0.50/$1.00 USD) - 2025/01/31 21:51:41 WET [2025/01/31 16:51:41 ET]
Table 'Antenor II' 6-max Seat #1 is the button
Seat 4: Magnodive ($100 in chips) is sitting out
Seat 1: Pippa83 ($102.72 in chips) 
Seat 2: kvcsszblcs ($165.03 in chips) 
Seat 3: FelixTheLegend ($11.13 in chips) 
Seat 5: Nazareno1999 ($145.13 in chips) 
Seat 6: BumHuntKing ($100 in chips) 
kvcsszblcs: posts small blind $0.50
FelixTheLegend: posts big blind $1
Magnodive: sits out 
*** HOLE CARDS ***
Nazareno1999: raises $1.20 to $2.20
BumHuntKing: folds 
Pippa83: raises $4.80 to $7
kvcsszblcs: folds 
FelixTheLegend: folds 
Nazareno1999: folds 
Uncalled bet ($4.80) returned to Pippa83
Pippa83 collected $5.90 from pot
Pippa83: doesn't show hand 
*** SUMMARY ***
Total pot $5.90 | Rake $0 
Seat 4: Magnodive
Seat 1: Pippa83 (button) collected ($5.90)
Seat 2: kvcsszblcs (small blind) folded before Flop
Seat 3: FelixTheLegend (big blind) folded before Flop
Seat 5: Nazareno1999 folded before Flop
Seat 6: BumHuntKing folded before Flop (didn't bet)



PokerStars Hand #254643348321:  Hold'em No Limit ($0.50/$1.00 USD) - 2025/01/31 21:52:04 WET [2025/01/31 16:52:04 ET]
Table 'Antenor II' 6-max Seat #2 is the button
Seat 1: Pippa83 ($106.42 in chips) 
Seat 2: kvcsszblcs ($164.53 in chips) 
Seat 3: FelixTheLegend ($10.13 in chips) 
Seat 4: Magnodive ($100 in chips) 
Seat 5: Nazareno1999 ($142.93 in chips) 
Seat 6: BumHuntKing ($100 in chips) 
FelixTheLegend: posts small blind $0.50
Magnodive: posts big blind $1
*** HOLE CARDS ***
Nazareno1999: raises $1.20 to $2.20
BumHuntKing: folds 
Pippa83: folds 
kvcsszblcs: folds 
FelixTheLegend: raises $7.93 to $10.13 and is all-in
Magnodive: folds 
Nazareno1999: calls $7.93
*** FLOP *** [4h 6d Kh]
*** TURN *** [4h 6d Kh] [Qh]
*** RIVER *** [4h 6d Kh Qh] [2c]
*** SHOW DOWN ***
FelixTheLegend: shows [Ah Ts] (high card Ace)
Nazareno1999: shows [Ad Kc] (a pair of Kings)
Nazareno1999 collected $20.20 from pot
*** SUMMARY ***
Total pot $21.26 | Rake $1.06 
Board [4h 6d Kh Qh 2c]
Seat 1: Pippa83 folded before Flop (didn't bet)
Seat 2: kvcsszblcs (button) folded before Flop (didn't bet)
Seat 3: FelixTheLegend (small blind) showed [Ah Ts] and lost with high card Ace
Seat 4: Magnodive (big blind) folded before Flop
Seat 5: Nazareno1999 showed [Ad Kc] and won ($20.20) with a pair of Kings
Seat 6: BumHuntKing folded before Flop (didn't bet)



PokerStars Hand #254643362410:  Hold'em No Limit ($0.50/$1.00 USD) - 2025/01/31 21:52:50 WET [2025/01/31 16:52:50 ET]
Table 'Antenor II' 6-max Seat #4 is the button
Seat 1: Pippa83 ($106.42 in chips) 
Seat 2: kvcsszblcs ($164.53 in chips) 
Seat 4: Magnodive ($100 in chips) 
Seat 5: Nazareno1999 ($153 in chips) 
Seat 6: BumHuntKing ($100 in chips) 
Nazareno1999: posts small blind $0.50
BumHuntKing: posts big blind $1
*** HOLE CARDS ***
Pippa83: folds 
kvcsszblcs: folds 
Magnodive: raises $1.50 to $2.50
Pippa83 leaves the table
Nazareno1999: folds 
kvcsszblcs leaves the table
BumHuntKing: raises $10 to $12.50
Magnodive: folds 
Uncalled bet ($10) returned to BumHuntKing
BumHuntKing collected $5.50 from pot
BumHuntKing: doesn't show hand 
*** SUMMARY ***
Total pot $5.50 | Rake $0 
Seat 1: Pippa83 folded before Flop (didn't bet)
Seat 2: kvcsszblcs folded before Flop (didn't bet)
Seat 4: Magnodive (button) folded before Flop
Seat 5: Nazareno1999 (small blind) folded before Flop
Seat 6: BumHuntKing (big blind) collected ($5.50)



PokerStars Hand #254643374200:  Hold'em No Limit ($0.50/$1.00 USD) - 2025/01/31 21:53:29 WET [2025/01/31 16:53:29 ET]
Table 'Antenor II' 6-max Seat #6 is the button
Seat 4: Magnodive ($100 in chips) is sitting out
Seat 5: Nazareno1999 ($152.50 in chips) 
Seat 6: BumHuntKing ($103 in chips) 
BumHuntKing: posts small blind $0.50
Magnodive: is sitting out 
Nazareno1999: posts big blind $1
*** HOLE CARDS ***
BumHuntKing: raises $1.50 to $2.50
Nazareno1999: folds 
Uncalled bet ($1.50) returned to BumHuntKing
BumHuntKing collected $2 from pot
BumHuntKing: doesn't show hand 
*** SUMMARY ***
Total pot $2 | Rake $0 
Seat 4: Magnodive
Seat 5: Nazareno1999 (big blind) folded before Flop
Seat 6: BumHuntKing (button) (small blind) collected ($2)



