PokerStars Hand #254644799285:  Hold'em No Limit ($0.50/$1.00 USD) - 2025/01/31 23:19:18 WET [2025/01/31 18:19:18 ET]
Table 'Riceia' 6-max Seat #1 is the button
Seat 4: Sadyhov V.V. ($100 in chips) is sitting out
Seat 1: m0nTTu ($10 in chips) 
Seat 3: CEPTT ($100 in chips) 
m0nTTu: posts small blind $0.50
CEPTT: posts big blind $1
*** HOLE CARDS ***
m0nTTu: folds 
Uncalled bet ($0.50) returned to CEPTT
CEPTT collected $1 from pot
CEPTT: doesn't show hand 
*** SUMMARY ***
Total pot $1 | Rake $0 
Seat 4: Sadyhov V.V.
Seat 1: m0nTTu (button) (small blind) folded before Flop
Seat 3: CEPTT (big blind) collected ($1)



PokerStars Hand #254644803848:  Hold'em No Limit ($0.50/$1.00 USD) - 2025/01/31 23:19:34 WET [2025/01/31 18:19:34 ET]
Table 'Riceia' 6-max Seat #3 is the button
Seat 4: Sadyhov V.V. ($100 in chips) is sitting out
Seat 1: m0nTTu ($10 in chips) 
Seat 3: CEPTT ($100.50 in chips) 
CEPTT: posts small blind $0.50
m0nTTu: posts big blind $1
*** HOLE CARDS ***
CEPTT: folds 
Uncalled bet ($0.50) returned to m0nTTu
m0nTTu collected $1 from pot
m0nTTu: doesn't show hand 
*** SUMMARY ***
Total pot $1 | Rake $0 
Seat 4: Sadyhov V.V.
Seat 1: m0nTTu (big blind) collected ($1)
Seat 3: CEPTT (button) (small blind) folded before Flop



PokerStars Hand #254644811523:  Hold'em No Limit ($0.50/$1.00 USD) - 2025/01/31 23:20:03 WET [2025/01/31 18:20:03 ET]
Table 'Riceia' 6-max Seat #4 is the button
Seat 1: m0nTTu ($10.50 in chips) 
Seat 4: Sadyhov V.V. ($100 in chips) 
Seat 5: 41ElCapo02 ($11.72 in chips) 
Seat 6: nastja336 ($100 in chips) 
Cythian182 joins the table at seat #2 
41ElCapo02: posts small blind $0.50
nastja336: posts big blind $1
*** HOLE CARDS ***
Cythian182 is disconnected 
m0nTTu: folds 
Sadyhov V.V.: folds 
IREQO joins the table at seat #3 
41ElCapo02: folds 
Uncalled bet ($0.50) returned to nastja336
nastja336 collected $1 from pot
nastja336: doesn't show hand 
*** SUMMARY ***
Total pot $1 | Rake $0 
Seat 1: m0nTTu folded before Flop (didn't bet)
Seat 4: Sadyhov V.V. (button) folded before Flop (didn't bet)
Seat 5: 41ElCapo02 (small blind) folded before Flop
Seat 6: nastja336 (big blind) collected ($1)



PokerStars Hand #254644818742:  Hold'em No Limit ($0.50/$1.00 USD) - 2025/01/31 23:20:29 WET [2025/01/31 18:20:29 ET]
Table 'Riceia' 6-max Seat #5 is the button
Seat 3: IREQO ($83.82 in chips) is sitting out
Seat 1: m0nTTu ($10.50 in chips) 
Seat 2: Cythian182 ($100 in chips) 
Seat 4: Sadyhov V.V. ($100 in chips) 
Seat 5: 41ElCapo02 ($11.22 in chips) 
Seat 6: nastja336 ($100.50 in chips) 
nastja336: posts small blind $0.50
m0nTTu: posts big blind $1
Cythian182: posts big blind $1
IREQO: sits out 
*** HOLE CARDS ***
Cythian182: checks 
Sadyhov V.V.: folds 
41ElCapo02: calls $1
nastja336: calls $0.50
m0nTTu: raises $9.50 to $10.50 and is all-in
Cythian182: folds 
41ElCapo02 has timed out
41ElCapo02: folds 
nastja336: folds 
Uncalled bet ($9.50) returned to m0nTTu
m0nTTu collected $4 from pot
m0nTTu: doesn't show hand 
*** SUMMARY ***
Total pot $4 | Rake $0 
Seat 3: IREQO
Seat 1: m0nTTu (big blind) collected ($4)
Seat 2: Cythian182 folded before Flop (didn't bet)
Seat 4: Sadyhov V.V. folded before Flop (didn't bet)
Seat 5: 41ElCapo02 (button) folded before Flop
Seat 6: nastja336 (small blind) folded before Flop



PokerStars Hand #254644836023:  Hold'em No Limit ($0.50/$1.00 USD) - 2025/01/31 23:21:33 WET [2025/01/31 18:21:33 ET]
Table 'Riceia' 6-max Seat #6 is the button
Seat 3: IREQO ($100 in chips) is sitting out
Seat 5: 41ElCapo02 ($10.22 in chips) is sitting out
Seat 1: m0nTTu ($13.50 in chips) 
Seat 2: Cythian182 ($99 in chips) 
Seat 4: Sadyhov V.V. ($100 in chips) 
Seat 6: nastja336 ($100 in chips) 
m0nTTu: posts small blind $0.50
Cythian182: posts big blind $1
IREQO: sits out 
*** HOLE CARDS ***
Sadyhov V.V.: folds 
nastja336: folds 
m0nTTu: folds 
Uncalled bet ($0.50) returned to Cythian182
Cythian182 collected $1 from pot
*** SUMMARY ***
Total pot $1 | Rake $0 
Seat 3: IREQO
Seat 5: 41ElCapo02
Seat 1: m0nTTu (small blind) folded before Flop
Seat 2: Cythian182 (big blind) collected ($1)
Seat 4: Sadyhov V.V. folded before Flop (didn't bet)
Seat 6: nastja336 (button) folded before Flop (didn't bet)



PokerStars Hand #254644839532:  Hold'em No Limit ($0.50/$1.00 USD) - 2025/01/31 23:21:46 WET [2025/01/31 18:21:46 ET]
Table 'Riceia' 6-max Seat #1 is the button
Seat 1: m0nTTu ($13 in chips) 
Seat 2: Cythian182 ($99.50 in chips) 
Seat 3: IREQO ($100 in chips) 
Seat 4: Sadyhov V.V. ($100 in chips) 
Seat 5: 41ElCapo02 ($10.22 in chips) 
Seat 6: nastja336 ($100 in chips) 
Cythian182: posts small blind $0.50
IREQO: posts big blind $1
*** HOLE CARDS ***
Sadyhov V.V.: raises $1.20 to $2.20
41ElCapo02: folds 
nastja336: folds 
m0nTTu: folds 
Cythian182: folds 
IREQO: calls $1.20
*** FLOP *** [6s 4c 9c]
IREQO: checks 
Sadyhov V.V.: checks 
*** TURN *** [6s 4c 9c] [5d]
IREQO: bets $7
Sadyhov V.V.: folds 
Uncalled bet ($7) returned to IREQO
IREQO collected $4.66 from pot
IREQO: doesn't show hand 
*** SUMMARY ***
Total pot $4.90 | Rake $0.24 
Board [6s 4c 9c 5d]
Seat 1: m0nTTu (button) folded before Flop (didn't bet)
Seat 2: Cythian182 (small blind) folded before Flop
Seat 3: IREQO (big blind) collected ($4.66)
Seat 4: Sadyhov V.V. folded on the Turn
Seat 5: 41ElCapo02 folded before Flop (didn't bet)
Seat 6: nastja336 folded before Flop (didn't bet)



PokerStars Hand #254644859499:  Hold'em No Limit ($0.50/$1.00 USD) - 2025/01/31 23:22:59 WET [2025/01/31 18:22:59 ET]
Table 'Riceia' 6-max Seat #2 is the button
Seat 4: Sadyhov V.V. ($100 in chips) is sitting out
Seat 1: m0nTTu ($13 in chips) 
Seat 2: Cythian182 ($99 in chips) 
Seat 3: IREQO ($102.46 in chips) 
Seat 5: 41ElCapo02 ($10.22 in chips) 
Seat 6: nastja336 ($100 in chips) 
IREQO: posts small blind $0.50
Sadyhov V.V.: is sitting out 
41ElCapo02: posts big blind $1
*** HOLE CARDS ***
nastja336: folds 
m0nTTu: folds 
Cythian182: folds 
IREQO: folds 
Uncalled bet ($0.50) returned to 41ElCapo02
41ElCapo02 collected $1 from pot
*** SUMMARY ***
Total pot $1 | Rake $0 
Seat 4: Sadyhov V.V.
Seat 1: m0nTTu folded before Flop (didn't bet)
Seat 2: Cythian182 (button) folded before Flop (didn't bet)
Seat 3: IREQO (small blind) folded before Flop
Seat 5: 41ElCapo02 (big blind) collected ($1)
Seat 6: nastja336 folded before Flop (didn't bet)



PokerStars Hand #254644892849:  Hold'em No Limit ($0.50/$1.00 USD) - 2025/01/31 23:25:02 WET [2025/01/31 18:25:02 ET]
Table 'Riceia' 6-max Seat #2 is the button
Seat 1: m0nTTu ($10 in chips) 
Seat 2: Cythian182 ($99 in chips) 
Seat 3: IREQO ($100.96 in chips) 
Seat 4: XneferX ($100 in chips) 
Seat 5: 41ElCapo02 ($23.03 in chips) 
Seat 6: nastja336 ($100 in chips) 
IREQO: posts small blind $0.50
XneferX: posts big blind $1
*** HOLE CARDS ***
41ElCapo02: raises $22.03 to $23.03 and is all-in
nastja336: folds 
m0nTTu: folds 
Cythian182: folds 
IREQO: folds 
XneferX: folds 
Uncalled bet ($22.03) returned to 41ElCapo02
41ElCapo02 collected $2.50 from pot
*** SUMMARY ***
Total pot $2.50 | Rake $0 
Seat 1: m0nTTu folded before Flop (didn't bet)
Seat 2: Cythian182 (button) folded before Flop (didn't bet)
Seat 3: IREQO (small blind) folded before Flop
Seat 4: XneferX (big blind) folded before Flop
Seat 5: 41ElCapo02 collected ($2.50)
Seat 6: nastja336 folded before Flop (didn't bet)



PokerStars Hand #254644901535:  Hold'em No Limit ($0.50/$1.00 USD) - 2025/01/31 23:25:34 WET [2025/01/31 18:25:34 ET]
Table 'Riceia' 6-max Seat #3 is the button
Seat 1: m0nTTu ($10 in chips) 
Seat 2: Cythian182 ($99 in chips) 
Seat 3: IREQO ($100.46 in chips) 
Seat 4: XneferX ($100 in chips) 
Seat 5: 41ElCapo02 ($24.53 in chips) 
Seat 6: nastja336 ($100 in chips) 
XneferX: posts small blind $0.50
41ElCapo02: posts big blind $1
*** HOLE CARDS ***
nastja336: raises $1.50 to $2.50
m0nTTu: folds 
Cythian182: folds 
IREQO: folds 
XneferX: folds 
41ElCapo02: folds 
Uncalled bet ($1.50) returned to nastja336
nastja336 collected $2.50 from pot
nastja336: doesn't show hand 
*** SUMMARY ***
Total pot $2.50 | Rake $0 
Seat 1: m0nTTu folded before Flop (didn't bet)
Seat 2: Cythian182 folded before Flop (didn't bet)
Seat 3: IREQO (button) folded before Flop (didn't bet)
Seat 4: XneferX (small blind) folded before Flop
Seat 5: 41ElCapo02 (big blind) folded before Flop
Seat 6: nastja336 collected ($2.50)



PokerStars Hand #254644912564:  Hold'em No Limit ($0.50/$1.00 USD) - 2025/01/31 23:26:15 WET [2025/01/31 18:26:15 ET]
Table 'Riceia' 6-max Seat #4 is the button
Seat 1: m0nTTu ($10 in chips) 
Seat 2: Cythian182 ($99 in chips) 
Seat 3: IREQO ($100.46 in chips) 
Seat 4: XneferX ($100 in chips) 
Seat 5: 41ElCapo02 ($23.53 in chips) 
Seat 6: nastja336 ($101.50 in chips) 
41ElCapo02: posts small blind $0.50
nastja336: posts big blind $1
*** HOLE CARDS ***
m0nTTu: folds 
Cythian182: folds 
IREQO: folds 
XneferX: folds 
41ElCapo02: folds 
Uncalled bet ($0.50) returned to nastja336
41ElCapo02 leaves the table
nastja336 collected $1 from pot
nastja336: doesn't show hand 
*** SUMMARY ***
Total pot $1 | Rake $0 
Seat 1: m0nTTu folded before Flop (didn't bet)
Seat 2: Cythian182 folded before Flop (didn't bet)
Seat 3: IREQO folded before Flop (didn't bet)
Seat 4: XneferX (button) folded before Flop (didn't bet)
Seat 5: 41ElCapo02 (small blind) folded before Flop
Seat 6: nastja336 (big blind) collected ($1)



PokerStars Hand #254644917370:  Hold'em No Limit ($0.50/$1.00 USD) - 2025/01/31 23:26:32 WET [2025/01/31 18:26:32 ET]
Table 'Riceia' 6-max Seat #6 is the button
Seat 1: m0nTTu ($10 in chips) 
Seat 2: Cythian182 ($99 in chips) 
Seat 3: IREQO ($100.46 in chips) 
Seat 4: XneferX ($100 in chips) 
Seat 6: nastja336 ($102 in chips) 
m0nTTu: posts small blind $0.50
Cythian182: posts big blind $1
*** HOLE CARDS ***
IREQO: folds 
XneferX: folds 
nastja336: raises $1.50 to $2.50
m0nTTu: folds 
Cythian182: folds 
Uncalled bet ($1.50) returned to nastja336
nastja336 collected $2.50 from pot
nastja336: doesn't show hand 
*** SUMMARY ***
Total pot $2.50 | Rake $0 
Seat 1: m0nTTu (small blind) folded before Flop
Seat 2: Cythian182 (big blind) folded before Flop
Seat 3: IREQO folded before Flop (didn't bet)
Seat 4: XneferX folded before Flop (didn't bet)
Seat 6: nastja336 (button) collected ($2.50)



PokerStars Hand #254644922444:  Hold'em No Limit ($0.50/$1.00 USD) - 2025/01/31 23:26:51 WET [2025/01/31 18:26:51 ET]
Table 'Riceia' 6-max Seat #1 is the button
Seat 1: m0nTTu ($10 in chips) 
Seat 2: Cythian182 ($98 in chips) 
Seat 3: IREQO ($100.46 in chips) 
Seat 4: XneferX ($100 in chips) 
Seat 6: nastja336 ($103.50 in chips) 
Cythian182: posts small blind $0.50
IREQO: posts big blind $1
*** HOLE CARDS ***
XneferX: folds 
nastja336: folds 
m0nTTu: raises $9 to $10 and is all-in
Cythian182: folds 
IREQO: folds 
Uncalled bet ($9) returned to m0nTTu
m0nTTu collected $2.50 from pot
m0nTTu: doesn't show hand 
*** SUMMARY ***
Total pot $2.50 | Rake $0 
Seat 1: m0nTTu (button) collected ($2.50)
Seat 2: Cythian182 (small blind) folded before Flop
Seat 3: IREQO (big blind) folded before Flop
Seat 4: XneferX folded before Flop (didn't bet)
Seat 6: nastja336 folded before Flop (didn't bet)



PokerStars Hand #254644929763:  Hold'em No Limit ($0.50/$1.00 USD) - 2025/01/31 23:27:18 WET [2025/01/31 18:27:18 ET]
Table 'Riceia' 6-max Seat #2 is the button
Seat 4: XneferX ($100 in chips) is sitting out
Seat 1: m0nTTu ($11.50 in chips) 
Seat 2: Cythian182 ($97.50 in chips) 
Seat 3: IREQO ($99.46 in chips) 
Seat 6: nastja336 ($103.50 in chips) 
IREQO: posts small blind $0.50
XneferX: is sitting out 
nastja336: posts big blind $1
*** HOLE CARDS ***
m0nTTu: folds 
Cythian182: raises $2 to $3
IREQO: folds 
XneferX leaves the table
nastja336: calls $2
*** FLOP *** [Qs Ts 8s]
nastja336: checks 
Cythian182: bets $3.50
nastja336: calls $3.50
*** TURN *** [Qs Ts 8s] [Ks]
nastja336: checks 
SorinS28 joins the table at seat #5 
Cythian182: checks 
*** RIVER *** [Qs Ts 8s Ks] [9h]
nastja336: checks 
Nazareno1999 joins the table at seat #4 
Cythian182: checks 
*** SHOW DOWN ***
nastja336: shows [Qh Tc] (two pair, Queens and Tens)
Cythian182: mucks hand 
nastja336 collected $12.82 from pot
*** SUMMARY ***
Total pot $13.50 | Rake $0.68 
Board [Qs Ts 8s Ks 9h]
Seat 4: XneferX
Seat 1: m0nTTu folded before Flop (didn't bet)
Seat 2: Cythian182 (button) mucked
Seat 3: IREQO (small blind) folded before Flop
Seat 6: nastja336 (big blind) showed [Qh Tc] and won ($12.82) with two pair, Queens and Tens



PokerStars Hand #254644946664:  Hold'em No Limit ($0.50/$1.00 USD) - 2025/01/31 23:28:20 WET [2025/01/31 18:28:20 ET]
Table 'Riceia' 6-max Seat #3 is the button
Seat 1: m0nTTu ($11.50 in chips) is sitting out
Seat 4: Nazareno1999 ($100 in chips) is sitting out
Seat 5: SorinS28 ($100 in chips) is sitting out
Seat 2: Cythian182 ($91 in chips) 
Seat 3: IREQO ($98.96 in chips) 
Seat 6: nastja336 ($109.82 in chips) 
nastja336: posts small blind $0.50
m0nTTu: is sitting out 
Cythian182: posts big blind $1
*** HOLE CARDS ***
m0nTTu leaves the table
IREQO: raises $1.50 to $2.50
nastja336: folds 
Cythian182: folds 
Uncalled bet ($1.50) returned to IREQO
IREQO collected $2.50 from pot
IREQO: doesn't show hand 
*** SUMMARY ***
Total pot $2.50 | Rake $0 
Seat 1: m0nTTu
Seat 4: Nazareno1999
Seat 5: SorinS28
Seat 2: Cythian182 (big blind) folded before Flop
Seat 3: IREQO (button) collected ($2.50)
Seat 6: nastja336 (small blind) folded before Flop



PokerStars Hand #254644951040:  Hold'em No Limit ($0.50/$1.00 USD) - 2025/01/31 23:28:36 WET [2025/01/31 18:28:36 ET]
Table 'Riceia' 6-max Seat #6 is the button
Seat 3: IREQO ($100.46 in chips) is sitting out
Seat 5: SorinS28 ($100 in chips) is sitting out
Seat 2: Cythian182 ($90 in chips) 
Seat 4: Nazareno1999 ($100 in chips) 
Seat 6: nastja336 ($109.32 in chips) 
Cythian182: posts small blind $0.50
IREQO: is sitting out 
Nazareno1999: posts big blind $1
SorinS28: sits out 
*** HOLE CARDS ***
nastja336: raises $1.50 to $2.50
Cythian182: folds 
Nazareno1999: folds 
Uncalled bet ($1.50) returned to nastja336
nastja336 collected $2.50 from pot
nastja336: doesn't show hand 
*** SUMMARY ***
Total pot $2.50 | Rake $0 
Seat 3: IREQO
Seat 5: SorinS28
Seat 2: Cythian182 (small blind) folded before Flop
Seat 4: Nazareno1999 (big blind) folded before Flop
Seat 6: nastja336 (button) collected ($2.50)



PokerStars Hand #254644953827:  Hold'em No Limit ($0.50/$1.00 USD) - 2025/01/31 23:28:47 WET [2025/01/31 18:28:47 ET]
Table 'Riceia' 6-max Seat #2 is the button
Seat 3: IREQO ($100.46 in chips) is sitting out
Seat 2: Cythian182 ($89.50 in chips) 
Seat 4: Nazareno1999 ($100 in chips) 
Seat 5: SorinS28 ($100 in chips) 
Seat 6: nastja336 ($110.82 in chips) 
Nazareno1999: posts small blind $0.50
SorinS28: posts big blind $1
*** HOLE CARDS ***
nastja336: folds 
Cythian182: raises $2 to $3
Nazareno1999: folds 
SorinS28: calls $2
*** FLOP *** [8h 2s As]
SorinS28: checks 
Cythian182: checks 
*** TURN *** [8h 2s As] [Qc]
SorinS28: checks 
IREQO leaves the table
Cythian182: bets $4.50
SorinS28: folds 
Uncalled bet ($4.50) returned to Cythian182
Cythian182 collected $6.18 from pot
*** SUMMARY ***
Total pot $6.50 | Rake $0.32 
Board [8h 2s As Qc]
Seat 3: IREQO
Seat 2: Cythian182 (button) collected ($6.18)
Seat 4: Nazareno1999 (small blind) folded before Flop
Seat 5: SorinS28 (big blind) folded on the Turn
Seat 6: nastja336 folded before Flop (didn't bet)



PokerStars Hand #254644970415:  Hold'em No Limit ($0.50/$1.00 USD) - 2025/01/31 23:29:49 WET [2025/01/31 18:29:49 ET]
Table 'Riceia' 6-max Seat #4 is the button
Seat 6: nastja336 ($110.82 in chips) is sitting out
Seat 2: Cythian182 ($92.68 in chips) 
Seat 4: Nazareno1999 ($100 in chips) 
Seat 5: SorinS28 ($100 in chips) 
SorinS28: posts small blind $0.50
nastja336: is sitting out 
Cythian182: posts big blind $1
*** HOLE CARDS ***
nastja336 leaves the table
Nazareno1999: raises $1.20 to $2.20
SorinS28: folds 
Cythian182: folds 
Uncalled bet ($1.20) returned to Nazareno1999
Nazareno1999 collected $2.50 from pot
Nazareno1999: doesn't show hand 
*** SUMMARY ***
Total pot $2.50 | Rake $0 
Seat 6: nastja336
Seat 2: Cythian182 (big blind) folded before Flop
Seat 4: Nazareno1999 (button) collected ($2.50)
Seat 5: SorinS28 (small blind) folded before Flop



