PokerStars Hand #254641675697:  Hold'em No Limit ($0.50/$1.00 USD) - 2025/01/31 20:18:56 WET [2025/01/31 15:18:56 ET]
Table 'Themisto II' 6-max Seat #6 is the button
Seat 3: XneferX ($100 in chips) is sitting out
Seat 4: easy_sarcasm ($100 in chips) is sitting out
Seat 5: socito ($100 in chips) is sitting out
Seat 1: rapsout8 ($27.84 in chips) 
Seat 2: SorinS28 ($100 in chips) 
Seat 6: Treccc ($41.39 in chips) 
rapsout8: posts small blind $0.50
SorinS28: posts big blind $1
XneferX: sits out 
easy_sarcasm: sits out 
socito: sits out 
*** HOLE CARDS ***
Treccc: raises $1 to $2
rapsout8: folds 
SorinS28: calls $1
*** FLOP *** [3s 4s Td]
SorinS28: bets $2.14
Treccc: calls $2.14
*** TURN *** [3s 4s Td] [Jc]
SorinS28: checks 
Treccc: bets $4.17
SorinS28: calls $4.17
*** RIVER *** [3s 4s Td Jc] [Qh]
SorinS28: bets $55.28
Treccc: folds 
Uncalled bet ($55.28) returned to SorinS28
SorinS28 collected $16.26 from pot
SorinS28: doesn't show hand 
*** SUMMARY ***
Total pot $17.12 | Rake $0.86 
Board [3s 4s Td Jc Qh]
Seat 3: XneferX
Seat 4: easy_sarcasm
Seat 5: socito
Seat 1: rapsout8 (small blind) folded before Flop
Seat 2: SorinS28 (big blind) collected ($16.26)
Seat 6: Treccc (button) folded on the River



PokerStars Hand #254641693405:  Hold'em No Limit ($0.50/$1.00 USD) - 2025/01/31 20:19:55 WET [2025/01/31 15:19:55 ET]
Table 'Themisto II' 6-max Seat #1 is the button
Seat 4: easy_sarcasm ($100 in chips) is sitting out
Seat 5: socito ($100 in chips) is sitting out
Seat 1: rapsout8 ($27.34 in chips) 
Seat 2: SorinS28 ($107.95 in chips) 
Seat 3: XneferX ($100 in chips) 
Seat 6: Treccc ($33.08 in chips) 
SorinS28: posts small blind $0.50
XneferX: posts big blind $1
easy_sarcasm: sits out 
socito: sits out 
*** HOLE CARDS ***
Treccc: folds 
rapsout8: raises $2 to $3
SorinS28: raises $10.50 to $13.50
XneferX: folds 
rapsout8: folds 
Uncalled bet ($10.50) returned to SorinS28
SorinS28 collected $7 from pot
SorinS28: doesn't show hand 
*** SUMMARY ***
Total pot $7 | Rake $0 
Seat 4: easy_sarcasm
Seat 5: socito
Seat 1: rapsout8 (button) folded before Flop
Seat 2: SorinS28 (small blind) collected ($7)
Seat 3: XneferX (big blind) folded before Flop
Seat 6: Treccc folded before Flop (didn't bet)



PokerStars Hand #254641700306:  Hold'em No Limit ($0.50/$1.00 USD) - 2025/01/31 20:20:18 WET [2025/01/31 15:20:18 ET]
Table 'Themisto II' 6-max Seat #2 is the button
Seat 5: socito ($100 in chips) is sitting out
Seat 1: rapsout8 ($24.34 in chips) 
Seat 2: SorinS28 ($111.95 in chips) 
Seat 3: XneferX ($100 in chips) 
Seat 4: easy_sarcasm ($100 in chips) 
Seat 6: Treccc ($33.08 in chips) 
XneferX: posts small blind $0.50
easy_sarcasm: posts big blind $1
socito: sits out 
*** HOLE CARDS ***
Treccc: folds 
rapsout8: folds 
SorinS28: folds 
XneferX: raises $2 to $3
easy_sarcasm: folds 
Uncalled bet ($2) returned to XneferX
XneferX collected $2 from pot
XneferX: doesn't show hand 
*** SUMMARY ***
Total pot $2 | Rake $0 
Seat 5: socito
Seat 1: rapsout8 folded before Flop (didn't bet)
Seat 2: SorinS28 (button) folded before Flop (didn't bet)
Seat 3: XneferX (small blind) collected ($2)
Seat 4: easy_sarcasm (big blind) folded before Flop
Seat 6: Treccc folded before Flop (didn't bet)



PokerStars Hand #254641705087:  Hold'em No Limit ($0.50/$1.00 USD) - 2025/01/31 20:20:34 WET [2025/01/31 15:20:34 ET]
Table 'Themisto II' 6-max Seat #3 is the button
Seat 1: rapsout8 ($24.34 in chips) 
Seat 2: SorinS28 ($111.95 in chips) 
Seat 3: XneferX ($101 in chips) 
Seat 4: easy_sarcasm ($100 in chips) 
Seat 5: socito ($100 in chips) 
Seat 6: Treccc ($33.08 in chips) 
easy_sarcasm: posts small blind $0.50
socito: posts big blind $1
*** HOLE CARDS ***
Treccc: raises $1 to $2
rapsout8: folds 
SorinS28: folds 
XneferX: raises $4 to $6
easy_sarcasm: folds 
socito: folds 
Treccc: calls $4
*** FLOP *** [Kd 9h Js]
Treccc: checks 
XneferX: bets $4.36
Treccc: calls $4.36
*** TURN *** [Kd 9h Js] [5h]
Treccc: checks 
XneferX: bets $9.77
Treccc: folds 
Uncalled bet ($9.77) returned to XneferX
XneferX collected $21.11 from pot
XneferX: doesn't show hand 
*** SUMMARY ***
Total pot $22.22 | Rake $1.11 
Board [Kd 9h Js 5h]
Seat 1: rapsout8 folded before Flop (didn't bet)
Seat 2: SorinS28 folded before Flop (didn't bet)
Seat 3: XneferX (button) collected ($21.11)
Seat 4: easy_sarcasm (small blind) folded before Flop
Seat 5: socito (big blind) folded before Flop
Seat 6: Treccc folded on the Turn



PokerStars Hand #254641732734:  Hold'em No Limit ($0.50/$1.00 USD) - 2025/01/31 20:22:05 WET [2025/01/31 15:22:05 ET]
Table 'Themisto II' 6-max Seat #4 is the button
Seat 1: rapsout8 ($24.34 in chips) 
Seat 2: SorinS28 ($111.95 in chips) 
Seat 3: XneferX ($111.75 in chips) 
Seat 4: easy_sarcasm ($100 in chips) 
Seat 5: socito ($100 in chips) 
Seat 6: Treccc ($22.72 in chips) 
socito: posts small blind $0.50
Treccc: posts big blind $1
*** HOLE CARDS ***
rapsout8: folds 
SorinS28: raises $1.02 to $2.02
XneferX: folds 
easy_sarcasm: folds 
socito: folds 
Treccc: folds 
Uncalled bet ($1.02) returned to SorinS28
SorinS28 collected $2.50 from pot
SorinS28: doesn't show hand 
*** SUMMARY ***
Total pot $2.50 | Rake $0 
Seat 1: rapsout8 folded before Flop (didn't bet)
Seat 2: SorinS28 collected ($2.50)
Seat 3: XneferX folded before Flop (didn't bet)
Seat 4: easy_sarcasm (button) folded before Flop (didn't bet)
Seat 5: socito (small blind) folded before Flop
Seat 6: Treccc (big blind) folded before Flop



PokerStars Hand #254641741210:  Hold'em No Limit ($0.50/$1.00 USD) - 2025/01/31 20:22:33 WET [2025/01/31 15:22:33 ET]
Table 'Themisto II' 6-max Seat #5 is the button
Seat 1: rapsout8 ($24.34 in chips) 
Seat 2: SorinS28 ($113.45 in chips) 
Seat 3: XneferX ($111.75 in chips) 
Seat 4: easy_sarcasm ($100 in chips) 
Seat 5: socito ($100 in chips) 
Seat 6: Treccc ($21.72 in chips) 
Treccc: posts small blind $0.50
rapsout8: posts big blind $1
*** HOLE CARDS ***
SorinS28: folds 
XneferX: folds 
easy_sarcasm: raises $2 to $3
socito: raises $6 to $9
Treccc: raises $12.72 to $21.72 and is all-in
rapsout8: folds 
easy_sarcasm: folds 
socito: calls $12.72
*** FLOP *** [2d 8d 6h]
*** TURN *** [2d 8d 6h] [9d]
*** RIVER *** [2d 8d 6h 9d] [3d]
*** SHOW DOWN ***
Treccc: shows [4h Ah] (high card Ace)
socito: shows [Kd Ad] (a flush, Ace high)
socito collected $45.07 from pot
*** SUMMARY ***
Total pot $47.44 | Rake $2.37 
Board [2d 8d 6h 9d 3d]
Seat 1: rapsout8 (big blind) folded before Flop
Seat 2: SorinS28 folded before Flop (didn't bet)
Seat 3: XneferX folded before Flop (didn't bet)
Seat 4: easy_sarcasm folded before Flop
Seat 5: socito (button) showed [Kd Ad] and won ($45.07) with a flush, Ace high
Seat 6: Treccc (small blind) showed [4h Ah] and lost with high card Ace



PokerStars Hand #254641755663:  Hold'em No Limit ($0.50/$1.00 USD) - 2025/01/31 20:23:21 WET [2025/01/31 15:23:21 ET]
Table 'Themisto II' 6-max Seat #1 is the button
Seat 6: Treccc ($0 in chips) is sitting out
Seat 1: rapsout8 ($23.34 in chips) 
Seat 2: SorinS28 ($113.45 in chips) 
Seat 3: XneferX ($111.75 in chips) 
Seat 4: easy_sarcasm ($100 in chips) 
Seat 5: socito ($123.35 in chips) 
SorinS28: posts small blind $0.50
XneferX: posts big blind $1
*** HOLE CARDS ***
easy_sarcasm: folds 
socito: folds 
rapsout8: folds 
SorinS28: raises $2 to $3
Treccc leaves the table
MoRsCeReBruM joins the table at seat #6 
XneferX: calls $2
*** FLOP *** [9s 7d As]
SorinS28: bets $1.60
XneferX: calls $1.60
*** TURN *** [9s 7d As] [8d]
SorinS28: bets $6.55
XneferX: folds 
Uncalled bet ($6.55) returned to SorinS28
SorinS28 collected $8.74 from pot
SorinS28: doesn't show hand 
*** SUMMARY ***
Total pot $9.20 | Rake $0.46 
Board [9s 7d As 8d]
Seat 6: Treccc
Seat 1: rapsout8 (button) folded before Flop (didn't bet)
Seat 2: SorinS28 (small blind) collected ($8.74)
Seat 3: XneferX (big blind) folded on the Turn
Seat 4: easy_sarcasm folded before Flop (didn't bet)
Seat 5: socito folded before Flop (didn't bet)



PokerStars Hand #254641777819:  Hold'em No Limit ($0.50/$1.00 USD) - 2025/01/31 20:24:35 WET [2025/01/31 15:24:35 ET]
Table 'Themisto II' 6-max Seat #2 is the button
Seat 6: MoRsCeReBruM ($100 in chips) is sitting out
Seat 1: rapsout8 ($23.34 in chips) 
Seat 2: SorinS28 ($117.59 in chips) 
Seat 3: XneferX ($107.15 in chips) 
Seat 4: easy_sarcasm ($100 in chips) 
Seat 5: socito ($123.35 in chips) 
XneferX: posts small blind $0.50
easy_sarcasm: posts big blind $1
MoRsCeReBruM: sits out 
*** HOLE CARDS ***
MoRsCeReBruM leaves the table
socito: folds 
rapsout8: folds 
alkingst joins the table at seat #6 
alkingst is disconnected 
SorinS28: folds 
XneferX: folds 
Uncalled bet ($0.50) returned to easy_sarcasm
easy_sarcasm collected $1 from pot
*** SUMMARY ***
Total pot $1 | Rake $0 
Seat 6: MoRsCeReBruM
Seat 1: rapsout8 folded before Flop (didn't bet)
Seat 2: SorinS28 (button) folded before Flop (didn't bet)
Seat 3: XneferX (small blind) folded before Flop
Seat 4: easy_sarcasm (big blind) collected ($1)
Seat 5: socito folded before Flop (didn't bet)



PokerStars Hand #254641786525:  Hold'em No Limit ($0.50/$1.00 USD) - 2025/01/31 20:25:04 WET [2025/01/31 15:25:04 ET]
Table 'Themisto II' 6-max Seat #3 is the button
Seat 6: alkingst ($10 in chips) is sitting out
Seat 1: rapsout8 ($23.34 in chips) 
Seat 2: SorinS28 ($117.59 in chips) 
Seat 3: XneferX ($106.65 in chips) 
Seat 4: easy_sarcasm ($100.50 in chips) 
Seat 5: socito ($123.35 in chips) 
easy_sarcasm: posts small blind $0.50
socito: posts big blind $1
alkingst: sits out 
*** HOLE CARDS ***
rapsout8: calls $1
SorinS28: folds 
XneferX: folds 
easy_sarcasm: folds 
socito: checks 
*** FLOP *** [Jd 7c 2s]
socito: checks 
rapsout8: bets $1.19
socito: folds 
Uncalled bet ($1.19) returned to rapsout8
rapsout8 collected $2.38 from pot
*** SUMMARY ***
Total pot $2.50 | Rake $0.12 
Board [Jd 7c 2s]
Seat 6: alkingst
Seat 1: rapsout8 collected ($2.38)
Seat 2: SorinS28 folded before Flop (didn't bet)
Seat 3: XneferX (button) folded before Flop (didn't bet)
Seat 4: easy_sarcasm (small blind) folded before Flop
Seat 5: socito (big blind) folded on the Flop



PokerStars Hand #254641799573:  Hold'em No Limit ($0.50/$1.00 USD) - 2025/01/31 20:25:48 WET [2025/01/31 15:25:48 ET]
Table 'Themisto II' 6-max Seat #4 is the button
Seat 1: rapsout8 ($24.72 in chips) 
Seat 2: SorinS28 ($117.59 in chips) 
Seat 3: XneferX ($106.65 in chips) 
Seat 4: easy_sarcasm ($100 in chips) 
Seat 5: socito ($122.35 in chips) 
Seat 6: alkingst ($10 in chips) 
socito: posts small blind $0.50
alkingst: posts big blind $1
*** HOLE CARDS ***
rapsout8: folds 
SorinS28: raises $1.02 to $2.02
XneferX: raises $4.48 to $6.50
easy_sarcasm: folds 
socito: folds 
alkingst: folds 
SorinS28: calls $4.48
*** FLOP *** [8s Js As]
SorinS28: checks 
XneferX: checks 
*** TURN *** [8s Js As] [Tc]
SorinS28: bets $4.55
XneferX: calls $4.55
*** RIVER *** [8s Js As Tc] [4c]
SorinS28: bets $22.20
XneferX: calls $22.20
*** SHOW DOWN ***
SorinS28: shows [9c 9d] (a pair of Nines)
XneferX: shows [Ac Kc] (a pair of Aces)
XneferX collected $65.50 from pot
*** SUMMARY ***
Total pot $68 | Rake $2.50 
Board [8s Js As Tc 4c]
Seat 1: rapsout8 folded before Flop (didn't bet)
Seat 2: SorinS28 showed [9c 9d] and lost with a pair of Nines
Seat 3: XneferX showed [Ac Kc] and won ($65.50) with a pair of Aces
Seat 4: easy_sarcasm (button) folded before Flop (didn't bet)
Seat 5: socito (small blind) folded before Flop
Seat 6: alkingst (big blind) folded before Flop



PokerStars Hand #254641833551:  Hold'em No Limit ($0.50/$1.00 USD) - 2025/01/31 20:27:43 WET [2025/01/31 15:27:43 ET]
Table 'Themisto II' 6-max Seat #5 is the button
Seat 1: rapsout8 ($24.72 in chips) 
Seat 2: SorinS28 ($100 in chips) 
Seat 3: XneferX ($138.90 in chips) 
Seat 4: easy_sarcasm ($100 in chips) 
Seat 5: socito ($121.85 in chips) 
Seat 6: alkingst ($9 in chips) 
alkingst: posts small blind $0.50
rapsout8: posts big blind $1
*** HOLE CARDS ***
SorinS28: raises $1.02 to $2.02
XneferX: folds 
easy_sarcasm: folds 
socito: folds 
alkingst: folds 
rapsout8: calls $1.02
*** FLOP *** [Ts 2h Ks]
rapsout8: checks 
SorinS28: checks 
*** TURN *** [Ts 2h Ks] [Qs]
rapsout8: checks 
SorinS28: checks 
*** RIVER *** [Ts 2h Ks Qs] [Ah]
rapsout8: bets $4.31
SorinS28: raises $12.93 to $17.24
rapsout8: raises $5.46 to $22.70 and is all-in
SorinS28: folds 
Uncalled bet ($5.46) returned to rapsout8
rapsout8 collected $37.07 from pot
*** SUMMARY ***
Total pot $39.02 | Rake $1.95 
Board [Ts 2h Ks Qs Ah]
Seat 1: rapsout8 (big blind) collected ($37.07)
Seat 2: SorinS28 folded on the River
Seat 3: XneferX folded before Flop (didn't bet)
Seat 4: easy_sarcasm folded before Flop (didn't bet)
Seat 5: socito (button) folded before Flop (didn't bet)
Seat 6: alkingst (small blind) folded before Flop



PokerStars Hand #254641855377:  Hold'em No Limit ($0.50/$1.00 USD) - 2025/01/31 20:28:56 WET [2025/01/31 15:28:56 ET]
Table 'Themisto II' 6-max Seat #6 is the button
Seat 1: rapsout8 ($42.53 in chips) 
Seat 2: SorinS28 ($100 in chips) 
Seat 3: XneferX ($138.90 in chips) 
Seat 4: easy_sarcasm ($100 in chips) 
Seat 5: socito ($121.85 in chips) 
Seat 6: alkingst ($8.50 in chips) 
rapsout8: posts small blind $0.50
SorinS28: posts big blind $1
*** HOLE CARDS ***
XneferX: raises $1.10 to $2.10
easy_sarcasm: folds 
socito: folds 
alkingst: raises $6.40 to $8.50 and is all-in
rapsout8: folds 
SorinS28: folds 
XneferX: calls $6.40
rapsout8 leaves the table
*** FLOP *** [8h 7d Jh]
*** TURN *** [8h 7d Jh] [Qc]
*** RIVER *** [8h 7d Jh Qc] [8s]
*** SHOW DOWN ***
XneferX: shows [9c 9s] (two pair, Nines and Eights)
alkingst: shows [9h Qh] (two pair, Queens and Eights)
alkingst collected $17.58 from pot
*** SUMMARY ***
Total pot $18.50 | Rake $0.92 
Board [8h 7d Jh Qc 8s]
Seat 1: rapsout8 (small blind) folded before Flop
Seat 2: SorinS28 (big blind) folded before Flop
Seat 3: XneferX showed [9c 9s] and lost with two pair, Nines and Eights
Seat 4: easy_sarcasm folded before Flop (didn't bet)
Seat 5: socito folded before Flop (didn't bet)
Seat 6: alkingst (button) showed [9h Qh] and won ($17.58) with two pair, Queens and Eights



PokerStars Hand #254641873257:  Hold'em No Limit ($0.50/$1.00 USD) - 2025/01/31 20:29:56 WET [2025/01/31 15:29:56 ET]
Table 'Themisto II' 6-max Seat #2 is the button
Seat 4: easy_sarcasm ($100 in chips) is sitting out
Seat 2: SorinS28 ($100 in chips) 
Seat 3: XneferX ($130.40 in chips) 
Seat 5: socito ($121.85 in chips) 
Seat 6: alkingst ($17.58 in chips) 
XneferX: posts small blind $0.50
easy_sarcasm: is sitting out 
socito: posts big blind $1
*** HOLE CARDS ***
easy_sarcasm leaves the table
alkingst: folds 
SorinS28: folds 
XneferX: raises $2 to $3
socito: folds 
Uncalled bet ($2) returned to XneferX
XneferX collected $2 from pot
XneferX: doesn't show hand 
*** SUMMARY ***
Total pot $2 | Rake $0 
Seat 4: easy_sarcasm
Seat 2: SorinS28 (button) folded before Flop (didn't bet)
Seat 3: XneferX (small blind) collected ($2)
Seat 5: socito (big blind) folded before Flop
Seat 6: alkingst folded before Flop (didn't bet)



PokerStars Hand #254641877775:  Hold'em No Limit ($0.50/$1.00 USD) - 2025/01/31 20:30:12 WET [2025/01/31 15:30:12 ET]
Table 'Themisto II' 6-max Seat #3 is the button
Seat 2: SorinS28 ($100 in chips) 
Seat 3: XneferX ($131.40 in chips) 
Seat 5: socito ($120.85 in chips) 
Seat 6: alkingst ($17.58 in chips) 
socito: posts small blind $0.50
alkingst: posts big blind $1
*** HOLE CARDS ***
MoRsCeReBruM joins the table at seat #1 
SorinS28: raises $1.30 to $2.30
XneferX: folds 
socito: folds 
alkingst: calls $1.30
*** FLOP *** [8c 4s 7c]
alkingst: checks 
SorinS28: checks 
*** TURN *** [8c 4s 7c] [Qc]
alkingst: checks 
SorinS28: bets $2.42
alkingst: calls $2.42
*** RIVER *** [8c 4s 7c Qc] [6c]
alkingst: checks 
SorinS28: bets $7.08
alkingst: folds 
Uncalled bet ($7.08) returned to SorinS28
SorinS28 collected $9.44 from pot
SorinS28: doesn't show hand 
*** SUMMARY ***
Total pot $9.94 | Rake $0.50 
Board [8c 4s 7c Qc 6c]
Seat 2: SorinS28 collected ($9.44)
Seat 3: XneferX (button) folded before Flop (didn't bet)
Seat 5: socito (small blind) folded before Flop
Seat 6: alkingst (big blind) folded on the River



PokerStars Hand #254641886087:  Hold'em No Limit ($0.50/$1.00 USD) - 2025/01/31 20:30:39 WET [2025/01/31 15:30:39 ET]
Table 'Themisto II' 6-max Seat #5 is the button
Seat 1: MoRsCeReBruM ($100 in chips) 
Seat 2: SorinS28 ($104.72 in chips) 
Seat 3: XneferX ($131.40 in chips) 
Seat 5: socito ($120.35 in chips) 
Seat 6: alkingst ($12.86 in chips) 
alkingst: posts small blind $0.50
MoRsCeReBruM: posts big blind $1
*** HOLE CARDS ***
SorinS28: folds 
SorinS28 leaves the table
XneferX: folds 
socito: raises $1 to $2
alkingst: folds 
MoRsCeReBruM: folds 
Uncalled bet ($1) returned to socito
kellu567 joins the table at seat #2 
kellu567 is disconnected 
socito collected $2.50 from pot
socito: doesn't show hand 
*** SUMMARY ***
Total pot $2.50 | Rake $0 
Seat 1: MoRsCeReBruM (big blind) folded before Flop
Seat 2: SorinS28 folded before Flop (didn't bet)
Seat 3: XneferX folded before Flop (didn't bet)
Seat 5: socito (button) collected ($2.50)
Seat 6: alkingst (small blind) folded before Flop



PokerStars Hand #254641890792:  Hold'em No Limit ($0.50/$1.00 USD) - 2025/01/31 20:30:55 WET [2025/01/31 15:30:55 ET]
Table 'Themisto II' 6-max Seat #6 is the button
Seat 3: XneferX ($131.40 in chips) is sitting out
Seat 1: MoRsCeReBruM ($100 in chips) 
Seat 2: kellu567 ($10 in chips) 
Seat 5: socito ($121.85 in chips) 
Seat 6: alkingst ($12.36 in chips) 
MoRsCeReBruM: posts small blind $0.50
kellu567: posts big blind $1
*** HOLE CARDS ***
XneferX leaves the table
socito: folds 
paul197866 joins the table at seat #3 
paul197866 is disconnected 
alkingst: calls $1
MoRsCeReBruM: calls $0.50
kellu567: checks 
*** FLOP *** [7d 2s Js]
MoRsCeReBruM: checks 
kellu567: bets $1
alkingst: folds 
MoRsCeReBruM: folds 
Uncalled bet ($1) returned to kellu567
kellu567 collected $2.85 from pot
*** SUMMARY ***
Total pot $3 | Rake $0.15 
Board [7d 2s Js]
Seat 3: XneferX
Seat 1: MoRsCeReBruM (small blind) folded on the Flop
Seat 2: kellu567 (big blind) collected ($2.85)
Seat 5: socito folded before Flop (didn't bet)
Seat 6: alkingst (button) folded on the Flop



PokerStars Hand #254641907982:  Hold'em No Limit ($0.50/$1.00 USD) - 2025/01/31 20:31:53 WET [2025/01/31 15:31:53 ET]
Table 'Themisto II' 6-max Seat #1 is the button
Seat 1: MoRsCeReBruM ($100 in chips) 
Seat 2: kellu567 ($11.85 in chips) 
Seat 3: paul197866 ($16.44 in chips) 
Seat 5: socito ($121.85 in chips) 
Seat 6: alkingst ($11.36 in chips) 
kellu567: posts small blind $0.50
paul197866: posts big blind $1
*** HOLE CARDS ***
socito: raises $1.50 to $2.50
alkingst: folds 
MoRsCeReBruM has timed out
MoRsCeReBruM: folds 
kellu567: folds 
paul197866: calls $1.50
*** FLOP *** [Kh 3d Jc]
paul197866: checks 
socito: checks 
*** TURN *** [Kh 3d Jc] [7c]
paul197866: checks 
socito: bets $2.61
paul197866: calls $2.61
*** RIVER *** [Kh 3d Jc 7c] [4c]
paul197866: bets $11.33 and is all-in
socito: calls $11.33
*** SHOW DOWN ***
paul197866: shows [As Kd] (a pair of Kings)
socito: shows [Qd Jd] (a pair of Jacks)
paul197866 collected $31.71 from pot
*** SUMMARY ***
Total pot $33.38 | Rake $1.67 
Board [Kh 3d Jc 7c 4c]
Seat 1: MoRsCeReBruM (button) folded before Flop (didn't bet)
Seat 2: kellu567 (small blind) folded before Flop
Seat 3: paul197866 (big blind) showed [As Kd] and won ($31.71) with a pair of Kings
Seat 5: socito showed [Qd Jd] and lost with a pair of Jacks
Seat 6: alkingst folded before Flop (didn't bet)



PokerStars Hand #254641932091:  Hold'em No Limit ($0.50/$1.00 USD) - 2025/01/31 20:33:13 WET [2025/01/31 15:33:13 ET]
Table 'Themisto II' 6-max Seat #2 is the button
Seat 1: MoRsCeReBruM ($100 in chips) 
Seat 2: kellu567 ($11.35 in chips) 
Seat 3: paul197866 ($31.71 in chips) 
Seat 5: socito ($105.41 in chips) 
Seat 6: alkingst ($11.36 in chips) 
paul197866: posts small blind $0.50
socito: posts big blind $1
*** HOLE CARDS ***
imhungarian8 joins the table at seat #4 
alkingst: raises $10.36 to $11.36 and is all-in
MoRsCeReBruM: calls $11.36
kellu567: folds 
paul197866: folds 
socito: folds 
*** FLOP *** [5d 9d 4c]
*** TURN *** [5d 9d 4c] [Js]
*** RIVER *** [5d 9d 4c Js] [9h]
*** SHOW DOWN ***
alkingst: shows [5h 5s] (a full house, Fives full of Nines)
MoRsCeReBruM: shows [Ah Jc] (two pair, Jacks and Nines)
alkingst collected $23.01 from pot
*** SUMMARY ***
Total pot $24.22 | Rake $1.21 
Board [5d 9d 4c Js 9h]
Seat 1: MoRsCeReBruM showed [Ah Jc] and lost with two pair, Jacks and Nines
Seat 2: kellu567 (button) folded before Flop (didn't bet)
Seat 3: paul197866 (small blind) folded before Flop
Seat 5: socito (big blind) folded before Flop
Seat 6: alkingst showed [5h 5s] and won ($23.01) with a full house, Fives full of Nines



PokerStars Hand #254641944631:  Hold'em No Limit ($0.50/$1.00 USD) - 2025/01/31 20:33:55 WET [2025/01/31 15:33:55 ET]
Table 'Themisto II' 6-max Seat #3 is the button
Seat 4: imhungarian8 ($100 in chips) is sitting out
Seat 1: MoRsCeReBruM ($100 in chips) 
Seat 2: kellu567 ($11.35 in chips) 
Seat 3: paul197866 ($31.21 in chips) 
Seat 5: socito ($104.41 in chips) 
Seat 6: alkingst ($23.01 in chips) 
socito: posts small blind $0.50
alkingst: posts big blind $1
*** HOLE CARDS ***
MoRsCeReBruM: folds 
kellu567: folds 
paul197866: folds 
socito: folds 
Uncalled bet ($0.50) returned to alkingst
alkingst collected $1 from pot
*** SUMMARY ***
Total pot $1 | Rake $0 
Seat 4: imhungarian8
Seat 1: MoRsCeReBruM folded before Flop (didn't bet)
Seat 2: kellu567 folded before Flop (didn't bet)
Seat 3: paul197866 (button) folded before Flop (didn't bet)
Seat 5: socito (small blind) folded before Flop
Seat 6: alkingst (big blind) collected ($1)



PokerStars Hand #254641951124:  Hold'em No Limit ($0.50/$1.00 USD) - 2025/01/31 20:34:17 WET [2025/01/31 15:34:17 ET]
Table 'Themisto II' 6-max Seat #5 is the button
Seat 4: imhungarian8 ($100 in chips) is sitting out
Seat 1: MoRsCeReBruM ($100 in chips) 
Seat 2: kellu567 ($11.35 in chips) 
Seat 3: paul197866 ($31.21 in chips) 
Seat 5: socito ($103.91 in chips) 
Seat 6: alkingst ($23.51 in chips) 
alkingst: posts small blind $0.50
MoRsCeReBruM: posts big blind $1
imhungarian8: sits out 
*** HOLE CARDS ***
kellu567: folds 
paul197866: folds 
socito: raises $1 to $2
alkingst: folds 
MoRsCeReBruM: folds 
Uncalled bet ($1) returned to socito
socito collected $2.50 from pot
socito: doesn't show hand 
*** SUMMARY ***
Total pot $2.50 | Rake $0 
Seat 4: imhungarian8
Seat 1: MoRsCeReBruM (big blind) folded before Flop
Seat 2: kellu567 folded before Flop (didn't bet)
Seat 3: paul197866 folded before Flop (didn't bet)
Seat 5: socito (button) collected ($2.50)
Seat 6: alkingst (small blind) folded before Flop



PokerStars Hand #254641958101:  Hold'em No Limit ($0.50/$1.00 USD) - 2025/01/31 20:34:40 WET [2025/01/31 15:34:40 ET]
Table 'Themisto II' 6-max Seat #6 is the button
Seat 4: imhungarian8 ($100 in chips) is sitting out
Seat 1: MoRsCeReBruM ($100 in chips) 
Seat 2: kellu567 ($11.35 in chips) 
Seat 3: paul197866 ($31.21 in chips) 
Seat 5: socito ($105.41 in chips) 
Seat 6: alkingst ($23.01 in chips) 
MoRsCeReBruM: posts small blind $0.50
kellu567: posts big blind $1
imhungarian8: sits out 
*** HOLE CARDS ***
paul197866: folds 
socito: folds 
alkingst: folds 
MoRsCeReBruM: raises $99 to $100 and is all-in
kellu567: folds 
Uncalled bet ($99) returned to MoRsCeReBruM
MoRsCeReBruM collected $2 from pot
MoRsCeReBruM: doesn't show hand 
*** SUMMARY ***
Total pot $2 | Rake $0 
Seat 4: imhungarian8
Seat 1: MoRsCeReBruM (small blind) collected ($2)
Seat 2: kellu567 (big blind) folded before Flop
Seat 3: paul197866 folded before Flop (didn't bet)
Seat 5: socito folded before Flop (didn't bet)
Seat 6: alkingst (button) folded before Flop (didn't bet)



PokerStars Hand #254641964360:  Hold'em No Limit ($0.50/$1.00 USD) - 2025/01/31 20:35:01 WET [2025/01/31 15:35:01 ET]
Table 'Themisto II' 6-max Seat #1 is the button
Seat 3: paul197866 ($31.21 in chips) is sitting out
Seat 1: MoRsCeReBruM ($101 in chips) 
Seat 2: kellu567 ($10.35 in chips) 
Seat 4: imhungarian8 ($100 in chips) 
Seat 5: socito ($105.41 in chips) 
Seat 6: alkingst ($23.01 in chips) 
kellu567: posts small blind $0.50
paul197866 has timed out
paul197866: is sitting out 
imhungarian8: posts big blind $1
*** HOLE CARDS ***
socito: folds 
alkingst: folds 
MoRsCeReBruM: folds 
kellu567: raises $1 to $2
imhungarian8: calls $1
*** FLOP *** [9h 7s Th]
kellu567: bets $1
imhungarian8: calls $1
*** TURN *** [9h 7s Th] [8c]
kellu567: bets $2
imhungarian8: calls $2
*** RIVER *** [9h 7s Th 8c] [9d]
kellu567: checks 
imhungarian8: bets $7.13
kellu567: folds 
Uncalled bet ($7.13) returned to imhungarian8
imhungarian8 collected $9.50 from pot
imhungarian8: doesn't show hand 
*** SUMMARY ***
Total pot $10 | Rake $0.50 
Board [9h 7s Th 8c 9d]
Seat 3: paul197866
Seat 1: MoRsCeReBruM (button) folded before Flop (didn't bet)
Seat 2: kellu567 (small blind) folded on the River
Seat 4: imhungarian8 (big blind) collected ($9.50)
Seat 5: socito folded before Flop (didn't bet)
Seat 6: alkingst folded before Flop (didn't bet)



PokerStars Hand #254641982767:  Hold'em No Limit ($0.50/$1.00 USD) - 2025/01/31 20:36:02 WET [2025/01/31 15:36:02 ET]
Table 'Themisto II' 6-max Seat #2 is the button
Seat 3: paul197866 ($31.21 in chips) is sitting out
Seat 1: MoRsCeReBruM ($101 in chips) 
Seat 2: kellu567 ($5.35 in chips) 
Seat 4: imhungarian8 ($104.50 in chips) 
Seat 5: socito ($105.41 in chips) 
Seat 6: alkingst ($23.01 in chips) 
imhungarian8: posts small blind $0.50
socito: posts big blind $1
*** HOLE CARDS ***
alkingst: calls $1
MoRsCeReBruM: raises $2 to $3
kellu567: calls $3
imhungarian8: folds 
socito: folds 
alkingst: calls $2
*** FLOP *** [8d 8s Js]
alkingst: checks 
MoRsCeReBruM: checks 
kellu567: bets $1
alkingst: raises $1 to $2
MoRsCeReBruM: folds 
kellu567: raises $0.35 to $2.35 and is all-in
alkingst: calls $0.35
paul197866 is disconnected 
*** TURN *** [8d 8s Js] [5d]
*** RIVER *** [8d 8s Js 5d] [7c]
*** SHOW DOWN ***
alkingst: shows [9h 9s] (two pair, Nines and Eights)
kellu567: shows [As Ac] (two pair, Aces and Eights)
kellu567 collected $14.44 from pot
*** SUMMARY ***
Total pot $15.20 | Rake $0.76 
Board [8d 8s Js 5d 7c]
Seat 3: paul197866
Seat 1: MoRsCeReBruM folded on the Flop
Seat 2: kellu567 (button) showed [As Ac] and won ($14.44) with two pair, Aces and Eights
Seat 4: imhungarian8 (small blind) folded before Flop
Seat 5: socito (big blind) folded before Flop
Seat 6: alkingst showed [9h 9s] and lost with two pair, Nines and Eights



PokerStars Hand #254641999704:  Hold'em No Limit ($0.50/$1.00 USD) - 2025/01/31 20:36:58 WET [2025/01/31 15:36:58 ET]
Table 'Themisto II' 6-max Seat #4 is the button
Seat 3: paul197866 ($31.21 in chips) is sitting out
Seat 1: MoRsCeReBruM ($100 in chips) 
Seat 2: kellu567 ($14.44 in chips) 
Seat 4: imhungarian8 ($104 in chips) 
Seat 5: socito ($104.41 in chips) 
Seat 6: alkingst ($17.66 in chips) 
socito: posts small blind $0.50
alkingst: posts big blind $1
paul197866 has timed out while disconnected
paul197866: is sitting out 
*** HOLE CARDS ***
MoRsCeReBruM: folds 
kellu567: raises $1 to $2
imhungarian8: folds 
socito: folds 
alkingst: raises $15.66 to $17.66 and is all-in
kellu567: calls $12.44 and is all-in
Uncalled bet ($3.22) returned to alkingst
*** FLOP *** [3d Jd Jc]
*** TURN *** [3d Jd Jc] [4s]
*** RIVER *** [3d Jd Jc 4s] [6c]
*** SHOW DOWN ***
alkingst: shows [4d Ac] (two pair, Jacks and Fours)
kellu567: shows [Ah Qs] (a pair of Jacks)
alkingst collected $27.91 from pot
*** SUMMARY ***
Total pot $29.38 | Rake $1.47 
Board [3d Jd Jc 4s 6c]
Seat 3: paul197866
Seat 1: MoRsCeReBruM folded before Flop (didn't bet)
Seat 2: kellu567 showed [Ah Qs] and lost with a pair of Jacks
Seat 4: imhungarian8 (button) folded before Flop (didn't bet)
Seat 5: socito (small blind) folded before Flop
Seat 6: alkingst (big blind) showed [4d Ac] and won ($27.91) with two pair, Jacks and Fours



PokerStars Hand #254642162487:  Hold'em No Limit ($0.50/$1.00 USD) - 2025/01/31 20:45:59 WET [2025/01/31 15:45:59 ET]
Table 'Themisto II' 6-max Seat #3 is the button
Seat 1: michasia ($100 in chips) is sitting out
Seat 2: kellu567 ($26.58 in chips) 
Seat 3: paul197866 ($36.60 in chips) 
Seat 4: imhungarian8 ($106.22 in chips) 
Seat 5: socito ($136.27 in chips) 
Seat 6: ImaPeppaPig ($100 in chips) 
imhungarian8: posts small blind $0.50
socito: posts big blind $1
michasia: sits out 
*** HOLE CARDS ***
ImaPeppaPig: folds 
kellu567: calls $1
paul197866: folds 
imhungarian8: raises $4 to $5
socito: folds 
kellu567: folds 
Uncalled bet ($4) returned to imhungarian8
imhungarian8 collected $3 from pot
imhungarian8: doesn't show hand 
*** SUMMARY ***
Total pot $3 | Rake $0 
Seat 1: michasia
Seat 2: kellu567 folded before Flop
Seat 3: paul197866 (button) folded before Flop (didn't bet)
Seat 4: imhungarian8 (small blind) collected ($3)
Seat 5: socito (big blind) folded before Flop
Seat 6: ImaPeppaPig folded before Flop (didn't bet)



PokerStars Hand #254642172296:  Hold'em No Limit ($0.50/$1.00 USD) - 2025/01/31 20:46:32 WET [2025/01/31 15:46:32 ET]
Table 'Themisto II' 6-max Seat #4 is the button
Seat 1: michasia ($100 in chips) is sitting out
Seat 2: kellu567 ($25.58 in chips) 
Seat 3: paul197866 ($36.60 in chips) 
Seat 4: imhungarian8 ($108.22 in chips) 
Seat 5: socito ($135.27 in chips) 
Seat 6: ImaPeppaPig ($100 in chips) 
socito: posts small blind $0.50
ImaPeppaPig: posts big blind $1
michasia: sits out 
*** HOLE CARDS ***
kellu567: raises $1 to $2
paul197866: folds 
imhungarian8: folds 
socito: folds 
ImaPeppaPig: calls $1
*** FLOP *** [Qs 4c 9h]
ImaPeppaPig: checks 
kellu567: bets $1
ImaPeppaPig: folds 
Uncalled bet ($1) returned to kellu567
kellu567 collected $4.28 from pot
*** SUMMARY ***
Total pot $4.50 | Rake $0.22 
Board [Qs 4c 9h]
Seat 1: michasia
Seat 2: kellu567 collected ($4.28)
Seat 3: paul197866 folded before Flop (didn't bet)
Seat 4: imhungarian8 (button) folded before Flop (didn't bet)
Seat 5: socito (small blind) folded before Flop
Seat 6: ImaPeppaPig (big blind) folded on the Flop



PokerStars Hand #254642184517:  Hold'em No Limit ($0.50/$1.00 USD) - 2025/01/31 20:47:13 WET [2025/01/31 15:47:13 ET]
Table 'Themisto II' 6-max Seat #5 is the button
Seat 1: michasia ($100 in chips) 
Seat 2: kellu567 ($27.86 in chips) 
Seat 3: paul197866 ($36.60 in chips) 
Seat 4: imhungarian8 ($108.22 in chips) 
Seat 5: socito ($134.77 in chips) 
Seat 6: ImaPeppaPig ($100 in chips) 
ImaPeppaPig: posts small blind $0.50
michasia: posts big blind $1
*** HOLE CARDS ***
kellu567: folds 
paul197866: calls $1
imhungarian8: folds 
socito: folds 
ImaPeppaPig: folds 
michasia: checks 
*** FLOP *** [Qd 4h Ts]
michasia: checks 
paul197866: checks 
*** TURN *** [Qd 4h Ts] [5d]
michasia: checks 
paul197866: bets $2.38
michasia: folds 
Uncalled bet ($2.38) returned to paul197866
paul197866 collected $2.38 from pot
*** SUMMARY ***
Total pot $2.50 | Rake $0.12 
Board [Qd 4h Ts 5d]
Seat 1: michasia (big blind) folded on the Turn
Seat 2: kellu567 folded before Flop (didn't bet)
Seat 3: paul197866 collected ($2.38)
Seat 4: imhungarian8 folded before Flop (didn't bet)
Seat 5: socito (button) folded before Flop (didn't bet)
Seat 6: ImaPeppaPig (small blind) folded before Flop



PokerStars Hand #254642198059:  Hold'em No Limit ($0.50/$1.00 USD) - 2025/01/31 20:47:58 WET [2025/01/31 15:47:58 ET]
Table 'Themisto II' 6-max Seat #6 is the button
Seat 1: michasia ($100 in chips) 
Seat 2: kellu567 ($27.86 in chips) 
Seat 3: paul197866 ($37.98 in chips) 
Seat 4: imhungarian8 ($108.22 in chips) 
Seat 5: socito ($134.77 in chips) 
Seat 6: ImaPeppaPig ($100 in chips) 
michasia: posts small blind $0.50
kellu567: posts big blind $1
*** HOLE CARDS ***
paul197866: folds 
imhungarian8: folds 
socito: folds 
ImaPeppaPig: folds 
michasia: folds 
Uncalled bet ($0.50) returned to kellu567
kellu567 collected $1 from pot
*** SUMMARY ***
Total pot $1 | Rake $0 
Seat 1: michasia (small blind) folded before Flop
Seat 2: kellu567 (big blind) collected ($1)
Seat 3: paul197866 folded before Flop (didn't bet)
Seat 4: imhungarian8 folded before Flop (didn't bet)
Seat 5: socito folded before Flop (didn't bet)
Seat 6: ImaPeppaPig (button) folded before Flop (didn't bet)



PokerStars Hand #254642202562:  Hold'em No Limit ($0.50/$1.00 USD) - 2025/01/31 20:48:13 WET [2025/01/31 15:48:13 ET]
Table 'Themisto II' 6-max Seat #1 is the button
Seat 1: michasia ($100 in chips) 
Seat 2: kellu567 ($28.36 in chips) 
Seat 3: paul197866 ($37.98 in chips) 
Seat 4: imhungarian8 ($108.22 in chips) 
Seat 5: socito ($134.77 in chips) 
Seat 6: ImaPeppaPig ($100 in chips) 
kellu567: posts small blind $0.50
paul197866: posts big blind $1
*** HOLE CARDS ***
imhungarian8: raises $1 to $2
socito: folds 
ImaPeppaPig: folds 
michasia: folds 
kellu567: folds 
paul197866: calls $1
*** FLOP *** [2s 8s Tc]
paul197866: bets $4.28
imhungarian8: calls $4.28
*** TURN *** [2s 8s Tc] [5s]
paul197866: checks 
imhungarian8: bets $6.21
paul197866: calls $6.21
*** RIVER *** [2s 8s Tc 5s] [8h]
paul197866: checks 
imhungarian8: bets $26
paul197866: folds 
Uncalled bet ($26) returned to imhungarian8
imhungarian8 collected $24.21 from pot
imhungarian8: doesn't show hand 
*** SUMMARY ***
Total pot $25.48 | Rake $1.27 
Board [2s 8s Tc 5s 8h]
Seat 1: michasia (button) folded before Flop (didn't bet)
Seat 2: kellu567 (small blind) folded before Flop
Seat 3: paul197866 (big blind) folded on the River
Seat 4: imhungarian8 collected ($24.21)
Seat 5: socito folded before Flop (didn't bet)
Seat 6: ImaPeppaPig folded before Flop (didn't bet)



PokerStars Hand #254642235365:  Hold'em No Limit ($0.50/$1.00 USD) - 2025/01/31 20:50:02 WET [2025/01/31 15:50:02 ET]
Table 'Themisto II' 6-max Seat #2 is the button
Seat 1: michasia ($100 in chips) 
Seat 2: kellu567 ($27.86 in chips) 
Seat 3: paul197866 ($25.49 in chips) 
Seat 4: imhungarian8 ($119.94 in chips) 
Seat 5: socito ($134.77 in chips) 
Seat 6: ImaPeppaPig ($100 in chips) 
paul197866: posts small blind $0.50
imhungarian8: posts big blind $1
*** HOLE CARDS ***
socito: folds 
ImaPeppaPig: folds 
michasia: folds 
kellu567: raises $1 to $2
paul197866 has timed out
paul197866: folds 
imhungarian8: folds 
Uncalled bet ($1) returned to kellu567
kellu567 collected $2.50 from pot
*** SUMMARY ***
Total pot $2.50 | Rake $0 
Seat 1: michasia folded before Flop (didn't bet)
Seat 2: kellu567 (button) collected ($2.50)
Seat 3: paul197866 (small blind) folded before Flop
Seat 4: imhungarian8 (big blind) folded before Flop
Seat 5: socito folded before Flop (didn't bet)
Seat 6: ImaPeppaPig folded before Flop (didn't bet)



PokerStars Hand #254642247394:  Hold'em No Limit ($0.50/$1.00 USD) - 2025/01/31 20:50:43 WET [2025/01/31 15:50:43 ET]
Table 'Themisto II' 6-max Seat #4 is the button
Seat 3: paul197866 ($24.99 in chips) is sitting out
Seat 1: michasia ($100 in chips) 
Seat 2: kellu567 ($29.36 in chips) 
Seat 4: imhungarian8 ($118.94 in chips) 
Seat 5: socito ($134.77 in chips) 
Seat 6: ImaPeppaPig ($100 in chips) 
socito: posts small blind $0.50
ImaPeppaPig: posts big blind $1
*** HOLE CARDS ***
paul197866 is disconnected 
michasia: folds 
kellu567: folds 
imhungarian8: raises $1.50 to $2.50
socito: raises $9 to $11.50
ImaPeppaPig: folds 
imhungarian8: folds 
Uncalled bet ($9) returned to socito
socito collected $6 from pot
socito: doesn't show hand 
*** SUMMARY ***
Total pot $6 | Rake $0 
Seat 3: paul197866
Seat 1: michasia folded before Flop (didn't bet)
Seat 2: kellu567 folded before Flop (didn't bet)
Seat 4: imhungarian8 (button) folded before Flop
Seat 5: socito (small blind) collected ($6)
Seat 6: ImaPeppaPig (big blind) folded before Flop



PokerStars Hand #254642255207:  Hold'em No Limit ($0.50/$1.00 USD) - 2025/01/31 20:51:09 WET [2025/01/31 15:51:09 ET]
Table 'Themisto II' 6-max Seat #5 is the button
Seat 1: michasia ($100 in chips) 
Seat 2: kellu567 ($29.36 in chips) 
Seat 3: paul197866 ($24.99 in chips) 
Seat 4: imhungarian8 ($116.44 in chips) 
Seat 5: socito ($138.27 in chips) 
Seat 6: ImaPeppaPig ($100 in chips) 
ImaPeppaPig: posts small blind $0.50
michasia: posts big blind $1
*** HOLE CARDS ***
kellu567: calls $1
paul197866: calls $1
imhungarian8: folds 
socito: folds 
ImaPeppaPig: calls $0.50
michasia: checks 
*** FLOP *** [7h 6h Ad]
ImaPeppaPig: checks 
michasia: checks 
kellu567: bets $1
paul197866: calls $1
ImaPeppaPig: calls $1
michasia: calls $1
*** TURN *** [7h 6h Ad] [4d]
ImaPeppaPig: checks 
michasia: checks 
kellu567: checks 
paul197866: checks 
*** RIVER *** [7h 6h Ad 4d] [Qc]
ImaPeppaPig: checks 
michasia: checks 
kellu567: bets $1
paul197866: calls $1
ImaPeppaPig: folds 
michasia: calls $1
*** SHOW DOWN ***
kellu567: shows [Qd Ts] (a pair of Queens)
paul197866: mucks hand 
michasia: shows [9d As] (a pair of Aces)
michasia collected $10.45 from pot
*** SUMMARY ***
Total pot $11 | Rake $0.55 
Board [7h 6h Ad 4d Qc]
Seat 1: michasia (big blind) showed [9d As] and won ($10.45) with a pair of Aces
Seat 2: kellu567 showed [Qd Ts] and lost with a pair of Queens
Seat 3: paul197866 mucked
Seat 4: imhungarian8 folded before Flop (didn't bet)
Seat 5: socito (button) folded before Flop (didn't bet)
Seat 6: ImaPeppaPig (small blind) folded on the River



PokerStars Hand #254642270226:  Hold'em No Limit ($0.50/$1.00 USD) - 2025/01/31 20:52:00 WET [2025/01/31 15:52:00 ET]
Table 'Themisto II' 6-max Seat #6 is the button
Seat 1: michasia ($107.45 in chips) 
Seat 2: kellu567 ($26.36 in chips) 
Seat 3: paul197866 ($21.99 in chips) 
Seat 4: imhungarian8 ($116.44 in chips) 
Seat 5: socito ($138.27 in chips) 
Seat 6: ImaPeppaPig ($100 in chips) 
michasia: posts small blind $0.50
kellu567: posts big blind $1
*** HOLE CARDS ***
paul197866: folds 
imhungarian8: folds 
socito: folds 
ImaPeppaPig: raises $1.50 to $2.50
michasia: folds 
kellu567: folds 
Uncalled bet ($1.50) returned to ImaPeppaPig
ImaPeppaPig collected $2.50 from pot
ImaPeppaPig: doesn't show hand 
*** SUMMARY ***
Total pot $2.50 | Rake $0 
Seat 1: michasia (small blind) folded before Flop
Seat 2: kellu567 (big blind) folded before Flop
Seat 3: paul197866 folded before Flop (didn't bet)
Seat 4: imhungarian8 folded before Flop (didn't bet)
Seat 5: socito folded before Flop (didn't bet)
Seat 6: ImaPeppaPig (button) collected ($2.50)



PokerStars Hand #254642276086:  Hold'em No Limit ($0.50/$1.00 USD) - 2025/01/31 20:52:20 WET [2025/01/31 15:52:20 ET]
Table 'Themisto II' 6-max Seat #1 is the button
Seat 1: michasia ($106.95 in chips) 
Seat 2: kellu567 ($25.36 in chips) 
Seat 3: paul197866 ($21.99 in chips) 
Seat 4: imhungarian8 ($116.44 in chips) 
Seat 5: socito ($138.27 in chips) 
Seat 6: ImaPeppaPig ($101.50 in chips) 
kellu567: posts small blind $0.50
paul197866: posts big blind $1
*** HOLE CARDS ***
imhungarian8: folds 
socito: folds 
ImaPeppaPig: folds 
michasia: folds 
kellu567: calls $0.50
paul197866: raises $2 to $3
kellu567: calls $2
*** FLOP *** [Jc Qh Kd]
kellu567: checks 
paul197866: bets $5.70
kellu567: calls $5.70
*** TURN *** [Jc Qh Kd] [3s]
kellu567: checks 
paul197866: bets $13.29 and is all-in
kellu567: folds 
Uncalled bet ($13.29) returned to paul197866
paul197866 collected $16.53 from pot
*** SUMMARY ***
Total pot $17.40 | Rake $0.87 
Board [Jc Qh Kd 3s]
Seat 1: michasia (button) folded before Flop (didn't bet)
Seat 2: kellu567 (small blind) folded on the Turn
Seat 3: paul197866 (big blind) collected ($16.53)
Seat 4: imhungarian8 folded before Flop (didn't bet)
Seat 5: socito folded before Flop (didn't bet)
Seat 6: ImaPeppaPig folded before Flop (didn't bet)



PokerStars Hand #254642289510:  Hold'em No Limit ($0.50/$1.00 USD) - 2025/01/31 20:53:04 WET [2025/01/31 15:53:04 ET]
Table 'Themisto II' 6-max Seat #2 is the button
Seat 1: michasia ($106.95 in chips) 
Seat 2: kellu567 ($16.66 in chips) 
Seat 3: paul197866 ($29.82 in chips) 
Seat 4: imhungarian8 ($116.44 in chips) 
Seat 5: socito ($138.27 in chips) 
Seat 6: ImaPeppaPig ($101.50 in chips) 
paul197866: posts small blind $0.50
imhungarian8: posts big blind $1
*** HOLE CARDS ***
socito: folds 
ImaPeppaPig: folds 
michasia: raises $1.80 to $2.80
kellu567: folds 
paul197866: folds 
imhungarian8: calls $1.80
*** FLOP *** [4c 9c Qd]
imhungarian8: checks 
michasia: checks 
*** TURN *** [4c 9c Qd] [8c]
imhungarian8: checks 
michasia: checks 
*** RIVER *** [4c 9c Qd 8c] [6d]
socito leaves the table
imhungarian8: checks 
michasia: checks 
*** SHOW DOWN ***
imhungarian8: shows [Th Ah] (high card Ace)
michasia: shows [2d 2c] (a pair of Deuces)
michasia collected $5.80 from pot
*** SUMMARY ***
Total pot $6.10 | Rake $0.30 
Board [4c 9c Qd 8c 6d]
Seat 1: michasia showed [2d 2c] and won ($5.80) with a pair of Deuces
Seat 2: kellu567 (button) folded before Flop (didn't bet)
Seat 3: paul197866 (small blind) folded before Flop
Seat 4: imhungarian8 (big blind) showed [Th Ah] and lost with high card Ace
Seat 5: socito folded before Flop (didn't bet)
Seat 6: ImaPeppaPig folded before Flop (didn't bet)



PokerStars Hand #254642303550:  Hold'em No Limit ($0.50/$1.00 USD) - 2025/01/31 20:53:52 WET [2025/01/31 15:53:52 ET]
Table 'Themisto II' 6-max Seat #3 is the button
Seat 1: michasia ($109.95 in chips) 
Seat 2: kellu567 ($16.66 in chips) 
Seat 3: paul197866 ($29.32 in chips) 
Seat 4: imhungarian8 ($113.64 in chips) 
Seat 6: ImaPeppaPig ($101.50 in chips) 
imhungarian8: posts small blind $0.50
ImaPeppaPig: posts big blind $1
*** HOLE CARDS ***
michasia: folds 
kellu567: raises $1 to $2
paul197866: folds 
Nazareno1999 joins the table at seat #5 
imhungarian8: folds 
ImaPeppaPig: calls $1
*** FLOP *** [Ts 9s 3d]
ImaPeppaPig: checks 
kellu567: bets $2
ImaPeppaPig: raises $16 to $18
kellu567: calls $12.66 and is all-in
Uncalled bet ($3.34) returned to ImaPeppaPig
*** TURN *** [Ts 9s 3d] [6h]
*** RIVER *** [Ts 9s 3d 6h] [Th]
*** SHOW DOWN ***
ImaPeppaPig: shows [Jc Tc] (three of a kind, Tens)
kellu567: shows [Qs Ks] (a pair of Tens)
ImaPeppaPig collected $32.13 from pot
*** SUMMARY ***
Total pot $33.82 | Rake $1.69 
Board [Ts 9s 3d 6h Th]
Seat 1: michasia folded before Flop (didn't bet)
Seat 2: kellu567 showed [Qs Ks] and lost with a pair of Tens
Seat 3: paul197866 (button) folded before Flop (didn't bet)
Seat 4: imhungarian8 (small blind) folded before Flop
Seat 6: ImaPeppaPig (big blind) showed [Jc Tc] and won ($32.13) with three of a kind, Tens



PokerStars Hand #254642317273:  Hold'em No Limit ($0.50/$1.00 USD) - 2025/01/31 20:54:38 WET [2025/01/31 15:54:38 ET]
Table 'Themisto II' 6-max Seat #4 is the button
Seat 2: kellu567 ($0 in chips) is sitting out
Seat 5: Nazareno1999 ($100 in chips) is sitting out
Seat 1: michasia ($109.95 in chips) 
Seat 3: paul197866 ($29.32 in chips) 
Seat 4: imhungarian8 ($113.14 in chips) 
Seat 6: ImaPeppaPig ($116.97 in chips) 
ImaPeppaPig: posts small blind $0.50
michasia: posts big blind $1
*** HOLE CARDS ***
paul197866: folds 
imhungarian8: raises $1.50 to $2.50
ImaPeppaPig: folds 
michasia: folds 
Uncalled bet ($1.50) returned to imhungarian8
imhungarian8 collected $2.50 from pot
imhungarian8: doesn't show hand 
*** SUMMARY ***
Total pot $2.50 | Rake $0 
Seat 2: kellu567
Seat 5: Nazareno1999
Seat 1: michasia (big blind) folded before Flop
Seat 3: paul197866 folded before Flop (didn't bet)
Seat 4: imhungarian8 (button) collected ($2.50)
Seat 6: ImaPeppaPig (small blind) folded before Flop



PokerStars Hand #254642321490:  Hold'em No Limit ($0.50/$1.00 USD) - 2025/01/31 20:54:52 WET [2025/01/31 15:54:52 ET]
Table 'Themisto II' 6-max Seat #6 is the button
Seat 5: Nazareno1999 ($100 in chips) is sitting out
Seat 1: michasia ($108.95 in chips) 
Seat 2: kellu567 ($10 in chips) 
Seat 3: paul197866 ($29.32 in chips) 
Seat 4: imhungarian8 ($114.64 in chips) 
Seat 6: ImaPeppaPig ($116.47 in chips) 
michasia: posts small blind $0.50
kellu567: posts big blind $1
Nazareno1999: sits out 
*** HOLE CARDS ***
paul197866: folds 
imhungarian8: folds 
ImaPeppaPig: raises $1.50 to $2.50
michasia: raises $9.50 to $12
kellu567: folds 
ImaPeppaPig: folds 
Uncalled bet ($9.50) returned to michasia
michasia collected $6 from pot
michasia: doesn't show hand 
*** SUMMARY ***
Total pot $6 | Rake $0 
Seat 5: Nazareno1999
Seat 1: michasia (small blind) collected ($6)
Seat 2: kellu567 (big blind) folded before Flop
Seat 3: paul197866 folded before Flop (didn't bet)
Seat 4: imhungarian8 folded before Flop (didn't bet)
Seat 6: ImaPeppaPig (button) folded before Flop



PokerStars Hand #254642329971:  Hold'em No Limit ($0.50/$1.00 USD) - 2025/01/31 20:55:23 WET [2025/01/31 15:55:23 ET]
Table 'Themisto II' 6-max Seat #1 is the button
Seat 5: Nazareno1999 ($100 in chips) is sitting out
Seat 1: michasia ($112.45 in chips) 
Seat 2: kellu567 ($9 in chips) 
Seat 3: paul197866 ($29.32 in chips) 
Seat 4: imhungarian8 ($114.64 in chips) 
Seat 6: ImaPeppaPig ($113.97 in chips) 
kellu567: posts small blind $0.50
paul197866: posts big blind $1
Nazareno1999: sits out 
*** HOLE CARDS ***
imhungarian8: folds 
ImaPeppaPig: folds 
michasia: raises $1.80 to $2.80
kellu567: calls $2.30
paul197866: calls $1.80
*** FLOP *** [As 7c 4c]
kellu567: bets $6.20 and is all-in
paul197866: folds 
michasia: folds 
Uncalled bet ($6.20) returned to kellu567
kellu567 collected $7.98 from pot
*** SUMMARY ***
Total pot $8.40 | Rake $0.42 
Board [As 7c 4c]
Seat 5: Nazareno1999
Seat 1: michasia (button) folded on the Flop
Seat 2: kellu567 (small blind) collected ($7.98)
Seat 3: paul197866 (big blind) folded on the Flop
Seat 4: imhungarian8 folded before Flop (didn't bet)
Seat 6: ImaPeppaPig folded before Flop (didn't bet)



PokerStars Hand #254642341894:  Hold'em No Limit ($0.50/$1.00 USD) - 2025/01/31 20:56:21 WET [2025/01/31 15:56:21 ET]
Table 'Themisto II' 6-max Seat #2 is the button
Seat 5: Nazareno1999 ($100 in chips) is sitting out
Seat 1: michasia ($109.65 in chips) 
Seat 2: kellu567 ($14.18 in chips) 
Seat 3: paul197866 ($26.52 in chips) 
Seat 4: imhungarian8 ($114.64 in chips) 
Seat 6: ImaPeppaPig ($113.97 in chips) 
paul197866: posts small blind $0.50
imhungarian8: posts big blind $1
Nazareno1999: sits out 
*** HOLE CARDS ***
ImaPeppaPig: folds 
michasia: folds 
kellu567: calls $1
paul197866: calls $0.50
imhungarian8: checks 
*** FLOP *** [Ks 7d 4s]
paul197866: checks 
imhungarian8: bets $2.85
kellu567: calls $2.85
paul197866: folds 
*** TURN *** [Ks 7d 4s] [9d]
imhungarian8: checks 
kellu567: bets $5
imhungarian8: calls $5
*** RIVER *** [Ks 7d 4s 9d] [Td]
imhungarian8: checks 
kellu567: checks 
*** SHOW DOWN ***
imhungarian8: shows [8d Kh] (a pair of Kings)
kellu567: mucks hand 
imhungarian8 collected $17.76 from pot
*** SUMMARY ***
Total pot $18.70 | Rake $0.94 
Board [Ks 7d 4s 9d Td]
Seat 5: Nazareno1999
Seat 1: michasia folded before Flop (didn't bet)
Seat 2: kellu567 (button) mucked
Seat 3: paul197866 (small blind) folded on the Flop
Seat 4: imhungarian8 (big blind) showed [8d Kh] and won ($17.76) with a pair of Kings
Seat 6: ImaPeppaPig folded before Flop (didn't bet)



PokerStars Hand #254642359016:  Hold'em No Limit ($0.50/$1.00 USD) - 2025/01/31 20:57:44 WET [2025/01/31 15:57:44 ET]
Table 'Themisto II' 6-max Seat #3 is the button
Seat 1: michasia ($109.65 in chips) 
Seat 2: kellu567 ($5.33 in chips) 
Seat 3: paul197866 ($25.52 in chips) 
Seat 4: imhungarian8 ($123.55 in chips) 
Seat 5: Nazareno1999 ($100 in chips) 
Seat 6: ImaPeppaPig ($113.97 in chips) 
imhungarian8: posts small blind $0.50
Nazareno1999: posts big blind $1
*** HOLE CARDS ***
ImaPeppaPig: folds 
michasia: folds 
kellu567: calls $1
paul197866: calls $1
imhungarian8: folds 
Nazareno1999: checks 
*** FLOP *** [5s 4c Jc]
Nazareno1999: checks 
kellu567: checks 
paul197866: checks 
*** TURN *** [5s 4c Jc] [4d]
Nazareno1999: bets $1.10
kellu567: folds 
paul197866: folds 
Uncalled bet ($1.10) returned to Nazareno1999
Nazareno1999 collected $3.32 from pot
Nazareno1999: doesn't show hand 
*** SUMMARY ***
Total pot $3.50 | Rake $0.18 
Board [5s 4c Jc 4d]
Seat 1: michasia folded before Flop (didn't bet)
Seat 2: kellu567 folded on the Turn
Seat 3: paul197866 (button) folded on the Turn
Seat 4: imhungarian8 (small blind) folded before Flop
Seat 5: Nazareno1999 (big blind) collected ($3.32)
Seat 6: ImaPeppaPig folded before Flop (didn't bet)



PokerStars Hand #254642372673:  Hold'em No Limit ($0.50/$1.00 USD) - 2025/01/31 20:58:49 WET [2025/01/31 15:58:49 ET]
Table 'Themisto II' 6-max Seat #4 is the button
Seat 1: michasia ($109.65 in chips) 
Seat 2: kellu567 ($4.33 in chips) 
Seat 3: paul197866 ($24.52 in chips) 
Seat 4: imhungarian8 ($123.05 in chips) 
Seat 5: Nazareno1999 ($102.32 in chips) 
Seat 6: ImaPeppaPig ($113.97 in chips) 
Nazareno1999: posts small blind $0.50
ImaPeppaPig: posts big blind $1
*** HOLE CARDS ***
michasia: raises $1.60 to $2.60
kellu567: folds 
paul197866: folds 
imhungarian8: folds 
Nazareno1999: folds 
ImaPeppaPig: calls $1.60
*** FLOP *** [5d 4d Ah]
ImaPeppaPig: checks 
michasia: bets $1.79
ImaPeppaPig: folds 
Uncalled bet ($1.79) returned to michasia
michasia collected $5.42 from pot
michasia: doesn't show hand 
*** SUMMARY ***
Total pot $5.70 | Rake $0.28 
Board [5d 4d Ah]
Seat 1: michasia collected ($5.42)
Seat 2: kellu567 folded before Flop (didn't bet)
Seat 3: paul197866 folded before Flop (didn't bet)
Seat 4: imhungarian8 (button) folded before Flop (didn't bet)
Seat 5: Nazareno1999 (small blind) folded before Flop
Seat 6: ImaPeppaPig (big blind) folded on the Flop



PokerStars Hand #254642377962:  Hold'em No Limit ($0.50/$1.00 USD) - 2025/01/31 20:59:15 WET [2025/01/31 15:59:15 ET]
Table 'Themisto II' 6-max Seat #5 is the button
Seat 1: michasia ($112.47 in chips) 
Seat 2: kellu567 ($4.33 in chips) 
Seat 3: paul197866 ($24.52 in chips) 
Seat 4: imhungarian8 ($123.05 in chips) 
Seat 5: Nazareno1999 ($101.82 in chips) 
Seat 6: ImaPeppaPig ($111.37 in chips) 
ImaPeppaPig: posts small blind $0.50
michasia: posts big blind $1
*** HOLE CARDS ***
kellu567: folds 
paul197866: folds 
imhungarian8: raises $1.30 to $2.30
Nazareno1999: folds 
ImaPeppaPig: folds 
michasia: folds 
Uncalled bet ($1.30) returned to imhungarian8
imhungarian8 collected $2.50 from pot
imhungarian8: doesn't show hand 
*** SUMMARY ***
Total pot $2.50 | Rake $0 
Seat 1: michasia (big blind) folded before Flop
Seat 2: kellu567 folded before Flop (didn't bet)
Seat 3: paul197866 folded before Flop (didn't bet)
Seat 4: imhungarian8 collected ($2.50)
Seat 5: Nazareno1999 (button) folded before Flop (didn't bet)
Seat 6: ImaPeppaPig (small blind) folded before Flop



PokerStars Hand #254642381080:  Hold'em No Limit ($0.50/$1.00 USD) - 2025/01/31 20:59:30 WET [2025/01/31 15:59:30 ET]
Table 'Themisto II' 6-max Seat #6 is the button
Seat 1: michasia ($111.47 in chips) 
Seat 2: kellu567 ($4.33 in chips) 
Seat 3: paul197866 ($24.52 in chips) 
Seat 4: imhungarian8 ($124.55 in chips) 
Seat 5: Nazareno1999 ($101.82 in chips) 
Seat 6: ImaPeppaPig ($110.87 in chips) 
michasia: posts small blind $0.50
kellu567: posts big blind $1
*** HOLE CARDS ***
paul197866: folds 
imhungarian8: folds 
Nazareno1999: folds 
ImaPeppaPig: folds 
michasia: folds 
Uncalled bet ($0.50) returned to kellu567
kellu567 collected $1 from pot
*** SUMMARY ***
Total pot $1 | Rake $0 
Seat 1: michasia (small blind) folded before Flop
Seat 2: kellu567 (big blind) collected ($1)
Seat 3: paul197866 folded before Flop (didn't bet)
Seat 4: imhungarian8 folded before Flop (didn't bet)
Seat 5: Nazareno1999 folded before Flop (didn't bet)
Seat 6: ImaPeppaPig (button) folded before Flop (didn't bet)



PokerStars Hand #254642386511:  Hold'em No Limit ($0.50/$1.00 USD) - 2025/01/31 20:59:55 WET [2025/01/31 15:59:55 ET]
Table 'Themisto II' 6-max Seat #1 is the button
Seat 1: michasia ($110.97 in chips) 
Seat 2: kellu567 ($4.83 in chips) 
Seat 3: paul197866 ($24.52 in chips) 
Seat 4: imhungarian8 ($124.55 in chips) 
Seat 5: Nazareno1999 ($101.82 in chips) 
Seat 6: ImaPeppaPig ($110.87 in chips) 
kellu567: posts small blind $0.50
paul197866: posts big blind $1
*** HOLE CARDS ***
imhungarian8: folds 
Nazareno1999: raises $1.20 to $2.20
ImaPeppaPig: folds 
michasia: folds 
kellu567: raises $2.63 to $4.83 and is all-in
paul197866: folds 
Nazareno1999: calls $2.63
*** FLOP *** [Ks 9d 9c]
*** TURN *** [Ks 9d 9c] [Qd]
*** RIVER *** [Ks 9d 9c Qd] [7s]
*** SHOW DOWN ***
kellu567: shows [8s As] (a pair of Nines)
Nazareno1999: shows [Qs Qh] (a full house, Queens full of Nines)
Nazareno1999 collected $10.13 from pot
kellu567 cashed out the hand for $3.16 | Cash Out Fee $0.06
*** SUMMARY ***
Total pot $10.66 | Rake $0.53 
Board [Ks 9d 9c Qd 7s]
Seat 1: michasia (button) folded before Flop (didn't bet)
Seat 2: kellu567 (small blind) showed [8s As] and lost with a pair of Nines (cashed out).
Seat 3: paul197866 (big blind) folded before Flop
Seat 4: imhungarian8 folded before Flop (didn't bet)
Seat 5: Nazareno1999 showed [Qs Qh] and won ($10.13) with a full house, Queens full of Nines
Seat 6: ImaPeppaPig folded before Flop (didn't bet)



PokerStars Hand #254642391690:  Hold'em No Limit ($0.50/$1.00 USD) - 2025/01/31 21:00:20 WET [2025/01/31 16:00:20 ET]
Table 'Themisto II' 6-max Seat #2 is the button
Seat 1: michasia ($110.97 in chips) 
Seat 2: kellu567 ($3.16 in chips) 
Seat 3: paul197866 ($23.52 in chips) 
Seat 4: imhungarian8 ($124.55 in chips) 
Seat 5: Nazareno1999 ($107.12 in chips) 
Seat 6: ImaPeppaPig ($110.87 in chips) 
paul197866: posts small blind $0.50
imhungarian8: posts big blind $1
*** HOLE CARDS ***
Nazareno1999: folds 
ImaPeppaPig: folds 
michasia: raises $1.80 to $2.80
kellu567: folds 
paul197866: folds 
imhungarian8: folds 
Uncalled bet ($1.80) returned to michasia
michasia collected $2.50 from pot
michasia: doesn't show hand 
*** SUMMARY ***
Total pot $2.50 | Rake $0 
Seat 1: michasia collected ($2.50)
Seat 2: kellu567 (button) folded before Flop (didn't bet)
Seat 3: paul197866 (small blind) folded before Flop
Seat 4: imhungarian8 (big blind) folded before Flop
Seat 5: Nazareno1999 folded before Flop (didn't bet)
Seat 6: ImaPeppaPig folded before Flop (didn't bet)



PokerStars Hand #254642397279:  Hold'em No Limit ($0.50/$1.00 USD) - 2025/01/31 21:00:44 WET [2025/01/31 16:00:44 ET]
Table 'Themisto II' 6-max Seat #3 is the button
Seat 1: michasia ($112.47 in chips) 
Seat 2: kellu567 ($3.16 in chips) 
Seat 3: paul197866 ($23.02 in chips) 
Seat 4: imhungarian8 ($123.55 in chips) 
Seat 5: Nazareno1999 ($107.12 in chips) 
Seat 6: ImaPeppaPig ($110.87 in chips) 
imhungarian8: posts small blind $0.50
Nazareno1999: posts big blind $1
*** HOLE CARDS ***
ImaPeppaPig: folds 
michasia: folds 
kellu567: folds 
paul197866: calls $1
imhungarian8: folds 
Nazareno1999: raises $3 to $4
paul197866: calls $3
*** FLOP *** [9d 8c 6c]
Nazareno1999: bets $4.04
paul197866: calls $4.04
*** TURN *** [9d 8c 6c] [Jh]
Nazareno1999: bets $5.20
paul197866: raises $9.78 to $14.98 and is all-in
Nazareno1999: calls $9.78
*** RIVER *** [9d 8c 6c Jh] [Kd]
*** SHOW DOWN ***
Nazareno1999: shows [9c Jc] (two pair, Jacks and Nines)
paul197866: shows [8h 8s] (three of a kind, Eights)
paul197866 collected $44.21 from pot
*** SUMMARY ***
Total pot $46.54 | Rake $2.33 
Board [9d 8c 6c Jh Kd]
Seat 1: michasia folded before Flop (didn't bet)
Seat 2: kellu567 folded before Flop (didn't bet)
Seat 3: paul197866 (button) showed [8h 8s] and won ($44.21) with three of a kind, Eights
Seat 4: imhungarian8 (small blind) folded before Flop
Seat 5: Nazareno1999 (big blind) showed [9c Jc] and lost with two pair, Jacks and Nines
Seat 6: ImaPeppaPig folded before Flop (didn't bet)



PokerStars Hand #254642417114:  Hold'em No Limit ($0.50/$1.00 USD) - 2025/01/31 21:02:00 WET [2025/01/31 16:02:00 ET]
Table 'Themisto II' 6-max Seat #4 is the button
Seat 1: michasia ($112.47 in chips) 
Seat 2: kellu567 ($3.16 in chips) 
Seat 3: paul197866 ($44.21 in chips) 
Seat 4: imhungarian8 ($123.05 in chips) 
Seat 5: Nazareno1999 ($100 in chips) 
Seat 6: ImaPeppaPig ($110.87 in chips) 
Nazareno1999: posts small blind $0.50
ImaPeppaPig: posts big blind $1
*** HOLE CARDS ***
michasia: folds 
kellu567: raises $2.16 to $3.16 and is all-in
paul197866: folds 
imhungarian8: raises $6.32 to $9.48
Nazareno1999: folds 
ImaPeppaPig: folds 
Uncalled bet ($6.32) returned to imhungarian8
Nazareno1999 leaves the table
*** FLOP *** [3d 9c 5d]
*** TURN *** [3d 9c 5d] [Tc]
MaikonAll joins the table at seat #5 
*** RIVER *** [3d 9c 5d Tc] [4d]
*** SHOW DOWN ***
kellu567: shows [Ac 8h] (high card Ace)
imhungarian8: shows [Qh Kd] (high card King)
kellu567 cashed out the hand for $4.17 | Cash Out Fee $0.08
*** SUMMARY ***
Total pot $7.82 | Rake $0.39 
Board [3d 9c 5d Tc 4d]
Seat 1: michasia folded before Flop (didn't bet)
Seat 2: kellu567 showed [Ac 8h] and won ($7.43) with high card Ace (pot not awarded as player cashed out)
Seat 3: paul197866 folded before Flop (didn't bet)
Seat 4: imhungarian8 (button) showed [Qh Kd] and lost with high card King
Seat 5: Nazareno1999 (small blind) folded before Flop
Seat 6: ImaPeppaPig (big blind) folded before Flop



PokerStars Hand #254642426704:  Hold'em No Limit ($0.50/$1.00 USD) - 2025/01/31 21:02:35 WET [2025/01/31 16:02:35 ET]
Table 'Themisto II' 6-max Seat #6 is the button
Seat 1: michasia ($112.47 in chips) is sitting out
Seat 5: MaikonAll ($100 in chips) is sitting out
Seat 2: kellu567 ($4.17 in chips) 
Seat 3: paul197866 ($44.21 in chips) 
Seat 4: imhungarian8 ($119.89 in chips) 
Seat 6: ImaPeppaPig ($109.87 in chips) 
kellu567: posts small blind $0.50
paul197866: posts big blind $1
MaikonAll: sits out 
*** HOLE CARDS ***
imhungarian8: folds 
ImaPeppaPig: folds 
kellu567: folds 
Uncalled bet ($0.50) returned to paul197866
paul197866 collected $1 from pot
*** SUMMARY ***
Total pot $1 | Rake $0 
Seat 1: michasia
Seat 5: MaikonAll
Seat 2: kellu567 (small blind) folded before Flop
Seat 3: paul197866 (big blind) collected ($1)
Seat 4: imhungarian8 folded before Flop (didn't bet)
Seat 6: ImaPeppaPig (button) folded before Flop (didn't bet)



PokerStars Hand #254642434152:  Hold'em No Limit ($0.50/$1.00 USD) - 2025/01/31 21:02:59 WET [2025/01/31 16:02:59 ET]
Table 'Themisto II' 6-max Seat #2 is the button
Seat 1: michasia ($112.47 in chips) is sitting out
Seat 5: MaikonAll ($100 in chips) is sitting out
Seat 2: kellu567 ($3.67 in chips) 
Seat 3: paul197866 ($44.71 in chips) 
Seat 4: imhungarian8 ($119.89 in chips) 
Seat 6: ImaPeppaPig ($109.87 in chips) 
paul197866: posts small blind $0.50
imhungarian8: posts big blind $1
MaikonAll: sits out 
*** HOLE CARDS ***
ImaPeppaPig: folds 
kellu567: raises $2.67 to $3.67 and is all-in
paul197866: folds 
imhungarian8: folds 
Uncalled bet ($2.67) returned to kellu567
kellu567 collected $2.50 from pot
*** SUMMARY ***
Total pot $2.50 | Rake $0 
Seat 1: michasia
Seat 5: MaikonAll
Seat 2: kellu567 (button) collected ($2.50)
Seat 3: paul197866 (small blind) folded before Flop
Seat 4: imhungarian8 (big blind) folded before Flop
Seat 6: ImaPeppaPig folded before Flop (didn't bet)



PokerStars Hand #254642443674:  Hold'em No Limit ($0.50/$1.00 USD) - 2025/01/31 21:03:31 WET [2025/01/31 16:03:31 ET]
Table 'Themisto II' 6-max Seat #3 is the button
Seat 1: michasia ($112.47 in chips) is sitting out
Seat 2: kellu567 ($5.17 in chips) 
Seat 3: paul197866 ($44.21 in chips) 
Seat 4: imhungarian8 ($118.89 in chips) 
Seat 5: MaikonAll ($100 in chips) 
Seat 6: ImaPeppaPig ($109.87 in chips) 
imhungarian8: posts small blind $0.50
MaikonAll: posts big blind $1
*** HOLE CARDS ***
ImaPeppaPig: folds 
kellu567: raises $4.17 to $5.17 and is all-in
paul197866: folds 
imhungarian8: folds 
MaikonAll: folds 
Uncalled bet ($4.17) returned to kellu567
kellu567 collected $2.50 from pot
*** SUMMARY ***
Total pot $2.50 | Rake $0 
Seat 1: michasia
Seat 2: kellu567 collected ($2.50)
Seat 3: paul197866 (button) folded before Flop (didn't bet)
Seat 4: imhungarian8 (small blind) folded before Flop
Seat 5: MaikonAll (big blind) folded before Flop
Seat 6: ImaPeppaPig folded before Flop (didn't bet)



PokerStars Hand #254642447811:  Hold'em No Limit ($0.50/$1.00 USD) - 2025/01/31 21:03:45 WET [2025/01/31 16:03:45 ET]
Table 'Themisto II' 6-max Seat #4 is the button
Seat 1: michasia ($112.47 in chips) is sitting out
Seat 2: kellu567 ($6.67 in chips) 
Seat 3: paul197866 ($44.21 in chips) 
Seat 4: imhungarian8 ($118.39 in chips) 
Seat 5: MaikonAll ($100 in chips) 
Seat 6: ImaPeppaPig ($109.87 in chips) 
MaikonAll: posts small blind $0.50
ImaPeppaPig: posts big blind $1
*** HOLE CARDS ***
kellu567: raises $5.67 to $6.67 and is all-in
paul197866: folds 
imhungarian8: calls $6.67
MaikonAll: folds 
ImaPeppaPig: folds 
*** FLOP *** [4h Ks 6s]
*** TURN *** [4h Ks 6s] [2c]
*** RIVER *** [4h Ks 6s 2c] [Jc]
*** SHOW DOWN ***
kellu567: shows [Ah Qd] (high card Ace)
imhungarian8: shows [Kc Tc] (a pair of Kings)
imhungarian8 collected $14.10 from pot
*** SUMMARY ***
Total pot $14.84 | Rake $0.74 
Board [4h Ks 6s 2c Jc]
Seat 1: michasia
Seat 2: kellu567 showed [Ah Qd] and lost with high card Ace
Seat 3: paul197866 folded before Flop (didn't bet)
Seat 4: imhungarian8 (button) showed [Kc Tc] and won ($14.10) with a pair of Kings
Seat 5: MaikonAll (small blind) folded before Flop
Seat 6: ImaPeppaPig (big blind) folded before Flop



PokerStars Hand #254642458583:  Hold'em No Limit ($0.50/$1.00 USD) - 2025/01/31 21:04:20 WET [2025/01/31 16:04:20 ET]
Table 'Themisto II' 6-max Seat #5 is the button
Seat 1: michasia ($112.47 in chips) is sitting out
Seat 2: kellu567 ($0 in chips) is sitting out
Seat 3: paul197866 ($44.21 in chips) 
Seat 4: imhungarian8 ($125.82 in chips) 
Seat 5: MaikonAll ($100 in chips) 
Seat 6: ImaPeppaPig ($108.87 in chips) 
ImaPeppaPig: posts small blind $0.50
paul197866: posts big blind $1
*** HOLE CARDS ***
imhungarian8: raises $1.30 to $2.30
MaikonAll: folds 
ImaPeppaPig: folds 
paul197866: calls $1.30
*** FLOP *** [8d Ts 4c]
paul197866: checks 
imhungarian8: checks 
*** TURN *** [8d Ts 4c] [Ah]
paul197866: checks 
imhungarian8: checks 
*** RIVER *** [8d Ts 4c Ah] [9d]
paul197866: bets $4.84
imhungarian8: folds 
Uncalled bet ($4.84) returned to paul197866
paul197866 collected $4.84 from pot
*** SUMMARY ***
Total pot $5.10 | Rake $0.26 
Board [8d Ts 4c Ah 9d]
Seat 1: michasia
Seat 2: kellu567
Seat 3: paul197866 (big blind) collected ($4.84)
Seat 4: imhungarian8 folded on the River
Seat 5: MaikonAll (button) folded before Flop (didn't bet)
Seat 6: ImaPeppaPig (small blind) folded before Flop



PokerStars Hand #254642476622:  Hold'em No Limit ($0.50/$1.00 USD) - 2025/01/31 21:05:19 WET [2025/01/31 16:05:19 ET]
Table 'Themisto II' 6-max Seat #6 is the button
Seat 1: michasia ($112.47 in chips) is sitting out
Seat 2: kellu567 ($10.18 in chips) is sitting out
Seat 3: paul197866 ($46.75 in chips) 
Seat 4: imhungarian8 ($123.52 in chips) 
Seat 5: MaikonAll ($100 in chips) 
Seat 6: ImaPeppaPig ($108.37 in chips) 
paul197866: posts small blind $0.50
imhungarian8: posts big blind $1
*** HOLE CARDS ***
MaikonAll: folds 
ImaPeppaPig: folds 
paul197866: folds 
Uncalled bet ($0.50) returned to imhungarian8
imhungarian8 collected $1 from pot
imhungarian8: doesn't show hand 
*** SUMMARY ***
Total pot $1 | Rake $0 
Seat 1: michasia
Seat 2: kellu567
Seat 3: paul197866 (small blind) folded before Flop
Seat 4: imhungarian8 (big blind) collected ($1)
Seat 5: MaikonAll folded before Flop (didn't bet)
Seat 6: ImaPeppaPig (button) folded before Flop (didn't bet)



PokerStars Hand #254642482470:  Hold'em No Limit ($0.50/$1.00 USD) - 2025/01/31 21:05:39 WET [2025/01/31 16:05:39 ET]
Table 'Themisto II' 6-max Seat #3 is the button
Seat 1: michasia ($112.47 in chips) is sitting out
Seat 2: kellu567 ($10.18 in chips) 
Seat 3: paul197866 ($46.25 in chips) 
Seat 4: imhungarian8 ($124.02 in chips) 
Seat 5: MaikonAll ($100 in chips) 
Seat 6: ImaPeppaPig ($108.37 in chips) 
imhungarian8: posts small blind $0.50
MaikonAll: posts big blind $1
michasia: sits out 
kellu567: posts small & big blinds $1.50
*** HOLE CARDS ***
ImaPeppaPig: raises $3 to $4
kellu567: raises $5.68 to $9.68 and is all-in
paul197866: folds 
imhungarian8: folds 
MaikonAll: folds 
ImaPeppaPig: calls $5.68
*** FLOP *** [Ad Ks 4s]
*** TURN *** [Ad Ks 4s] [9s]
*** RIVER *** [Ad Ks 4s 9s] [9c]
*** SHOW DOWN ***
ImaPeppaPig: shows [8h 8c] (two pair, Nines and Eights)
kellu567: shows [4h As] (two pair, Aces and Nines)
kellu567 cashed out the hand for $5.96 | Cash Out Fee $0.12
*** SUMMARY ***
Total pot $21.36 | Rake $1.07 
Board [Ad Ks 4s 9s 9c]
Seat 1: michasia
Seat 2: kellu567 showed [4h As] and won ($20.29) with two pair, Aces and Nines (pot not awarded as player cashed out)
Seat 3: paul197866 (button) folded before Flop (didn't bet)
Seat 4: imhungarian8 (small blind) folded before Flop
Seat 5: MaikonAll (big blind) folded before Flop
Seat 6: ImaPeppaPig showed [8h 8c] and lost with two pair, Nines and Eights



PokerStars Hand #254642492907:  Hold'em No Limit ($0.50/$1.00 USD) - 2025/01/31 21:06:13 WET [2025/01/31 16:06:13 ET]
Table 'Themisto II' 6-max Seat #4 is the button
Seat 1: michasia ($112.47 in chips) is sitting out
Seat 2: kellu567 ($5.96 in chips) 
Seat 3: paul197866 ($46.25 in chips) 
Seat 4: imhungarian8 ($123.52 in chips) 
Seat 5: MaikonAll ($100 in chips) 
Seat 6: ImaPeppaPig ($100 in chips) 
MaikonAll: posts small blind $0.50
ImaPeppaPig: posts big blind $1
michasia: sits out 
*** HOLE CARDS ***
kellu567: folds 
paul197866: folds 
imhungarian8: folds 
MaikonAll: folds 
Uncalled bet ($0.50) returned to ImaPeppaPig
ImaPeppaPig collected $1 from pot
ImaPeppaPig: doesn't show hand 
*** SUMMARY ***
Total pot $1 | Rake $0 
Seat 1: michasia
Seat 2: kellu567 folded before Flop (didn't bet)
Seat 3: paul197866 folded before Flop (didn't bet)
Seat 4: imhungarian8 (button) folded before Flop (didn't bet)
Seat 5: MaikonAll (small blind) folded before Flop
Seat 6: ImaPeppaPig (big blind) collected ($1)



PokerStars Hand #254642499374:  Hold'em No Limit ($0.50/$1.00 USD) - 2025/01/31 21:06:35 WET [2025/01/31 16:06:35 ET]
Table 'Themisto II' 6-max Seat #5 is the button
Seat 1: michasia ($112.47 in chips) 
Seat 2: kellu567 ($5.96 in chips) 
Seat 3: paul197866 ($46.25 in chips) 
Seat 4: imhungarian8 ($123.52 in chips) 
Seat 5: MaikonAll ($100 in chips) 
Seat 6: ImaPeppaPig ($100.50 in chips) 
ImaPeppaPig: posts small blind $0.50
michasia: posts big blind $1
*** HOLE CARDS ***
kellu567: folds 
paul197866: folds 
imhungarian8: folds 
MaikonAll: folds 
ImaPeppaPig: folds 
Uncalled bet ($0.50) returned to michasia
michasia collected $1 from pot
michasia: doesn't show hand 
*** SUMMARY ***
Total pot $1 | Rake $0 
Seat 1: michasia (big blind) collected ($1)
Seat 2: kellu567 folded before Flop (didn't bet)
Seat 3: paul197866 folded before Flop (didn't bet)
Seat 4: imhungarian8 folded before Flop (didn't bet)
Seat 5: MaikonAll (button) folded before Flop (didn't bet)
Seat 6: ImaPeppaPig (small blind) folded before Flop



PokerStars Hand #254642508385:  Hold'em No Limit ($0.50/$1.00 USD) - 2025/01/31 21:07:04 WET [2025/01/31 16:07:04 ET]
Table 'Themisto II' 6-max Seat #6 is the button
Seat 1: michasia ($112.97 in chips) 
Seat 2: kellu567 ($5.96 in chips) 
Seat 3: paul197866 ($46.25 in chips) 
Seat 4: imhungarian8 ($123.52 in chips) 
Seat 5: MaikonAll ($100 in chips) 
Seat 6: ImaPeppaPig ($100 in chips) 
michasia: posts small blind $0.50
kellu567: posts big blind $1
*** HOLE CARDS ***
paul197866 has timed out
paul197866: folds 
paul197866 is disconnected 
imhungarian8: folds 
MaikonAll: folds 
ImaPeppaPig: raises $1.50 to $2.50
michasia: folds 
kellu567: raises $3.46 to $5.96 and is all-in
ImaPeppaPig: calls $3.46
*** FLOP *** [7h 4s 4h]
*** TURN *** [7h 4s 4h] [Ad]
*** RIVER *** [7h 4s 4h Ad] [8h]
*** SHOW DOWN ***
kellu567: shows [6c 7d] (two pair, Sevens and Fours)
ImaPeppaPig: shows [Jd 5d] (a pair of Fours)
kellu567 collected $11.80 from pot
*** SUMMARY ***
Total pot $12.42 | Rake $0.62 
Board [7h 4s 4h Ad 8h]
Seat 1: michasia (small blind) folded before Flop
Seat 2: kellu567 (big blind) showed [6c 7d] and won ($11.80) with two pair, Sevens and Fours
Seat 3: paul197866 folded before Flop (didn't bet)
Seat 4: imhungarian8 folded before Flop (didn't bet)
Seat 5: MaikonAll folded before Flop (didn't bet)
Seat 6: ImaPeppaPig (button) showed [Jd 5d] and lost with a pair of Fours



PokerStars Hand #254642526772:  Hold'em No Limit ($0.50/$1.00 USD) - 2025/01/31 21:08:05 WET [2025/01/31 16:08:05 ET]
Table 'Themisto II' 6-max Seat #1 is the button
Seat 1: michasia ($112.47 in chips) 
Seat 2: kellu567 ($11.80 in chips) 
Seat 3: paul197866 ($46.25 in chips) 
Seat 4: imhungarian8 ($123.52 in chips) 
Seat 5: MaikonAll ($100 in chips) 
Seat 6: ImaPeppaPig ($100 in chips) 
kellu567: posts small blind $0.50
paul197866: posts big blind $1
*** HOLE CARDS ***
imhungarian8: folds 
MaikonAll: raises $1.30 to $2.30
ImaPeppaPig: folds 
michasia: folds 
kellu567: calls $1.80
paul197866: folds 
*** FLOP *** [4c Qh Kc]
kellu567: checks 
MaikonAll: checks 
*** TURN *** [4c Qh Kc] [Jd]
kellu567: bets $1
MaikonAll: calls $1
*** RIVER *** [4c Qh Kc Jd] [Js]
kellu567: bets $2
MaikonAll: calls $2
*** SHOW DOWN ***
kellu567: shows [Ah 7h] (a pair of Jacks)
MaikonAll: shows [Th Ts] (two pair, Jacks and Tens)
MaikonAll collected $11.02 from pot
*** SUMMARY ***
Total pot $11.60 | Rake $0.58 
Board [4c Qh Kc Jd Js]
Seat 1: michasia (button) folded before Flop (didn't bet)
Seat 2: kellu567 (small blind) showed [Ah 7h] and lost with a pair of Jacks
Seat 3: paul197866 (big blind) folded before Flop
Seat 4: imhungarian8 folded before Flop (didn't bet)
Seat 5: MaikonAll showed [Th Ts] and won ($11.02) with two pair, Jacks and Tens
Seat 6: ImaPeppaPig folded before Flop (didn't bet)



PokerStars Hand #254642539067:  Hold'em No Limit ($0.50/$1.00 USD) - 2025/01/31 21:08:46 WET [2025/01/31 16:08:46 ET]
Table 'Themisto II' 6-max Seat #2 is the button
Seat 1: michasia ($112.47 in chips) 
Seat 2: kellu567 ($6.50 in chips) 
Seat 3: paul197866 ($45.25 in chips) 
Seat 4: imhungarian8 ($123.52 in chips) 
Seat 5: MaikonAll ($105.72 in chips) 
Seat 6: ImaPeppaPig ($100 in chips) 
paul197866: posts small blind $0.50
imhungarian8: posts big blind $1
*** HOLE CARDS ***
MaikonAll: folds 
ImaPeppaPig: folds 
michasia: raises $1.80 to $2.80
kellu567: folds 
paul197866: calls $2.30
imhungarian8: folds 
*** FLOP *** [5s 9h 3s]
paul197866: checks 
michasia: bets $2.07
paul197866: calls $2.07
*** TURN *** [5s 9h 3s] [2d]
paul197866: bets $10.20
michasia: calls $10.20
*** RIVER *** [5s 9h 3s 2d] [9c]
paul197866: bets $30.18 and is all-in
michasia: calls $30.18
*** SHOW DOWN ***
paul197866: shows [2h 2s] (a full house, Deuces full of Nines)
michasia: shows [4h 5h] (two pair, Nines and Fives)
paul197866 collected $89 from pot
*** SUMMARY ***
Total pot $91.50 | Rake $2.50 
Board [5s 9h 3s 2d 9c]
Seat 1: michasia showed [4h 5h] and lost with two pair, Nines and Fives
Seat 2: kellu567 (button) folded before Flop (didn't bet)
Seat 3: paul197866 (small blind) showed [2h 2s] and won ($89) with a full house, Deuces full of Nines
Seat 4: imhungarian8 (big blind) folded before Flop
Seat 5: MaikonAll folded before Flop (didn't bet)
Seat 6: ImaPeppaPig folded before Flop (didn't bet)



PokerStars Hand #254642560962:  Hold'em No Limit ($0.50/$1.00 USD) - 2025/01/31 21:09:58 WET [2025/01/31 16:09:58 ET]
Table 'Themisto II' 6-max Seat #3 is the button
Seat 1: michasia ($100 in chips) 
Seat 2: kellu567 ($6.50 in chips) 
Seat 3: paul197866 ($89 in chips) 
Seat 4: imhungarian8 ($122.52 in chips) 
Seat 5: MaikonAll ($105.72 in chips) 
Seat 6: ImaPeppaPig ($100 in chips) 
imhungarian8: posts small blind $0.50
MaikonAll: posts big blind $1
*** HOLE CARDS ***
ImaPeppaPig: folds 
michasia: folds 
kellu567: folds 
paul197866: folds 
imhungarian8: folds 
Uncalled bet ($0.50) returned to MaikonAll
MaikonAll collected $1 from pot
MaikonAll: doesn't show hand 
*** SUMMARY ***
Total pot $1 | Rake $0 
Seat 1: michasia folded before Flop (didn't bet)
Seat 2: kellu567 folded before Flop (didn't bet)
Seat 3: paul197866 (button) folded before Flop (didn't bet)
Seat 4: imhungarian8 (small blind) folded before Flop
Seat 5: MaikonAll (big blind) collected ($1)
Seat 6: ImaPeppaPig folded before Flop (didn't bet)



PokerStars Hand #254642565431:  Hold'em No Limit ($0.50/$1.00 USD) - 2025/01/31 21:10:12 WET [2025/01/31 16:10:12 ET]
Table 'Themisto II' 6-max Seat #4 is the button
Seat 1: michasia ($100 in chips) 
Seat 2: kellu567 ($6.50 in chips) 
Seat 3: paul197866 ($89 in chips) 
Seat 4: imhungarian8 ($122.02 in chips) 
Seat 5: MaikonAll ($106.22 in chips) 
Seat 6: ImaPeppaPig ($100 in chips) 
MaikonAll: posts small blind $0.50
ImaPeppaPig: posts big blind $1
*** HOLE CARDS ***
michasia: folds 
kellu567: raises $1 to $2
paul197866: calls $2
imhungarian8: folds 
MaikonAll: folds 
ImaPeppaPig: folds 
*** FLOP *** [5s Jh Ts]
kellu567: bets $2
paul197866: folds 
Uncalled bet ($2) returned to kellu567
kellu567 collected $5.22 from pot
*** SUMMARY ***
Total pot $5.50 | Rake $0.28 
Board [5s Jh Ts]
Seat 1: michasia folded before Flop (didn't bet)
Seat 2: kellu567 collected ($5.22)
Seat 3: paul197866 folded on the Flop
Seat 4: imhungarian8 (button) folded before Flop (didn't bet)
Seat 5: MaikonAll (small blind) folded before Flop
Seat 6: ImaPeppaPig (big blind) folded before Flop



PokerStars Hand #254642577085:  Hold'em No Limit ($0.50/$1.00 USD) - 2025/01/31 21:10:50 WET [2025/01/31 16:10:50 ET]
Table 'Themisto II' 6-max Seat #5 is the button
Seat 1: michasia ($100 in chips) 
Seat 2: kellu567 ($9.72 in chips) 
Seat 3: paul197866 ($87 in chips) 
Seat 4: imhungarian8 ($122.02 in chips) 
Seat 5: MaikonAll ($105.72 in chips) 
Seat 6: ImaPeppaPig ($100 in chips) 
ImaPeppaPig: posts small blind $0.50
michasia: posts big blind $1
*** HOLE CARDS ***
kellu567: folds 
paul197866: folds 
imhungarian8: folds 
MaikonAll: raises $1.50 to $2.50
ImaPeppaPig: folds 
michasia: folds 
Uncalled bet ($1.50) returned to MaikonAll
MaikonAll collected $2.50 from pot
MaikonAll: doesn't show hand 
*** SUMMARY ***
Total pot $2.50 | Rake $0 
Seat 1: michasia (big blind) folded before Flop
Seat 2: kellu567 folded before Flop (didn't bet)
Seat 3: paul197866 folded before Flop (didn't bet)
Seat 4: imhungarian8 folded before Flop (didn't bet)
Seat 5: MaikonAll (button) collected ($2.50)
Seat 6: ImaPeppaPig (small blind) folded before Flop



PokerStars Hand #254642582710:  Hold'em No Limit ($0.50/$1.00 USD) - 2025/01/31 21:11:08 WET [2025/01/31 16:11:08 ET]
Table 'Themisto II' 6-max Seat #6 is the button
Seat 1: michasia ($100 in chips) 
Seat 2: kellu567 ($9.72 in chips) 
Seat 3: paul197866 ($87 in chips) 
Seat 4: imhungarian8 ($122.02 in chips) 
Seat 5: MaikonAll ($107.22 in chips) 
Seat 6: ImaPeppaPig ($100 in chips) 
michasia: posts small blind $0.50
kellu567: posts big blind $1
*** HOLE CARDS ***
paul197866: folds 
imhungarian8: folds 
MaikonAll: folds 
ImaPeppaPig: folds 
michasia: folds 
Uncalled bet ($0.50) returned to kellu567
kellu567 collected $1 from pot
*** SUMMARY ***
Total pot $1 | Rake $0 
Seat 1: michasia (small blind) folded before Flop
Seat 2: kellu567 (big blind) collected ($1)
Seat 3: paul197866 folded before Flop (didn't bet)
Seat 4: imhungarian8 folded before Flop (didn't bet)
Seat 5: MaikonAll folded before Flop (didn't bet)
Seat 6: ImaPeppaPig (button) folded before Flop (didn't bet)



PokerStars Hand #254642585964:  Hold'em No Limit ($0.50/$1.00 USD) - 2025/01/31 21:11:18 WET [2025/01/31 16:11:18 ET]
Table 'Themisto II' 6-max Seat #1 is the button
Seat 1: michasia ($100 in chips) 
Seat 2: kellu567 ($10.22 in chips) 
Seat 3: paul197866 ($87 in chips) 
Seat 4: imhungarian8 ($122.02 in chips) 
Seat 5: MaikonAll ($107.22 in chips) 
Seat 6: ImaPeppaPig ($100 in chips) 
kellu567: posts small blind $0.50
paul197866: posts big blind $1
*** HOLE CARDS ***
imhungarian8: raises $1 to $2
MaikonAll: folds 
ImaPeppaPig: folds 
michasia: folds 
kellu567: calls $1.50
paul197866: calls $1
*** FLOP *** [5h 9h 8s]
kellu567: checks 
paul197866: checks 
imhungarian8: checks 
*** TURN *** [5h 9h 8s] [2s]
kellu567: bets $1
paul197866: calls $1
imhungarian8: folds 
*** RIVER *** [5h 9h 8s 2s] [9s]
kellu567: bets $2
paul197866: raises $82 to $84 and is all-in
kellu567: folds 
Uncalled bet ($82) returned to paul197866
paul197866 collected $11.40 from pot
*** SUMMARY ***
Total pot $12 | Rake $0.60 
Board [5h 9h 8s 2s 9s]
Seat 1: michasia (button) folded before Flop (didn't bet)
Seat 2: kellu567 (small blind) folded on the River
Seat 3: paul197866 (big blind) collected ($11.40)
Seat 4: imhungarian8 folded on the Turn
Seat 5: MaikonAll folded before Flop (didn't bet)
Seat 6: ImaPeppaPig folded before Flop (didn't bet)



PokerStars Hand #254642605140:  Hold'em No Limit ($0.50/$1.00 USD) - 2025/01/31 21:12:20 WET [2025/01/31 16:12:20 ET]
Table 'Themisto II' 6-max Seat #2 is the button
Seat 1: michasia ($100 in chips) 
Seat 2: kellu567 ($5.22 in chips) 
Seat 3: paul197866 ($93.40 in chips) 
Seat 4: imhungarian8 ($120.02 in chips) 
Seat 5: MaikonAll ($107.22 in chips) 
Seat 6: ImaPeppaPig ($100 in chips) 
paul197866: posts small blind $0.50
imhungarian8: posts big blind $1
*** HOLE CARDS ***
MaikonAll: folds 
ImaPeppaPig: raises $1.50 to $2.50
michasia: folds 
kellu567: folds 
paul197866: folds 
imhungarian8: folds 
Uncalled bet ($1.50) returned to ImaPeppaPig
ImaPeppaPig collected $2.50 from pot
ImaPeppaPig: doesn't show hand 
*** SUMMARY ***
Total pot $2.50 | Rake $0 
Seat 1: michasia folded before Flop (didn't bet)
Seat 2: kellu567 (button) folded before Flop (didn't bet)
Seat 3: paul197866 (small blind) folded before Flop
Seat 4: imhungarian8 (big blind) folded before Flop
Seat 5: MaikonAll folded before Flop (didn't bet)
Seat 6: ImaPeppaPig collected ($2.50)



PokerStars Hand #254642613434:  Hold'em No Limit ($0.50/$1.00 USD) - 2025/01/31 21:12:46 WET [2025/01/31 16:12:46 ET]
Table 'Themisto II' 6-max Seat #3 is the button
Seat 1: michasia ($100 in chips) 
Seat 2: kellu567 ($5.22 in chips) 
Seat 3: paul197866 ($92.90 in chips) 
Seat 4: imhungarian8 ($119.02 in chips) 
Seat 5: MaikonAll ($107.22 in chips) 
Seat 6: ImaPeppaPig ($101.50 in chips) 
imhungarian8: posts small blind $0.50
MaikonAll: posts big blind $1
*** HOLE CARDS ***
ImaPeppaPig: folds 
michasia: folds 
kellu567: raises $4.22 to $5.22 and is all-in
paul197866: folds 
imhungarian8: folds 
MaikonAll: calls $4.22
*** FLOP *** [6s 3h Ah]
*** TURN *** [6s 3h Ah] [7h]
*** RIVER *** [6s 3h Ah 7h] [4h]
*** SHOW DOWN ***
MaikonAll: shows [Ks Qs] (high card Ace)
kellu567: shows [9c 5c] (a straight, Three to Seven)
kellu567 cashed out the hand for $3.66 | Cash Out Fee $0.07
*** SUMMARY ***
Total pot $10.94 | Rake $0.55 
Board [6s 3h Ah 7h 4h]
Seat 1: michasia folded before Flop (didn't bet)
Seat 2: kellu567 showed [9c 5c] and won ($10.39) with a straight, Three to Seven (pot not awarded as player cashed out)
Seat 3: paul197866 (button) folded before Flop (didn't bet)
Seat 4: imhungarian8 (small blind) folded before Flop
Seat 5: MaikonAll (big blind) showed [Ks Qs] and lost with high card Ace
Seat 6: ImaPeppaPig folded before Flop (didn't bet)



PokerStars Hand #254642625448:  Hold'em No Limit ($0.50/$1.00 USD) - 2025/01/31 21:13:25 WET [2025/01/31 16:13:25 ET]
Table 'Themisto II' 6-max Seat #4 is the button
Seat 1: michasia ($100 in chips) 
Seat 2: kellu567 ($3.66 in chips) 
Seat 3: paul197866 ($92.90 in chips) 
Seat 4: imhungarian8 ($118.52 in chips) 
Seat 5: MaikonAll ($102 in chips) 
Seat 6: ImaPeppaPig ($101.50 in chips) 
MaikonAll: posts small blind $0.50
ImaPeppaPig: posts big blind $1
*** HOLE CARDS ***
michasia: folds 
kellu567: folds 
paul197866: folds 
imhungarian8: raises $1.50 to $2.50
MaikonAll: folds 
ImaPeppaPig: folds 
Uncalled bet ($1.50) returned to imhungarian8
imhungarian8 collected $2.50 from pot
imhungarian8: doesn't show hand 
*** SUMMARY ***
Total pot $2.50 | Rake $0 
Seat 1: michasia folded before Flop (didn't bet)
Seat 2: kellu567 folded before Flop (didn't bet)
Seat 3: paul197866 folded before Flop (didn't bet)
Seat 4: imhungarian8 (button) collected ($2.50)
Seat 5: MaikonAll (small blind) folded before Flop
Seat 6: ImaPeppaPig (big blind) folded before Flop



PokerStars Hand #254642638537:  Hold'em No Limit ($0.50/$1.00 USD) - 2025/01/31 21:14:07 WET [2025/01/31 16:14:07 ET]
Table 'Themisto II' 6-max Seat #5 is the button
Seat 1: michasia ($100 in chips) 
Seat 2: kellu567 ($3.66 in chips) 
Seat 3: paul197866 ($92.90 in chips) 
Seat 4: imhungarian8 ($120.02 in chips) 
Seat 5: MaikonAll ($101.50 in chips) 
Seat 6: ImaPeppaPig ($100.50 in chips) 
ImaPeppaPig: posts small blind $0.50
michasia: posts big blind $1
*** HOLE CARDS ***
kellu567: raises $2.66 to $3.66 and is all-in
paul197866: folds 
imhungarian8: folds 
MaikonAll: calls $3.66
ImaPeppaPig: raises $14.34 to $18
michasia: folds 
MaikonAll: folds 
Uncalled bet ($14.34) returned to ImaPeppaPig
*** FLOP *** [6h 2s 5h]
*** TURN *** [6h 2s 5h] [2c]
*** RIVER *** [6h 2s 5h 2c] [Ac]
*** SHOW DOWN ***
ImaPeppaPig: shows [Qh Kd] (a pair of Deuces)
kellu567: shows [4d 4h] (two pair, Fours and Deuces)
kellu567 cashed out the hand for $5.80 | Cash Out Fee $0.12
*** SUMMARY ***
Total pot $11.98 | Rake $0.60 
Board [6h 2s 5h 2c Ac]
Seat 1: michasia (big blind) folded before Flop
Seat 2: kellu567 showed [4d 4h] and won ($11.38) with two pair, Fours and Deuces (pot not awarded as player cashed out)
Seat 3: paul197866 folded before Flop (didn't bet)
Seat 4: imhungarian8 folded before Flop (didn't bet)
Seat 5: MaikonAll (button) folded before Flop
Seat 6: ImaPeppaPig (small blind) showed [Qh Kd] and lost with a pair of Deuces



PokerStars Hand #254642651278:  Hold'em No Limit ($0.50/$1.00 USD) - 2025/01/31 21:14:47 WET [2025/01/31 16:14:47 ET]
Table 'Themisto II' 6-max Seat #6 is the button
Seat 1: michasia ($100 in chips) 
Seat 2: kellu567 ($5.80 in chips) 
Seat 3: paul197866 ($92.90 in chips) 
Seat 4: imhungarian8 ($120.02 in chips) 
Seat 5: MaikonAll ($100 in chips) 
Seat 6: ImaPeppaPig ($100 in chips) 
michasia: posts small blind $0.50
kellu567: posts big blind $1
*** HOLE CARDS ***
paul197866: folds 
imhungarian8: folds 
MaikonAll: raises $1.30 to $2.30
ImaPeppaPig: folds 
michasia: folds 
kellu567: raises $3.50 to $5.80 and is all-in
MaikonAll: calls $3.50
*** FLOP *** [5s Kd 2h]
*** TURN *** [5s Kd 2h] [7d]
*** RIVER *** [5s Kd 2h 7d] [8s]
*** SHOW DOWN ***
kellu567: shows [8c 8d] (three of a kind, Eights)
MaikonAll: shows [Ks Ac] (a pair of Kings)
kellu567 collected $11.50 from pot
*** SUMMARY ***
Total pot $12.10 | Rake $0.60 
Board [5s Kd 2h 7d 8s]
Seat 1: michasia (small blind) folded before Flop
Seat 2: kellu567 (big blind) showed [8c 8d] and won ($11.50) with three of a kind, Eights
Seat 3: paul197866 folded before Flop (didn't bet)
Seat 4: imhungarian8 folded before Flop (didn't bet)
Seat 5: MaikonAll showed [Ks Ac] and lost with a pair of Kings
Seat 6: ImaPeppaPig (button) folded before Flop (didn't bet)



PokerStars Hand #254642662911:  Hold'em No Limit ($0.50/$1.00 USD) - 2025/01/31 21:15:24 WET [2025/01/31 16:15:24 ET]
Table 'Themisto II' 6-max Seat #1 is the button
Seat 1: michasia ($100 in chips) 
Seat 2: kellu567 ($11.50 in chips) 
Seat 3: paul197866 ($92.90 in chips) 
Seat 4: imhungarian8 ($120.02 in chips) 
Seat 5: MaikonAll ($100 in chips) 
Seat 6: ImaPeppaPig ($100 in chips) 
kellu567: posts small blind $0.50
paul197866: posts big blind $1
*** HOLE CARDS ***
imhungarian8: folds 
MaikonAll: folds 
ImaPeppaPig: folds 
michasia: raises $1.80 to $2.80
kellu567: folds 
paul197866: folds 
Uncalled bet ($1.80) returned to michasia
michasia collected $2.50 from pot
michasia: doesn't show hand 
*** SUMMARY ***
Total pot $2.50 | Rake $0 
Seat 1: michasia (button) collected ($2.50)
Seat 2: kellu567 (small blind) folded before Flop
Seat 3: paul197866 (big blind) folded before Flop
Seat 4: imhungarian8 folded before Flop (didn't bet)
Seat 5: MaikonAll folded before Flop (didn't bet)
Seat 6: ImaPeppaPig folded before Flop (didn't bet)



PokerStars Hand #254642670075:  Hold'em No Limit ($0.50/$1.00 USD) - 2025/01/31 21:15:47 WET [2025/01/31 16:15:47 ET]
Table 'Themisto II' 6-max Seat #2 is the button
Seat 1: michasia ($101.50 in chips) 
Seat 2: kellu567 ($11 in chips) 
Seat 3: paul197866 ($91.90 in chips) 
Seat 4: imhungarian8 ($120.02 in chips) 
Seat 5: MaikonAll ($100 in chips) 
Seat 6: ImaPeppaPig ($100 in chips) 
paul197866: posts small blind $0.50
imhungarian8: posts big blind $1
*** HOLE CARDS ***
MaikonAll: folds 
ImaPeppaPig: folds 
michasia: folds 
kellu567: folds 
paul197866: folds 
Uncalled bet ($0.50) returned to imhungarian8
imhungarian8 collected $1 from pot
imhungarian8: doesn't show hand 
*** SUMMARY ***
Total pot $1 | Rake $0 
Seat 1: michasia folded before Flop (didn't bet)
Seat 2: kellu567 (button) folded before Flop (didn't bet)
Seat 3: paul197866 (small blind) folded before Flop
Seat 4: imhungarian8 (big blind) collected ($1)
Seat 5: MaikonAll folded before Flop (didn't bet)
Seat 6: ImaPeppaPig folded before Flop (didn't bet)



PokerStars Hand #254642673559:  Hold'em No Limit ($0.50/$1.00 USD) - 2025/01/31 21:15:58 WET [2025/01/31 16:15:58 ET]
Table 'Themisto II' 6-max Seat #3 is the button
Seat 1: michasia ($101.50 in chips) 
Seat 2: kellu567 ($11 in chips) 
Seat 3: paul197866 ($91.40 in chips) 
Seat 4: imhungarian8 ($120.52 in chips) 
Seat 5: MaikonAll ($100 in chips) 
Seat 6: ImaPeppaPig ($100 in chips) 
imhungarian8: posts small blind $0.50
MaikonAll: posts big blind $1
*** HOLE CARDS ***
ImaPeppaPig: folds 
michasia: folds 
kellu567: calls $1
paul197866: folds 
imhungarian8: raises $4 to $5
MaikonAll: folds 
kellu567: folds 
Uncalled bet ($4) returned to imhungarian8
imhungarian8 collected $3 from pot
imhungarian8: doesn't show hand 
*** SUMMARY ***
Total pot $3 | Rake $0 
Seat 1: michasia folded before Flop (didn't bet)
Seat 2: kellu567 folded before Flop
Seat 3: paul197866 (button) folded before Flop (didn't bet)
Seat 4: imhungarian8 (small blind) collected ($3)
Seat 5: MaikonAll (big blind) folded before Flop
Seat 6: ImaPeppaPig folded before Flop (didn't bet)



PokerStars Hand #254642680927:  Hold'em No Limit ($0.50/$1.00 USD) - 2025/01/31 21:16:20 WET [2025/01/31 16:16:20 ET]
Table 'Themisto II' 6-max Seat #4 is the button
Seat 1: michasia ($101.50 in chips) 
Seat 2: kellu567 ($10 in chips) 
Seat 3: paul197866 ($91.40 in chips) 
Seat 4: imhungarian8 ($122.52 in chips) 
Seat 5: MaikonAll ($100 in chips) 
Seat 6: ImaPeppaPig ($100 in chips) 
MaikonAll: posts small blind $0.50
ImaPeppaPig: posts big blind $1
*** HOLE CARDS ***
michasia: folds 
kellu567: folds 
paul197866: folds 
imhungarian8: raises $1.50 to $2.50
MaikonAll: raises $8.50 to $11
ImaPeppaPig: folds 
imhungarian8: folds 
Uncalled bet ($8.50) returned to MaikonAll
MaikonAll collected $6 from pot
MaikonAll: doesn't show hand 
*** SUMMARY ***
Total pot $6 | Rake $0 
Seat 1: michasia folded before Flop (didn't bet)
Seat 2: kellu567 folded before Flop (didn't bet)
Seat 3: paul197866 folded before Flop (didn't bet)
Seat 4: imhungarian8 (button) folded before Flop
Seat 5: MaikonAll (small blind) collected ($6)
Seat 6: ImaPeppaPig (big blind) folded before Flop



PokerStars Hand #254642694985:  Hold'em No Limit ($0.50/$1.00 USD) - 2025/01/31 21:17:04 WET [2025/01/31 16:17:04 ET]
Table 'Themisto II' 6-max Seat #5 is the button
Seat 1: michasia ($101.50 in chips) 
Seat 2: kellu567 ($10 in chips) 
Seat 3: paul197866 ($91.40 in chips) 
Seat 4: imhungarian8 ($120.02 in chips) 
Seat 5: MaikonAll ($103.50 in chips) 
Seat 6: ImaPeppaPig ($100 in chips) 
ImaPeppaPig: posts small blind $0.50
michasia: posts big blind $1
*** HOLE CARDS ***
kellu567: folds 
paul197866: folds 
imhungarian8: folds 
MaikonAll: raises $1.50 to $2.50
ImaPeppaPig: folds 
michasia: folds 
Uncalled bet ($1.50) returned to MaikonAll
MaikonAll collected $2.50 from pot
MaikonAll: doesn't show hand 
*** SUMMARY ***
Total pot $2.50 | Rake $0 
Seat 1: michasia (big blind) folded before Flop
Seat 2: kellu567 folded before Flop (didn't bet)
Seat 3: paul197866 folded before Flop (didn't bet)
Seat 4: imhungarian8 folded before Flop (didn't bet)
Seat 5: MaikonAll (button) collected ($2.50)
Seat 6: ImaPeppaPig (small blind) folded before Flop



PokerStars Hand #254642700907:  Hold'em No Limit ($0.50/$1.00 USD) - 2025/01/31 21:17:23 WET [2025/01/31 16:17:23 ET]
Table 'Themisto II' 6-max Seat #6 is the button
Seat 1: michasia ($100.50 in chips) 
Seat 2: kellu567 ($10 in chips) 
Seat 3: paul197866 ($91.40 in chips) 
Seat 4: imhungarian8 ($120.02 in chips) 
Seat 5: MaikonAll ($105 in chips) 
Seat 6: ImaPeppaPig ($100 in chips) 
michasia: posts small blind $0.50
kellu567: posts big blind $1
*** HOLE CARDS ***
paul197866: folds 
imhungarian8: raises $1 to $2
MaikonAll: folds 
ImaPeppaPig: raises $5 to $7
michasia: folds 
kellu567: folds 
imhungarian8: folds 
Uncalled bet ($5) returned to ImaPeppaPig
ImaPeppaPig collected $5.50 from pot
ImaPeppaPig: doesn't show hand 
*** SUMMARY ***
Total pot $5.50 | Rake $0 
Seat 1: michasia (small blind) folded before Flop
Seat 2: kellu567 (big blind) folded before Flop
Seat 3: paul197866 folded before Flop (didn't bet)
Seat 4: imhungarian8 folded before Flop
Seat 5: MaikonAll folded before Flop (didn't bet)
Seat 6: ImaPeppaPig (button) collected ($5.50)



PokerStars Hand #254642708744:  Hold'em No Limit ($0.50/$1.00 USD) - 2025/01/31 21:17:48 WET [2025/01/31 16:17:48 ET]
Table 'Themisto II' 6-max Seat #1 is the button
Seat 1: michasia ($100 in chips) 
Seat 2: kellu567 ($9 in chips) 
Seat 3: paul197866 ($91.40 in chips) 
Seat 4: imhungarian8 ($118.02 in chips) 
Seat 5: MaikonAll ($105 in chips) 
Seat 6: ImaPeppaPig ($103.50 in chips) 
kellu567: posts small blind $0.50
paul197866: posts big blind $1
*** HOLE CARDS ***
imhungarian8: folds 
MaikonAll: raises $1.30 to $2.30
ImaPeppaPig: raises $4.70 to $7
michasia: folds 
kellu567: folds 
paul197866: folds 
MaikonAll: folds 
Uncalled bet ($4.70) returned to ImaPeppaPig
ImaPeppaPig collected $6.10 from pot
ImaPeppaPig: doesn't show hand 
*** SUMMARY ***
Total pot $6.10 | Rake $0 
Seat 1: michasia (button) folded before Flop (didn't bet)
Seat 2: kellu567 (small blind) folded before Flop
Seat 3: paul197866 (big blind) folded before Flop
Seat 4: imhungarian8 folded before Flop (didn't bet)
Seat 5: MaikonAll folded before Flop
Seat 6: ImaPeppaPig collected ($6.10)



PokerStars Hand #254642716614:  Hold'em No Limit ($0.50/$1.00 USD) - 2025/01/31 21:18:12 WET [2025/01/31 16:18:12 ET]
Table 'Themisto II' 6-max Seat #2 is the button
Seat 1: michasia ($100 in chips) 
Seat 2: kellu567 ($8.50 in chips) 
Seat 3: paul197866 ($90.40 in chips) 
Seat 4: imhungarian8 ($118.02 in chips) 
Seat 5: MaikonAll ($102.70 in chips) 
Seat 6: ImaPeppaPig ($107.30 in chips) 
paul197866: posts small blind $0.50
imhungarian8: posts big blind $1
*** HOLE CARDS ***
MaikonAll: folds 
ImaPeppaPig: folds 
michasia: raises $1.80 to $2.80
kellu567: folds 
paul197866: folds 
imhungarian8: calls $1.80
*** FLOP *** [8h 3d 7h]
imhungarian8: checks 
michasia: bets $1.91
imhungarian8: folds 
Uncalled bet ($1.91) returned to michasia
michasia collected $5.80 from pot
michasia: doesn't show hand 
*** SUMMARY ***
Total pot $6.10 | Rake $0.30 
Board [8h 3d 7h]
Seat 1: michasia collected ($5.80)
Seat 2: kellu567 (button) folded before Flop (didn't bet)
Seat 3: paul197866 (small blind) folded before Flop
Seat 4: imhungarian8 (big blind) folded on the Flop
Seat 5: MaikonAll folded before Flop (didn't bet)
Seat 6: ImaPeppaPig folded before Flop (didn't bet)



PokerStars Hand #254642728787:  Hold'em No Limit ($0.50/$1.00 USD) - 2025/01/31 21:18:51 WET [2025/01/31 16:18:51 ET]
Table 'Themisto II' 6-max Seat #3 is the button
Seat 1: michasia ($103 in chips) 
Seat 2: kellu567 ($8.50 in chips) 
Seat 3: paul197866 ($89.90 in chips) 
Seat 4: imhungarian8 ($115.22 in chips) 
Seat 5: MaikonAll ($102.70 in chips) 
Seat 6: ImaPeppaPig ($107.30 in chips) 
imhungarian8: posts small blind $0.50
MaikonAll: posts big blind $1
*** HOLE CARDS ***
ImaPeppaPig: folds 
michasia: folds 
kellu567 is disconnected 
kellu567 is connected 
kellu567: raises $7.50 to $8.50 and is all-in
paul197866: folds 
imhungarian8: folds 
MaikonAll: folds 
Uncalled bet ($7.50) returned to kellu567
kellu567 collected $2.50 from pot
*** SUMMARY ***
Total pot $2.50 | Rake $0 
Seat 1: michasia folded before Flop (didn't bet)
Seat 2: kellu567 collected ($2.50)
Seat 3: paul197866 (button) folded before Flop (didn't bet)
Seat 4: imhungarian8 (small blind) folded before Flop
Seat 5: MaikonAll (big blind) folded before Flop
Seat 6: ImaPeppaPig folded before Flop (didn't bet)



PokerStars Hand #254642737700:  Hold'em No Limit ($0.50/$1.00 USD) - 2025/01/31 21:19:19 WET [2025/01/31 16:19:19 ET]
Table 'Themisto II' 6-max Seat #4 is the button
Seat 1: michasia ($103 in chips) 
Seat 2: kellu567 ($10 in chips) 
Seat 3: paul197866 ($89.90 in chips) 
Seat 4: imhungarian8 ($114.72 in chips) 
Seat 5: MaikonAll ($101.70 in chips) 
Seat 6: ImaPeppaPig ($107.30 in chips) 
MaikonAll: posts small blind $0.50
ImaPeppaPig: posts big blind $1
*** HOLE CARDS ***
michasia: folds 
kellu567: folds 
paul197866: calls $1
imhungarian8: folds 
MaikonAll: folds 
ImaPeppaPig: checks 
*** FLOP *** [2h 9c 6h]
ImaPeppaPig: checks 
paul197866: bets $2.38
ImaPeppaPig: calls $2.38
*** TURN *** [2h 9c 6h] [8c]
ImaPeppaPig: checks 
paul197866: bets $6.90
ImaPeppaPig: folds 
Uncalled bet ($6.90) returned to paul197866
paul197866 collected $6.90 from pot
*** SUMMARY ***
Total pot $7.26 | Rake $0.36 
Board [2h 9c 6h 8c]
Seat 1: michasia folded before Flop (didn't bet)
Seat 2: kellu567 folded before Flop (didn't bet)
Seat 3: paul197866 collected ($6.90)
Seat 4: imhungarian8 (button) folded before Flop (didn't bet)
Seat 5: MaikonAll (small blind) folded before Flop
Seat 6: ImaPeppaPig (big blind) folded on the Turn



PokerStars Hand #254642746342:  Hold'em No Limit ($0.50/$1.00 USD) - 2025/01/31 21:19:46 WET [2025/01/31 16:19:46 ET]
Table 'Themisto II' 6-max Seat #5 is the button
Seat 1: michasia ($103 in chips) 
Seat 2: kellu567 ($10 in chips) 
Seat 3: paul197866 ($93.42 in chips) 
Seat 4: imhungarian8 ($114.72 in chips) 
Seat 5: MaikonAll ($101.20 in chips) 
Seat 6: ImaPeppaPig ($103.92 in chips) 
ImaPeppaPig: posts small blind $0.50
michasia: posts big blind $1
*** HOLE CARDS ***
kellu567: folds 
paul197866: folds 
imhungarian8: folds 
MaikonAll: folds 
ImaPeppaPig: folds 
Uncalled bet ($0.50) returned to michasia
michasia collected $1 from pot
michasia: doesn't show hand 
*** SUMMARY ***
Total pot $1 | Rake $0 
Seat 1: michasia (big blind) collected ($1)
Seat 2: kellu567 folded before Flop (didn't bet)
Seat 3: paul197866 folded before Flop (didn't bet)
Seat 4: imhungarian8 folded before Flop (didn't bet)
Seat 5: MaikonAll (button) folded before Flop (didn't bet)
Seat 6: ImaPeppaPig (small blind) folded before Flop



PokerStars Hand #254642752540:  Hold'em No Limit ($0.50/$1.00 USD) - 2025/01/31 21:20:05 WET [2025/01/31 16:20:05 ET]
Table 'Themisto II' 6-max Seat #6 is the button
Seat 1: michasia ($103.50 in chips) 
Seat 2: kellu567 ($10 in chips) 
Seat 3: paul197866 ($93.42 in chips) 
Seat 4: imhungarian8 ($114.72 in chips) 
Seat 5: MaikonAll ($101.20 in chips) 
Seat 6: ImaPeppaPig ($103.42 in chips) 
michasia: posts small blind $0.50
kellu567: posts big blind $1
*** HOLE CARDS ***
paul197866: calls $1
imhungarian8: folds 
MaikonAll has timed out
MaikonAll: folds 
ImaPeppaPig: folds 
michasia: calls $0.50
kellu567: checks 
*** FLOP *** [4h Ad 2d]
michasia: checks 
kellu567: bets $2
paul197866: calls $2
michasia: folds 
*** TURN *** [4h Ad 2d] [8s]
kellu567: bets $7 and is all-in
paul197866: calls $7
*** RIVER *** [4h Ad 2d 8s] [7h]
*** SHOW DOWN ***
kellu567: shows [Qh 6c] (high card Ace)
paul197866: shows [Ts Ah] (a pair of Aces)
paul197866 collected $19.95 from pot
*** SUMMARY ***
Total pot $21 | Rake $1.05 
Board [4h Ad 2d 8s 7h]
Seat 1: michasia (small blind) folded on the Flop
Seat 2: kellu567 (big blind) showed [Qh 6c] and lost with high card Ace
Seat 3: paul197866 showed [Ts Ah] and won ($19.95) with a pair of Aces
Seat 4: imhungarian8 folded before Flop (didn't bet)
Seat 5: MaikonAll folded before Flop (didn't bet)
Seat 6: ImaPeppaPig (button) folded before Flop (didn't bet)



PokerStars Hand #254642774619:  Hold'em No Limit ($0.50/$1.00 USD) - 2025/01/31 21:21:15 WET [2025/01/31 16:21:15 ET]
Table 'Themisto II' 6-max Seat #1 is the button
Seat 2: kellu567 ($0 in chips) is sitting out
Seat 1: michasia ($102.50 in chips) 
Seat 3: paul197866 ($103.37 in chips) 
Seat 4: imhungarian8 ($114.72 in chips) 
Seat 5: MaikonAll ($101.20 in chips) 
Seat 6: ImaPeppaPig ($103.42 in chips) 
paul197866: posts small blind $0.50
imhungarian8: posts big blind $1
*** HOLE CARDS ***
MaikonAll: raises $1.30 to $2.30
ImaPeppaPig: folds 
michasia: folds 
paul197866: folds 
imhungarian8: calls $1.30
*** FLOP *** [4c 4h 8c]
imhungarian8: checks 
MaikonAll: checks 
*** TURN *** [4c 4h 8c] [3c]
imhungarian8: bets $1.45
MaikonAll: folds 
Uncalled bet ($1.45) returned to imhungarian8
imhungarian8 collected $4.84 from pot
imhungarian8: doesn't show hand 
*** SUMMARY ***
Total pot $5.10 | Rake $0.26 
Board [4c 4h 8c 3c]
Seat 2: kellu567
Seat 1: michasia (button) folded before Flop (didn't bet)
Seat 3: paul197866 (small blind) folded before Flop
Seat 4: imhungarian8 (big blind) collected ($4.84)
Seat 5: MaikonAll folded on the Turn
Seat 6: ImaPeppaPig folded before Flop (didn't bet)



PokerStars Hand #254642789362:  Hold'em No Limit ($0.50/$1.00 USD) - 2025/01/31 21:22:02 WET [2025/01/31 16:22:02 ET]
Table 'Themisto II' 6-max Seat #3 is the button
Seat 2: kellu567 ($0 in chips) is sitting out
Seat 1: michasia ($102.50 in chips) 
Seat 3: paul197866 ($102.87 in chips) 
Seat 4: imhungarian8 ($117.26 in chips) 
Seat 5: MaikonAll ($100 in chips) 
Seat 6: ImaPeppaPig ($103.42 in chips) 
imhungarian8: posts small blind $0.50
MaikonAll: posts big blind $1
*** HOLE CARDS ***
ImaPeppaPig: folds 
michasia: folds 
paul197866: folds 
imhungarian8: folds 
Uncalled bet ($0.50) returned to MaikonAll
MaikonAll collected $1 from pot
MaikonAll: doesn't show hand 
*** SUMMARY ***
Total pot $1 | Rake $0 
Seat 2: kellu567
Seat 1: michasia folded before Flop (didn't bet)
Seat 3: paul197866 (button) folded before Flop (didn't bet)
Seat 4: imhungarian8 (small blind) folded before Flop
Seat 5: MaikonAll (big blind) collected ($1)
Seat 6: ImaPeppaPig folded before Flop (didn't bet)



PokerStars Hand #254642792211:  Hold'em No Limit ($0.50/$1.00 USD) - 2025/01/31 21:22:11 WET [2025/01/31 16:22:11 ET]
Table 'Themisto II' 6-max Seat #4 is the button
Seat 2: kellu567 ($0 in chips) is sitting out
Seat 1: michasia ($102.50 in chips) 
Seat 3: paul197866 ($102.87 in chips) 
Seat 4: imhungarian8 ($116.76 in chips) 
Seat 5: MaikonAll ($100.50 in chips) 
Seat 6: ImaPeppaPig ($103.42 in chips) 
MaikonAll: posts small blind $0.50
ImaPeppaPig: posts big blind $1
*** HOLE CARDS ***
michasia: folds 
paul197866: calls $1
imhungarian8: raises $3 to $4
MaikonAll: folds 
ImaPeppaPig: raises $12 to $16
paul197866: folds 
imhungarian8: raises $100.76 to $116.76 and is all-in
ImaPeppaPig: calls $87.42 and is all-in
Uncalled bet ($13.34) returned to imhungarian8
*** FLOP *** [6c 2h Qd]
*** TURN *** [6c 2h Qd] [Qs]
*** RIVER *** [6c 2h Qd Qs] [5s]
*** SHOW DOWN ***
ImaPeppaPig: shows [Ac Ah] (two pair, Aces and Queens)
imhungarian8: shows [Kd Ad] (a pair of Queens)
ImaPeppaPig collected $205.84 from pot
*** SUMMARY ***
Total pot $208.34 | Rake $2.50 
Board [6c 2h Qd Qs 5s]
Seat 2: kellu567
Seat 1: michasia folded before Flop (didn't bet)
Seat 3: paul197866 folded before Flop
Seat 4: imhungarian8 (button) showed [Kd Ad] and lost with a pair of Queens
Seat 5: MaikonAll (small blind) folded before Flop
Seat 6: ImaPeppaPig (big blind) showed [Ac Ah] and won ($205.84) with two pair, Aces and Queens



PokerStars Hand #254642807304:  Hold'em No Limit ($0.50/$1.00 USD) - 2025/01/31 21:22:59 WET [2025/01/31 16:22:59 ET]
Table 'Themisto II' 6-max Seat #5 is the button
Seat 2: kellu567 ($0 in chips) is sitting out
Seat 1: michasia ($102.50 in chips) 
Seat 3: paul197866 ($101.87 in chips) 
Seat 4: imhungarian8 ($100 in chips) 
Seat 5: MaikonAll ($100 in chips) 
Seat 6: ImaPeppaPig ($205.84 in chips) 
ImaPeppaPig: posts small blind $0.50
michasia: posts big blind $1
*** HOLE CARDS ***
paul197866: folds 
imhungarian8: folds 
MaikonAll: raises $1.50 to $2.50
ImaPeppaPig: raises $8.50 to $11
michasia: folds 
MaikonAll: calls $8.50
*** FLOP *** [Kh 8s 9c]
ImaPeppaPig: bets $6.77
MaikonAll: calls $6.77
*** TURN *** [Kh 8s 9c] [As]
ImaPeppaPig: bets $12
MaikonAll: calls $12
*** RIVER *** [Kh 8s 9c As] [Qs]
ImaPeppaPig: checks 
MaikonAll: bets $70.23 and is all-in
ImaPeppaPig: calls $70.23
*** SHOW DOWN ***
MaikonAll: shows [6s 5s] (a flush, Ace high)
ImaPeppaPig: shows [9d 9s] (three of a kind, Nines)
MaikonAll collected $198.50 from pot
*** SUMMARY ***
Total pot $201 | Rake $2.50 
Board [Kh 8s 9c As Qs]
Seat 2: kellu567
Seat 1: michasia (big blind) folded before Flop
Seat 3: paul197866 folded before Flop (didn't bet)
Seat 4: imhungarian8 folded before Flop (didn't bet)
Seat 5: MaikonAll (button) showed [6s 5s] and won ($198.50) with a flush, Ace high
Seat 6: ImaPeppaPig (small blind) showed [9d 9s] and lost with three of a kind, Nines



PokerStars Hand #254642839444:  Hold'em No Limit ($0.50/$1.00 USD) - 2025/01/31 21:24:41 WET [2025/01/31 16:24:41 ET]
Table 'Themisto II' 6-max Seat #6 is the button
Seat 2: kellu567 ($0 in chips) is sitting out
Seat 1: michasia ($101.50 in chips) 
Seat 3: paul197866 ($101.87 in chips) 
Seat 4: imhungarian8 ($100 in chips) 
Seat 5: MaikonAll ($198.50 in chips) 
Seat 6: ImaPeppaPig ($105.84 in chips) 
michasia: posts small blind $0.50
paul197866: posts big blind $1
*** HOLE CARDS ***
imhungarian8: folds 
MaikonAll: folds 
ImaPeppaPig: folds 
michasia: raises $2 to $3
paul197866: calls $2
*** FLOP *** [3d 5h 6h]
michasia: checks 
paul197866: bets $5.70
michasia: folds 
Uncalled bet ($5.70) returned to paul197866
paul197866 collected $5.70 from pot
*** SUMMARY ***
Total pot $6 | Rake $0.30 
Board [3d 5h 6h]
Seat 2: kellu567
Seat 1: michasia (small blind) folded on the Flop
Seat 3: paul197866 (big blind) collected ($5.70)
Seat 4: imhungarian8 folded before Flop (didn't bet)
Seat 5: MaikonAll folded before Flop (didn't bet)
Seat 6: ImaPeppaPig (button) folded before Flop (didn't bet)



PokerStars Hand #254642847513:  Hold'em No Limit ($0.50/$1.00 USD) - 2025/01/31 21:25:07 WET [2025/01/31 16:25:07 ET]
Table 'Themisto II' 6-max Seat #1 is the button
Seat 2: kellu567 ($0 in chips) is sitting out
Seat 1: michasia ($100 in chips) 
Seat 3: paul197866 ($104.57 in chips) 
Seat 4: imhungarian8 ($100 in chips) 
Seat 5: MaikonAll ($198.50 in chips) 
Seat 6: ImaPeppaPig ($105.84 in chips) 
paul197866: posts small blind $0.50
imhungarian8: posts big blind $1
*** HOLE CARDS ***
MaikonAll: folds 
ImaPeppaPig: folds 
michasia: folds 
paul197866: folds 
Uncalled bet ($0.50) returned to imhungarian8
imhungarian8 collected $1 from pot
imhungarian8: doesn't show hand 
*** SUMMARY ***
Total pot $1 | Rake $0 
Seat 2: kellu567
Seat 1: michasia (button) folded before Flop (didn't bet)
Seat 3: paul197866 (small blind) folded before Flop
Seat 4: imhungarian8 (big blind) collected ($1)
Seat 5: MaikonAll folded before Flop (didn't bet)
Seat 6: ImaPeppaPig folded before Flop (didn't bet)



PokerStars Hand #254642850819:  Hold'em No Limit ($0.50/$1.00 USD) - 2025/01/31 21:25:18 WET [2025/01/31 16:25:18 ET]
Table 'Themisto II' 6-max Seat #3 is the button
Seat 2: kellu567 ($0 in chips) is sitting out
Seat 1: michasia ($100 in chips) 
Seat 3: paul197866 ($104.07 in chips) 
Seat 4: imhungarian8 ($100.50 in chips) 
Seat 5: MaikonAll ($198.50 in chips) 
Seat 6: ImaPeppaPig ($105.84 in chips) 
imhungarian8: posts small blind $0.50
MaikonAll: posts big blind $1
*** HOLE CARDS ***
ImaPeppaPig: folds 
michasia: folds 
paul197866: folds 
imhungarian8: raises $2 to $3
MaikonAll: calls $2
*** FLOP *** [2d Qh 3d]
imhungarian8: checks 
MaikonAll: checks 
*** TURN *** [2d Qh 3d] [Ad]
imhungarian8: bets $2.85
MaikonAll: calls $2.85
*** RIVER *** [2d Qh 3d Ad] [9s]
imhungarian8: bets $8.34
MaikonAll: calls $8.34
*** SHOW DOWN ***
imhungarian8: shows [3c Ah] (two pair, Aces and Threes)
MaikonAll: mucks hand 
imhungarian8 collected $26.96 from pot
*** SUMMARY ***
Total pot $28.38 | Rake $1.42 
Board [2d Qh 3d Ad 9s]
Seat 2: kellu567
Seat 1: michasia folded before Flop (didn't bet)
Seat 3: paul197866 (button) folded before Flop (didn't bet)
Seat 4: imhungarian8 (small blind) showed [3c Ah] and won ($26.96) with two pair, Aces and Threes
Seat 5: MaikonAll (big blind) mucked
Seat 6: ImaPeppaPig folded before Flop (didn't bet)



PokerStars Hand #254642872496:  Hold'em No Limit ($0.50/$1.00 USD) - 2025/01/31 21:26:27 WET [2025/01/31 16:26:27 ET]
Table 'Themisto II' 6-max Seat #4 is the button
Seat 2: kellu567 ($0 in chips) is sitting out
Seat 1: michasia ($100 in chips) 
Seat 3: paul197866 ($104.07 in chips) 
Seat 4: imhungarian8 ($113.27 in chips) 
Seat 5: MaikonAll ($184.31 in chips) 
Seat 6: ImaPeppaPig ($105.84 in chips) 
MaikonAll: posts small blind $0.50
ImaPeppaPig: posts big blind $1
*** HOLE CARDS ***
michasia: folds 
paul197866: folds 
imhungarian8: folds 
MaikonAll: folds 
Uncalled bet ($0.50) returned to ImaPeppaPig
ImaPeppaPig collected $1 from pot
ImaPeppaPig: doesn't show hand 
*** SUMMARY ***
Total pot $1 | Rake $0 
Seat 2: kellu567
Seat 1: michasia folded before Flop (didn't bet)
Seat 3: paul197866 folded before Flop (didn't bet)
Seat 4: imhungarian8 (button) folded before Flop (didn't bet)
Seat 5: MaikonAll (small blind) folded before Flop
Seat 6: ImaPeppaPig (big blind) collected ($1)



PokerStars Hand #254642876676:  Hold'em No Limit ($0.50/$1.00 USD) - 2025/01/31 21:26:41 WET [2025/01/31 16:26:41 ET]
Table 'Themisto II' 6-max Seat #5 is the button
Seat 1: michasia ($100 in chips) is sitting out
Seat 2: kellu567 ($0 in chips) is sitting out
Seat 3: paul197866 ($104.07 in chips) 
Seat 4: imhungarian8 ($113.27 in chips) 
Seat 5: MaikonAll ($183.81 in chips) 
Seat 6: ImaPeppaPig ($106.34 in chips) 
ImaPeppaPig: posts small blind $0.50
michasia: is sitting out 
paul197866: posts big blind $1
*** HOLE CARDS ***
michasia leaves the table
beshece11harf joins the table at seat #1 
imhungarian8: folds 
MaikonAll: raises $1.50 to $2.50
ImaPeppaPig: folds 
paul197866: folds 
Uncalled bet ($1.50) returned to MaikonAll
MaikonAll collected $2.50 from pot
MaikonAll: doesn't show hand 
*** SUMMARY ***
Total pot $2.50 | Rake $0 
Seat 1: michasia
Seat 2: kellu567
Seat 3: paul197866 (big blind) folded before Flop
Seat 4: imhungarian8 folded before Flop (didn't bet)
Seat 5: MaikonAll (button) collected ($2.50)
Seat 6: ImaPeppaPig (small blind) folded before Flop



PokerStars Hand #254642883283:  Hold'em No Limit ($0.50/$1.00 USD) - 2025/01/31 21:27:02 WET [2025/01/31 16:27:02 ET]
Table 'Themisto II' 6-max Seat #6 is the button
Seat 1: beshece11harf ($100 in chips) is sitting out
Seat 2: kellu567 ($0 in chips) is sitting out
Seat 3: paul197866 ($103.07 in chips) 
Seat 4: imhungarian8 ($113.27 in chips) 
Seat 5: MaikonAll ($185.31 in chips) 
Seat 6: ImaPeppaPig ($105.84 in chips) 
paul197866: posts small blind $0.50
imhungarian8: posts big blind $1
*** HOLE CARDS ***
MaikonAll: folds 
ImaPeppaPig: raises $1.50 to $2.50
paul197866: folds 
imhungarian8: raises $9.50 to $12
ImaPeppaPig: folds 
Uncalled bet ($9.50) returned to imhungarian8
imhungarian8 collected $5.50 from pot
imhungarian8: doesn't show hand 
*** SUMMARY ***
Total pot $5.50 | Rake $0 
Seat 1: beshece11harf
Seat 2: kellu567
Seat 3: paul197866 (small blind) folded before Flop
Seat 4: imhungarian8 (big blind) collected ($5.50)
Seat 5: MaikonAll folded before Flop (didn't bet)
Seat 6: ImaPeppaPig (button) folded before Flop



PokerStars Hand #254642889884:  Hold'em No Limit ($0.50/$1.00 USD) - 2025/01/31 21:27:23 WET [2025/01/31 16:27:23 ET]
Table 'Themisto II' 6-max Seat #3 is the button
Seat 1: beshece11harf ($100 in chips) is sitting out
Seat 2: kellu567 ($0 in chips) is sitting out
Seat 3: paul197866 ($102.57 in chips) 
Seat 4: imhungarian8 ($116.27 in chips) 
Seat 5: MaikonAll ($185.31 in chips) 
Seat 6: ImaPeppaPig ($103.34 in chips) 
imhungarian8: posts small blind $0.50
MaikonAll: posts big blind $1
beshece11harf: sits out 
*** HOLE CARDS ***
ImaPeppaPig: folds 
paul197866: calls $1
imhungarian8: folds 
MaikonAll: raises $4 to $5
paul197866: calls $4
*** FLOP *** [7c 7h 3d]
MaikonAll: bets $2.50
paul197866: calls $2.50
*** TURN *** [7c 7h 3d] [Jc]
MaikonAll: bets $11.03
paul197866: calls $11.03
*** RIVER *** [7c 7h 3d Jc] [9h]
MaikonAll: checks 
paul197866: checks 
*** SHOW DOWN ***
MaikonAll: shows [9s 8s] (two pair, Nines and Sevens)
paul197866: shows [Ac Ad] (two pair, Aces and Sevens)
paul197866 collected $36.56 from pot
*** SUMMARY ***
Total pot $37.56 | Rake $1 
Board [7c 7h 3d Jc 9h]
Seat 1: beshece11harf
Seat 2: kellu567
Seat 3: paul197866 (button) showed [Ac Ad] and won ($36.56) with two pair, Aces and Sevens
Seat 4: imhungarian8 (small blind) folded before Flop
Seat 5: MaikonAll (big blind) showed [9s 8s] and lost with two pair, Nines and Sevens
Seat 6: ImaPeppaPig folded before Flop (didn't bet)



PokerStars Hand #254642911850:  Hold'em No Limit ($0.50/$1.00 USD) - 2025/01/31 21:28:33 WET [2025/01/31 16:28:33 ET]
Table 'Themisto II' 6-max Seat #4 is the button
Seat 1: beshece11harf ($100 in chips) is sitting out
Seat 2: kellu567 ($0 in chips) is sitting out
Seat 3: paul197866 ($120.60 in chips) 
Seat 4: imhungarian8 ($115.77 in chips) 
Seat 5: MaikonAll ($166.78 in chips) 
Seat 6: ImaPeppaPig ($103.34 in chips) 
MaikonAll: posts small blind $0.50
ImaPeppaPig: posts big blind $1
beshece11harf: sits out 
*** HOLE CARDS ***
paul197866: calls $1
imhungarian8: folds 
MaikonAll: raises $4 to $5
ImaPeppaPig: folds 
paul197866: folds 
Uncalled bet ($4) returned to MaikonAll
MaikonAll collected $3 from pot
MaikonAll: doesn't show hand 
*** SUMMARY ***
Total pot $3 | Rake $0 
Seat 1: beshece11harf
Seat 2: kellu567
Seat 3: paul197866 folded before Flop
Seat 4: imhungarian8 (button) folded before Flop (didn't bet)
Seat 5: MaikonAll (small blind) collected ($3)
Seat 6: ImaPeppaPig (big blind) folded before Flop



PokerStars Hand #254642921251:  Hold'em No Limit ($0.50/$1.00 USD) - 2025/01/31 21:29:03 WET [2025/01/31 16:29:03 ET]
Table 'Themisto II' 6-max Seat #5 is the button
Seat 2: kellu567 ($0 in chips) is sitting out
Seat 1: beshece11harf ($100 in chips) 
Seat 3: paul197866 ($119.60 in chips) 
Seat 4: imhungarian8 ($115.77 in chips) 
Seat 5: MaikonAll ($168.78 in chips) 
Seat 6: ImaPeppaPig ($102.34 in chips) 
ImaPeppaPig: posts small blind $0.50
beshece11harf: posts big blind $1
*** HOLE CARDS ***
paul197866: folds 
imhungarian8: folds 
MaikonAll: folds 
ImaPeppaPig: folds 
Uncalled bet ($0.50) returned to beshece11harf
beshece11harf collected $1 from pot
beshece11harf: doesn't show hand 
*** SUMMARY ***
Total pot $1 | Rake $0 
Seat 2: kellu567
Seat 1: beshece11harf (big blind) collected ($1)
Seat 3: paul197866 folded before Flop (didn't bet)
Seat 4: imhungarian8 folded before Flop (didn't bet)
Seat 5: MaikonAll (button) folded before Flop (didn't bet)
Seat 6: ImaPeppaPig (small blind) folded before Flop



PokerStars Hand #254642927093:  Hold'em No Limit ($0.50/$1.00 USD) - 2025/01/31 21:29:23 WET [2025/01/31 16:29:23 ET]
Table 'Themisto II' 6-max Seat #6 is the button
Seat 2: kellu567 ($0 in chips) is sitting out
Seat 1: beshece11harf ($100.50 in chips) 
Seat 3: paul197866 ($119.60 in chips) 
Seat 4: imhungarian8 ($115.77 in chips) 
Seat 5: MaikonAll ($168.78 in chips) 
Seat 6: ImaPeppaPig ($101.84 in chips) 
beshece11harf: posts small blind $0.50
paul197866: posts big blind $1
*** HOLE CARDS ***
imhungarian8: folds 
MaikonAll: folds 
ImaPeppaPig: folds 
beshece11harf: raises $2 to $3
paul197866: folds 
Uncalled bet ($2) returned to beshece11harf
beshece11harf collected $2 from pot
kellu567 leaves the table
beshece11harf: doesn't show hand 
*** SUMMARY ***
Total pot $2 | Rake $0 
Seat 2: kellu567
Seat 1: beshece11harf (small blind) collected ($2)
Seat 3: paul197866 (big blind) folded before Flop
Seat 4: imhungarian8 folded before Flop (didn't bet)
Seat 5: MaikonAll folded before Flop (didn't bet)
Seat 6: ImaPeppaPig (button) folded before Flop (didn't bet)



PokerStars Hand #254642933179:  Hold'em No Limit ($0.50/$1.00 USD) - 2025/01/31 21:29:42 WET [2025/01/31 16:29:42 ET]
Table 'Themisto II' 6-max Seat #1 is the button
Seat 1: beshece11harf ($101.50 in chips) 
Seat 3: paul197866 ($118.60 in chips) 
Seat 4: imhungarian8 ($115.77 in chips) 
Seat 5: MaikonAll ($168.78 in chips) 
Seat 6: ImaPeppaPig ($101.84 in chips) 
paul197866: posts small blind $0.50
imhungarian8: posts big blind $1
*** HOLE CARDS ***
MaikonAll: folds 
ImaPeppaPig: folds 
zhino joins the table at seat #2 
beshece11harf: raises $1.50 to $2.50
paul197866: calls $2
imhungarian8: folds 
*** FLOP *** [3s Js 9s]
paul197866: checks 
beshece11harf: checks 
*** TURN *** [3s Js 9s] [2h]
paul197866: bets $5.70
beshece11harf: folds 
Uncalled bet ($5.70) returned to paul197866
paul197866 collected $5.70 from pot
*** SUMMARY ***
Total pot $6 | Rake $0.30 
Board [3s Js 9s 2h]
Seat 1: beshece11harf (button) folded on the Turn
Seat 3: paul197866 (small blind) collected ($5.70)
Seat 4: imhungarian8 (big blind) folded before Flop
Seat 5: MaikonAll folded before Flop (didn't bet)
Seat 6: ImaPeppaPig folded before Flop (didn't bet)



PokerStars Hand #254642958209:  Hold'em No Limit ($0.50/$1.00 USD) - 2025/01/31 21:31:02 WET [2025/01/31 16:31:02 ET]
Table 'Themisto II' 6-max Seat #3 is the button
Seat 2: zhino ($100 in chips) is sitting out
Seat 1: beshece11harf ($100 in chips) 
Seat 3: paul197866 ($121.80 in chips) 
Seat 4: imhungarian8 ($114.77 in chips) 
Seat 5: MaikonAll ($168.78 in chips) 
Seat 6: ImaPeppaPig ($101.84 in chips) 
imhungarian8: posts small blind $0.50
MaikonAll: posts big blind $1
zhino: sits out 
*** HOLE CARDS ***
ImaPeppaPig: folds 
beshece11harf: folds 
paul197866: calls $1
imhungarian8: folds 
MaikonAll: checks 
*** FLOP *** [Tc Qs 3h]
MaikonAll: checks 
paul197866: bets $2
MaikonAll: folds 
Uncalled bet ($2) returned to paul197866
paul197866 collected $2.38 from pot
*** SUMMARY ***
Total pot $2.50 | Rake $0.12 
Board [Tc Qs 3h]
Seat 2: zhino
Seat 1: beshece11harf folded before Flop (didn't bet)
Seat 3: paul197866 (button) collected ($2.38)
Seat 4: imhungarian8 (small blind) folded before Flop
Seat 5: MaikonAll (big blind) folded on the Flop
Seat 6: ImaPeppaPig folded before Flop (didn't bet)



PokerStars Hand #254642978765:  Hold'em No Limit ($0.50/$1.00 USD) - 2025/01/31 21:32:08 WET [2025/01/31 16:32:08 ET]
Table 'Themisto II' 6-max Seat #4 is the button
Seat 2: zhino ($100 in chips) is sitting out
Seat 1: beshece11harf ($100 in chips) 
Seat 3: paul197866 ($123.18 in chips) 
Seat 4: imhungarian8 ($114.27 in chips) 
Seat 5: MaikonAll ($167.78 in chips) 
Seat 6: ImaPeppaPig ($101.84 in chips) 
MaikonAll: posts small blind $0.50
ImaPeppaPig: posts big blind $1
zhino: sits out 
*** HOLE CARDS ***
beshece11harf: raises $1 to $2
paul197866: folds 
imhungarian8: folds 
MaikonAll: folds 
ImaPeppaPig: calls $1
*** FLOP *** [5d Jc Ts]
ImaPeppaPig: checks 
beshece11harf: bets $2.14
ImaPeppaPig: calls $2.14
*** TURN *** [5d Jc Ts] [Qd]
ImaPeppaPig: checks 
beshece11harf: bets $8.50
ImaPeppaPig: calls $8.50
*** RIVER *** [5d Jc Ts Qd] [Qs]
ImaPeppaPig: checks 
beshece11harf: bets $24.50
ImaPeppaPig: calls $24.50
*** SHOW DOWN ***
beshece11harf: shows [5c 5s] (a full house, Fives full of Queens)
ImaPeppaPig: mucks hand 
beshece11harf collected $72.28 from pot
*** SUMMARY ***
Total pot $74.78 | Rake $2.50 
Board [5d Jc Ts Qd Qs]
Seat 2: zhino
Seat 1: beshece11harf showed [5c 5s] and won ($72.28) with a full house, Fives full of Queens
Seat 3: paul197866 folded before Flop (didn't bet)
Seat 4: imhungarian8 (button) folded before Flop (didn't bet)
Seat 5: MaikonAll (small blind) folded before Flop
Seat 6: ImaPeppaPig (big blind) mucked



PokerStars Hand #254642999641:  Hold'em No Limit ($0.50/$1.00 USD) - 2025/01/31 21:33:16 WET [2025/01/31 16:33:16 ET]
Table 'Themisto II' 6-max Seat #5 is the button
Seat 2: zhino ($100 in chips) is sitting out
Seat 1: beshece11harf ($135.14 in chips) 
Seat 3: paul197866 ($123.18 in chips) 
Seat 4: imhungarian8 ($114.27 in chips) 
Seat 5: MaikonAll ($167.28 in chips) 
Seat 6: ImaPeppaPig ($100 in chips) 
ImaPeppaPig: posts small blind $0.50
beshece11harf: posts big blind $1
zhino: sits out 
*** HOLE CARDS ***
paul197866 is disconnected 
paul197866 has timed out while disconnected
paul197866: folds 
imhungarian8: folds 
MaikonAll: folds 
ImaPeppaPig: folds 
Uncalled bet ($0.50) returned to beshece11harf
beshece11harf collected $1 from pot
beshece11harf: doesn't show hand 
*** SUMMARY ***
Total pot $1 | Rake $0 
Seat 2: zhino
Seat 1: beshece11harf (big blind) collected ($1)
Seat 3: paul197866 folded before Flop (didn't bet)
Seat 4: imhungarian8 folded before Flop (didn't bet)
Seat 5: MaikonAll (button) folded before Flop (didn't bet)
Seat 6: ImaPeppaPig (small blind) folded before Flop



PokerStars Hand #254643011008:  Hold'em No Limit ($0.50/$1.00 USD) - 2025/01/31 21:33:53 WET [2025/01/31 16:33:53 ET]
Table 'Themisto II' 6-max Seat #6 is the button
Seat 3: paul197866 ($123.18 in chips) is sitting out
Seat 1: beshece11harf ($135.64 in chips) 
Seat 2: zhino ($100 in chips) 
Seat 4: imhungarian8 ($114.27 in chips) 
Seat 5: MaikonAll ($167.28 in chips) 
Seat 6: ImaPeppaPig ($100 in chips) 
beshece11harf: posts small blind $0.50
zhino: posts big blind $1
*** HOLE CARDS ***
imhungarian8: raises $1 to $2
MaikonAll: folds 
ImaPeppaPig: folds 
beshece11harf: folds 
zhino: folds 
Uncalled bet ($1) returned to imhungarian8
imhungarian8 collected $2.50 from pot
imhungarian8: doesn't show hand 
*** SUMMARY ***
Total pot $2.50 | Rake $0 
Seat 3: paul197866
Seat 1: beshece11harf (small blind) folded before Flop
Seat 2: zhino (big blind) folded before Flop
Seat 4: imhungarian8 collected ($2.50)
Seat 5: MaikonAll folded before Flop (didn't bet)
Seat 6: ImaPeppaPig (button) folded before Flop (didn't bet)



PokerStars Hand #254643018976:  Hold'em No Limit ($0.50/$1.00 USD) - 2025/01/31 21:34:18 WET [2025/01/31 16:34:18 ET]
Table 'Themisto II' 6-max Seat #1 is the button
Seat 1: beshece11harf ($135.14 in chips) 
Seat 2: zhino ($100 in chips) 
Seat 3: paul197866 ($123.18 in chips) 
Seat 4: imhungarian8 ($115.77 in chips) 
Seat 5: MaikonAll ($167.28 in chips) 
Seat 6: ImaPeppaPig ($100 in chips) 
zhino: posts small blind $0.50
paul197866: posts big blind $1
*** HOLE CARDS ***
imhungarian8: raises $1 to $2
MaikonAll: folds 
ImaPeppaPig: raises $5 to $7
beshece11harf: folds 
zhino: folds 
paul197866 is disconnected 
paul197866 has timed out while disconnected
paul197866: folds 
imhungarian8: folds 
Uncalled bet ($5) returned to ImaPeppaPig
ImaPeppaPig collected $5.50 from pot
ImaPeppaPig: doesn't show hand 
*** SUMMARY ***
Total pot $5.50 | Rake $0 
Seat 1: beshece11harf (button) folded before Flop (didn't bet)
Seat 2: zhino (small blind) folded before Flop
Seat 3: paul197866 (big blind) folded before Flop
Seat 4: imhungarian8 folded before Flop
Seat 5: MaikonAll folded before Flop (didn't bet)
Seat 6: ImaPeppaPig collected ($5.50)



PokerStars Hand #254643051095:  Hold'em No Limit ($0.50/$1.00 USD) - 2025/01/31 21:36:02 WET [2025/01/31 16:36:02 ET]
Table 'Themisto II' 6-max Seat #2 is the button
Seat 3: paul197866 ($122.18 in chips) is sitting out
Seat 1: beshece11harf ($135.14 in chips) 
Seat 2: zhino ($100 in chips) 
Seat 4: imhungarian8 ($113.77 in chips) 
Seat 5: MaikonAll ($167.28 in chips) 
Seat 6: ImaPeppaPig ($103.50 in chips) 
imhungarian8: posts small blind $0.50
MaikonAll: posts big blind $1
*** HOLE CARDS ***
ImaPeppaPig: raises $1.50 to $2.50
beshece11harf: folds 
zhino: folds 
imhungarian8: folds 
MaikonAll: folds 
Uncalled bet ($1.50) returned to ImaPeppaPig
ImaPeppaPig collected $2.50 from pot
ImaPeppaPig: doesn't show hand 
*** SUMMARY ***
Total pot $2.50 | Rake $0 
Seat 3: paul197866
Seat 1: beshece11harf folded before Flop (didn't bet)
Seat 2: zhino (button) folded before Flop (didn't bet)
Seat 4: imhungarian8 (small blind) folded before Flop
Seat 5: MaikonAll (big blind) folded before Flop
Seat 6: ImaPeppaPig collected ($2.50)



PokerStars Hand #254643056605:  Hold'em No Limit ($0.50/$1.00 USD) - 2025/01/31 21:36:20 WET [2025/01/31 16:36:20 ET]
Table 'Themisto II' 6-max Seat #4 is the button
Seat 3: paul197866 ($122.18 in chips) is sitting out
Seat 1: beshece11harf ($135.14 in chips) 
Seat 2: zhino ($100 in chips) 
Seat 4: imhungarian8 ($113.27 in chips) 
Seat 5: MaikonAll ($166.28 in chips) 
Seat 6: ImaPeppaPig ($105 in chips) 
MaikonAll: posts small blind $0.50
ImaPeppaPig: posts big blind $1
*** HOLE CARDS ***
beshece11harf: folds 
zhino: folds 
imhungarian8: folds 
MaikonAll: folds 
Uncalled bet ($0.50) returned to ImaPeppaPig
ImaPeppaPig collected $1 from pot
ImaPeppaPig: doesn't show hand 
*** SUMMARY ***
Total pot $1 | Rake $0 
Seat 3: paul197866
Seat 1: beshece11harf folded before Flop (didn't bet)
Seat 2: zhino folded before Flop (didn't bet)
Seat 4: imhungarian8 (button) folded before Flop (didn't bet)
Seat 5: MaikonAll (small blind) folded before Flop
Seat 6: ImaPeppaPig (big blind) collected ($1)



PokerStars Hand #254643060306:  Hold'em No Limit ($0.50/$1.00 USD) - 2025/01/31 21:36:32 WET [2025/01/31 16:36:32 ET]
Table 'Themisto II' 6-max Seat #5 is the button
Seat 3: paul197866 ($122.18 in chips) is sitting out
Seat 1: beshece11harf ($135.14 in chips) 
Seat 2: zhino ($100 in chips) 
Seat 4: imhungarian8 ($113.27 in chips) 
Seat 5: MaikonAll ($165.78 in chips) 
Seat 6: ImaPeppaPig ($105.50 in chips) 
ImaPeppaPig: posts small blind $0.50
beshece11harf: posts big blind $1
*** HOLE CARDS ***
zhino: raises $1.59 to $2.59
imhungarian8: folds 
MaikonAll: folds 
ImaPeppaPig: folds 
beshece11harf: folds 
Uncalled bet ($1.59) returned to zhino
zhino collected $2.50 from pot
zhino: doesn't show hand 
*** SUMMARY ***
Total pot $2.50 | Rake $0 
Seat 3: paul197866
Seat 1: beshece11harf (big blind) folded before Flop
Seat 2: zhino collected ($2.50)
Seat 4: imhungarian8 folded before Flop (didn't bet)
Seat 5: MaikonAll (button) folded before Flop (didn't bet)
Seat 6: ImaPeppaPig (small blind) folded before Flop



PokerStars Hand #254643066812:  Hold'em No Limit ($0.50/$1.00 USD) - 2025/01/31 21:36:53 WET [2025/01/31 16:36:53 ET]
Table 'Themisto II' 6-max Seat #6 is the button
Seat 3: paul197866 ($122.18 in chips) is sitting out
Seat 1: beshece11harf ($134.14 in chips) 
Seat 2: zhino ($101.50 in chips) 
Seat 4: imhungarian8 ($113.27 in chips) 
Seat 5: MaikonAll ($165.78 in chips) 
Seat 6: ImaPeppaPig ($105 in chips) 
beshece11harf: posts small blind $0.50
zhino: posts big blind $1
*** HOLE CARDS ***
imhungarian8: raises $1 to $2
MaikonAll: folds 
ImaPeppaPig: folds 
beshece11harf: folds 
zhino: folds 
Uncalled bet ($1) returned to imhungarian8
imhungarian8 collected $2.50 from pot
imhungarian8: doesn't show hand 
*** SUMMARY ***
Total pot $2.50 | Rake $0 
Seat 3: paul197866
Seat 1: beshece11harf (small blind) folded before Flop
Seat 2: zhino (big blind) folded before Flop
Seat 4: imhungarian8 collected ($2.50)
Seat 5: MaikonAll folded before Flop (didn't bet)
Seat 6: ImaPeppaPig (button) folded before Flop (didn't bet)



PokerStars Hand #254643073866:  Hold'em No Limit ($0.50/$1.00 USD) - 2025/01/31 21:37:16 WET [2025/01/31 16:37:16 ET]
Table 'Themisto II' 6-max Seat #1 is the button
Seat 3: paul197866 ($122.18 in chips) is sitting out
Seat 1: beshece11harf ($133.64 in chips) 
Seat 2: zhino ($100.50 in chips) 
Seat 4: imhungarian8 ($114.77 in chips) 
Seat 5: MaikonAll ($165.78 in chips) 
Seat 6: ImaPeppaPig ($105 in chips) 
zhino: posts small blind $0.50
imhungarian8: posts big blind $1
*** HOLE CARDS ***
MaikonAll: folds 
ImaPeppaPig: folds 
beshece11harf: raises $1.50 to $2.50
zhino: raises $9.49 to $11.99
imhungarian8: folds 
beshece11harf: folds 
Uncalled bet ($9.49) returned to zhino
zhino collected $6 from pot
zhino: doesn't show hand 
*** SUMMARY ***
Total pot $6 | Rake $0 
Seat 3: paul197866
Seat 1: beshece11harf (button) folded before Flop
Seat 2: zhino (small blind) collected ($6)
Seat 4: imhungarian8 (big blind) folded before Flop
Seat 5: MaikonAll folded before Flop (didn't bet)
Seat 6: ImaPeppaPig folded before Flop (didn't bet)



PokerStars Hand #254643086415:  Hold'em No Limit ($0.50/$1.00 USD) - 2025/01/31 21:37:57 WET [2025/01/31 16:37:57 ET]
Table 'Themisto II' 6-max Seat #2 is the button
Seat 3: paul197866 ($122.18 in chips) is sitting out
Seat 1: beshece11harf ($131.14 in chips) 
Seat 2: zhino ($104 in chips) 
Seat 4: imhungarian8 ($113.77 in chips) 
Seat 5: MaikonAll ($165.78 in chips) 
Seat 6: ImaPeppaPig ($105 in chips) 
imhungarian8: posts small blind $0.50
MaikonAll: posts big blind $1
*** HOLE CARDS ***
ImaPeppaPig: folds 
beshece11harf: folds 
zhino: folds 
imhungarian8: raises $2 to $3
MaikonAll: raises $6 to $9
paul197866 is disconnected 
imhungarian8: folds 
Uncalled bet ($6) returned to MaikonAll
MaikonAll collected $6 from pot
MaikonAll: doesn't show hand 
*** SUMMARY ***
Total pot $6 | Rake $0 
Seat 3: paul197866
Seat 1: beshece11harf folded before Flop (didn't bet)
Seat 2: zhino (button) folded before Flop (didn't bet)
Seat 4: imhungarian8 (small blind) folded before Flop
Seat 5: MaikonAll (big blind) collected ($6)
Seat 6: ImaPeppaPig folded before Flop (didn't bet)



PokerStars Hand #254643249383:  Hold'em No Limit ($0.50/$1.00 USD) - 2025/01/31 21:46:43 WET [2025/01/31 16:46:43 ET]
Table 'Themisto II' 6-max Seat #6 is the button
Seat 3: paul197866 ($122.18 in chips) is sitting out
Seat 1: beshece11harf ($105.27 in chips) 
Seat 2: zhino ($119.65 in chips) 
Seat 4: imhungarian8 ($227.04 in chips) 
Seat 5: MaikonAll ($166.78 in chips) 
Seat 6: ImaPeppaPig ($100 in chips) 
beshece11harf: posts small blind $0.50
zhino: posts big blind $1
*** HOLE CARDS ***
imhungarian8: folds 
MaikonAll: folds 
ImaPeppaPig: folds 
beshece11harf: folds 
Uncalled bet ($0.50) returned to zhino
zhino collected $1 from pot
zhino: doesn't show hand 
*** SUMMARY ***
Total pot $1 | Rake $0 
Seat 3: paul197866
Seat 1: beshece11harf (small blind) folded before Flop
Seat 2: zhino (big blind) collected ($1)
Seat 4: imhungarian8 folded before Flop (didn't bet)
Seat 5: MaikonAll folded before Flop (didn't bet)
Seat 6: ImaPeppaPig (button) folded before Flop (didn't bet)



PokerStars Hand #254643253092:  Hold'em No Limit ($0.50/$1.00 USD) - 2025/01/31 21:46:55 WET [2025/01/31 16:46:55 ET]
Table 'Themisto II' 6-max Seat #1 is the button
Seat 3: paul197866 ($122.18 in chips) is sitting out
Seat 1: beshece11harf ($104.77 in chips) 
Seat 2: zhino ($120.15 in chips) 
Seat 4: imhungarian8 ($227.04 in chips) 
Seat 5: MaikonAll ($166.78 in chips) 
Seat 6: ImaPeppaPig ($100 in chips) 
zhino: posts small blind $0.50
imhungarian8: posts big blind $1
*** HOLE CARDS ***
MaikonAll: folds 
ImaPeppaPig: folds 
beshece11harf: folds 
zhino: folds 
Uncalled bet ($0.50) returned to imhungarian8
imhungarian8 collected $1 from pot
paul197866 leaves the table
imhungarian8: doesn't show hand 
*** SUMMARY ***
Total pot $1 | Rake $0 
Seat 3: paul197866
Seat 1: beshece11harf (button) folded before Flop (didn't bet)
Seat 2: zhino (small blind) folded before Flop
Seat 4: imhungarian8 (big blind) collected ($1)
Seat 5: MaikonAll folded before Flop (didn't bet)
Seat 6: ImaPeppaPig folded before Flop (didn't bet)



PokerStars Hand #254643258114:  Hold'em No Limit ($0.50/$1.00 USD) - 2025/01/31 21:47:11 WET [2025/01/31 16:47:11 ET]
Table 'Themisto II' 6-max Seat #2 is the button
Seat 1: beshece11harf ($104.77 in chips) 
Seat 2: zhino ($119.65 in chips) 
Seat 4: imhungarian8 ($227.54 in chips) 
Seat 5: MaikonAll ($166.78 in chips) 
Seat 6: ImaPeppaPig ($100 in chips) 
imhungarian8: posts small blind $0.50
MaikonAll: posts big blind $1
*** HOLE CARDS ***
ImaPeppaPig: folds 
beshece11harf: folds 
zhino: raises $1.99 to $2.99
imhungarian8: folds 
MaikonAll: folds 
Uncalled bet ($1.99) returned to zhino
zhino collected $2.50 from pot
zhino: doesn't show hand 
*** SUMMARY ***
Total pot $2.50 | Rake $0 
Seat 1: beshece11harf folded before Flop (didn't bet)
Seat 2: zhino (button) collected ($2.50)
Seat 4: imhungarian8 (small blind) folded before Flop
Seat 5: MaikonAll (big blind) folded before Flop
Seat 6: ImaPeppaPig folded before Flop (didn't bet)



PokerStars Hand #254643263179:  Hold'em No Limit ($0.50/$1.00 USD) - 2025/01/31 21:47:28 WET [2025/01/31 16:47:28 ET]
Table 'Themisto II' 6-max Seat #4 is the button
Seat 1: beshece11harf ($104.77 in chips) 
Seat 2: zhino ($121.15 in chips) 
Seat 4: imhungarian8 ($227.04 in chips) 
Seat 5: MaikonAll ($165.78 in chips) 
Seat 6: ImaPeppaPig ($100 in chips) 
MaikonAll: posts small blind $0.50
ImaPeppaPig: posts big blind $1
*** HOLE CARDS ***
beshece11harf: folds 
zhino: folds 
imhungarian8: raises $1.50 to $2.50
MaikonAll: raises $8.50 to $11
ImaPeppaPig: folds 
imhungarian8: folds 
Uncalled bet ($8.50) returned to MaikonAll
MaikonAll collected $6 from pot
MaikonAll: doesn't show hand 
*** SUMMARY ***
Total pot $6 | Rake $0 
Seat 1: beshece11harf folded before Flop (didn't bet)
Seat 2: zhino folded before Flop (didn't bet)
Seat 4: imhungarian8 (button) folded before Flop
Seat 5: MaikonAll (small blind) collected ($6)
Seat 6: ImaPeppaPig (big blind) folded before Flop



PokerStars Hand #254643271001:  Hold'em No Limit ($0.50/$1.00 USD) - 2025/01/31 21:47:53 WET [2025/01/31 16:47:53 ET]
Table 'Themisto II' 6-max Seat #5 is the button
Seat 1: beshece11harf ($104.77 in chips) 
Seat 2: zhino ($121.15 in chips) 
Seat 4: imhungarian8 ($224.54 in chips) 
Seat 5: MaikonAll ($169.28 in chips) 
Seat 6: ImaPeppaPig ($100 in chips) 
ImaPeppaPig: posts small blind $0.50
beshece11harf: posts big blind $1
*** HOLE CARDS ***
zhino: folds 
imhungarian8: folds 
MaikonAll: folds 
ImaPeppaPig: folds 
Uncalled bet ($0.50) returned to beshece11harf
beshece11harf collected $1 from pot
beshece11harf: doesn't show hand 
*** SUMMARY ***
Total pot $1 | Rake $0 
Seat 1: beshece11harf (big blind) collected ($1)
Seat 2: zhino folded before Flop (didn't bet)
Seat 4: imhungarian8 folded before Flop (didn't bet)
Seat 5: MaikonAll (button) folded before Flop (didn't bet)
Seat 6: ImaPeppaPig (small blind) folded before Flop



PokerStars Hand #254643274683:  Hold'em No Limit ($0.50/$1.00 USD) - 2025/01/31 21:48:05 WET [2025/01/31 16:48:05 ET]
Table 'Themisto II' 6-max Seat #6 is the button
Seat 2: zhino ($121.15 in chips) is sitting out
Seat 1: beshece11harf ($105.27 in chips) 
Seat 4: imhungarian8 ($224.54 in chips) 
Seat 5: MaikonAll ($169.28 in chips) 
Seat 6: ImaPeppaPig ($100 in chips) 
beshece11harf: posts small blind $0.50
zhino: is sitting out 
imhungarian8: posts big blind $1
*** HOLE CARDS ***
MaikonAll: folds 
ImaPeppaPig: folds 
beshece11harf: folds 
Uncalled bet ($0.50) returned to imhungarian8
imhungarian8 collected $1 from pot
imhungarian8: doesn't show hand 
*** SUMMARY ***
Total pot $1 | Rake $0 
Seat 2: zhino
Seat 1: beshece11harf (small blind) folded before Flop
Seat 4: imhungarian8 (big blind) collected ($1)
Seat 5: MaikonAll folded before Flop (didn't bet)
Seat 6: ImaPeppaPig (button) folded before Flop (didn't bet)



PokerStars Hand #254643277774:  Hold'em No Limit ($0.50/$1.00 USD) - 2025/01/31 21:48:16 WET [2025/01/31 16:48:16 ET]
Table 'Themisto II' 6-max Seat #1 is the button
Seat 2: zhino ($121.15 in chips) is sitting out
Seat 5: MaikonAll ($169.28 in chips) is sitting out
Seat 1: beshece11harf ($104.77 in chips) 
Seat 4: imhungarian8 ($225.04 in chips) 
Seat 6: ImaPeppaPig ($100 in chips) 
imhungarian8: posts small blind $0.50
MaikonAll: is sitting out 
ImaPeppaPig: posts big blind $1
*** HOLE CARDS ***
beshece11harf: raises $1.50 to $2.50
imhungarian8: folds 
ImaPeppaPig: folds 
Uncalled bet ($1.50) returned to beshece11harf
MaikonAll leaves the table
beshece11harf collected $2.50 from pot
beshece11harf: doesn't show hand 
*** SUMMARY ***
Total pot $2.50 | Rake $0 
Seat 2: zhino
Seat 5: MaikonAll
Seat 1: beshece11harf (button) collected ($2.50)
Seat 4: imhungarian8 (small blind) folded before Flop
Seat 6: ImaPeppaPig (big blind) folded before Flop



