PokerStars Hand #254645154085:  Hold'em No Limit ($0.50/$1.00 USD) - 2025/01/31 23:41:21 WET [2025/01/31 18:41:21 ET]
Table 'Aurelia' 6-max Seat #2 is the button
Seat 4: equilibrium_tv ($39.72 in chips) is sitting out
Seat 1: rao999 ($100.50 in chips) 
Seat 2: B1GBankroll ($100.50 in chips) 
Seat 3: m0nTTu ($82.28 in chips) 
Seat 5: mariofcd ($100 in chips) 
Seat 6: Mertens3050 ($45.93 in chips) 
m0nTTu: posts small blind $0.50
equilibrium_tv: is sitting out 
mariofcd: posts big blind $1
*** HOLE CARDS ***
Mertens3050: raises $1 to $2
equilibrium_tv leaves the table
rao999: folds 
B1GBankroll: folds 
m0nTTu: calls $1.50
mariofcd: calls $1
*** FLOP *** [5d 2d Qd]
m0nTTu: checks 
mariofcd: checks 
Mertens3050: checks 
*** TURN *** [5d 2d Qd] [9h]
Nicedaymybro joins the table at seat #4 
m0nTTu: bets $1
mariofcd: folds 
Mertens3050: calls $1
*** RIVER *** [5d 2d Qd 9h] [Jd]
m0nTTu: bets $3.80
Mertens3050: calls $3.80
*** SHOW DOWN ***
m0nTTu: shows [8c 8d] (a flush, Queen high)
Mertens3050: mucks hand 
m0nTTu collected $14.82 from pot
*** SUMMARY ***
Total pot $15.60 | Rake $0.78 
Board [5d 2d Qd 9h Jd]
Seat 4: equilibrium_tv
Seat 1: rao999 folded before Flop (didn't bet)
Seat 2: B1GBankroll (button) folded before Flop (didn't bet)
Seat 3: m0nTTu (small blind) showed [8c 8d] and won ($14.82) with a flush, Queen high
Seat 5: mariofcd (big blind) folded on the Turn
Seat 6: Mertens3050 mucked



PokerStars Hand #254645173226:  Hold'em No Limit ($0.50/$1.00 USD) - 2025/01/31 23:42:35 WET [2025/01/31 18:42:35 ET]
Table 'Aurelia' 6-max Seat #3 is the button
Seat 4: Nicedaymybro ($100 in chips) is sitting out
Seat 1: rao999 ($100.50 in chips) 
Seat 2: B1GBankroll ($100.50 in chips) 
Seat 3: m0nTTu ($90.30 in chips) 
Seat 5: mariofcd ($100 in chips) 
Seat 6: Mertens3050 ($39.13 in chips) 
mariofcd: posts small blind $0.50
Mertens3050: posts big blind $1
*** HOLE CARDS ***
rao999: folds 
B1GBankroll: folds 
m0nTTu: folds 
mariofcd: folds 
Uncalled bet ($0.50) returned to Mertens3050
Mertens3050 collected $1 from pot
*** SUMMARY ***
Total pot $1 | Rake $0 
Seat 4: Nicedaymybro
Seat 1: rao999 folded before Flop (didn't bet)
Seat 2: B1GBankroll folded before Flop (didn't bet)
Seat 3: m0nTTu (button) folded before Flop (didn't bet)
Seat 5: mariofcd (small blind) folded before Flop
Seat 6: Mertens3050 (big blind) collected ($1)



PokerStars Hand #254645179886:  Hold'em No Limit ($0.50/$1.00 USD) - 2025/01/31 23:43:00 WET [2025/01/31 18:43:00 ET]
Table 'Aurelia' 6-max Seat #5 is the button
Seat 4: Nicedaymybro ($100 in chips) is sitting out
Seat 1: rao999 ($100.50 in chips) 
Seat 2: B1GBankroll ($100.50 in chips) 
Seat 3: m0nTTu ($90.30 in chips) 
Seat 5: mariofcd ($100 in chips) 
Seat 6: Mertens3050 ($39.63 in chips) 
Mertens3050: posts small blind $0.50
rao999: posts big blind $1
Nicedaymybro: sits out 
*** HOLE CARDS ***
B1GBankroll: raises $1.50 to $2.50
m0nTTu: folds 
mariofcd: calls $2.50
Mertens3050: calls $2
rao999: calls $1.50
*** FLOP *** [9c 4d 2s]
Mertens3050: checks 
rao999: checks 
B1GBankroll: checks 
mariofcd: checks 
*** TURN *** [9c 4d 2s] [Qd]
Mertens3050: checks 
rao999: bets $10.50
B1GBankroll: folds 
mariofcd: folds 
Mertens3050: folds 
Uncalled bet ($10.50) returned to rao999
rao999 collected $9.50 from pot
rao999: doesn't show hand 
*** SUMMARY ***
Total pot $10 | Rake $0.50 
Board [9c 4d 2s Qd]
Seat 4: Nicedaymybro
Seat 1: rao999 (big blind) collected ($9.50)
Seat 2: B1GBankroll folded on the Turn
Seat 3: m0nTTu folded before Flop (didn't bet)
Seat 5: mariofcd (button) folded on the Turn
Seat 6: Mertens3050 (small blind) folded on the Turn



PokerStars Hand #254645199420:  Hold'em No Limit ($0.50/$1.00 USD) - 2025/01/31 23:44:16 WET [2025/01/31 18:44:16 ET]
Table 'Aurelia' 6-max Seat #6 is the button
Seat 4: Nicedaymybro ($100 in chips) is sitting out
Seat 1: rao999 ($107.50 in chips) 
Seat 2: B1GBankroll ($100 in chips) 
Seat 3: m0nTTu ($90.30 in chips) 
Seat 5: mariofcd ($100 in chips) 
Seat 6: Mertens3050 ($37.13 in chips) 
rao999: posts small blind $0.50
B1GBankroll: posts big blind $1
Nicedaymybro: sits out 
*** HOLE CARDS ***
m0nTTu: folds 
mariofcd: folds 
Mertens3050: calls $1
rao999: calls $0.50
B1GBankroll: checks 
*** FLOP *** [Jc Ks 8h]
rao999: checks 
B1GBankroll: checks 
Mertens3050: checks 
*** TURN *** [Jc Ks 8h] [Qc]
rao999: checks 
B1GBankroll: checks 
Mertens3050: checks 
*** RIVER *** [Jc Ks 8h Qc] [4h]
rao999: checks 
B1GBankroll: bets $2.54
Mertens3050: folds 
rao999: calls $2.54
*** SHOW DOWN ***
B1GBankroll: shows [4d Jh] (two pair, Jacks and Fours)
rao999: mucks hand 
B1GBankroll collected $7.68 from pot
*** SUMMARY ***
Total pot $8.08 | Rake $0.40 
Board [Jc Ks 8h Qc 4h]
Seat 4: Nicedaymybro
Seat 1: rao999 (small blind) mucked
Seat 2: B1GBankroll (big blind) showed [4d Jh] and won ($7.68) with two pair, Jacks and Fours
Seat 3: m0nTTu folded before Flop (didn't bet)
Seat 5: mariofcd folded before Flop (didn't bet)
Seat 6: Mertens3050 (button) folded on the River



PokerStars Hand #254645219328:  Hold'em No Limit ($0.50/$1.00 USD) - 2025/01/31 23:45:34 WET [2025/01/31 18:45:34 ET]
Table 'Aurelia' 6-max Seat #1 is the button
Seat 4: Nicedaymybro ($100 in chips) is sitting out
Seat 1: rao999 ($103.96 in chips) 
Seat 2: B1GBankroll ($104.14 in chips) 
Seat 3: m0nTTu ($90.30 in chips) 
Seat 5: mariofcd ($100 in chips) 
Seat 6: Mertens3050 ($36.13 in chips) 
B1GBankroll: posts small blind $0.50
m0nTTu: posts big blind $1
Nicedaymybro: sits out 
*** HOLE CARDS ***
mariofcd: folds 
Mertens3050: folds 
rao999: raises $1.50 to $2.50
B1GBankroll: folds 
m0nTTu: calls $1.50
*** FLOP *** [Kd 7d Ac]
m0nTTu: checks 
rao999: bets $1.72
m0nTTu: folds 
Uncalled bet ($1.72) returned to rao999
rao999 collected $5.22 from pot
rao999: doesn't show hand 
*** SUMMARY ***
Total pot $5.50 | Rake $0.28 
Board [Kd 7d Ac]
Seat 4: Nicedaymybro
Seat 1: rao999 (button) collected ($5.22)
Seat 2: B1GBankroll (small blind) folded before Flop
Seat 3: m0nTTu (big blind) folded on the Flop
Seat 5: mariofcd folded before Flop (didn't bet)
Seat 6: Mertens3050 folded before Flop (didn't bet)



PokerStars Hand #254645232042:  Hold'em No Limit ($0.50/$1.00 USD) - 2025/01/31 23:46:23 WET [2025/01/31 18:46:23 ET]
Table 'Aurelia' 6-max Seat #2 is the button
Seat 1: rao999 ($106.68 in chips) 
Seat 2: B1GBankroll ($103.64 in chips) 
Seat 3: m0nTTu ($87.80 in chips) 
Seat 4: Nicedaymybro ($100 in chips) 
Seat 5: mariofcd ($100 in chips) 
Seat 6: Mertens3050 ($36.13 in chips) 
m0nTTu: posts small blind $0.50
Nicedaymybro: posts big blind $1
*** HOLE CARDS ***
mariofcd: folds 
Mertens3050: folds 
rao999: raises $1.50 to $2.50
B1GBankroll: folds 
m0nTTu: folds 
Nicedaymybro: folds 
Uncalled bet ($1.50) returned to rao999
rao999 collected $2.50 from pot
rao999: doesn't show hand 
*** SUMMARY ***
Total pot $2.50 | Rake $0 
Seat 1: rao999 collected ($2.50)
Seat 2: B1GBankroll (button) folded before Flop (didn't bet)
Seat 3: m0nTTu (small blind) folded before Flop
Seat 4: Nicedaymybro (big blind) folded before Flop
Seat 5: mariofcd folded before Flop (didn't bet)
Seat 6: Mertens3050 folded before Flop (didn't bet)



PokerStars Hand #254645237767:  Hold'em No Limit ($0.50/$1.00 USD) - 2025/01/31 23:46:46 WET [2025/01/31 18:46:46 ET]
Table 'Aurelia' 6-max Seat #3 is the button
Seat 1: rao999 ($108.18 in chips) 
Seat 2: B1GBankroll ($103.64 in chips) 
Seat 3: m0nTTu ($87.30 in chips) 
Seat 4: Nicedaymybro ($100 in chips) 
Seat 5: mariofcd ($100 in chips) 
Seat 6: Mertens3050 ($36.13 in chips) 
Nicedaymybro: posts small blind $0.50
mariofcd: posts big blind $1
*** HOLE CARDS ***
Mertens3050: folds 
rao999 has timed out
rao999: folds 
B1GBankroll: folds 
m0nTTu: raises $1.50 to $2.50
Nicedaymybro: raises $8.50 to $11
mariofcd: folds 
m0nTTu: folds 
Uncalled bet ($8.50) returned to Nicedaymybro
Nicedaymybro collected $6 from pot
Nicedaymybro: doesn't show hand 
*** SUMMARY ***
Total pot $6 | Rake $0 
Seat 1: rao999 folded before Flop (didn't bet)
Seat 2: B1GBankroll folded before Flop (didn't bet)
Seat 3: m0nTTu (button) folded before Flop
Seat 4: Nicedaymybro (small blind) collected ($6)
Seat 5: mariofcd (big blind) folded before Flop
Seat 6: Mertens3050 folded before Flop (didn't bet)



PokerStars Hand #254645249186:  Hold'em No Limit ($0.50/$1.00 USD) - 2025/01/31 23:47:31 WET [2025/01/31 18:47:31 ET]
Table 'Aurelia' 6-max Seat #4 is the button
Seat 1: rao999 ($108.18 in chips) 
Seat 2: B1GBankroll ($103.64 in chips) 
Seat 3: m0nTTu ($84.80 in chips) 
Seat 4: Nicedaymybro ($103.50 in chips) 
Seat 5: mariofcd ($100 in chips) 
Seat 6: Mertens3050 ($36.13 in chips) 
mariofcd: posts small blind $0.50
Mertens3050: posts big blind $1
*** HOLE CARDS ***
rao999: folds 
B1GBankroll: folds 
m0nTTu: raises $1.50 to $2.50
Nicedaymybro: folds 
mariofcd: folds 
Mertens3050: folds 
Uncalled bet ($1.50) returned to m0nTTu
m0nTTu collected $2.50 from pot
m0nTTu: doesn't show hand 
*** SUMMARY ***
Total pot $2.50 | Rake $0 
Seat 1: rao999 folded before Flop (didn't bet)
Seat 2: B1GBankroll folded before Flop (didn't bet)
Seat 3: m0nTTu collected ($2.50)
Seat 4: Nicedaymybro (button) folded before Flop (didn't bet)
Seat 5: mariofcd (small blind) folded before Flop
Seat 6: Mertens3050 (big blind) folded before Flop



PokerStars Hand #254645255567:  Hold'em No Limit ($0.50/$1.00 USD) - 2025/01/31 23:47:57 WET [2025/01/31 18:47:57 ET]
Table 'Aurelia' 6-max Seat #5 is the button
Seat 1: rao999 ($108.18 in chips) 
Seat 2: B1GBankroll ($103.64 in chips) 
Seat 3: m0nTTu ($86.30 in chips) 
Seat 4: Nicedaymybro ($103.50 in chips) 
Seat 5: mariofcd ($100 in chips) 
Seat 6: Mertens3050 ($35.13 in chips) 
Mertens3050: posts small blind $0.50
rao999: posts big blind $1
*** HOLE CARDS ***
B1GBankroll: folds 
m0nTTu: folds 
Nicedaymybro: folds 
mariofcd: raises $1.45 to $2.45
Mertens3050: calls $1.95
rao999: calls $1.45
*** FLOP *** [6c As Ts]
Mertens3050: checks 
rao999: checks 
mariofcd: checks 
*** TURN *** [6c As Ts] [Kc]
Mertens3050: bets $1
rao999: folds 
mariofcd: raises $11.98 to $12.98
Mertens3050: calls $11.98
*** RIVER *** [6c As Ts Kc] [Ad]
Mertens3050: checks 
mariofcd: checks 
*** SHOW DOWN ***
Mertens3050: shows [9c Ks] (two pair, Aces and Kings)
mariofcd: shows [Th Kd] (two pair, Aces and Kings)
Mertens3050 collected $15.82 from pot
mariofcd collected $15.82 from pot
*** SUMMARY ***
Total pot $33.31 | Rake $1.67 
Board [6c As Ts Kc Ad]
Seat 1: rao999 (big blind) folded on the Turn
Seat 2: B1GBankroll folded before Flop (didn't bet)
Seat 3: m0nTTu folded before Flop (didn't bet)
Seat 4: Nicedaymybro folded before Flop (didn't bet)
Seat 5: mariofcd (button) showed [Th Kd] and won ($15.82) with two pair, Aces and Kings
Seat 6: Mertens3050 (small blind) showed [9c Ks] and won ($15.82) with two pair, Aces and Kings



PokerStars Hand #254645266843:  Hold'em No Limit ($0.50/$1.00 USD) - 2025/01/31 23:48:42 WET [2025/01/31 18:48:42 ET]
Table 'Aurelia' 6-max Seat #6 is the button
Seat 1: rao999 ($105.73 in chips) 
Seat 2: B1GBankroll ($103.64 in chips) 
Seat 3: m0nTTu ($86.30 in chips) 
Seat 4: Nicedaymybro ($103.50 in chips) 
Seat 5: mariofcd ($100.39 in chips) 
Seat 6: Mertens3050 ($35.52 in chips) 
rao999: posts small blind $0.50
B1GBankroll: posts big blind $1
*** HOLE CARDS ***
m0nTTu: folds 
Nicedaymybro: folds 
mariofcd: raises $1.25 to $2.25
Mertens3050: folds 
rao999: folds 
B1GBankroll: raises $7.88 to $10.13
mariofcd: raises $11.87 to $22
B1GBankroll: folds 
Uncalled bet ($11.87) returned to mariofcd
mariofcd collected $20.76 from pot
mariofcd: doesn't show hand 
*** SUMMARY ***
Total pot $20.76 | Rake $0 
Seat 1: rao999 (small blind) folded before Flop
Seat 2: B1GBankroll (big blind) folded before Flop
Seat 3: m0nTTu folded before Flop (didn't bet)
Seat 4: Nicedaymybro folded before Flop (didn't bet)
Seat 5: mariofcd collected ($20.76)
Seat 6: Mertens3050 (button) folded before Flop (didn't bet)



PokerStars Hand #254645277221:  Hold'em No Limit ($0.50/$1.00 USD) - 2025/01/31 23:49:24 WET [2025/01/31 18:49:24 ET]
Table 'Aurelia' 6-max Seat #1 is the button
Seat 3: m0nTTu ($86.30 in chips) is sitting out
Seat 1: rao999 ($105.23 in chips) 
Seat 2: B1GBankroll ($100 in chips) 
Seat 4: Nicedaymybro ($103.50 in chips) 
Seat 5: mariofcd ($111.02 in chips) 
Seat 6: Mertens3050 ($35.52 in chips) 
B1GBankroll: posts small blind $0.50
m0nTTu: is sitting out 
Nicedaymybro: posts big blind $1
*** HOLE CARDS ***
m0nTTu leaves the table
mariofcd: raises $1.20 to $2.20
Mertens3050: calls $2.20
rao999: folds 
B1GBankroll: folds 
Nicedaymybro: folds 
*** FLOP *** [4h 3d Ts]
mariofcd: bets $1.68
Mertens3050: folds 
Uncalled bet ($1.68) returned to mariofcd
mariofcd collected $5.60 from pot
mariofcd: doesn't show hand 
*** SUMMARY ***
Total pot $5.90 | Rake $0.30 
Board [4h 3d Ts]
Seat 3: m0nTTu
Seat 1: rao999 (button) folded before Flop (didn't bet)
Seat 2: B1GBankroll (small blind) folded before Flop
Seat 4: Nicedaymybro (big blind) folded before Flop
Seat 5: mariofcd collected ($5.60)
Seat 6: Mertens3050 folded on the Flop



PokerStars Hand #254645283770:  Hold'em No Limit ($0.50/$1.00 USD) - 2025/01/31 23:49:51 WET [2025/01/31 18:49:51 ET]
Table 'Aurelia' 6-max Seat #2 is the button
Seat 1: rao999 ($105.23 in chips) 
Seat 2: B1GBankroll ($100 in chips) 
Seat 4: Nicedaymybro ($102.50 in chips) 
Seat 5: mariofcd ($114.42 in chips) 
Seat 6: Mertens3050 ($33.32 in chips) 
Nicedaymybro: posts small blind $0.50
mariofcd: posts big blind $1
*** HOLE CARDS ***
Mertens3050: folds 
rao999: folds 
B1GBankroll: folds 
Nicedaymybro: folds 
Uncalled bet ($0.50) returned to mariofcd
mariofcd collected $1 from pot
mariofcd: doesn't show hand 
*** SUMMARY ***
Total pot $1 | Rake $0 
Seat 1: rao999 folded before Flop (didn't bet)
Seat 2: B1GBankroll (button) folded before Flop (didn't bet)
Seat 4: Nicedaymybro (small blind) folded before Flop
Seat 5: mariofcd (big blind) collected ($1)
Seat 6: Mertens3050 folded before Flop (didn't bet)



PokerStars Hand #254645285769:  Hold'em No Limit ($0.50/$1.00 USD) - 2025/01/31 23:49:59 WET [2025/01/31 18:49:59 ET]
Table 'Aurelia' 6-max Seat #4 is the button
Seat 1: rao999 ($105.23 in chips) 
Seat 2: B1GBankroll ($100 in chips) 
Seat 4: Nicedaymybro ($102 in chips) 
Seat 5: mariofcd ($114.92 in chips) 
Seat 6: Mertens3050 ($33.32 in chips) 
mariofcd: posts small blind $0.50
Mertens3050: posts big blind $1
*** HOLE CARDS ***
rao999: folds 
B1GBankroll: folds 
Nicedaymybro: folds 
mariofcd: raises $2 to $3
Mertens3050: calls $2
*** FLOP *** [Ts 7d 3c]
mariofcd: checks 
Mertens3050: checks 
*** TURN *** [Ts 7d 3c] [9h]
mariofcd: checks 
Mertens3050: checks 
*** RIVER *** [Ts 7d 3c 9h] [4c]
mariofcd: checks 
Mertens3050: checks 
*** SHOW DOWN ***
mariofcd: shows [Ah Kd] (high card Ace)
Mertens3050: mucks hand 
mariofcd collected $5.70 from pot
*** SUMMARY ***
Total pot $6 | Rake $0.30 
Board [Ts 7d 3c 9h 4c]
Seat 1: rao999 folded before Flop (didn't bet)
Seat 2: B1GBankroll folded before Flop (didn't bet)
Seat 4: Nicedaymybro (button) folded before Flop (didn't bet)
Seat 5: mariofcd (small blind) showed [Ah Kd] and won ($5.70) with high card Ace
Seat 6: Mertens3050 (big blind) mucked



PokerStars Hand #254645298085:  Hold'em No Limit ($0.50/$1.00 USD) - 2025/01/31 23:50:49 WET [2025/01/31 18:50:49 ET]
Table 'Aurelia' 6-max Seat #5 is the button
Seat 1: rao999 ($105.23 in chips) 
Seat 2: B1GBankroll ($100 in chips) 
Seat 4: Nicedaymybro ($102 in chips) 
Seat 5: mariofcd ($117.62 in chips) 
Seat 6: Mertens3050 ($30.32 in chips) 
Mertens3050: posts small blind $0.50
rao999: posts big blind $1
*** HOLE CARDS ***
B1GBankroll: folds 
Nicedaymybro: folds 
mariofcd: folds 
Mertens3050: raises $1 to $2
rao999: folds 
Uncalled bet ($1) returned to Mertens3050
Mertens3050 collected $2 from pot
*** SUMMARY ***
Total pot $2 | Rake $0 
Seat 1: rao999 (big blind) folded before Flop
Seat 2: B1GBankroll folded before Flop (didn't bet)
Seat 4: Nicedaymybro folded before Flop (didn't bet)
Seat 5: mariofcd (button) folded before Flop (didn't bet)
Seat 6: Mertens3050 (small blind) collected ($2)



PokerStars Hand #254645302207:  Hold'em No Limit ($0.50/$1.00 USD) - 2025/01/31 23:51:06 WET [2025/01/31 18:51:06 ET]
Table 'Aurelia' 6-max Seat #6 is the button
Seat 1: rao999 ($104.23 in chips) 
Seat 2: B1GBankroll ($100 in chips) 
Seat 4: Nicedaymybro ($102 in chips) 
Seat 5: mariofcd ($117.62 in chips) 
Seat 6: Mertens3050 ($31.32 in chips) 
rao999: posts small blind $0.50
B1GBankroll: posts big blind $1
*** HOLE CARDS ***
PhoenixAssassin joins the table at seat #3 
Nicedaymybro: raises $1.50 to $2.50
mariofcd: folds 
Mertens3050: folds 
rao999: folds 
B1GBankroll: folds 
Uncalled bet ($1.50) returned to Nicedaymybro
Nicedaymybro collected $2.50 from pot
Nicedaymybro: doesn't show hand 
*** SUMMARY ***
Total pot $2.50 | Rake $0 
Seat 1: rao999 (small blind) folded before Flop
Seat 2: B1GBankroll (big blind) folded before Flop
Seat 4: Nicedaymybro collected ($2.50)
Seat 5: mariofcd folded before Flop (didn't bet)
Seat 6: Mertens3050 (button) folded before Flop (didn't bet)



PokerStars Hand #254645306462:  Hold'em No Limit ($0.50/$1.00 USD) - 2025/01/31 23:51:23 WET [2025/01/31 18:51:23 ET]
Table 'Aurelia' 6-max Seat #1 is the button
Seat 1: rao999 ($103.73 in chips) 
Seat 2: B1GBankroll ($100 in chips) 
Seat 3: PhoenixAssassin ($100 in chips) 
Seat 4: Nicedaymybro ($103.50 in chips) 
Seat 5: mariofcd ($117.62 in chips) 
Seat 6: Mertens3050 ($31.32 in chips) 
B1GBankroll: posts small blind $0.50
PhoenixAssassin: posts big blind $1
*** HOLE CARDS ***
Nicedaymybro: folds 
mariofcd: raises $1.20 to $2.20
Mertens3050: folds 
rao999: folds 
B1GBankroll: folds 
PhoenixAssassin: calls $1.20
*** FLOP *** [5c 2h Qd]
PhoenixAssassin: checks 
mariofcd: bets $1.40
PhoenixAssassin: calls $1.40
*** TURN *** [5c 2h Qd] [6c]
PhoenixAssassin: checks 
mariofcd: bets $10.03
PhoenixAssassin: folds 
Uncalled bet ($10.03) returned to mariofcd
mariofcd collected $7.32 from pot
mariofcd: doesn't show hand 
*** SUMMARY ***
Total pot $7.70 | Rake $0.38 
Board [5c 2h Qd 6c]
Seat 1: rao999 (button) folded before Flop (didn't bet)
Seat 2: B1GBankroll (small blind) folded before Flop
Seat 3: PhoenixAssassin (big blind) folded on the Turn
Seat 4: Nicedaymybro folded before Flop (didn't bet)
Seat 5: mariofcd collected ($7.32)
Seat 6: Mertens3050 folded before Flop (didn't bet)



PokerStars Hand #254645314381:  Hold'em No Limit ($0.50/$1.00 USD) - 2025/01/31 23:51:55 WET [2025/01/31 18:51:55 ET]
Table 'Aurelia' 6-max Seat #2 is the button
Seat 1: rao999 ($103.73 in chips) 
Seat 2: B1GBankroll ($100 in chips) 
Seat 3: PhoenixAssassin ($100 in chips) 
Seat 4: Nicedaymybro ($103.50 in chips) 
Seat 5: mariofcd ($121.34 in chips) 
Seat 6: Mertens3050 ($31.32 in chips) 
PhoenixAssassin: posts small blind $0.50
Nicedaymybro: posts big blind $1
*** HOLE CARDS ***
mariofcd: folds 
Mertens3050: folds 
rao999: raises $1.50 to $2.50
B1GBankroll: folds 
PhoenixAssassin: folds 
Nicedaymybro: calls $1.50
*** FLOP *** [Jh 5s 7c]
Nicedaymybro: checks 
rao999: bets $1.72
Nicedaymybro: folds 
Uncalled bet ($1.72) returned to rao999
rao999 collected $5.22 from pot
rao999: doesn't show hand 
*** SUMMARY ***
Total pot $5.50 | Rake $0.28 
Board [Jh 5s 7c]
Seat 1: rao999 collected ($5.22)
Seat 2: B1GBankroll (button) folded before Flop (didn't bet)
Seat 3: PhoenixAssassin (small blind) folded before Flop
Seat 4: Nicedaymybro (big blind) folded on the Flop
Seat 5: mariofcd folded before Flop (didn't bet)
Seat 6: Mertens3050 folded before Flop (didn't bet)



PokerStars Hand #254645324659:  Hold'em No Limit ($0.50/$1.00 USD) - 2025/01/31 23:52:38 WET [2025/01/31 18:52:38 ET]
Table 'Aurelia' 6-max Seat #3 is the button
Seat 1: rao999 ($106.45 in chips) 
Seat 2: B1GBankroll ($100 in chips) 
Seat 3: PhoenixAssassin ($100 in chips) 
Seat 4: Nicedaymybro ($101 in chips) 
Seat 5: mariofcd ($121.34 in chips) 
Seat 6: Mertens3050 ($31.32 in chips) 
Nicedaymybro: posts small blind $0.50
mariofcd: posts big blind $1
*** HOLE CARDS ***
Mertens3050: folds 
rao999: folds 
B1GBankroll: folds 
PhoenixAssassin: folds 
Nicedaymybro: folds 
Uncalled bet ($0.50) returned to mariofcd
mariofcd collected $1 from pot
mariofcd: doesn't show hand 
*** SUMMARY ***
Total pot $1 | Rake $0 
Seat 1: rao999 folded before Flop (didn't bet)
Seat 2: B1GBankroll folded before Flop (didn't bet)
Seat 3: PhoenixAssassin (button) folded before Flop (didn't bet)
Seat 4: Nicedaymybro (small blind) folded before Flop
Seat 5: mariofcd (big blind) collected ($1)
Seat 6: Mertens3050 folded before Flop (didn't bet)



PokerStars Hand #254645327974:  Hold'em No Limit ($0.50/$1.00 USD) - 2025/01/31 23:52:52 WET [2025/01/31 18:52:52 ET]
Table 'Aurelia' 6-max Seat #4 is the button
Seat 1: rao999 ($106.45 in chips) 
Seat 2: B1GBankroll ($100 in chips) 
Seat 3: PhoenixAssassin ($100 in chips) 
Seat 4: Nicedaymybro ($100.50 in chips) 
Seat 5: mariofcd ($121.84 in chips) 
Seat 6: Mertens3050 ($31.32 in chips) 
mariofcd: posts small blind $0.50
Mertens3050: posts big blind $1
*** HOLE CARDS ***
rao999: folds 
B1GBankroll: folds 
PhoenixAssassin: folds 
Nicedaymybro: folds 
mariofcd: raises $2 to $3
Mertens3050: calls $2
*** FLOP *** [5d Qd 9h]
mariofcd: checks 
Mertens3050: checks 
*** TURN *** [5d Qd 9h] [5s]
mariofcd: checks 
Mertens3050: bets $1
mariofcd: calls $1
*** RIVER *** [5d Qd 9h 5s] [8h]
mariofcd: checks 
Mertens3050: bets $7.60
mariofcd: folds 
Uncalled bet ($7.60) returned to Mertens3050
Mertens3050 collected $7.60 from pot
*** SUMMARY ***
Total pot $8 | Rake $0.40 
Board [5d Qd 9h 5s 8h]
Seat 1: rao999 folded before Flop (didn't bet)
Seat 2: B1GBankroll folded before Flop (didn't bet)
Seat 3: PhoenixAssassin folded before Flop (didn't bet)
Seat 4: Nicedaymybro (button) folded before Flop (didn't bet)
Seat 5: mariofcd (small blind) folded on the River
Seat 6: Mertens3050 (big blind) collected ($7.60)



PokerStars Hand #254645337427:  Hold'em No Limit ($0.50/$1.00 USD) - 2025/01/31 23:53:31 WET [2025/01/31 18:53:31 ET]
Table 'Aurelia' 6-max Seat #5 is the button
Seat 1: rao999 ($106.45 in chips) 
Seat 2: B1GBankroll ($100 in chips) 
Seat 3: PhoenixAssassin ($100 in chips) 
Seat 4: Nicedaymybro ($100.50 in chips) 
Seat 5: mariofcd ($117.84 in chips) 
Seat 6: Mertens3050 ($34.92 in chips) 
Mertens3050: posts small blind $0.50
rao999: posts big blind $1
*** HOLE CARDS ***
B1GBankroll: folds 
PhoenixAssassin: folds 
Nicedaymybro: folds 
mariofcd: raises $1 to $2
Mertens3050: calls $1.50
rao999: folds 
*** FLOP *** [2h Ac Kd]
Mertens3050: checks 
mariofcd: checks 
*** TURN *** [2h Ac Kd] [2s]
Mertens3050: checks 
mariofcd: checks 
*** RIVER *** [2h Ac Kd 2s] [Jd]
Mertens3050: checks 
mariofcd: checks 
*** SHOW DOWN ***
Mertens3050: shows [4h 3c] (a pair of Deuces)
mariofcd: shows [Tc Th] (two pair, Tens and Deuces)
mariofcd collected $4.75 from pot
*** SUMMARY ***
Total pot $5 | Rake $0.25 
Board [2h Ac Kd 2s Jd]
Seat 1: rao999 (big blind) folded before Flop
Seat 2: B1GBankroll folded before Flop (didn't bet)
Seat 3: PhoenixAssassin folded before Flop (didn't bet)
Seat 4: Nicedaymybro folded before Flop (didn't bet)
Seat 5: mariofcd (button) showed [Tc Th] and won ($4.75) with two pair, Tens and Deuces
Seat 6: Mertens3050 (small blind) showed [4h 3c] and lost with a pair of Deuces



PokerStars Hand #254645348032:  Hold'em No Limit ($0.50/$1.00 USD) - 2025/01/31 23:54:15 WET [2025/01/31 18:54:15 ET]
Table 'Aurelia' 6-max Seat #6 is the button
Seat 1: rao999 ($105.45 in chips) 
Seat 2: B1GBankroll ($100 in chips) 
Seat 3: PhoenixAssassin ($100 in chips) 
Seat 4: Nicedaymybro ($100.50 in chips) 
Seat 5: mariofcd ($120.59 in chips) 
Seat 6: Mertens3050 ($32.92 in chips) 
rao999: posts small blind $0.50
B1GBankroll: posts big blind $1
*** HOLE CARDS ***
PhoenixAssassin: folds 
Nicedaymybro: folds 
mariofcd: folds 
Mertens3050: calls $1
rao999: folds 
B1GBankroll: raises $99 to $100 and is all-in
Mertens3050: folds 
Uncalled bet ($99) returned to B1GBankroll
B1GBankroll collected $2.50 from pot
B1GBankroll: doesn't show hand 
*** SUMMARY ***
Total pot $2.50 | Rake $0 
Seat 1: rao999 (small blind) folded before Flop
Seat 2: B1GBankroll (big blind) collected ($2.50)
Seat 3: PhoenixAssassin folded before Flop (didn't bet)
Seat 4: Nicedaymybro folded before Flop (didn't bet)
Seat 5: mariofcd folded before Flop (didn't bet)
Seat 6: Mertens3050 (button) folded before Flop



PokerStars Hand #254645354939:  Hold'em No Limit ($0.50/$1.00 USD) - 2025/01/31 23:54:44 WET [2025/01/31 18:54:44 ET]
Table 'Aurelia' 6-max Seat #1 is the button
Seat 1: rao999 ($104.95 in chips) 
Seat 2: B1GBankroll ($101.50 in chips) 
Seat 3: PhoenixAssassin ($100 in chips) 
Seat 4: Nicedaymybro ($100.50 in chips) 
Seat 5: mariofcd ($120.59 in chips) 
Seat 6: Mertens3050 ($31.92 in chips) 
B1GBankroll: posts small blind $0.50
PhoenixAssassin: posts big blind $1
*** HOLE CARDS ***
Nicedaymybro: folds 
mariofcd: folds 
Mertens3050: calls $1
rao999 has timed out
rao999: folds 
B1GBankroll: folds 
PhoenixAssassin: raises $4 to $5
Mertens3050: calls $4
*** FLOP *** [Ac 5d 3s]
PhoenixAssassin: bets $3.29
Mertens3050: folds 
Uncalled bet ($3.29) returned to PhoenixAssassin
PhoenixAssassin collected $9.98 from pot
PhoenixAssassin: doesn't show hand 
*** SUMMARY ***
Total pot $10.50 | Rake $0.52 
Board [Ac 5d 3s]
Seat 1: rao999 (button) folded before Flop (didn't bet)
Seat 2: B1GBankroll (small blind) folded before Flop
Seat 3: PhoenixAssassin (big blind) collected ($9.98)
Seat 4: Nicedaymybro folded before Flop (didn't bet)
Seat 5: mariofcd folded before Flop (didn't bet)
Seat 6: Mertens3050 folded on the Flop



PokerStars Hand #254645365099:  Hold'em No Limit ($0.50/$1.00 USD) - 2025/01/31 23:55:28 WET [2025/01/31 18:55:28 ET]
Table 'Aurelia' 6-max Seat #2 is the button
Seat 1: rao999 ($104.95 in chips) 
Seat 2: B1GBankroll ($101 in chips) 
Seat 3: PhoenixAssassin ($104.98 in chips) 
Seat 4: Nicedaymybro ($100.50 in chips) 
Seat 5: mariofcd ($120.59 in chips) 
Seat 6: Mertens3050 ($26.92 in chips) 
PhoenixAssassin: posts small blind $0.50
Nicedaymybro: posts big blind $1
*** HOLE CARDS ***
mariofcd: raises $1.20 to $2.20
Mertens3050: calls $2.20
rao999: folds 
B1GBankroll: folds 
PhoenixAssassin: folds 
Nicedaymybro: folds 
*** FLOP *** [Jc 8h 8d]
mariofcd: checks 
Mertens3050: checks 
*** TURN *** [Jc 8h 8d] [Kc]
mariofcd: checks 
Mertens3050: checks 
*** RIVER *** [Jc 8h 8d Kc] [3s]
mariofcd: checks 
Mertens3050: checks 
*** SHOW DOWN ***
mariofcd: shows [As 2s] (a pair of Eights)
Mertens3050: shows [2c 2h] (two pair, Eights and Deuces)
Mertens3050 collected $5.60 from pot
*** SUMMARY ***
Total pot $5.90 | Rake $0.30 
Board [Jc 8h 8d Kc 3s]
Seat 1: rao999 folded before Flop (didn't bet)
Seat 2: B1GBankroll (button) folded before Flop (didn't bet)
Seat 3: PhoenixAssassin (small blind) folded before Flop
Seat 4: Nicedaymybro (big blind) folded before Flop
Seat 5: mariofcd showed [As 2s] and lost with a pair of Eights
Seat 6: Mertens3050 showed [2c 2h] and won ($5.60) with two pair, Eights and Deuces



PokerStars Hand #254645371438:  Hold'em No Limit ($0.50/$1.00 USD) - 2025/01/31 23:56:01 WET [2025/01/31 18:56:01 ET]
Table 'Aurelia' 6-max Seat #3 is the button
Seat 5: mariofcd ($118.39 in chips) is sitting out
Seat 1: rao999 ($104.95 in chips) 
Seat 2: B1GBankroll ($101 in chips) 
Seat 3: PhoenixAssassin ($104.48 in chips) 
Seat 4: Nicedaymybro ($100 in chips) 
Seat 6: Mertens3050 ($30.32 in chips) 
Nicedaymybro: posts small blind $0.50
mariofcd: is sitting out 
Mertens3050: posts big blind $1
*** HOLE CARDS ***
rao999: folds 
B1GBankroll: raises $1.50 to $2.50
PhoenixAssassin: folds 
Nicedaymybro: folds 
Mertens3050: folds 
Uncalled bet ($1.50) returned to B1GBankroll
B1GBankroll collected $2.50 from pot
B1GBankroll: doesn't show hand 
*** SUMMARY ***
Total pot $2.50 | Rake $0 
Seat 5: mariofcd
Seat 1: rao999 folded before Flop (didn't bet)
Seat 2: B1GBankroll collected ($2.50)
Seat 3: PhoenixAssassin (button) folded before Flop (didn't bet)
Seat 4: Nicedaymybro (small blind) folded before Flop
Seat 6: Mertens3050 (big blind) folded before Flop



PokerStars Hand #254645374507:  Hold'em No Limit ($0.50/$1.00 USD) - 2025/01/31 23:56:17 WET [2025/01/31 18:56:17 ET]
Table 'Aurelia' 6-max Seat #4 is the button
Seat 5: mariofcd ($118.39 in chips) is sitting out
Seat 1: rao999 ($104.95 in chips) 
Seat 2: B1GBankroll ($102.50 in chips) 
Seat 3: PhoenixAssassin ($104.48 in chips) 
Seat 4: Nicedaymybro ($100 in chips) 
Seat 6: Mertens3050 ($29.32 in chips) 
Mertens3050: posts small blind $0.50
rao999: posts big blind $1
*** HOLE CARDS ***
B1GBankroll: raises $1.50 to $2.50
PhoenixAssassin: raises $5.50 to $8
Nicedaymybro: folds 
Mertens3050: folds 
rao999: folds 
B1GBankroll: raises $12.50 to $20.50
PhoenixAssassin: folds 
Uncalled bet ($12.50) returned to B1GBankroll
B1GBankroll collected $17.50 from pot
B1GBankroll: doesn't show hand 
*** SUMMARY ***
Total pot $17.50 | Rake $0 
Seat 5: mariofcd
Seat 1: rao999 (big blind) folded before Flop
Seat 2: B1GBankroll collected ($17.50)
Seat 3: PhoenixAssassin folded before Flop
Seat 4: Nicedaymybro (button) folded before Flop (didn't bet)
Seat 6: Mertens3050 (small blind) folded before Flop



PokerStars Hand #254645383722:  Hold'em No Limit ($0.50/$1.00 USD) - 2025/01/31 23:57:04 WET [2025/01/31 18:57:04 ET]
Table 'Aurelia' 6-max Seat #6 is the button
Seat 5: mariofcd ($118.39 in chips) is sitting out
Seat 1: rao999 ($103.95 in chips) 
Seat 2: B1GBankroll ($112 in chips) 
Seat 3: PhoenixAssassin ($100 in chips) 
Seat 4: Nicedaymybro ($100 in chips) 
Seat 6: Mertens3050 ($28.82 in chips) 
rao999: posts small blind $0.50
B1GBankroll: posts big blind $1
mariofcd: sits out 
*** HOLE CARDS ***
PhoenixAssassin: raises $1.20 to $2.20
Nicedaymybro: folds 
Mertens3050: folds 
rao999: folds 
B1GBankroll: folds 
Uncalled bet ($1.20) returned to PhoenixAssassin
PhoenixAssassin collected $2.50 from pot
PhoenixAssassin: doesn't show hand 
*** SUMMARY ***
Total pot $2.50 | Rake $0 
Seat 5: mariofcd
Seat 1: rao999 (small blind) folded before Flop
Seat 2: B1GBankroll (big blind) folded before Flop
Seat 3: PhoenixAssassin collected ($2.50)
Seat 4: Nicedaymybro folded before Flop (didn't bet)
Seat 6: Mertens3050 (button) folded before Flop (didn't bet)



PokerStars Hand #254645386620:  Hold'em No Limit ($0.50/$1.00 USD) - 2025/01/31 23:57:19 WET [2025/01/31 18:57:19 ET]
Table 'Aurelia' 6-max Seat #1 is the button
Seat 5: mariofcd ($118.39 in chips) is sitting out
Seat 1: rao999 ($103.45 in chips) 
Seat 2: B1GBankroll ($111 in chips) 
Seat 3: PhoenixAssassin ($101.50 in chips) 
Seat 4: Nicedaymybro ($100 in chips) 
Seat 6: Mertens3050 ($28.82 in chips) 
B1GBankroll: posts small blind $0.50
PhoenixAssassin: posts big blind $1
mariofcd: sits out 
*** HOLE CARDS ***
Nicedaymybro: folds 
Mertens3050: folds 
rao999: folds 
B1GBankroll: folds 
Uncalled bet ($0.50) returned to PhoenixAssassin
PhoenixAssassin collected $1 from pot
PhoenixAssassin: doesn't show hand 
*** SUMMARY ***
Total pot $1 | Rake $0 
Seat 5: mariofcd
Seat 1: rao999 (button) folded before Flop (didn't bet)
Seat 2: B1GBankroll (small blind) folded before Flop
Seat 3: PhoenixAssassin (big blind) collected ($1)
Seat 4: Nicedaymybro folded before Flop (didn't bet)
Seat 6: Mertens3050 folded before Flop (didn't bet)



PokerStars Hand #254645389972:  Hold'em No Limit ($0.50/$1.00 USD) - 2025/01/31 23:57:37 WET [2025/01/31 18:57:37 ET]
Table 'Aurelia' 6-max Seat #2 is the button
Seat 5: mariofcd ($118.39 in chips) is sitting out
Seat 1: rao999 ($103.45 in chips) 
Seat 2: B1GBankroll ($110.50 in chips) 
Seat 3: PhoenixAssassin ($102 in chips) 
Seat 4: Nicedaymybro ($100 in chips) 
Seat 6: Mertens3050 ($28.82 in chips) 
PhoenixAssassin: posts small blind $0.50
Nicedaymybro: posts big blind $1
mariofcd: sits out 
*** HOLE CARDS ***
Mertens3050: raises $1 to $2
rao999: folds 
B1GBankroll: folds 
PhoenixAssassin: folds 
Nicedaymybro: calls $1
*** FLOP *** [9d Kh 6h]
Nicedaymybro: checks 
Mertens3050: checks 
*** TURN *** [9d Kh 6h] [8d]
Nicedaymybro: bets $5.99
Mertens3050: folds 
Uncalled bet ($5.99) returned to Nicedaymybro
Nicedaymybro collected $4.28 from pot
Nicedaymybro: doesn't show hand 
*** SUMMARY ***
Total pot $4.50 | Rake $0.22 
Board [9d Kh 6h 8d]
Seat 5: mariofcd
Seat 1: rao999 folded before Flop (didn't bet)
Seat 2: B1GBankroll (button) folded before Flop (didn't bet)
Seat 3: PhoenixAssassin (small blind) folded before Flop
Seat 4: Nicedaymybro (big blind) collected ($4.28)
Seat 6: Mertens3050 folded on the Turn



PokerStars Hand #254645395787:  Hold'em No Limit ($0.50/$1.00 USD) - 2025/01/31 23:58:07 WET [2025/01/31 18:58:07 ET]
Table 'Aurelia' 6-max Seat #3 is the button
Seat 1: rao999 ($103.45 in chips) 
Seat 2: B1GBankroll ($110.50 in chips) 
Seat 3: PhoenixAssassin ($101.50 in chips) 
Seat 4: Nicedaymybro ($102.28 in chips) 
Seat 5: mariofcd ($118.39 in chips) 
Seat 6: Mertens3050 ($26.82 in chips) 
Nicedaymybro: posts small blind $0.50
mariofcd: posts big blind $1
*** HOLE CARDS ***
Mertens3050: calls $1
rao999: folds 
B1GBankroll: folds 
PhoenixAssassin: folds 
Nicedaymybro: folds 
mariofcd: raises $3 to $4
Mertens3050: folds 
Uncalled bet ($3) returned to mariofcd
mariofcd collected $2.50 from pot
mariofcd: doesn't show hand 
*** SUMMARY ***
Total pot $2.50 | Rake $0 
Seat 1: rao999 folded before Flop (didn't bet)
Seat 2: B1GBankroll folded before Flop (didn't bet)
Seat 3: PhoenixAssassin (button) folded before Flop (didn't bet)
Seat 4: Nicedaymybro (small blind) folded before Flop
Seat 5: mariofcd (big blind) collected ($2.50)
Seat 6: Mertens3050 folded before Flop



PokerStars Hand #254645400840:  Hold'em No Limit ($0.50/$1.00 USD) - 2025/01/31 23:58:33 WET [2025/01/31 18:58:33 ET]
Table 'Aurelia' 6-max Seat #4 is the button
Seat 1: rao999 ($103.45 in chips) 
Seat 2: B1GBankroll ($110.50 in chips) 
Seat 3: PhoenixAssassin ($101.50 in chips) 
Seat 4: Nicedaymybro ($101.78 in chips) 
Seat 5: mariofcd ($119.89 in chips) 
Seat 6: Mertens3050 ($25.82 in chips) 
mariofcd: posts small blind $0.50
Mertens3050: posts big blind $1
*** HOLE CARDS ***
rao999: folds 
B1GBankroll: folds 
PhoenixAssassin: folds 
Nicedaymybro: folds 
mariofcd: folds 
Uncalled bet ($0.50) returned to Mertens3050
Mertens3050 collected $1 from pot
*** SUMMARY ***
Total pot $1 | Rake $0 
Seat 1: rao999 folded before Flop (didn't bet)
Seat 2: B1GBankroll folded before Flop (didn't bet)
Seat 3: PhoenixAssassin folded before Flop (didn't bet)
Seat 4: Nicedaymybro (button) folded before Flop (didn't bet)
Seat 5: mariofcd (small blind) folded before Flop
Seat 6: Mertens3050 (big blind) collected ($1)



PokerStars Hand #254645402720:  Hold'em No Limit ($0.50/$1.00 USD) - 2025/01/31 23:58:43 WET [2025/01/31 18:58:43 ET]
Table 'Aurelia' 6-max Seat #5 is the button
Seat 1: rao999 ($103.45 in chips) 
Seat 2: B1GBankroll ($110.50 in chips) 
Seat 3: PhoenixAssassin ($101.50 in chips) 
Seat 4: Nicedaymybro ($101.78 in chips) 
Seat 5: mariofcd ($119.39 in chips) 
Seat 6: Mertens3050 ($26.32 in chips) 
Mertens3050: posts small blind $0.50
rao999: posts big blind $1
*** HOLE CARDS ***
B1GBankroll: folds 
PhoenixAssassin: folds 
Nicedaymybro: raises $1.50 to $2.50
mariofcd: folds 
Mertens3050: folds 
rao999: folds 
Uncalled bet ($1.50) returned to Nicedaymybro
Nicedaymybro collected $2.50 from pot
Nicedaymybro: doesn't show hand 
*** SUMMARY ***
Total pot $2.50 | Rake $0 
Seat 1: rao999 (big blind) folded before Flop
Seat 2: B1GBankroll folded before Flop (didn't bet)
Seat 3: PhoenixAssassin folded before Flop (didn't bet)
Seat 4: Nicedaymybro collected ($2.50)
Seat 5: mariofcd (button) folded before Flop (didn't bet)
Seat 6: Mertens3050 (small blind) folded before Flop



PokerStars Hand #254645405907:  Hold'em No Limit ($0.50/$1.00 USD) - 2025/01/31 23:58:59 WET [2025/01/31 18:58:59 ET]
Table 'Aurelia' 6-max Seat #6 is the button
Seat 1: rao999 ($102.45 in chips) 
Seat 2: B1GBankroll ($110.50 in chips) 
Seat 3: PhoenixAssassin ($101.50 in chips) 
Seat 4: Nicedaymybro ($103.28 in chips) 
Seat 5: mariofcd ($119.39 in chips) 
Seat 6: Mertens3050 ($25.82 in chips) 
rao999: posts small blind $0.50
B1GBankroll: posts big blind $1
*** HOLE CARDS ***
PhoenixAssassin: raises $1.20 to $2.20
Nicedaymybro: folds 
mariofcd: folds 
Mertens3050 has timed out
Mertens3050: folds 
rao999: folds 
B1GBankroll: folds 
Uncalled bet ($1.20) returned to PhoenixAssassin
PhoenixAssassin collected $2.50 from pot
PhoenixAssassin: doesn't show hand 
*** SUMMARY ***
Total pot $2.50 | Rake $0 
Seat 1: rao999 (small blind) folded before Flop
Seat 2: B1GBankroll (big blind) folded before Flop
Seat 3: PhoenixAssassin collected ($2.50)
Seat 4: Nicedaymybro folded before Flop (didn't bet)
Seat 5: mariofcd folded before Flop (didn't bet)
Seat 6: Mertens3050 (button) folded before Flop (didn't bet)



PokerStars Hand #254645419592:  Hold'em No Limit ($0.50/$1.00 USD) - 2025/01/31 0:00:10 WET [2025/01/31 19:00:10 ET]
Table 'Aurelia' 6-max Seat #1 is the button
Seat 3: PhoenixAssassin ($103 in chips) is sitting out
Seat 6: Mertens3050 ($25.82 in chips) is sitting out
Seat 1: rao999 ($101.95 in chips) 
Seat 2: B1GBankroll ($109.50 in chips) 
Seat 4: Nicedaymybro ($103.28 in chips) 
Seat 5: mariofcd ($119.39 in chips) 
B1GBankroll: posts small blind $0.50
PhoenixAssassin: is sitting out 
Nicedaymybro: posts big blind $1
*** HOLE CARDS ***
Mertens3050 leaves the table
mariofcd has timed out
mariofcd: folds 
PhoenixAssassin leaves the table
rao999: raises $1.50 to $2.50
mariofcd leaves the table
B1GBankroll: raises $8.75 to $11.25
Nicedaymybro: folds 
rao999: folds 
Uncalled bet ($8.75) returned to B1GBankroll
B1GBankroll collected $6 from pot
B1GBankroll: doesn't show hand 
*** SUMMARY ***
Total pot $6 | Rake $0 
Seat 3: PhoenixAssassin
Seat 6: Mertens3050
Seat 1: rao999 (button) folded before Flop
Seat 2: B1GBankroll (small blind) collected ($6)
Seat 4: Nicedaymybro (big blind) folded before Flop
Seat 5: mariofcd folded before Flop (didn't bet)



PokerStars Hand #254645430715:  Hold'em No Limit ($0.50/$1.00 USD) - 2025/01/31 0:01:04 WET [2025/01/31 19:01:04 ET]
Table 'Aurelia' 6-max Seat #2 is the button
Seat 1: rao999 ($100 in chips) 
Seat 2: B1GBankroll ($113 in chips) 
Seat 4: Nicedaymybro ($102.28 in chips) 
Nicedaymybro: posts small blind $0.50
rao999: posts big blind $1
*** HOLE CARDS ***
B1GBankroll: raises $1.50 to $2.50
Nicedaymybro: folds 
rao999: raises $9.50 to $12
B1GBankroll: folds 
Uncalled bet ($9.50) returned to rao999
rao999 collected $5.50 from pot
rao999: doesn't show hand 
*** SUMMARY ***
Total pot $5.50 | Rake $0 
Seat 1: rao999 (big blind) collected ($5.50)
Seat 2: B1GBankroll (button) folded before Flop
Seat 4: Nicedaymybro (small blind) folded before Flop



PokerStars Hand #254645436380:  Hold'em No Limit ($0.50/$1.00 USD) - 2025/01/31 0:01:29 WET [2025/01/31 19:01:29 ET]
Table 'Aurelia' 6-max Seat #4 is the button
Seat 1: rao999 ($103 in chips) 
Seat 2: B1GBankroll ($110.50 in chips) 
Seat 4: Nicedaymybro ($101.78 in chips) 
rao999: posts small blind $0.50
B1GBankroll: posts big blind $1
*** HOLE CARDS ***
Nicedaymybro: folds 
Nicedaymybro leaves the table
rao999: raises $2 to $3
nastja336 joins the table at seat #4 
darr8 joins the table at seat #3 
darr8 is disconnected 
B1GBankroll: calls $2
*** FLOP *** [8c 7h 4s]
Nicedaymybro joins the table at seat #5 
mariofcd joins the table at seat #6 
rao999: checks 
B1GBankroll: checks 
*** TURN *** [8c 7h 4s] [Th]
rao999: checks 
B1GBankroll: bets $5.07
rao999: folds 
Uncalled bet ($5.07) returned to B1GBankroll
B1GBankroll collected $5.70 from pot
B1GBankroll: doesn't show hand 
*** SUMMARY ***
Total pot $6 | Rake $0.30 
Board [8c 7h 4s Th]
Seat 1: rao999 (small blind) folded on the Turn
Seat 2: B1GBankroll (big blind) collected ($5.70)
Seat 4: Nicedaymybro (button) folded before Flop (didn't bet)



PokerStars Hand #254645453817:  Hold'em No Limit ($0.50/$1.00 USD) - 2025/01/31 0:02:42 WET [2025/01/31 19:02:42 ET]
Table 'Aurelia' 6-max Seat #1 is the button
Seat 4: nastja336 ($100 in chips) is sitting out
Seat 5: Nicedaymybro ($101.78 in chips) is sitting out
Seat 6: mariofcd ($119.39 in chips) is sitting out
Seat 1: rao999 ($100 in chips) 
Seat 2: B1GBankroll ($113.20 in chips) 
Seat 3: darr8 ($78.21 in chips) 
B1GBankroll: posts small blind $0.50
darr8: posts big blind $1
nastja336: sits out 
Nicedaymybro: sits out 
mariofcd: sits out 
*** HOLE CARDS ***
rao999: raises $1.50 to $2.50
B1GBankroll: folds 
darr8: folds 
Uncalled bet ($1.50) returned to rao999
rao999 collected $2.50 from pot
rao999: doesn't show hand 
*** SUMMARY ***
Total pot $2.50 | Rake $0 
Seat 4: nastja336
Seat 5: Nicedaymybro
Seat 6: mariofcd
Seat 1: rao999 (button) collected ($2.50)
Seat 2: B1GBankroll (small blind) folded before Flop
Seat 3: darr8 (big blind) folded before Flop



PokerStars Hand #254645458588:  Hold'em No Limit ($0.50/$1.00 USD) - 2025/01/31 0:03:02 WET [2025/01/31 19:03:02 ET]
Table 'Aurelia' 6-max Seat #2 is the button
Seat 5: Nicedaymybro ($101.78 in chips) is sitting out
Seat 6: mariofcd ($119.39 in chips) is sitting out
Seat 1: rao999 ($101.50 in chips) 
Seat 2: B1GBankroll ($112.70 in chips) 
Seat 3: darr8 ($77.21 in chips) 
Seat 4: nastja336 ($100 in chips) 
darr8: posts small blind $0.50
nastja336: posts big blind $1
Nicedaymybro: sits out 
mariofcd: sits out 
*** HOLE CARDS ***
rao999: raises $1.50 to $2.50
B1GBankroll: raises $5.50 to $8
darr8: folds 
nastja336: folds 
rao999: folds 
Uncalled bet ($5.50) returned to B1GBankroll
B1GBankroll collected $6.50 from pot
B1GBankroll: doesn't show hand 
*** SUMMARY ***
Total pot $6.50 | Rake $0 
Seat 5: Nicedaymybro
Seat 6: mariofcd
Seat 1: rao999 folded before Flop
Seat 2: B1GBankroll (button) collected ($6.50)
Seat 3: darr8 (small blind) folded before Flop
Seat 4: nastja336 (big blind) folded before Flop



PokerStars Hand #254645464059:  Hold'em No Limit ($0.50/$1.00 USD) - 2025/01/31 0:03:25 WET [2025/01/31 19:03:25 ET]
Table 'Aurelia' 6-max Seat #3 is the button
Seat 1: rao999 ($100 in chips) 
Seat 2: B1GBankroll ($116.70 in chips) 
Seat 3: darr8 ($76.71 in chips) 
Seat 4: nastja336 ($100 in chips) 
Seat 5: Nicedaymybro ($101.78 in chips) 
Seat 6: mariofcd ($119.39 in chips) 
nastja336: posts small blind $0.50
Nicedaymybro: posts big blind $1
mariofcd: posts big blind $1
*** HOLE CARDS ***
mariofcd: checks 
rao999: folds 
B1GBankroll: folds 
darr8: raises $2 to $3
nastja336: folds 
Nicedaymybro: calls $2
mariofcd: folds 
*** FLOP *** [8s 5d 6d]
Nicedaymybro: checks 
darr8: bets $4
Nicedaymybro: folds 
Uncalled bet ($4) returned to darr8
darr8 collected $7.12 from pot
*** SUMMARY ***
Total pot $7.50 | Rake $0.38 
Board [8s 5d 6d]
Seat 1: rao999 folded before Flop (didn't bet)
Seat 2: B1GBankroll folded before Flop (didn't bet)
Seat 3: darr8 (button) collected ($7.12)
Seat 4: nastja336 (small blind) folded before Flop
Seat 5: Nicedaymybro (big blind) folded on the Flop
Seat 6: mariofcd folded before Flop (didn't bet)



PokerStars Hand #254645473797:  Hold'em No Limit ($0.50/$1.00 USD) - 2025/01/31 0:04:06 WET [2025/01/31 19:04:06 ET]
Table 'Aurelia' 6-max Seat #4 is the button
Seat 1: rao999 ($100 in chips) 
Seat 2: B1GBankroll ($116.70 in chips) 
Seat 3: darr8 ($80.83 in chips) 
Seat 4: nastja336 ($100 in chips) 
Seat 5: Nicedaymybro ($100 in chips) 
Seat 6: mariofcd ($118.39 in chips) 
Nicedaymybro: posts small blind $0.50
mariofcd: posts big blind $1
*** HOLE CARDS ***
rao999: folds 
B1GBankroll: folds 
darr8: calls $1
nastja336: folds 
Nicedaymybro: folds 
mariofcd: checks 
*** FLOP *** [Ac 7c Kc]
mariofcd: checks 
darr8: bets $3
mariofcd: folds 
Uncalled bet ($3) returned to darr8
darr8 collected $2.38 from pot
*** SUMMARY ***
Total pot $2.50 | Rake $0.12 
Board [Ac 7c Kc]
Seat 1: rao999 folded before Flop (didn't bet)
Seat 2: B1GBankroll folded before Flop (didn't bet)
Seat 3: darr8 collected ($2.38)
Seat 4: nastja336 (button) folded before Flop (didn't bet)
Seat 5: Nicedaymybro (small blind) folded before Flop
Seat 6: mariofcd (big blind) folded on the Flop



PokerStars Hand #254645484054:  Hold'em No Limit ($0.50/$1.00 USD) - 2025/01/31 0:04:48 WET [2025/01/31 19:04:48 ET]
Table 'Aurelia' 6-max Seat #5 is the button
Seat 1: rao999 ($100 in chips) is sitting out
Seat 2: B1GBankroll ($116.70 in chips) 
Seat 3: darr8 ($82.21 in chips) 
Seat 4: nastja336 ($100 in chips) 
Seat 5: Nicedaymybro ($100 in chips) 
Seat 6: mariofcd ($117.39 in chips) 
mariofcd: posts small blind $0.50
rao999: is sitting out 
B1GBankroll: posts big blind $1
*** HOLE CARDS ***
darr8: calls $1
nastja336: folds 
Nicedaymybro: folds 
mariofcd: raises $3 to $4
B1GBankroll: calls $3
darr8: folds 
*** FLOP *** [7d 5d 5s]
mariofcd: checks 
B1GBankroll: checks 
*** TURN *** [7d 5d 5s] [Js]
mariofcd: bets $6.41
B1GBankroll: folds 
Uncalled bet ($6.41) returned to mariofcd
mariofcd collected $8.55 from pot
mariofcd: doesn't show hand 
*** SUMMARY ***
Total pot $9 | Rake $0.45 
Board [7d 5d 5s Js]
Seat 1: rao999
Seat 2: B1GBankroll (big blind) folded on the Turn
Seat 3: darr8 folded before Flop
Seat 4: nastja336 folded before Flop (didn't bet)
Seat 5: Nicedaymybro (button) folded before Flop (didn't bet)
Seat 6: mariofcd (small blind) collected ($8.55)



PokerStars Hand #254645496171:  Hold'em No Limit ($0.50/$1.00 USD) - 2025/01/31 0:05:38 WET [2025/01/31 19:05:38 ET]
Table 'Aurelia' 6-max Seat #6 is the button
Seat 1: rao999 ($100 in chips) is sitting out
Seat 2: B1GBankroll ($112.70 in chips) 
Seat 3: darr8 ($81.21 in chips) 
Seat 4: nastja336 ($100 in chips) 
Seat 5: Nicedaymybro ($100 in chips) 
Seat 6: mariofcd ($121.94 in chips) 
B1GBankroll: posts small blind $0.50
darr8: posts big blind $1
*** HOLE CARDS ***
nastja336: folds 
Nicedaymybro: folds 
mariofcd: raises $1.45 to $2.45
B1GBankroll: folds 
darr8: calls $1.45
*** FLOP *** [3s 4c Kc]
darr8: checks 
mariofcd: checks 
*** TURN *** [3s 4c Kc] [6h]
darr8: bets $4
mariofcd: raises $14 to $18
darr8: folds 
Uncalled bet ($14) returned to mariofcd
mariofcd collected $12.73 from pot
mariofcd: doesn't show hand 
*** SUMMARY ***
Total pot $13.40 | Rake $0.67 
Board [3s 4c Kc 6h]
Seat 1: rao999
Seat 2: B1GBankroll (small blind) folded before Flop
Seat 3: darr8 (big blind) folded on the Turn
Seat 4: nastja336 folded before Flop (didn't bet)
Seat 5: Nicedaymybro folded before Flop (didn't bet)
Seat 6: mariofcd (button) collected ($12.73)



PokerStars Hand #254645509665:  Hold'em No Limit ($0.50/$1.00 USD) - 2025/01/31 0:06:35 WET [2025/01/31 19:06:35 ET]
Table 'Aurelia' 6-max Seat #2 is the button
Seat 1: rao999 ($100 in chips) is sitting out
Seat 2: B1GBankroll ($112.20 in chips) 
Seat 3: darr8 ($74.76 in chips) 
Seat 4: nastja336 ($100 in chips) 
Seat 5: Nicedaymybro ($100 in chips) 
Seat 6: mariofcd ($128.22 in chips) 
darr8: posts small blind $0.50
nastja336: posts big blind $1
rao999: sits out 
*** HOLE CARDS ***
Nicedaymybro: folds 
mariofcd: folds 
B1GBankroll: folds 
darr8: calls $0.50
nastja336: raises $4 to $5
darr8: calls $4
*** FLOP *** [As Jh 4d]
darr8: checks 
nastja336: bets $3.14
darr8: folds 
Uncalled bet ($3.14) returned to nastja336
nastja336 collected $9.50 from pot
nastja336: doesn't show hand 
*** SUMMARY ***
Total pot $10 | Rake $0.50 
Board [As Jh 4d]
Seat 1: rao999
Seat 2: B1GBankroll (button) folded before Flop (didn't bet)
Seat 3: darr8 (small blind) folded on the Flop
Seat 4: nastja336 (big blind) collected ($9.50)
Seat 5: Nicedaymybro folded before Flop (didn't bet)
Seat 6: mariofcd folded before Flop (didn't bet)



PokerStars Hand #254645517693:  Hold'em No Limit ($0.50/$1.00 USD) - 2025/01/31 0:07:08 WET [2025/01/31 19:07:08 ET]
Table 'Aurelia' 6-max Seat #3 is the button
Seat 1: rao999 ($100 in chips) is sitting out
Seat 2: B1GBankroll ($112.20 in chips) 
Seat 3: darr8 ($69.76 in chips) 
Seat 4: nastja336 ($104.50 in chips) 
Seat 5: Nicedaymybro ($100 in chips) 
Seat 6: mariofcd ($128.22 in chips) 
nastja336: posts small blind $0.50
Nicedaymybro: posts big blind $1
rao999: sits out 
*** HOLE CARDS ***
mariofcd: folds 
B1GBankroll: folds 
darr8: raises $2 to $3
nastja336: folds 
Nicedaymybro: folds 
Uncalled bet ($2) returned to darr8
darr8 collected $2.50 from pot
*** SUMMARY ***
Total pot $2.50 | Rake $0 
Seat 1: rao999
Seat 2: B1GBankroll folded before Flop (didn't bet)
Seat 3: darr8 (button) collected ($2.50)
Seat 4: nastja336 (small blind) folded before Flop
Seat 5: Nicedaymybro (big blind) folded before Flop
Seat 6: mariofcd folded before Flop (didn't bet)



PokerStars Hand #254645522881:  Hold'em No Limit ($0.50/$1.00 USD) - 2025/01/31 0:07:30 WET [2025/01/31 19:07:30 ET]
Table 'Aurelia' 6-max Seat #4 is the button
Seat 1: rao999 ($100 in chips) is sitting out
Seat 2: B1GBankroll ($112.20 in chips) 
Seat 3: darr8 ($71.26 in chips) 
Seat 4: nastja336 ($104 in chips) 
Seat 5: Nicedaymybro ($100 in chips) 
Seat 6: mariofcd ($128.22 in chips) 
Nicedaymybro: posts small blind $0.50
mariofcd: posts big blind $1
rao999: sits out 
*** HOLE CARDS ***
B1GBankroll: folds 
darr8: folds 
nastja336: raises $1.50 to $2.50
Nicedaymybro: raises $8.50 to $11
mariofcd: folds 
nastja336: folds 
Uncalled bet ($8.50) returned to Nicedaymybro
Nicedaymybro collected $6 from pot
Nicedaymybro: doesn't show hand 
*** SUMMARY ***
Total pot $6 | Rake $0 
Seat 1: rao999
Seat 2: B1GBankroll folded before Flop (didn't bet)
Seat 3: darr8 folded before Flop (didn't bet)
Seat 4: nastja336 (button) folded before Flop
Seat 5: Nicedaymybro (small blind) collected ($6)
Seat 6: mariofcd (big blind) folded before Flop



PokerStars Hand #254645527483:  Hold'em No Limit ($0.50/$1.00 USD) - 2025/01/31 0:07:50 WET [2025/01/31 19:07:50 ET]
Table 'Aurelia' 6-max Seat #5 is the button
Seat 1: rao999 ($100 in chips) 
Seat 2: B1GBankroll ($112.20 in chips) 
Seat 3: darr8 ($71.26 in chips) 
Seat 4: nastja336 ($101.50 in chips) 
Seat 5: Nicedaymybro ($103.50 in chips) 
Seat 6: mariofcd ($127.22 in chips) 
mariofcd: posts small blind $0.50
rao999: posts big blind $1
*** HOLE CARDS ***
B1GBankroll: folds 
darr8: folds 
nastja336: folds 
Nicedaymybro: folds 
mariofcd: raises $2 to $3
rao999: folds 
Uncalled bet ($2) returned to mariofcd
mariofcd collected $2 from pot
mariofcd: doesn't show hand 
*** SUMMARY ***
Total pot $2 | Rake $0 
Seat 1: rao999 (big blind) folded before Flop
Seat 2: B1GBankroll folded before Flop (didn't bet)
Seat 3: darr8 folded before Flop (didn't bet)
Seat 4: nastja336 folded before Flop (didn't bet)
Seat 5: Nicedaymybro (button) folded before Flop (didn't bet)
Seat 6: mariofcd (small blind) collected ($2)



PokerStars Hand #254645574157:  Hold'em No Limit ($0.50/$1.00 USD) - 2025/01/31 0:11:07 WET [2025/01/31 19:11:07 ET]
Table 'Aurelia' 6-max Seat #5 is the button
Seat 3: darr8 ($0 in chips) is sitting out
Seat 1: rao999 ($100 in chips) 
Seat 2: B1GBankroll ($115.90 in chips) 
Seat 4: nastja336 ($100 in chips) 
Seat 5: Nicedaymybro ($109.83 in chips) 
Seat 6: mariofcd ($193.28 in chips) 
mariofcd: posts small blind $0.50
rao999: posts big blind $1
*** HOLE CARDS ***
B1GBankroll: folds 
nastja336: folds 
Nicedaymybro: folds 
darr8 leaves the table
mariofcd: raises $2 to $3
rao999: raises $7 to $10
mariofcd: folds 
Uncalled bet ($7) returned to rao999
rao999 collected $6 from pot
rao999: doesn't show hand 
*** SUMMARY ***
Total pot $6 | Rake $0 
Seat 3: darr8
Seat 1: rao999 (big blind) collected ($6)
Seat 2: B1GBankroll folded before Flop (didn't bet)
Seat 4: nastja336 folded before Flop (didn't bet)
Seat 5: Nicedaymybro (button) folded before Flop (didn't bet)
Seat 6: mariofcd (small blind) folded before Flop



PokerStars Hand #254645582596:  Hold'em No Limit ($0.50/$1.00 USD) - 2025/01/31 0:11:43 WET [2025/01/31 19:11:43 ET]
Table 'Aurelia' 6-max Seat #6 is the button
Seat 2: B1GBankroll ($115.90 in chips) is sitting out
Seat 1: rao999 ($103 in chips) 
Seat 4: nastja336 ($100 in chips) 
Seat 5: Nicedaymybro ($109.83 in chips) 
Seat 6: mariofcd ($190.28 in chips) 
rao999: posts small blind $0.50
B1GBankroll: is sitting out 
nastja336: posts big blind $1
*** HOLE CARDS ***
Nicedaymybro: raises $1.50 to $2.50
mariofcd: folds 
rao999: folds 
nastja336: folds 
Uncalled bet ($1.50) returned to Nicedaymybro
Nicedaymybro collected $2.50 from pot
Nicedaymybro: doesn't show hand 
*** SUMMARY ***
Total pot $2.50 | Rake $0 
Seat 2: B1GBankroll
Seat 1: rao999 (small blind) folded before Flop
Seat 4: nastja336 (big blind) folded before Flop
Seat 5: Nicedaymybro collected ($2.50)
Seat 6: mariofcd (button) folded before Flop (didn't bet)



PokerStars Hand #254645586161:  Hold'em No Limit ($0.50/$1.00 USD) - 2025/01/31 0:11:58 WET [2025/01/31 19:11:58 ET]
Table 'Aurelia' 6-max Seat #1 is the button
Seat 2: B1GBankroll ($115.90 in chips) is sitting out
Seat 1: rao999 ($102.50 in chips) 
Seat 4: nastja336 ($100 in chips) 
Seat 5: Nicedaymybro ($111.33 in chips) 
Seat 6: mariofcd ($190.28 in chips) 
nastja336: posts small blind $0.50
Nicedaymybro: posts big blind $1
*** HOLE CARDS ***
B1GBankroll leaves the table
mariofcd: raises $1.25 to $2.25
rao999: folds 
nastja336: folds 
Nicedaymybro: folds 
Uncalled bet ($1.25) returned to mariofcd
mariofcd collected $2.50 from pot
mariofcd: doesn't show hand 
*** SUMMARY ***
Total pot $2.50 | Rake $0 
Seat 2: B1GBankroll
Seat 1: rao999 (button) folded before Flop (didn't bet)
Seat 4: nastja336 (small blind) folded before Flop
Seat 5: Nicedaymybro (big blind) folded before Flop
Seat 6: mariofcd collected ($2.50)



PokerStars Hand #254645593911:  Hold'em No Limit ($0.50/$1.00 USD) - 2025/01/31 0:12:31 WET [2025/01/31 19:12:31 ET]
Table 'Aurelia' 6-max Seat #4 is the button
Seat 6: mariofcd ($191.78 in chips) is sitting out
Seat 1: rao999 ($102.50 in chips) 
Seat 4: nastja336 ($100 in chips) 
Seat 5: Nicedaymybro ($110.33 in chips) 
Nicedaymybro: posts small blind $0.50
mariofcd: is sitting out 
rao999: posts big blind $1
*** HOLE CARDS ***
nastja336: folds 
nastja336 leaves the table
mariofcd leaves the table
Nicedaymybro: raises $2 to $3
rao999: calls $2
*** FLOP *** [Ah 7h Tc]
Nicedaymybro: checks 
rao999: checks 
*** TURN *** [Ah 7h Tc] [Ad]
Nicedaymybro: checks 
rao999: checks 
*** RIVER *** [Ah 7h Tc Ad] [4d]
Nicedaymybro: bets $4.28
rao999: calls $4.28
*** SHOW DOWN ***
Nicedaymybro: shows [2d Qd] (a pair of Aces)
rao999: shows [7s 9s] (two pair, Aces and Sevens)
rao999 collected $13.83 from pot
*** SUMMARY ***
Total pot $14.56 | Rake $0.73 
Board [Ah 7h Tc Ad 4d]
Seat 6: mariofcd
Seat 1: rao999 (big blind) showed [7s 9s] and won ($13.83) with two pair, Aces and Sevens
Seat 4: nastja336 (button) folded before Flop (didn't bet)
Seat 5: Nicedaymybro (small blind) showed [2d Qd] and lost with a pair of Aces



PokerStars Hand #254645692822:  Hold'em No Limit ($0.50/$1.00 USD) - 2025/01/31 0:19:37 WET [2025/01/31 19:19:37 ET]
Table 'Aurelia' 6-max Seat #5 is the button
Seat 1: Darkhippies7 ($48.64 in chips) 
Seat 2: rao999 ($109.05 in chips) 
Seat 3: mac101101 ($73.26 in chips) 
Seat 4: Nicedaymybro ($103.05 in chips) 
Seat 5: andutu34 ($100 in chips) 
Seat 6: mariofcd ($191.78 in chips) 
mariofcd: posts small blind $0.50
Darkhippies7: posts big blind $1
*** HOLE CARDS ***
rao999: folds 
mac101101: calls $1
Nicedaymybro: folds 
andutu34: folds 
mariofcd: raises $3 to $4
Darkhippies7: calls $3
mac101101: calls $3
*** FLOP *** [3h 4h Td]
mariofcd: checks 
Darkhippies7: bets $5.70
mac101101: calls $5.70
mariofcd: folds 
*** TURN *** [3h 4h Td] [7h]
Darkhippies7: bets $11.12
mac101101: folds 
Uncalled bet ($11.12) returned to Darkhippies7
Darkhippies7 collected $22.23 from pot
*** SUMMARY ***
Total pot $23.40 | Rake $1.17 
Board [3h 4h Td 7h]
Seat 1: Darkhippies7 (big blind) collected ($22.23)
Seat 2: rao999 folded before Flop (didn't bet)
Seat 3: mac101101 folded on the Turn
Seat 4: Nicedaymybro folded before Flop (didn't bet)
Seat 5: andutu34 (button) folded before Flop (didn't bet)
Seat 6: mariofcd (small blind) folded on the Flop



PokerStars Hand #254645710180:  Hold'em No Limit ($0.50/$1.00 USD) - 2025/01/31 0:20:52 WET [2025/01/31 19:20:52 ET]
Table 'Aurelia' 6-max Seat #6 is the button
Seat 1: Darkhippies7 ($61.17 in chips) 
Seat 2: rao999 ($109.05 in chips) 
Seat 3: mac101101 ($63.56 in chips) 
Seat 4: Nicedaymybro ($103.05 in chips) 
Seat 5: andutu34 ($100 in chips) 
Seat 6: mariofcd ($187.78 in chips) 
Darkhippies7: posts small blind $0.50
rao999: posts big blind $1
*** HOLE CARDS ***
mac101101: folds 
Nicedaymybro: folds 
andutu34: raises $1.30 to $2.30
mariofcd: folds 
Darkhippies7: calls $1.80
rao999: raises $11.70 to $14
andutu34: folds 
Darkhippies7: folds 
Uncalled bet ($11.70) returned to rao999
rao999 collected $6.90 from pot
rao999: doesn't show hand 
*** SUMMARY ***
Total pot $6.90 | Rake $0 
Seat 1: Darkhippies7 (small blind) folded before Flop
Seat 2: rao999 (big blind) collected ($6.90)
Seat 3: mac101101 folded before Flop (didn't bet)
Seat 4: Nicedaymybro folded before Flop (didn't bet)
Seat 5: andutu34 folded before Flop
Seat 6: mariofcd (button) folded before Flop (didn't bet)



PokerStars Hand #254645717821:  Hold'em No Limit ($0.50/$1.00 USD) - 2025/01/31 0:21:26 WET [2025/01/31 19:21:26 ET]
Table 'Aurelia' 6-max Seat #1 is the button
Seat 1: Darkhippies7 ($58.87 in chips) 
Seat 2: rao999 ($113.65 in chips) 
Seat 3: mac101101 ($63.56 in chips) 
Seat 4: Nicedaymybro ($103.05 in chips) 
Seat 5: andutu34 ($100 in chips) 
Seat 6: mariofcd ($187.78 in chips) 
rao999: posts small blind $0.50
mac101101: posts big blind $1
*** HOLE CARDS ***
Nicedaymybro: folds 
andutu34: folds 
mariofcd has timed out
mariofcd: folds 
Darkhippies7: raises $1 to $2
rao999: folds 
mac101101: folds 
Uncalled bet ($1) returned to Darkhippies7
Darkhippies7 collected $2.50 from pot
*** SUMMARY ***
Total pot $2.50 | Rake $0 
Seat 1: Darkhippies7 (button) collected ($2.50)
Seat 2: rao999 (small blind) folded before Flop
Seat 3: mac101101 (big blind) folded before Flop
Seat 4: Nicedaymybro folded before Flop (didn't bet)
Seat 5: andutu34 folded before Flop (didn't bet)
Seat 6: mariofcd folded before Flop (didn't bet)



PokerStars Hand #254645727098:  Hold'em No Limit ($0.50/$1.00 USD) - 2025/01/31 0:22:07 WET [2025/01/31 19:22:07 ET]
Table 'Aurelia' 6-max Seat #2 is the button
Seat 1: Darkhippies7 ($60.37 in chips) 
Seat 2: rao999 ($113.15 in chips) 
Seat 3: mac101101 ($62.56 in chips) 
Seat 4: Nicedaymybro ($103.05 in chips) 
Seat 5: andutu34 ($100 in chips) 
Seat 6: mariofcd ($187.78 in chips) 
mac101101: posts small blind $0.50
Nicedaymybro: posts big blind $1
*** HOLE CARDS ***
andutu34: folds 
mariofcd: folds 
Darkhippies7: folds 
rao999: raises $1.50 to $2.50
mac101101: calls $2
Nicedaymybro: folds 
*** FLOP *** [6c 8d 3c]
mac101101: bets $2
rao999: calls $2
*** TURN *** [6c 8d 3c] [Kc]
mac101101: bets $4.75
rao999: calls $4.75
*** RIVER *** [6c 8d 3c Kc] [9s]
mac101101: checks 
rao999: checks 
*** SHOW DOWN ***
mac101101: shows [8h Ac] (a pair of Eights)
rao999: mucks hand 
mac101101 collected $18.28 from pot
*** SUMMARY ***
Total pot $19.50 | Rake $1.22 
Board [6c 8d 3c Kc 9s]
Seat 1: Darkhippies7 folded before Flop (didn't bet)
Seat 2: rao999 (button) mucked
Seat 3: mac101101 (small blind) showed [8h Ac] and won ($18.28) with a pair of Eights
Seat 4: Nicedaymybro (big blind) folded before Flop
Seat 5: andutu34 folded before Flop (didn't bet)
Seat 6: mariofcd folded before Flop (didn't bet)



PokerStars Hand #254645737358:  Hold'em No Limit ($0.50/$1.00 USD) - 2025/01/31 0:22:53 WET [2025/01/31 19:22:53 ET]
Table 'Aurelia' 6-max Seat #3 is the button
Seat 1: Darkhippies7 ($60.37 in chips) 
Seat 2: rao999 ($103.90 in chips) 
Seat 3: mac101101 ($71.59 in chips) 
Seat 4: Nicedaymybro ($102.05 in chips) 
Seat 5: andutu34 ($100 in chips) 
Seat 6: mariofcd ($187.78 in chips) 
Nicedaymybro: posts small blind $0.50
andutu34: posts big blind $1
*** HOLE CARDS ***
mariofcd: folds 
Darkhippies7: raises $2 to $3
rao999: folds 
mac101101: folds 
Nicedaymybro: folds 
andutu34: folds 
Uncalled bet ($2) returned to Darkhippies7
Darkhippies7 collected $2.50 from pot
*** SUMMARY ***
Total pot $2.50 | Rake $0 
Seat 1: Darkhippies7 collected ($2.50)
Seat 2: rao999 folded before Flop (didn't bet)
Seat 3: mac101101 (button) folded before Flop (didn't bet)
Seat 4: Nicedaymybro (small blind) folded before Flop
Seat 5: andutu34 (big blind) folded before Flop
Seat 6: mariofcd folded before Flop (didn't bet)



PokerStars Hand #254645743455:  Hold'em No Limit ($0.50/$1.00 USD) - 2025/01/31 0:23:20 WET [2025/01/31 19:23:20 ET]
Table 'Aurelia' 6-max Seat #4 is the button
Seat 1: Darkhippies7 ($61.87 in chips) 
Seat 2: rao999 ($103.90 in chips) 
Seat 3: mac101101 ($71.59 in chips) 
Seat 4: Nicedaymybro ($101.55 in chips) 
Seat 5: andutu34 ($100 in chips) 
Seat 6: mariofcd ($187.78 in chips) 
andutu34: posts small blind $0.50
mariofcd: posts big blind $1
*** HOLE CARDS ***
Darkhippies7: raises $1 to $2
rao999: folds 
mac101101: calls $2
Nicedaymybro: folds 
andutu34: folds 
mariofcd: calls $1
*** FLOP *** [2d Qh 4s]
mariofcd: checks 
Darkhippies7: checks 
mac101101: checks 
*** TURN *** [2d Qh 4s] [Ks]
mariofcd: bets $4.63
Darkhippies7: raises $5.37 to $10
mac101101: folds 
mariofcd: calls $5.37
*** RIVER *** [2d Qh 4s Ks] [Kc]
mariofcd: checks 
Darkhippies7: checks 
*** SHOW DOWN ***
mariofcd: shows [Ts 7s] (a pair of Kings)
Darkhippies7: shows [As Ad] (two pair, Aces and Kings)
Darkhippies7 collected $25.18 from pot
*** SUMMARY ***
Total pot $26.50 | Rake $1.32 
Board [2d Qh 4s Ks Kc]
Seat 1: Darkhippies7 showed [As Ad] and won ($25.18) with two pair, Aces and Kings
Seat 2: rao999 folded before Flop (didn't bet)
Seat 3: mac101101 folded on the Turn
Seat 4: Nicedaymybro (button) folded before Flop (didn't bet)
Seat 5: andutu34 (small blind) folded before Flop
Seat 6: mariofcd (big blind) showed [Ts 7s] and lost with a pair of Kings



PokerStars Hand #254645757457:  Hold'em No Limit ($0.50/$1.00 USD) - 2025/01/31 0:24:23 WET [2025/01/31 19:24:23 ET]
Table 'Aurelia' 6-max Seat #5 is the button
Seat 1: Darkhippies7 ($75.05 in chips) 
Seat 2: rao999 ($103.90 in chips) 
Seat 3: mac101101 ($69.59 in chips) 
Seat 4: Nicedaymybro ($101.55 in chips) 
Seat 5: andutu34 ($100 in chips) 
Seat 6: mariofcd ($175.78 in chips) 
mariofcd: posts small blind $0.50
Darkhippies7: posts big blind $1
*** HOLE CARDS ***
rao999: raises $1.50 to $2.50
mac101101: calls $2.50
Nicedaymybro: folds 
andutu34: raises $7.65 to $10.15
mariofcd: folds 
Darkhippies7: folds 
rao999: folds 
mac101101: calls $7.65
*** FLOP *** [5h Qc Ad]
mac101101: bets $8.54
andutu34: calls $8.54
*** TURN *** [5h Qc Ad] [Jc]
mac101101: checks 
andutu34: checks 
*** RIVER *** [5h Qc Ad Jc] [2d]
mac101101: checks 
andutu34: checks 
*** SHOW DOWN ***
mac101101: shows [Qh Ks] (a pair of Queens)
andutu34: mucks hand 
mac101101 collected $38.79 from pot
*** SUMMARY ***
Total pot $41.38 | Rake $2.59 
Board [5h Qc Ad Jc 2d]
Seat 1: Darkhippies7 (big blind) folded before Flop
Seat 2: rao999 folded before Flop
Seat 3: mac101101 showed [Qh Ks] and won ($38.79) with a pair of Queens
Seat 4: Nicedaymybro folded before Flop (didn't bet)
Seat 5: andutu34 (button) mucked
Seat 6: mariofcd (small blind) folded before Flop



PokerStars Hand #254645773378:  Hold'em No Limit ($0.50/$1.00 USD) - 2025/01/31 0:25:35 WET [2025/01/31 19:25:35 ET]
Table 'Aurelia' 6-max Seat #6 is the button
Seat 1: Darkhippies7 ($74.05 in chips) 
Seat 2: rao999 ($101.40 in chips) 
Seat 3: mac101101 ($89.69 in chips) 
Seat 4: Nicedaymybro ($101.55 in chips) 
Seat 5: andutu34 ($100 in chips) 
Seat 6: mariofcd ($175.28 in chips) 
Darkhippies7: posts small blind $0.50
rao999: posts big blind $1
*** HOLE CARDS ***
mac101101: folds 
Nicedaymybro: folds 
andutu34: folds 
mariofcd: raises $1.45 to $2.45
Darkhippies7: calls $1.95
rao999: folds 
*** FLOP *** [5d Qs 6c]
Darkhippies7: checks 
mariofcd: checks 
*** TURN *** [5d Qs 6c] [8c]
Darkhippies7: bets $3
mariofcd: folds 
Uncalled bet ($3) returned to Darkhippies7
Darkhippies7 collected $5.60 from pot
*** SUMMARY ***
Total pot $5.90 | Rake $0.30 
Board [5d Qs 6c 8c]
Seat 1: Darkhippies7 (small blind) collected ($5.60)
Seat 2: rao999 (big blind) folded before Flop
Seat 3: mac101101 folded before Flop (didn't bet)
Seat 4: Nicedaymybro folded before Flop (didn't bet)
Seat 5: andutu34 folded before Flop (didn't bet)
Seat 6: mariofcd (button) folded on the Turn



PokerStars Hand #254645782143:  Hold'em No Limit ($0.50/$1.00 USD) - 2025/01/31 0:26:15 WET [2025/01/31 19:26:15 ET]
Table 'Aurelia' 6-max Seat #1 is the button
Seat 1: Darkhippies7 ($77.20 in chips) 
Seat 2: rao999 ($100.40 in chips) 
Seat 3: mac101101 ($89.69 in chips) 
Seat 4: Nicedaymybro ($101.55 in chips) 
Seat 5: andutu34 ($100 in chips) 
Seat 6: mariofcd ($172.83 in chips) 
rao999: posts small blind $0.50
mac101101: posts big blind $1
*** HOLE CARDS ***
Nicedaymybro: folds 
andutu34: folds 
mariofcd: folds 
Darkhippies7: folds 
rao999: raises $2 to $3
mac101101: folds 
Uncalled bet ($2) returned to rao999
rao999 collected $2 from pot
rao999: doesn't show hand 
*** SUMMARY ***
Total pot $2 | Rake $0 
Seat 1: Darkhippies7 (button) folded before Flop (didn't bet)
Seat 2: rao999 (small blind) collected ($2)
Seat 3: mac101101 (big blind) folded before Flop
Seat 4: Nicedaymybro folded before Flop (didn't bet)
Seat 5: andutu34 folded before Flop (didn't bet)
Seat 6: mariofcd folded before Flop (didn't bet)



PokerStars Hand #254645787634:  Hold'em No Limit ($0.50/$1.00 USD) - 2025/01/31 0:26:40 WET [2025/01/31 19:26:40 ET]
Table 'Aurelia' 6-max Seat #2 is the button
Seat 1: Darkhippies7 ($77.20 in chips) 
Seat 2: rao999 ($101.40 in chips) 
Seat 3: mac101101 ($88.69 in chips) 
Seat 4: Nicedaymybro ($101.55 in chips) 
Seat 5: andutu34 ($100 in chips) 
Seat 6: mariofcd ($172.83 in chips) 
mac101101: posts small blind $0.50
Nicedaymybro: posts big blind $1
*** HOLE CARDS ***
andutu34: folds 
mariofcd has timed out
mariofcd: folds 
Darkhippies7: raises $2 to $3
rao999: folds 
mac101101: folds 
Nicedaymybro: folds 
Uncalled bet ($2) returned to Darkhippies7
Darkhippies7 collected $2.50 from pot
*** SUMMARY ***
Total pot $2.50 | Rake $0 
Seat 1: Darkhippies7 collected ($2.50)
Seat 2: rao999 (button) folded before Flop (didn't bet)
Seat 3: mac101101 (small blind) folded before Flop
Seat 4: Nicedaymybro (big blind) folded before Flop
Seat 5: andutu34 folded before Flop (didn't bet)
Seat 6: mariofcd folded before Flop (didn't bet)



PokerStars Hand #254645796332:  Hold'em No Limit ($0.50/$1.00 USD) - 2025/01/31 0:27:19 WET [2025/01/31 19:27:19 ET]
Table 'Aurelia' 6-max Seat #3 is the button
Seat 1: Darkhippies7 ($78.70 in chips) 
Seat 2: rao999 ($101.40 in chips) 
Seat 3: mac101101 ($88.19 in chips) 
Seat 4: Nicedaymybro ($100.55 in chips) 
Seat 5: andutu34 ($100 in chips) 
Seat 6: mariofcd ($172.83 in chips) 
Nicedaymybro: posts small blind $0.50
andutu34: posts big blind $1
*** HOLE CARDS ***
mariofcd: folds 
Darkhippies7: calls $1
rao999: folds 
mac101101: calls $1
Nicedaymybro: folds 
andutu34: raises $5.50 to $6.50
Darkhippies7: calls $5.50
mac101101: folds 
*** FLOP *** [6c 7c Td]
andutu34: checks 
Darkhippies7: checks 
*** TURN *** [6c 7c Td] [5c]
andutu34: bets $4.55
Darkhippies7: calls $4.55
*** RIVER *** [6c 7c Td 5c] [5d]
andutu34: bets $8.97
Darkhippies7: calls $8.97
*** SHOW DOWN ***
andutu34: shows [Kh Qc] (a pair of Fives)
Darkhippies7: shows [7s 2s] (two pair, Sevens and Fives)
Darkhippies7 collected $39.46 from pot
*** SUMMARY ***
Total pot $41.54 | Rake $2.08 
Board [6c 7c Td 5c 5d]
Seat 1: Darkhippies7 showed [7s 2s] and won ($39.46) with two pair, Sevens and Fives
Seat 2: rao999 folded before Flop (didn't bet)
Seat 3: mac101101 (button) folded before Flop
Seat 4: Nicedaymybro (small blind) folded before Flop
Seat 5: andutu34 (big blind) showed [Kh Qc] and lost with a pair of Fives
Seat 6: mariofcd folded before Flop (didn't bet)



PokerStars Hand #254645810277:  Hold'em No Limit ($0.50/$1.00 USD) - 2025/01/31 0:28:22 WET [2025/01/31 19:28:22 ET]
Table 'Aurelia' 6-max Seat #4 is the button
Seat 1: Darkhippies7 ($98.14 in chips) 
Seat 2: rao999 ($101.40 in chips) 
Seat 3: mac101101 ($87.19 in chips) 
Seat 4: Nicedaymybro ($100.05 in chips) 
Seat 5: andutu34 ($100 in chips) 
Seat 6: mariofcd ($172.83 in chips) 
andutu34: posts small blind $0.50
mariofcd: posts big blind $1
*** HOLE CARDS ***
Darkhippies7: raises $1 to $2
rao999: folds 
mac101101: folds 
Nicedaymybro: folds 
andutu34: folds 
mariofcd: folds 
Uncalled bet ($1) returned to Darkhippies7
Darkhippies7 collected $2.50 from pot
*** SUMMARY ***
Total pot $2.50 | Rake $0 
Seat 1: Darkhippies7 collected ($2.50)
Seat 2: rao999 folded before Flop (didn't bet)
Seat 3: mac101101 folded before Flop (didn't bet)
Seat 4: Nicedaymybro (button) folded before Flop (didn't bet)
Seat 5: andutu34 (small blind) folded before Flop
Seat 6: mariofcd (big blind) folded before Flop



PokerStars Hand #254645997696:  Hold'em No Limit ($0.50/$1.00 USD) - 2025/01/31 0:42:46 WET [2025/01/31 19:42:46 ET]
Table 'Aurelia' 6-max Seat #3 is the button
Seat 1: Darkhippies7 ($0 in chips) is sitting out
Seat 2: rao999 ($149.78 in chips) is sitting out
Seat 3: XneferX ($112.63 in chips) 
Seat 4: Nicedaymybro ($221.36 in chips) 
Seat 5: andutu34 ($120.44 in chips) 
Seat 6: mariofcd ($128.76 in chips) 
Nicedaymybro: posts small blind $0.50
andutu34: posts big blind $1
rao999: sits out 
*** HOLE CARDS ***
mariofcd: folds 
XneferX: folds 
Nicedaymybro: folds 
Uncalled bet ($0.50) returned to andutu34
andutu34 collected $1 from pot
andutu34: doesn't show hand 
*** SUMMARY ***
Total pot $1 | Rake $0 
Seat 1: Darkhippies7
Seat 2: rao999
Seat 3: XneferX (button) folded before Flop (didn't bet)
Seat 4: Nicedaymybro (small blind) folded before Flop
Seat 5: andutu34 (big blind) collected ($1)
Seat 6: mariofcd folded before Flop (didn't bet)



PokerStars Hand #254646002121:  Hold'em No Limit ($0.50/$1.00 USD) - 2025/01/31 0:43:07 WET [2025/01/31 19:43:07 ET]
Table 'Aurelia' 6-max Seat #4 is the button
Seat 1: Darkhippies7 ($0 in chips) is sitting out
Seat 2: rao999 ($149.78 in chips) is sitting out
Seat 3: XneferX ($112.63 in chips) 
Seat 4: Nicedaymybro ($220.86 in chips) 
Seat 5: andutu34 ($120.94 in chips) 
Seat 6: mariofcd ($128.76 in chips) 
andutu34: posts small blind $0.50
mariofcd: posts big blind $1
rao999: sits out 
*** HOLE CARDS ***
XneferX: folds 
Nicedaymybro: raises $1.50 to $2.50
andutu34: folds 
mariofcd: calls $1.50
*** FLOP *** [9h 3h 4h]
mariofcd: checks 
Nicedaymybro: bets $1.31
mariofcd: folds 
Uncalled bet ($1.31) returned to Nicedaymybro
Nicedaymybro collected $5.22 from pot
Nicedaymybro: doesn't show hand 
*** SUMMARY ***
Total pot $5.50 | Rake $0.28 
Board [9h 3h 4h]
Seat 1: Darkhippies7
Seat 2: rao999
Seat 3: XneferX folded before Flop (didn't bet)
Seat 4: Nicedaymybro (button) collected ($5.22)
Seat 5: andutu34 (small blind) folded before Flop
Seat 6: mariofcd (big blind) folded on the Flop



PokerStars Hand #254646006724:  Hold'em No Limit ($0.50/$1.00 USD) - 2025/01/31 0:43:29 WET [2025/01/31 19:43:29 ET]
Table 'Aurelia' 6-max Seat #5 is the button
Seat 1: Darkhippies7 ($0 in chips) is sitting out
Seat 2: rao999 ($149.78 in chips) is sitting out
Seat 3: XneferX ($112.63 in chips) 
Seat 4: Nicedaymybro ($223.58 in chips) 
Seat 5: andutu34 ($120.44 in chips) 
Seat 6: mariofcd ($126.26 in chips) 
mariofcd: posts small blind $0.50
rao999: is sitting out 
XneferX: posts big blind $1
*** HOLE CARDS ***
Nicedaymybro: folds 
andutu34: folds 
mariofcd: raises $2 to $3
XneferX: folds 
Uncalled bet ($2) returned to mariofcd
mariofcd collected $2 from pot
*** SUMMARY ***
Total pot $2 | Rake $0 
Seat 1: Darkhippies7
Seat 2: rao999
Seat 3: XneferX (big blind) folded before Flop
Seat 4: Nicedaymybro folded before Flop (didn't bet)
Seat 5: andutu34 (button) folded before Flop (didn't bet)
Seat 6: mariofcd (small blind) collected ($2)



PokerStars Hand #254646009643:  Hold'em No Limit ($0.50/$1.00 USD) - 2025/01/31 0:43:43 WET [2025/01/31 19:43:43 ET]
Table 'Aurelia' 6-max Seat #6 is the button
Seat 1: Darkhippies7 ($0 in chips) is sitting out
Seat 2: rao999 ($149.78 in chips) is sitting out
Seat 3: XneferX ($111.63 in chips) 
Seat 4: Nicedaymybro ($223.58 in chips) 
Seat 5: andutu34 ($120.44 in chips) 
Seat 6: mariofcd ($127.26 in chips) 
XneferX: posts small blind $0.50
Nicedaymybro: posts big blind $1
*** HOLE CARDS ***
andutu34: raises $1.30 to $2.30
mariofcd: folds 
XneferX: folds 
Nicedaymybro: folds 
Uncalled bet ($1.30) returned to andutu34
andutu34 collected $2.50 from pot
andutu34: doesn't show hand 
*** SUMMARY ***
Total pot $2.50 | Rake $0 
Seat 1: Darkhippies7
Seat 2: rao999
Seat 3: XneferX (small blind) folded before Flop
Seat 4: Nicedaymybro (big blind) folded before Flop
Seat 5: andutu34 collected ($2.50)
Seat 6: mariofcd (button) folded before Flop (didn't bet)



PokerStars Hand #254645816548:  Hold'em No Limit ($0.50/$1.00 USD) - 2025/01/31 0:28:51 WET [2025/01/31 19:28:51 ET]
Table 'Aurelia' 6-max Seat #5 is the button
Seat 1: Darkhippies7 ($99.64 in chips) 
Seat 2: rao999 ($101.40 in chips) 
Seat 3: mac101101 ($87.19 in chips) 
Seat 4: Nicedaymybro ($100.05 in chips) 
Seat 5: andutu34 ($100 in chips) 
Seat 6: mariofcd ($171.83 in chips) 
mariofcd: posts small blind $0.50
Darkhippies7: posts big blind $1
*** HOLE CARDS ***
rao999: folds 
mac101101: raises $2 to $3
Nicedaymybro: folds 
andutu34: folds 
mariofcd: calls $2.50
Darkhippies7: calls $2
*** FLOP *** [As 6d Ts]
mariofcd: checks 
Darkhippies7: checks 
mac101101: bets $4.28
mariofcd: calls $4.28
Darkhippies7: calls $4.28
*** TURN *** [As 6d Ts] [Th]
mariofcd: checks 
Darkhippies7: checks 
mac101101: checks 
*** RIVER *** [As 6d Ts Th] [Td]
mariofcd: bets $20.75
Darkhippies7: folds 
mac101101: calls $20.75
*** SHOW DOWN ***
mariofcd: shows [Ac Jh] (a full house, Tens full of Aces)
mac101101: shows [Ad 9s] (a full house, Tens full of Aces)
mariofcd collected $30.42 from pot
mac101101 collected $30.11 from pot
*** SUMMARY ***
Total pot $63.34 | Rake $2.81 
Board [As 6d Ts Th Td]
Seat 1: Darkhippies7 (big blind) folded on the River
Seat 2: rao999 folded before Flop (didn't bet)
Seat 3: mac101101 showed [Ad 9s] and won ($30.11) with a full house, Tens full of Aces
Seat 4: Nicedaymybro folded before Flop (didn't bet)
Seat 5: andutu34 (button) folded before Flop (didn't bet)
Seat 6: mariofcd (small blind) showed [Ac Jh] and won ($30.42) with a full house, Tens full of Aces



PokerStars Hand #254645827752:  Hold'em No Limit ($0.50/$1.00 USD) - 2025/01/31 0:29:42 WET [2025/01/31 19:29:42 ET]
Table 'Aurelia' 6-max Seat #6 is the button
Seat 1: Darkhippies7 ($92.36 in chips) 
Seat 2: rao999 ($101.40 in chips) 
Seat 3: mac101101 ($89.27 in chips) 
Seat 4: Nicedaymybro ($100.05 in chips) 
Seat 5: andutu34 ($100 in chips) 
Seat 6: mariofcd ($174.22 in chips) 
Darkhippies7: posts small blind $0.50
rao999: posts big blind $1
*** HOLE CARDS ***
mac101101: raises $2 to $3
Nicedaymybro: raises $6 to $9
andutu34: folds 
mariofcd: folds 
Darkhippies7: calls $8.50
rao999: folds 
mac101101: calls $6
*** FLOP *** [Qc Th 5d]
Darkhippies7: checks 
mac101101: checks 
Nicedaymybro: bets $13.30
Darkhippies7: folds 
mac101101: folds 
Uncalled bet ($13.30) returned to Nicedaymybro
Nicedaymybro collected $26.60 from pot
Nicedaymybro: doesn't show hand 
*** SUMMARY ***
Total pot $28 | Rake $1.40 
Board [Qc Th 5d]
Seat 1: Darkhippies7 (small blind) folded on the Flop
Seat 2: rao999 (big blind) folded before Flop
Seat 3: mac101101 folded on the Flop
Seat 4: Nicedaymybro collected ($26.60)
Seat 5: andutu34 folded before Flop (didn't bet)
Seat 6: mariofcd (button) folded before Flop (didn't bet)



PokerStars Hand #254645836056:  Hold'em No Limit ($0.50/$1.00 USD) - 2025/01/31 0:30:19 WET [2025/01/31 19:30:19 ET]
Table 'Aurelia' 6-max Seat #1 is the button
Seat 1: Darkhippies7 ($83.36 in chips) 
Seat 2: rao999 ($100.40 in chips) 
Seat 3: mac101101 ($80.27 in chips) 
Seat 4: Nicedaymybro ($117.65 in chips) 
Seat 5: andutu34 ($100 in chips) 
Seat 6: mariofcd ($174.22 in chips) 
rao999: posts small blind $0.50
mac101101: posts big blind $1
*** HOLE CARDS ***
Nicedaymybro: raises $1.50 to $2.50
andutu34: folds 
mariofcd: folds 
Darkhippies7: folds 
rao999: folds 
mac101101: calls $1.50
*** FLOP *** [Kd 9h Ts]
mac101101: bets $2.61
Nicedaymybro: raises $5.22 to $7.83
mac101101: calls $5.22
*** TURN *** [Kd 9h Ts] [As]
mac101101: bets $10.05
Nicedaymybro: calls $10.05
*** RIVER *** [Kd 9h Ts As] [2s]
mac101101: bets $19.60
Nicedaymybro: raises $51.23 to $70.83
mac101101: calls $40.29 and is all-in
Uncalled bet ($10.94) returned to Nicedaymybro
*** SHOW DOWN ***
Nicedaymybro: shows [Qd Jc] (a straight, Ten to Ace)
mac101101: shows [Ac Kc] (two pair, Aces and Kings)
Nicedaymybro collected $158.54 from pot
*** SUMMARY ***
Total pot $161.04 | Rake $2.50 
Board [Kd 9h Ts As 2s]
Seat 1: Darkhippies7 (button) folded before Flop (didn't bet)
Seat 2: rao999 (small blind) folded before Flop
Seat 3: mac101101 (big blind) showed [Ac Kc] and lost with two pair, Aces and Kings
Seat 4: Nicedaymybro showed [Qd Jc] and won ($158.54) with a straight, Ten to Ace
Seat 5: andutu34 folded before Flop (didn't bet)
Seat 6: mariofcd folded before Flop (didn't bet)



PokerStars Hand #254645850501:  Hold'em No Limit ($0.50/$1.00 USD) - 2025/01/31 0:31:25 WET [2025/01/31 19:31:25 ET]
Table 'Aurelia' 6-max Seat #2 is the button
Seat 3: mac101101 ($0 in chips) is sitting out
Seat 1: Darkhippies7 ($83.36 in chips) 
Seat 2: rao999 ($100 in chips) 
Seat 4: Nicedaymybro ($195.92 in chips) 
Seat 5: andutu34 ($100 in chips) 
Seat 6: mariofcd ($174.22 in chips) 
Nicedaymybro: posts small blind $0.50
andutu34: posts big blind $1
*** HOLE CARDS ***
mariofcd: raises $1.20 to $2.20
Darkhippies7: calls $2.20
mac101101 leaves the table
rao999: folds 
Nicedaymybro: folds 
andutu34: calls $1.20
*** FLOP *** [2h 8h 5h]
andutu34: checks 
mariofcd: checks 
Darkhippies7: checks 
*** TURN *** [2h 8h 5h] [4h]
andutu34: bets $5.06
mariofcd: folds 
Darkhippies7: folds 
Uncalled bet ($5.06) returned to andutu34
andutu34 collected $6.74 from pot
andutu34: doesn't show hand 
*** SUMMARY ***
Total pot $7.10 | Rake $0.36 
Board [2h 8h 5h 4h]
Seat 3: mac101101
Seat 1: Darkhippies7 folded on the Turn
Seat 2: rao999 (button) folded before Flop (didn't bet)
Seat 4: Nicedaymybro (small blind) folded before Flop
Seat 5: andutu34 (big blind) collected ($6.74)
Seat 6: mariofcd folded on the Turn



PokerStars Hand #254645858937:  Hold'em No Limit ($0.50/$1.00 USD) - 2025/01/31 0:32:04 WET [2025/01/31 19:32:04 ET]
Table 'Aurelia' 6-max Seat #4 is the button
Seat 1: Darkhippies7 ($81.16 in chips) 
Seat 2: rao999 ($100 in chips) 
Seat 4: Nicedaymybro ($195.42 in chips) 
Seat 5: andutu34 ($104.54 in chips) 
Seat 6: mariofcd ($172.02 in chips) 
andutu34: posts small blind $0.50
mariofcd: posts big blind $1
*** HOLE CARDS ***
Darkhippies7: raises $1 to $2
rao999: folds 
Nicedaymybro: folds 
andutu34: folds 
mariofcd: folds 
Uncalled bet ($1) returned to Darkhippies7
Darkhippies7 collected $2.50 from pot
*** SUMMARY ***
Total pot $2.50 | Rake $0 
Seat 1: Darkhippies7 collected ($2.50)
Seat 2: rao999 folded before Flop (didn't bet)
Seat 4: Nicedaymybro (button) folded before Flop (didn't bet)
Seat 5: andutu34 (small blind) folded before Flop
Seat 6: mariofcd (big blind) folded before Flop



PokerStars Hand #254645861244:  Hold'em No Limit ($0.50/$1.00 USD) - 2025/01/31 0:32:15 WET [2025/01/31 19:32:15 ET]
Table 'Aurelia' 6-max Seat #5 is the button
Seat 1: Darkhippies7 ($82.66 in chips) 
Seat 2: rao999 ($100 in chips) 
Seat 4: Nicedaymybro ($195.42 in chips) 
Seat 5: andutu34 ($104.04 in chips) 
Seat 6: mariofcd ($171.02 in chips) 
mariofcd: posts small blind $0.50
Darkhippies7: posts big blind $1
*** HOLE CARDS ***
rao999: folds 
Nicedaymybro: folds 
XneferX joins the table at seat #3 
andutu34: raises $1.49 to $2.49
mariofcd: calls $1.99
Darkhippies7: calls $1.49
*** FLOP *** [5d Ts 6d]
mariofcd: checks 
Darkhippies7: checks 
andutu34: checks 
*** TURN *** [5d Ts 6d] [7d]
mariofcd: checks 
Darkhippies7: bets $3.55
andutu34: folds 
mariofcd: calls $3.55
*** RIVER *** [5d Ts 6d 7d] [Kc]
mariofcd: checks 
Darkhippies7: bets $6.92
mariofcd: calls $6.92
*** SHOW DOWN ***
Darkhippies7: shows [8d 9c] (a straight, Six to Ten)
mariofcd: mucks hand 
Darkhippies7 collected $26.99 from pot
*** SUMMARY ***
Total pot $28.41 | Rake $1.42 
Board [5d Ts 6d 7d Kc]
Seat 1: Darkhippies7 (big blind) showed [8d 9c] and won ($26.99) with a straight, Six to Ten
Seat 2: rao999 folded before Flop (didn't bet)
Seat 4: Nicedaymybro folded before Flop (didn't bet)
Seat 5: andutu34 (button) folded on the Turn
Seat 6: mariofcd (small blind) mucked



PokerStars Hand #254645874130:  Hold'em No Limit ($0.50/$1.00 USD) - 2025/01/31 0:33:14 WET [2025/01/31 19:33:14 ET]
Table 'Aurelia' 6-max Seat #6 is the button
Seat 3: XneferX ($100 in chips) is sitting out
Seat 1: Darkhippies7 ($96.69 in chips) 
Seat 2: rao999 ($100 in chips) 
Seat 4: Nicedaymybro ($195.42 in chips) 
Seat 5: andutu34 ($101.55 in chips) 
Seat 6: mariofcd ($158.06 in chips) 
Darkhippies7: posts small blind $0.50
rao999: posts big blind $1
XneferX: sits out 
*** HOLE CARDS ***
Nicedaymybro: folds 
andutu34: folds 
mariofcd: raises $1.45 to $2.45
Darkhippies7: calls $1.95
rao999: calls $1.45
*** FLOP *** [6h Ad Qh]
Darkhippies7: checks 
rao999: checks 
mariofcd: checks 
*** TURN *** [6h Ad Qh] [Ks]
Darkhippies7: checks 
rao999: bets $8.50
mariofcd: calls $8.50
Darkhippies7: folds 
*** RIVER *** [6h Ad Qh Ks] [Ts]
rao999: bets $17.35
mariofcd: folds 
Uncalled bet ($17.35) returned to rao999
rao999 collected $23.13 from pot
rao999: doesn't show hand 
*** SUMMARY ***
Total pot $24.35 | Rake $1.22 
Board [6h Ad Qh Ks Ts]
Seat 3: XneferX
Seat 1: Darkhippies7 (small blind) folded on the Turn
Seat 2: rao999 (big blind) collected ($23.13)
Seat 4: Nicedaymybro folded before Flop (didn't bet)
Seat 5: andutu34 folded before Flop (didn't bet)
Seat 6: mariofcd (button) folded on the River



PokerStars Hand #254645884472:  Hold'em No Limit ($0.50/$1.00 USD) - 2025/01/31 0:34:01 WET [2025/01/31 19:34:01 ET]
Table 'Aurelia' 6-max Seat #1 is the button
Seat 1: Darkhippies7 ($94.24 in chips) 
Seat 2: rao999 ($112.18 in chips) 
Seat 3: XneferX ($100 in chips) 
Seat 4: Nicedaymybro ($195.42 in chips) 
Seat 5: andutu34 ($101.55 in chips) 
Seat 6: mariofcd ($147.11 in chips) 
rao999: posts small blind $0.50
XneferX: posts big blind $1
*** HOLE CARDS ***
Nicedaymybro: folds 
andutu34: raises $1 to $2
mariofcd: raises $6 to $8
Darkhippies7: calls $8
rao999: folds 
XneferX: folds 
andutu34: raises $20 to $28
mariofcd: folds 
Darkhippies7: folds 
Uncalled bet ($20) returned to andutu34
andutu34 collected $25.50 from pot
andutu34: doesn't show hand 
*** SUMMARY ***
Total pot $25.50 | Rake $0 
Seat 1: Darkhippies7 (button) folded before Flop
Seat 2: rao999 (small blind) folded before Flop
Seat 3: XneferX (big blind) folded before Flop
Seat 4: Nicedaymybro folded before Flop (didn't bet)
Seat 5: andutu34 collected ($25.50)
Seat 6: mariofcd folded before Flop



PokerStars Hand #254645893933:  Hold'em No Limit ($0.50/$1.00 USD) - 2025/01/31 0:34:45 WET [2025/01/31 19:34:45 ET]
Table 'Aurelia' 6-max Seat #2 is the button
Seat 1: Darkhippies7 ($86.24 in chips) 
Seat 2: rao999 ($111.68 in chips) 
Seat 3: XneferX ($100 in chips) 
Seat 4: Nicedaymybro ($195.42 in chips) 
Seat 5: andutu34 ($119.05 in chips) 
Seat 6: mariofcd ($139.11 in chips) 
XneferX: posts small blind $0.50
Nicedaymybro: posts big blind $1
*** HOLE CARDS ***
andutu34: folds 
mariofcd: folds 
Darkhippies7: folds 
rao999: folds 
XneferX: folds 
Uncalled bet ($0.50) returned to Nicedaymybro
Nicedaymybro collected $1 from pot
Nicedaymybro: doesn't show hand 
*** SUMMARY ***
Total pot $1 | Rake $0 
Seat 1: Darkhippies7 folded before Flop (didn't bet)
Seat 2: rao999 (button) folded before Flop (didn't bet)
Seat 3: XneferX (small blind) folded before Flop
Seat 4: Nicedaymybro (big blind) collected ($1)
Seat 5: andutu34 folded before Flop (didn't bet)
Seat 6: mariofcd folded before Flop (didn't bet)



PokerStars Hand #254645898801:  Hold'em No Limit ($0.50/$1.00 USD) - 2025/01/31 0:35:07 WET [2025/01/31 19:35:07 ET]
Table 'Aurelia' 6-max Seat #3 is the button
Seat 1: Darkhippies7 ($86.24 in chips) 
Seat 2: rao999 ($111.68 in chips) 
Seat 3: XneferX ($100 in chips) 
Seat 4: Nicedaymybro ($195.92 in chips) 
Seat 5: andutu34 ($119.05 in chips) 
Seat 6: mariofcd ($139.11 in chips) 
Nicedaymybro: posts small blind $0.50
andutu34: posts big blind $1
*** HOLE CARDS ***
mariofcd: folds 
Darkhippies7: raises $1 to $2
rao999: folds 
XneferX: folds 
Nicedaymybro: folds 
andutu34: calls $1
*** FLOP *** [3h 7s Ad]
andutu34: checks 
Darkhippies7: bets $3
andutu34: folds 
Uncalled bet ($3) returned to Darkhippies7
Darkhippies7 collected $4.28 from pot
*** SUMMARY ***
Total pot $4.50 | Rake $0.22 
Board [3h 7s Ad]
Seat 1: Darkhippies7 collected ($4.28)
Seat 2: rao999 folded before Flop (didn't bet)
Seat 3: XneferX (button) folded before Flop (didn't bet)
Seat 4: Nicedaymybro (small blind) folded before Flop
Seat 5: andutu34 (big blind) folded on the Flop
Seat 6: mariofcd folded before Flop (didn't bet)



PokerStars Hand #254645906701:  Hold'em No Limit ($0.50/$1.00 USD) - 2025/01/31 0:35:43 WET [2025/01/31 19:35:43 ET]
Table 'Aurelia' 6-max Seat #4 is the button
Seat 1: Darkhippies7 ($88.52 in chips) 
Seat 2: rao999 ($111.68 in chips) 
Seat 3: XneferX ($100 in chips) 
Seat 4: Nicedaymybro ($195.42 in chips) 
Seat 5: andutu34 ($117.05 in chips) 
Seat 6: mariofcd ($139.11 in chips) 
andutu34: posts small blind $0.50
mariofcd: posts big blind $1
*** HOLE CARDS ***
Darkhippies7: raises $1 to $2
rao999: folds 
XneferX: folds 
Nicedaymybro: raises $5 to $7
andutu34: folds 
mariofcd: folds 
Darkhippies7: calls $5
*** FLOP *** [Jc Qs Qc]
Darkhippies7: checks 
Nicedaymybro: bets $3.68
Darkhippies7: calls $3.68
*** TURN *** [Jc Qs Qc] [Ad]
Darkhippies7: checks 
Nicedaymybro: bets $10.85
Darkhippies7: folds 
Uncalled bet ($10.85) returned to Nicedaymybro
Nicedaymybro collected $21.72 from pot
Nicedaymybro: doesn't show hand 
*** SUMMARY ***
Total pot $22.86 | Rake $1.14 
Board [Jc Qs Qc Ad]
Seat 1: Darkhippies7 folded on the Turn
Seat 2: rao999 folded before Flop (didn't bet)
Seat 3: XneferX folded before Flop (didn't bet)
Seat 4: Nicedaymybro (button) collected ($21.72)
Seat 5: andutu34 (small blind) folded before Flop
Seat 6: mariofcd (big blind) folded before Flop



PokerStars Hand #254645916211:  Hold'em No Limit ($0.50/$1.00 USD) - 2025/01/31 0:36:27 WET [2025/01/31 19:36:27 ET]
Table 'Aurelia' 6-max Seat #5 is the button
Seat 1: Darkhippies7 ($77.84 in chips) 
Seat 2: rao999 ($111.68 in chips) 
Seat 3: XneferX ($100 in chips) 
Seat 4: Nicedaymybro ($206.46 in chips) 
Seat 5: andutu34 ($116.55 in chips) 
Seat 6: mariofcd ($138.11 in chips) 
mariofcd: posts small blind $0.50
Darkhippies7: posts big blind $1
*** HOLE CARDS ***
rao999: folds 
XneferX: folds 
Nicedaymybro: folds 
andutu34: folds 
mariofcd: raises $2 to $3
Darkhippies7: calls $2
*** FLOP *** [Ks 3h 5s]
mariofcd: checks 
Darkhippies7: bets $2.85
mariofcd: calls $2.85
*** TURN *** [Ks 3h 5s] [Jh]
mariofcd: checks 
Darkhippies7: checks 
*** RIVER *** [Ks 3h 5s Jh] [6h]
mariofcd: checks 
Darkhippies7: bets $5.56
mariofcd: folds 
Uncalled bet ($5.56) returned to Darkhippies7
Darkhippies7 collected $11.12 from pot
*** SUMMARY ***
Total pot $11.70 | Rake $0.58 
Board [Ks 3h 5s Jh 6h]
Seat 1: Darkhippies7 (big blind) collected ($11.12)
Seat 2: rao999 folded before Flop (didn't bet)
Seat 3: XneferX folded before Flop (didn't bet)
Seat 4: Nicedaymybro folded before Flop (didn't bet)
Seat 5: andutu34 (button) folded before Flop (didn't bet)
Seat 6: mariofcd (small blind) folded on the River



PokerStars Hand #254645932289:  Hold'em No Limit ($0.50/$1.00 USD) - 2025/01/31 0:37:41 WET [2025/01/31 19:37:41 ET]
Table 'Aurelia' 6-max Seat #6 is the button
Seat 1: Darkhippies7 ($83.11 in chips) 
Seat 2: rao999 ($111.68 in chips) 
Seat 3: XneferX ($100 in chips) 
Seat 4: Nicedaymybro ($206.46 in chips) 
Seat 5: andutu34 ($116.55 in chips) 
Seat 6: mariofcd ($132.26 in chips) 
Darkhippies7: posts small blind $0.50
rao999: posts big blind $1
*** HOLE CARDS ***
XneferX: folds 
Nicedaymybro: folds 
andutu34: folds 
mariofcd: folds 
Darkhippies7: raises $2 to $3
rao999: folds 
Uncalled bet ($2) returned to Darkhippies7
Darkhippies7 collected $2 from pot
*** SUMMARY ***
Total pot $2 | Rake $0 
Seat 1: Darkhippies7 (small blind) collected ($2)
Seat 2: rao999 (big blind) folded before Flop
Seat 3: XneferX folded before Flop (didn't bet)
Seat 4: Nicedaymybro folded before Flop (didn't bet)
Seat 5: andutu34 folded before Flop (didn't bet)
Seat 6: mariofcd (button) folded before Flop (didn't bet)



PokerStars Hand #254645939272:  Hold'em No Limit ($0.50/$1.00 USD) - 2025/01/31 0:38:14 WET [2025/01/31 19:38:14 ET]
Table 'Aurelia' 6-max Seat #1 is the button
Seat 1: Darkhippies7 ($84.11 in chips) 
Seat 2: rao999 ($110.68 in chips) 
Seat 3: XneferX ($100 in chips) 
Seat 4: Nicedaymybro ($206.46 in chips) 
Seat 5: andutu34 ($116.55 in chips) 
Seat 6: mariofcd ($132.26 in chips) 
rao999: posts small blind $0.50
XneferX: posts big blind $1
*** HOLE CARDS ***
Nicedaymybro: raises $1.50 to $2.50
andutu34: folds 
mariofcd: folds 
Darkhippies7: calls $2.50
rao999: folds 
XneferX: folds 
*** FLOP *** [2d Jd 6d]
Nicedaymybro: bets $2.04
Darkhippies7: raises $5.96 to $8
Nicedaymybro: calls $5.96
*** TURN *** [2d Jd 6d] [9s]
Nicedaymybro: checks 
Darkhippies7: bets $11
Nicedaymybro: raises $14 to $25
Darkhippies7: folds 
Uncalled bet ($14) returned to Nicedaymybro
Nicedaymybro collected $42.28 from pot
Nicedaymybro: doesn't show hand 
*** SUMMARY ***
Total pot $44.50 | Rake $2.22 
Board [2d Jd 6d 9s]
Seat 1: Darkhippies7 (button) folded on the Turn
Seat 2: rao999 (small blind) folded before Flop
Seat 3: XneferX (big blind) folded before Flop
Seat 4: Nicedaymybro collected ($42.28)
Seat 5: andutu34 folded before Flop (didn't bet)
Seat 6: mariofcd folded before Flop (didn't bet)



PokerStars Hand #254645952389:  Hold'em No Limit ($0.50/$1.00 USD) - 2025/01/31 0:39:14 WET [2025/01/31 19:39:14 ET]
Table 'Aurelia' 6-max Seat #2 is the button
Seat 1: Darkhippies7 ($62.61 in chips) 
Seat 2: rao999 ($110.18 in chips) 
Seat 3: XneferX ($100 in chips) 
Seat 4: Nicedaymybro ($227.24 in chips) 
Seat 5: andutu34 ($116.55 in chips) 
Seat 6: mariofcd ($132.26 in chips) 
XneferX: posts small blind $0.50
Nicedaymybro: posts big blind $1
*** HOLE CARDS ***
andutu34: folds 
mariofcd: folds 
Darkhippies7: raises $2 to $3
rao999: calls $3
XneferX: folds 
Nicedaymybro: folds 
*** FLOP *** [5h 3c 9d]
Darkhippies7: bets $3.56
rao999: calls $3.56
*** TURN *** [5h 3c 9d] [7s]
Darkhippies7: bets $6.95
rao999: calls $6.95
*** RIVER *** [5h 3c 9d 7s] [Qc]
Darkhippies7: bets $27.09
rao999: raises $69.58 to $96.67 and is all-in
Darkhippies7: folds 
Uncalled bet ($69.58) returned to rao999
rao999 collected $80.20 from pot
rao999: doesn't show hand 
*** SUMMARY ***
Total pot $82.70 | Rake $2.50 
Board [5h 3c 9d 7s Qc]
Seat 1: Darkhippies7 folded on the River
Seat 2: rao999 (button) collected ($80.20)
Seat 3: XneferX (small blind) folded before Flop
Seat 4: Nicedaymybro (big blind) folded before Flop
Seat 5: andutu34 folded before Flop (didn't bet)
Seat 6: mariofcd folded before Flop (didn't bet)



PokerStars Hand #254645967099:  Hold'em No Limit ($0.50/$1.00 USD) - 2025/01/31 0:40:23 WET [2025/01/31 19:40:23 ET]
Table 'Aurelia' 6-max Seat #3 is the button
Seat 1: Darkhippies7 ($22.01 in chips) 
Seat 2: rao999 ($149.78 in chips) 
Seat 3: XneferX ($100 in chips) 
Seat 4: Nicedaymybro ($226.24 in chips) 
Seat 5: andutu34 ($116.55 in chips) 
Seat 6: mariofcd ($132.26 in chips) 
Nicedaymybro: posts small blind $0.50
andutu34: posts big blind $1
*** HOLE CARDS ***
mariofcd: folds 
Darkhippies7: folds 
rao999: folds 
XneferX: folds 
Nicedaymybro: raises $2 to $3
andutu34: calls $2
*** FLOP *** [Ks 3s 7h]
Nicedaymybro: bets $1.88
andutu34: calls $1.88
*** TURN *** [Ks 3s 7h] [Qs]
Nicedaymybro: checks 
andutu34: checks 
*** RIVER *** [Ks 3s 7h Qs] [Jc]
Nicedaymybro: checks 
andutu34: checks 
*** SHOW DOWN ***
Nicedaymybro: shows [8c 8d] (a pair of Eights)
andutu34: shows [Qd Th] (a pair of Queens)
andutu34 collected $9.27 from pot
*** SUMMARY ***
Total pot $9.76 | Rake $0.49 
Board [Ks 3s 7h Qs Jc]
Seat 1: Darkhippies7 folded before Flop (didn't bet)
Seat 2: rao999 folded before Flop (didn't bet)
Seat 3: XneferX (button) folded before Flop (didn't bet)
Seat 4: Nicedaymybro (small blind) showed [8c 8d] and lost with a pair of Eights
Seat 5: andutu34 (big blind) showed [Qd Th] and won ($9.27) with a pair of Queens
Seat 6: mariofcd folded before Flop (didn't bet)



PokerStars Hand #254645978261:  Hold'em No Limit ($0.50/$1.00 USD) - 2025/01/31 0:41:15 WET [2025/01/31 19:41:15 ET]
Table 'Aurelia' 6-max Seat #4 is the button
Seat 1: Darkhippies7 ($22.01 in chips) 
Seat 2: rao999 ($149.78 in chips) 
Seat 3: XneferX ($100 in chips) 
Seat 4: Nicedaymybro ($221.36 in chips) 
Seat 5: andutu34 ($120.94 in chips) 
Seat 6: mariofcd ($132.26 in chips) 
andutu34: posts small blind $0.50
mariofcd: posts big blind $1
*** HOLE CARDS ***
Darkhippies7: raises $2 to $3
rao999: folds 
XneferX: folds 
Nicedaymybro: folds 
andutu34: folds 
mariofcd: calls $2
*** FLOP *** [5h 3s Td]
mariofcd: checks 
Darkhippies7: bets $6.18
mariofcd: folds 
Uncalled bet ($6.18) returned to Darkhippies7
Darkhippies7 collected $6.18 from pot
*** SUMMARY ***
Total pot $6.50 | Rake $0.32 
Board [5h 3s Td]
Seat 1: Darkhippies7 collected ($6.18)
Seat 2: rao999 folded before Flop (didn't bet)
Seat 3: XneferX folded before Flop (didn't bet)
Seat 4: Nicedaymybro (button) folded before Flop (didn't bet)
Seat 5: andutu34 (small blind) folded before Flop
Seat 6: mariofcd (big blind) folded on the Flop



PokerStars Hand #254645984128:  Hold'em No Limit ($0.50/$1.00 USD) - 2025/01/31 0:41:42 WET [2025/01/31 19:41:42 ET]
Table 'Aurelia' 6-max Seat #5 is the button
Seat 1: Darkhippies7 ($25.19 in chips) 
Seat 2: rao999 ($149.78 in chips) 
Seat 3: XneferX ($100 in chips) 
Seat 4: Nicedaymybro ($221.36 in chips) 
Seat 5: andutu34 ($120.44 in chips) 
Seat 6: mariofcd ($129.26 in chips) 
mariofcd: posts small blind $0.50
Darkhippies7: posts big blind $1
*** HOLE CARDS ***
rao999 has timed out
rao999: folds 
XneferX: folds 
Nicedaymybro: folds 
andutu34: folds 
mariofcd: folds 
Uncalled bet ($0.50) returned to Darkhippies7
Darkhippies7 collected $1 from pot
*** SUMMARY ***
Total pot $1 | Rake $0 
Seat 1: Darkhippies7 (big blind) collected ($1)
Seat 2: rao999 folded before Flop (didn't bet)
Seat 3: XneferX folded before Flop (didn't bet)
Seat 4: Nicedaymybro folded before Flop (didn't bet)
Seat 5: andutu34 (button) folded before Flop (didn't bet)
Seat 6: mariofcd (small blind) folded before Flop



PokerStars Hand #254645989186:  Hold'em No Limit ($0.50/$1.00 USD) - 2025/01/31 0:42:06 WET [2025/01/31 19:42:06 ET]
Table 'Aurelia' 6-max Seat #6 is the button
Seat 2: rao999 ($149.78 in chips) is sitting out
Seat 1: Darkhippies7 ($25.69 in chips) 
Seat 3: XneferX ($100 in chips) 
Seat 4: Nicedaymybro ($221.36 in chips) 
Seat 5: andutu34 ($120.44 in chips) 
Seat 6: mariofcd ($128.76 in chips) 
Darkhippies7: posts small blind $0.50
XneferX: posts big blind $1
*** HOLE CARDS ***
Nicedaymybro: folds 
andutu34: folds 
mariofcd: folds 
Darkhippies7: raises $1 to $2
XneferX: raises $4.50 to $6.50
Darkhippies7: calls $4.50
*** FLOP *** [5s 9s Th]
Darkhippies7: bets $19.19 and is all-in
XneferX: calls $19.19
*** TURN *** [5s 9s Th] [5h]
*** RIVER *** [5s 9s Th 5h] [Ac]
*** SHOW DOWN ***
Darkhippies7: shows [6d 9c] (two pair, Nines and Fives)
XneferX: shows [Kh Kc] (two pair, Kings and Fives)
XneferX cashed out the hand for $38.32 | Cash Out Fee $0.78
*** SUMMARY ***
Total pot $51.38 | Rake $2.50 
Board [5s 9s Th 5h Ac]
Seat 2: rao999
Seat 1: Darkhippies7 (small blind) showed [6d 9c] and lost with two pair, Nines and Fives
Seat 3: XneferX (big blind) showed [Kh Kc] and won ($48.88) with two pair, Kings and Fives (pot not awarded as player cashed out)
Seat 4: Nicedaymybro folded before Flop (didn't bet)
Seat 5: andutu34 folded before Flop (didn't bet)
Seat 6: mariofcd (button) folded before Flop (didn't bet)



PokerStars Hand #254646338769:  Hold'em No Limit ($0.50/$1.00 USD) - 2025/01/31 1:12:13 WET [2025/01/31 20:12:13 ET]
Table 'Aurelia' 6-max Seat #1 is the button
Seat 1: XneferX ($111.13 in chips) 
Seat 3: B1GBankroll ($115.90 in chips) 
Seat 6: Gaita_toien ($100 in chips) 
B1GBankroll: posts small blind $0.50
Gaita_toien: posts big blind $1
*** HOLE CARDS ***
XneferX: raises $1.77 to $2.77
B1GBankroll: raises $8.69 to $11.46
Gaita_toien: folds 
XneferX: folds 
Uncalled bet ($8.69) returned to B1GBankroll
B1GBankroll collected $6.54 from pot
B1GBankroll: doesn't show hand 
*** SUMMARY ***
Total pot $6.54 | Rake $0 
Seat 1: XneferX (button) folded before Flop
Seat 3: B1GBankroll (small blind) collected ($6.54)
Seat 6: Gaita_toien (big blind) folded before Flop



PokerStars Hand #254646343615:  Hold'em No Limit ($0.50/$1.00 USD) - 2025/01/31 1:12:39 WET [2025/01/31 20:12:39 ET]
Table 'Aurelia' 6-max Seat #6 is the button
Seat 1: XneferX ($108.36 in chips) is sitting out
Seat 3: B1GBankroll ($119.67 in chips) 
Seat 6: Gaita_toien ($100 in chips) 
Gaita_toien: posts small blind $0.50
XneferX: is sitting out 
B1GBankroll: posts big blind $1
*** HOLE CARDS ***
Gaita_toien: raises $1.50 to $2.50
XneferX leaves the table
B1GBankroll: calls $1.50
*** FLOP *** [Kd Jh 8h]
B1GBankroll: checks 
Gaita_toien: bets $4.09
B1GBankroll: folds 
Uncalled bet ($4.09) returned to Gaita_toien
Gaita_toien collected $4.75 from pot
Gaita_toien: doesn't show hand 
*** SUMMARY ***
Total pot $5 | Rake $0.25 
Board [Kd Jh 8h]
Seat 1: XneferX
Seat 3: B1GBankroll (big blind) folded on the Flop
Seat 6: Gaita_toien (button) (small blind) collected ($4.75)



PokerStars Hand #254646425679:  Hold'em No Limit ($0.50/$1.00 USD) - 2025/01/31 1:19:56 WET [2025/01/31 20:19:56 ET]
Table 'Aurelia' 6-max Seat #3 is the button
Seat 3: B1GBankroll ($117.17 in chips) 
Seat 5: S3MPR3IGUAL ($100 in chips) 
B1GBankroll: posts small blind $0.50
S3MPR3IGUAL: posts big blind $1
*** HOLE CARDS ***
B1GBankroll: raises $1.50 to $2.50
S3MPR3IGUAL: calls $1.50
*** FLOP *** [Ts Qs 8d]
S3MPR3IGUAL: checks 
B1GBankroll: checks 
*** TURN *** [Ts Qs 8d] [Jd]
S3MPR3IGUAL: checks 
B1GBankroll: bets $2.33
S3MPR3IGUAL: folds 
Uncalled bet ($2.33) returned to B1GBankroll
B1GBankroll collected $4.75 from pot
B1GBankroll: doesn't show hand 
*** SUMMARY ***
Total pot $5 | Rake $0.25 
Board [Ts Qs 8d Jd]
Seat 3: B1GBankroll (button) (small blind) collected ($4.75)
Seat 5: S3MPR3IGUAL (big blind) folded on the Turn



PokerStars Hand #254646457274:  Hold'em No Limit ($0.50/$1.00 USD) - 2025/01/31 1:22:47 WET [2025/01/31 20:22:47 ET]
Table 'Aurelia' 6-max Seat #4 is the button
Seat 2: jaeciorn ($50.38 in chips) 
Seat 3: B1GBankroll ($119.42 in chips) 
Seat 4: m0nTTu ($86.30 in chips) 
Seat 5: andutu34 ($121.94 in chips) 
andutu34: posts small blind $0.50
jaeciorn: posts big blind $1
*** HOLE CARDS ***
B1GBankroll: folds 
m0nTTu: folds 
andutu34: folds 
Uncalled bet ($0.50) returned to jaeciorn
Rysiff joins the table at seat #6 
jaeciorn collected $1 from pot
Nicedaymybro joins the table at seat #1 
*** SUMMARY ***
Total pot $1 | Rake $0 
Seat 2: jaeciorn (big blind) collected ($1)
Seat 3: B1GBankroll folded before Flop (didn't bet)
Seat 4: m0nTTu (button) folded before Flop (didn't bet)
Seat 5: andutu34 (small blind) folded before Flop



PokerStars Hand #254646459693:  Hold'em No Limit ($0.50/$1.00 USD) - 2025/01/31 1:23:00 WET [2025/01/31 20:23:00 ET]
Table 'Aurelia' 6-max Seat #5 is the button
Seat 1: Nicedaymybro ($222.58 in chips) is sitting out
Seat 6: Rysiff ($100 in chips) is sitting out
Seat 2: jaeciorn ($50.88 in chips) 
Seat 3: B1GBankroll ($119.42 in chips) 
Seat 4: m0nTTu ($86.30 in chips) 
Seat 5: andutu34 ($121.44 in chips) 
jaeciorn: posts small blind $0.50
B1GBankroll: posts big blind $1
*** HOLE CARDS ***
m0nTTu: folds 
andutu34: raises $1.49 to $2.49
jaeciorn: folds 
B1GBankroll: folds 
Uncalled bet ($1.49) returned to andutu34
andutu34 collected $2.50 from pot
andutu34: doesn't show hand 
*** SUMMARY ***
Total pot $2.50 | Rake $0 
Seat 1: Nicedaymybro
Seat 6: Rysiff
Seat 2: jaeciorn (small blind) folded before Flop
Seat 3: B1GBankroll (big blind) folded before Flop
Seat 4: m0nTTu folded before Flop (didn't bet)
Seat 5: andutu34 (button) collected ($2.50)



PokerStars Hand #254646461866:  Hold'em No Limit ($0.50/$1.00 USD) - 2025/01/31 1:23:12 WET [2025/01/31 20:23:12 ET]
Table 'Aurelia' 6-max Seat #2 is the button
Seat 1: Nicedaymybro ($222.58 in chips) is sitting out
Seat 6: Rysiff ($100 in chips) is sitting out
Seat 2: jaeciorn ($50.38 in chips) 
Seat 3: B1GBankroll ($118.42 in chips) 
Seat 4: m0nTTu ($86.30 in chips) 
Seat 5: andutu34 ($122.94 in chips) 
B1GBankroll: posts small blind $0.50
m0nTTu: posts big blind $1
Rysiff: sits out 
Nicedaymybro: sits out 
*** HOLE CARDS ***
andutu34: raises $1.30 to $2.30
jaeciorn: calls $2.30
B1GBankroll: folds 
m0nTTu: raises $7.70 to $10
andutu34: folds 
jaeciorn: folds 
Uncalled bet ($7.70) returned to m0nTTu
m0nTTu collected $7.40 from pot
m0nTTu: doesn't show hand 
*** SUMMARY ***
Total pot $7.40 | Rake $0 
Seat 1: Nicedaymybro
Seat 6: Rysiff
Seat 2: jaeciorn (button) folded before Flop
Seat 3: B1GBankroll (small blind) folded before Flop
Seat 4: m0nTTu (big blind) collected ($7.40)
Seat 5: andutu34 folded before Flop



PokerStars Hand #254646466733:  Hold'em No Limit ($0.50/$1.00 USD) - 2025/01/31 1:23:38 WET [2025/01/31 20:23:38 ET]
Table 'Aurelia' 6-max Seat #3 is the button
Seat 1: Nicedaymybro ($222.58 in chips) is sitting out
Seat 6: Rysiff ($100 in chips) is sitting out
Seat 2: jaeciorn ($48.08 in chips) 
Seat 3: B1GBankroll ($117.92 in chips) 
Seat 4: m0nTTu ($91.40 in chips) 
Seat 5: andutu34 ($120.64 in chips) 
m0nTTu: posts small blind $0.50
andutu34: posts big blind $1
Rysiff: sits out 
Nicedaymybro: sits out 
*** HOLE CARDS ***
jaeciorn: folds 
B1GBankroll: raises $1.50 to $2.50
m0nTTu: folds 
andutu34: folds 
Uncalled bet ($1.50) returned to B1GBankroll
B1GBankroll collected $2.50 from pot
B1GBankroll: doesn't show hand 
*** SUMMARY ***
Total pot $2.50 | Rake $0 
Seat 1: Nicedaymybro
Seat 6: Rysiff
Seat 2: jaeciorn folded before Flop (didn't bet)
Seat 3: B1GBankroll (button) collected ($2.50)
Seat 4: m0nTTu (small blind) folded before Flop
Seat 5: andutu34 (big blind) folded before Flop



PokerStars Hand #254646470037:  Hold'em No Limit ($0.50/$1.00 USD) - 2025/01/31 1:23:56 WET [2025/01/31 20:23:56 ET]
Table 'Aurelia' 6-max Seat #4 is the button
Seat 1: Nicedaymybro ($222.58 in chips) is sitting out
Seat 2: jaeciorn ($48.08 in chips) 
Seat 3: B1GBankroll ($119.42 in chips) 
Seat 4: m0nTTu ($90.90 in chips) 
Seat 5: andutu34 ($119.64 in chips) 
Seat 6: Rysiff ($100 in chips) 
andutu34: posts small blind $0.50
Rysiff: posts big blind $1
Nicedaymybro: sits out 
*** HOLE CARDS ***
jaeciorn: raises $1 to $2
B1GBankroll: folds 
m0nTTu: folds 
andutu34: folds 
Rysiff: calls $1
*** FLOP *** [Ks 8c 5s]
Rysiff: checks 
jaeciorn: checks 
*** TURN *** [Ks 8c 5s] [5c]
Rysiff: checks 
jaeciorn: checks 
*** RIVER *** [Ks 8c 5s 5c] [8h]
Rysiff: bets $4
jaeciorn: raises $12.28 to $16.28
Rysiff: calls $12.28
*** SHOW DOWN ***
jaeciorn: shows [8d 8s] (four of a kind, Eights)
Rysiff: mucks hand 
jaeciorn collected $35.21 from pot
*** SUMMARY ***
Total pot $37.06 | Rake $1.85 
Board [Ks 8c 5s 5c 8h]
Seat 1: Nicedaymybro
Seat 2: jaeciorn showed [8d 8s] and won ($35.21) with four of a kind, Eights
Seat 3: B1GBankroll folded before Flop (didn't bet)
Seat 4: m0nTTu (button) folded before Flop (didn't bet)
Seat 5: andutu34 (small blind) folded before Flop
Seat 6: Rysiff (big blind) mucked



PokerStars Hand #254646479098:  Hold'em No Limit ($0.50/$1.00 USD) - 2025/01/31 1:24:45 WET [2025/01/31 20:24:45 ET]
Table 'Aurelia' 6-max Seat #5 is the button
Seat 1: Nicedaymybro ($222.58 in chips) 
Seat 2: jaeciorn ($65.01 in chips) 
Seat 3: B1GBankroll ($119.42 in chips) 
Seat 4: m0nTTu ($90.90 in chips) 
Seat 5: andutu34 ($119.14 in chips) 
Seat 6: Rysiff ($100 in chips) 
Rysiff: posts small blind $0.50
Nicedaymybro: posts big blind $1
*** HOLE CARDS ***
jaeciorn: calls $1
B1GBankroll: raises $3 to $4
m0nTTu: folds 
andutu34: folds 
Rysiff: folds 
Nicedaymybro: folds 
jaeciorn: folds 
Uncalled bet ($3) returned to B1GBankroll
jaeciorn leaves the table
B1GBankroll collected $3.50 from pot
B1GBankroll: doesn't show hand 
*** SUMMARY ***
Total pot $3.50 | Rake $0 
Seat 1: Nicedaymybro (big blind) folded before Flop
Seat 2: jaeciorn folded before Flop
Seat 3: B1GBankroll collected ($3.50)
Seat 4: m0nTTu folded before Flop (didn't bet)
Seat 5: andutu34 (button) folded before Flop (didn't bet)
Seat 6: Rysiff (small blind) folded before Flop



PokerStars Hand #254646483914:  Hold'em No Limit ($0.50/$1.00 USD) - 2025/01/31 1:25:11 WET [2025/01/31 20:25:11 ET]
Table 'Aurelia' 6-max Seat #6 is the button
Seat 1: Nicedaymybro ($221.58 in chips) 
Seat 3: B1GBankroll ($121.92 in chips) 
Seat 4: m0nTTu ($90.90 in chips) 
Seat 5: andutu34 ($119.14 in chips) 
Seat 6: Rysiff ($100 in chips) 
Nicedaymybro: posts small blind $0.50
B1GBankroll: posts big blind $1
*** HOLE CARDS ***
m0nTTu: folds 
andutu34: raises $1.30 to $2.30
Rysiff: raises $4.70 to $7
Nicedaymybro: folds 
B1GBankroll: folds 
andutu34: folds 
Uncalled bet ($4.70) returned to Rysiff
Rysiff collected $6.10 from pot
Rysiff: doesn't show hand 
*** SUMMARY ***
Total pot $6.10 | Rake $0 
Seat 1: Nicedaymybro (small blind) folded before Flop
Seat 3: B1GBankroll (big blind) folded before Flop
Seat 4: m0nTTu folded before Flop (didn't bet)
Seat 5: andutu34 folded before Flop
Seat 6: Rysiff (button) collected ($6.10)



