PokerStars Hand #254645895198:  Hold'em No Limit ($0.50/$1.00 USD) - 2025/01/31 0:34:51 WET [2025/01/31 19:34:51 ET]
Table 'Nortia' 6-max Seat #4 is the button
Seat 5: andutu34 ($100 in chips) is sitting out
Seat 6: Manifestorr ($100 in chips) is sitting out
Seat 1: m0nTTu ($58.31 in chips) 
Seat 3: CCfy1 ($67.13 in chips) 
Seat 4: S3MPR3IGUAL ($120.69 in chips) 
m0nTTu: posts small blind $0.50
CCfy1: posts big blind $1
*** HOLE CARDS ***
S3MPR3IGUAL: raises $1.20 to $2.20
m0nTTu: folds 
XneferX joins the table at seat #2 
CCfy1: folds 
Uncalled bet ($1.20) returned to S3MPR3IGUAL
S3MPR3IGUAL collected $2.50 from pot
S3MPR3IGUAL: doesn't show hand 
*** SUMMARY ***
Total pot $2.50 | Rake $0 
Seat 5: andutu34
Seat 6: Manifestorr
Seat 1: m0nTTu (small blind) folded before Flop
Seat 3: CCfy1 (big blind) folded before Flop
Seat 4: S3MPR3IGUAL (button) collected ($2.50)



PokerStars Hand #254645903075:  Hold'em No Limit ($0.50/$1.00 USD) - 2025/01/31 0:35:27 WET [2025/01/31 19:35:27 ET]
Table 'Nortia' 6-max Seat #1 is the button
Seat 2: XneferX ($100 in chips) is sitting out
Seat 5: andutu34 ($100 in chips) is sitting out
Seat 6: Manifestorr ($100 in chips) is sitting out
Seat 1: m0nTTu ($97.81 in chips) 
Seat 3: CCfy1 ($66.13 in chips) 
Seat 4: S3MPR3IGUAL ($122.19 in chips) 
CCfy1: posts small blind $0.50
S3MPR3IGUAL: posts big blind $1
andutu34: sits out 
Manifestorr: sits out 
*** HOLE CARDS ***
m0nTTu: folds 
CCfy1: folds 
Uncalled bet ($0.50) returned to S3MPR3IGUAL
S3MPR3IGUAL collected $1 from pot
S3MPR3IGUAL: doesn't show hand 
*** SUMMARY ***
Total pot $1 | Rake $0 
Seat 2: XneferX
Seat 5: andutu34
Seat 6: Manifestorr
Seat 1: m0nTTu (button) folded before Flop (didn't bet)
Seat 3: CCfy1 (small blind) folded before Flop
Seat 4: S3MPR3IGUAL (big blind) collected ($1)



PokerStars Hand #254645904862:  Hold'em No Limit ($0.50/$1.00 USD) - 2025/01/31 0:35:35 WET [2025/01/31 19:35:35 ET]
Table 'Nortia' 6-max Seat #3 is the button
Seat 2: XneferX ($100 in chips) is sitting out
Seat 6: Manifestorr ($100 in chips) is sitting out
Seat 1: m0nTTu ($97.81 in chips) 
Seat 3: CCfy1 ($65.63 in chips) 
Seat 4: S3MPR3IGUAL ($122.69 in chips) 
Seat 5: andutu34 ($100 in chips) 
S3MPR3IGUAL: posts small blind $0.50
andutu34: posts big blind $1
Manifestorr: sits out 
XneferX: sits out 
*** HOLE CARDS ***
m0nTTu: folds 
CCfy1: raises $2 to $3
S3MPR3IGUAL: folds 
andutu34: calls $2
*** FLOP *** [7s 9d 7d]
andutu34: checks 
CCfy1: checks 
*** TURN *** [7s 9d 7d] [8c]
andutu34: checks 
CCfy1: checks 
*** RIVER *** [7s 9d 7d 8c] [4d]
andutu34: bets $2.04
CCfy1: folds 
Uncalled bet ($2.04) returned to andutu34
andutu34 collected $6.18 from pot
andutu34: doesn't show hand 
*** SUMMARY ***
Total pot $6.50 | Rake $0.32 
Board [7s 9d 7d 8c 4d]
Seat 2: XneferX
Seat 6: Manifestorr
Seat 1: m0nTTu folded before Flop (didn't bet)
Seat 3: CCfy1 (button) folded on the River
Seat 4: S3MPR3IGUAL (small blind) folded before Flop
Seat 5: andutu34 (big blind) collected ($6.18)



PokerStars Hand #254645913519:  Hold'em No Limit ($0.50/$1.00 USD) - 2025/01/31 0:36:14 WET [2025/01/31 19:36:14 ET]
Table 'Nortia' 6-max Seat #4 is the button
Seat 2: XneferX ($100 in chips) is sitting out
Seat 1: m0nTTu ($97.81 in chips) 
Seat 3: CCfy1 ($62.63 in chips) 
Seat 4: S3MPR3IGUAL ($122.19 in chips) 
Seat 5: andutu34 ($103.18 in chips) 
Seat 6: Manifestorr ($100 in chips) 
andutu34: posts small blind $0.50
Manifestorr: posts big blind $1
XneferX: sits out 
*** HOLE CARDS ***
m0nTTu: folds 
CCfy1: folds 
S3MPR3IGUAL: raises $1.20 to $2.20
andutu34: folds 
Manifestorr: folds 
Uncalled bet ($1.20) returned to S3MPR3IGUAL
S3MPR3IGUAL collected $2.50 from pot
S3MPR3IGUAL: doesn't show hand 
*** SUMMARY ***
Total pot $2.50 | Rake $0 
Seat 2: XneferX
Seat 1: m0nTTu folded before Flop (didn't bet)
Seat 3: CCfy1 folded before Flop (didn't bet)
Seat 4: S3MPR3IGUAL (button) collected ($2.50)
Seat 5: andutu34 (small blind) folded before Flop
Seat 6: Manifestorr (big blind) folded before Flop



PokerStars Hand #254645916360:  Hold'em No Limit ($0.50/$1.00 USD) - 2025/01/31 0:36:28 WET [2025/01/31 19:36:28 ET]
Table 'Nortia' 6-max Seat #5 is the button
Seat 2: XneferX ($100 in chips) is sitting out
Seat 1: m0nTTu ($97.81 in chips) 
Seat 3: CCfy1 ($62.63 in chips) 
Seat 4: S3MPR3IGUAL ($123.69 in chips) 
Seat 5: andutu34 ($102.68 in chips) 
Seat 6: Manifestorr ($100 in chips) 
Manifestorr: posts small blind $0.50
m0nTTu: posts big blind $1
XneferX: sits out 
*** HOLE CARDS ***
CCfy1: raises $1 to $2
S3MPR3IGUAL: folds 
andutu34: folds 
Manifestorr: folds 
m0nTTu: folds 
Uncalled bet ($1) returned to CCfy1
CCfy1 collected $2.50 from pot
CCfy1: doesn't show hand 
*** SUMMARY ***
Total pot $2.50 | Rake $0 
Seat 2: XneferX
Seat 1: m0nTTu (big blind) folded before Flop
Seat 3: CCfy1 collected ($2.50)
Seat 4: S3MPR3IGUAL folded before Flop (didn't bet)
Seat 5: andutu34 (button) folded before Flop (didn't bet)
Seat 6: Manifestorr (small blind) folded before Flop



PokerStars Hand #254645920774:  Hold'em No Limit ($0.50/$1.00 USD) - 2025/01/31 0:36:48 WET [2025/01/31 19:36:48 ET]
Table 'Nortia' 6-max Seat #6 is the button
Seat 1: m0nTTu ($96.81 in chips) 
Seat 2: XneferX ($100 in chips) 
Seat 3: CCfy1 ($64.13 in chips) 
Seat 4: S3MPR3IGUAL ($123.69 in chips) 
Seat 5: andutu34 ($102.68 in chips) 
Seat 6: Manifestorr ($100 in chips) 
m0nTTu: posts small blind $0.50
XneferX: posts big blind $1
*** HOLE CARDS ***
CCfy1: folds 
S3MPR3IGUAL: folds 
andutu34: folds 
Manifestorr: raises $1.20 to $2.20
m0nTTu: folds 
XneferX: calls $1.20
*** FLOP *** [Kh Qh Qc]
XneferX: checks 
Manifestorr: bets $1.54
XneferX: folds 
Uncalled bet ($1.54) returned to Manifestorr
Manifestorr collected $4.66 from pot
*** SUMMARY ***
Total pot $4.90 | Rake $0.24 
Board [Kh Qh Qc]
Seat 1: m0nTTu (small blind) folded before Flop
Seat 2: XneferX (big blind) folded on the Flop
Seat 3: CCfy1 folded before Flop (didn't bet)
Seat 4: S3MPR3IGUAL folded before Flop (didn't bet)
Seat 5: andutu34 folded before Flop (didn't bet)
Seat 6: Manifestorr (button) collected ($4.66)



PokerStars Hand #254645929468:  Hold'em No Limit ($0.50/$1.00 USD) - 2025/01/31 0:37:28 WET [2025/01/31 19:37:28 ET]
Table 'Nortia' 6-max Seat #1 is the button
Seat 1: m0nTTu ($100 in chips) 
Seat 2: XneferX ($100 in chips) 
Seat 3: CCfy1 ($64.13 in chips) 
Seat 4: S3MPR3IGUAL ($123.69 in chips) 
Seat 5: andutu34 ($102.68 in chips) 
Seat 6: Manifestorr ($102.46 in chips) 
XneferX: posts small blind $0.50
CCfy1: posts big blind $1
*** HOLE CARDS ***
S3MPR3IGUAL: folds 
andutu34: folds 
Manifestorr: raises $1.20 to $2.20
m0nTTu: folds 
XneferX: folds 
CCfy1: calls $1.20
*** FLOP *** [6h Ah 3h]
CCfy1: checks 
Manifestorr: checks 
*** TURN *** [6h Ah 3h] [3c]
CCfy1: checks 
Manifestorr: bets $4
CCfy1: folds 
Uncalled bet ($4) returned to Manifestorr
Manifestorr collected $4.66 from pot
*** SUMMARY ***
Total pot $4.90 | Rake $0.24 
Board [6h Ah 3h 3c]
Seat 1: m0nTTu (button) folded before Flop (didn't bet)
Seat 2: XneferX (small blind) folded before Flop
Seat 3: CCfy1 (big blind) folded on the Turn
Seat 4: S3MPR3IGUAL folded before Flop (didn't bet)
Seat 5: andutu34 folded before Flop (didn't bet)
Seat 6: Manifestorr collected ($4.66)



PokerStars Hand #254645938451:  Hold'em No Limit ($0.50/$1.00 USD) - 2025/01/31 0:38:10 WET [2025/01/31 19:38:10 ET]
Table 'Nortia' 6-max Seat #2 is the button
Seat 1: m0nTTu ($100 in chips) 
Seat 2: XneferX ($100 in chips) 
Seat 3: CCfy1 ($61.93 in chips) 
Seat 4: S3MPR3IGUAL ($123.69 in chips) 
Seat 5: andutu34 ($102.68 in chips) 
Seat 6: Manifestorr ($104.92 in chips) 
CCfy1: posts small blind $0.50
S3MPR3IGUAL: posts big blind $1
*** HOLE CARDS ***
andutu34: folds 
Manifestorr: folds 
m0nTTu: folds 
XneferX: folds 
CCfy1: folds 
Uncalled bet ($0.50) returned to S3MPR3IGUAL
S3MPR3IGUAL collected $1 from pot
S3MPR3IGUAL: doesn't show hand 
*** SUMMARY ***
Total pot $1 | Rake $0 
Seat 1: m0nTTu folded before Flop (didn't bet)
Seat 2: XneferX (button) folded before Flop (didn't bet)
Seat 3: CCfy1 (small blind) folded before Flop
Seat 4: S3MPR3IGUAL (big blind) collected ($1)
Seat 5: andutu34 folded before Flop (didn't bet)
Seat 6: Manifestorr folded before Flop (didn't bet)



PokerStars Hand #254645943470:  Hold'em No Limit ($0.50/$1.00 USD) - 2025/01/31 0:38:33 WET [2025/01/31 19:38:33 ET]
Table 'Nortia' 6-max Seat #3 is the button
Seat 1: m0nTTu ($100 in chips) 
Seat 2: XneferX ($100 in chips) 
Seat 3: CCfy1 ($61.43 in chips) 
Seat 4: S3MPR3IGUAL ($124.19 in chips) 
Seat 5: andutu34 ($102.68 in chips) 
Seat 6: Manifestorr ($104.92 in chips) 
S3MPR3IGUAL: posts small blind $0.50
andutu34: posts big blind $1
*** HOLE CARDS ***
Manifestorr: raises $1.20 to $2.20
m0nTTu: folds 
XneferX: raises $4.80 to $7
CCfy1: folds 
S3MPR3IGUAL: folds 
andutu34: folds 
Manifestorr: folds 
Uncalled bet ($4.80) returned to XneferX
XneferX collected $5.90 from pot
XneferX: doesn't show hand 
*** SUMMARY ***
Total pot $5.90 | Rake $0 
Seat 1: m0nTTu folded before Flop (didn't bet)
Seat 2: XneferX collected ($5.90)
Seat 3: CCfy1 (button) folded before Flop (didn't bet)
Seat 4: S3MPR3IGUAL (small blind) folded before Flop
Seat 5: andutu34 (big blind) folded before Flop
Seat 6: Manifestorr folded before Flop



PokerStars Hand #254645951815:  Hold'em No Limit ($0.50/$1.00 USD) - 2025/01/31 0:39:12 WET [2025/01/31 19:39:12 ET]
Table 'Nortia' 6-max Seat #4 is the button
Seat 1: m0nTTu ($100 in chips) 
Seat 2: XneferX ($103.70 in chips) 
Seat 3: CCfy1 ($61.43 in chips) 
Seat 4: S3MPR3IGUAL ($123.69 in chips) 
Seat 5: andutu34 ($101.68 in chips) 
Seat 6: Manifestorr ($102.72 in chips) 
andutu34: posts small blind $0.50
Manifestorr: posts big blind $1
*** HOLE CARDS ***
m0nTTu: folds 
XneferX: folds 
CCfy1: folds 
S3MPR3IGUAL: raises $1.20 to $2.20
andutu34: folds 
Manifestorr: calls $1.20
*** FLOP *** [Kd 7s 5h]
Manifestorr: checks 
S3MPR3IGUAL: bets $1.30
Manifestorr: folds 
Uncalled bet ($1.30) returned to S3MPR3IGUAL
S3MPR3IGUAL collected $4.66 from pot
S3MPR3IGUAL: doesn't show hand 
*** SUMMARY ***
Total pot $4.90 | Rake $0.24 
Board [Kd 7s 5h]
Seat 1: m0nTTu folded before Flop (didn't bet)
Seat 2: XneferX folded before Flop (didn't bet)
Seat 3: CCfy1 folded before Flop (didn't bet)
Seat 4: S3MPR3IGUAL (button) collected ($4.66)
Seat 5: andutu34 (small blind) folded before Flop
Seat 6: Manifestorr (big blind) folded on the Flop



PokerStars Hand #254645961219:  Hold'em No Limit ($0.50/$1.00 USD) - 2025/01/31 0:39:56 WET [2025/01/31 19:39:56 ET]
Table 'Nortia' 6-max Seat #5 is the button
Seat 1: m0nTTu ($100 in chips) is sitting out
Seat 2: XneferX ($103.70 in chips) 
Seat 3: CCfy1 ($61.43 in chips) 
Seat 4: S3MPR3IGUAL ($126.15 in chips) 
Seat 5: andutu34 ($101.18 in chips) 
Seat 6: Manifestorr ($100.52 in chips) 
Manifestorr: posts small blind $0.50
m0nTTu: is sitting out 
XneferX: posts big blind $1
*** HOLE CARDS ***
CCfy1: calls $1
m0nTTu leaves the table
S3MPR3IGUAL: folds 
andutu34: folds 
Manifestorr: folds 
An1an1 joins the table at seat #1 
XneferX: checks 
*** FLOP *** [3h 4s Qc]
XneferX: checks 
CCfy1: bets $1
XneferX: folds 
Uncalled bet ($1) returned to CCfy1
CCfy1 collected $2.38 from pot
CCfy1: doesn't show hand 
*** SUMMARY ***
Total pot $2.50 | Rake $0.12 
Board [3h 4s Qc]
Seat 1: m0nTTu
Seat 2: XneferX (big blind) folded on the Flop
Seat 3: CCfy1 collected ($2.38)
Seat 4: S3MPR3IGUAL folded before Flop (didn't bet)
Seat 5: andutu34 (button) folded before Flop (didn't bet)
Seat 6: Manifestorr (small blind) folded before Flop



PokerStars Hand #254645966157:  Hold'em No Limit ($0.50/$1.00 USD) - 2025/01/31 0:40:18 WET [2025/01/31 19:40:18 ET]
Table 'Nortia' 6-max Seat #6 is the button
Seat 1: An1an1 ($100 in chips) is sitting out
Seat 2: XneferX ($102.70 in chips) 
Seat 3: CCfy1 ($62.81 in chips) 
Seat 4: S3MPR3IGUAL ($126.15 in chips) 
Seat 5: andutu34 ($101.18 in chips) 
Seat 6: Manifestorr ($100.02 in chips) 
XneferX: posts small blind $0.50
CCfy1: posts big blind $1
*** HOLE CARDS ***
S3MPR3IGUAL: folds 
andutu34: folds 
Manifestorr: folds 
XneferX: folds 
Uncalled bet ($0.50) returned to CCfy1
CCfy1 collected $1 from pot
CCfy1: doesn't show hand 
*** SUMMARY ***
Total pot $1 | Rake $0 
Seat 1: An1an1
Seat 2: XneferX (small blind) folded before Flop
Seat 3: CCfy1 (big blind) collected ($1)
Seat 4: S3MPR3IGUAL folded before Flop (didn't bet)
Seat 5: andutu34 folded before Flop (didn't bet)
Seat 6: Manifestorr (button) folded before Flop (didn't bet)



PokerStars Hand #254645968607:  Hold'em No Limit ($0.50/$1.00 USD) - 2025/01/31 0:40:30 WET [2025/01/31 19:40:30 ET]
Table 'Nortia' 6-max Seat #2 is the button
Seat 1: An1an1 ($100 in chips) is sitting out
Seat 2: XneferX ($102.20 in chips) 
Seat 3: CCfy1 ($63.31 in chips) 
Seat 4: S3MPR3IGUAL ($126.15 in chips) 
Seat 5: andutu34 ($101.18 in chips) 
Seat 6: Manifestorr ($100.02 in chips) 
CCfy1: posts small blind $0.50
S3MPR3IGUAL: posts big blind $1
An1an1: sits out 
*** HOLE CARDS ***
andutu34: raises $1 to $2
Manifestorr: folds 
XneferX: folds 
CCfy1: folds 
S3MPR3IGUAL: folds 
Uncalled bet ($1) returned to andutu34
andutu34 collected $2.50 from pot
andutu34: doesn't show hand 
*** SUMMARY ***
Total pot $2.50 | Rake $0 
Seat 1: An1an1
Seat 2: XneferX (button) folded before Flop (didn't bet)
Seat 3: CCfy1 (small blind) folded before Flop
Seat 4: S3MPR3IGUAL (big blind) folded before Flop
Seat 5: andutu34 collected ($2.50)
Seat 6: Manifestorr folded before Flop (didn't bet)



PokerStars Hand #254645972595:  Hold'em No Limit ($0.50/$1.00 USD) - 2025/01/31 0:40:48 WET [2025/01/31 19:40:48 ET]
Table 'Nortia' 6-max Seat #3 is the button
Seat 1: An1an1 ($100 in chips) is sitting out
Seat 2: XneferX ($102.20 in chips) 
Seat 3: CCfy1 ($62.81 in chips) 
Seat 4: S3MPR3IGUAL ($125.15 in chips) 
Seat 5: andutu34 ($102.68 in chips) 
Seat 6: Manifestorr ($100.02 in chips) 
S3MPR3IGUAL: posts small blind $0.50
andutu34: posts big blind $1
An1an1: sits out 
*** HOLE CARDS ***
Manifestorr: folds 
XneferX: folds 
CCfy1: folds 
S3MPR3IGUAL: raises $2 to $3
andutu34: folds 
Uncalled bet ($2) returned to S3MPR3IGUAL
S3MPR3IGUAL collected $2 from pot
S3MPR3IGUAL: doesn't show hand 
*** SUMMARY ***
Total pot $2 | Rake $0 
Seat 1: An1an1
Seat 2: XneferX folded before Flop (didn't bet)
Seat 3: CCfy1 (button) folded before Flop (didn't bet)
Seat 4: S3MPR3IGUAL (small blind) collected ($2)
Seat 5: andutu34 (big blind) folded before Flop
Seat 6: Manifestorr folded before Flop (didn't bet)



PokerStars Hand #254645977047:  Hold'em No Limit ($0.50/$1.00 USD) - 2025/01/31 0:41:09 WET [2025/01/31 19:41:09 ET]
Table 'Nortia' 6-max Seat #4 is the button
Seat 1: An1an1 ($100 in chips) is sitting out
Seat 2: XneferX ($102.20 in chips) 
Seat 3: CCfy1 ($62.81 in chips) 
Seat 4: S3MPR3IGUAL ($126.15 in chips) 
Seat 5: andutu34 ($101.68 in chips) 
Seat 6: Manifestorr ($100.02 in chips) 
andutu34: posts small blind $0.50
Manifestorr: posts big blind $1
An1an1: sits out 
*** HOLE CARDS ***
XneferX: raises $1.10 to $2.10
CCfy1: folds 
S3MPR3IGUAL: folds 
andutu34: folds 
Manifestorr: folds 
Uncalled bet ($1.10) returned to XneferX
XneferX collected $2.50 from pot
XneferX: doesn't show hand 
*** SUMMARY ***
Total pot $2.50 | Rake $0 
Seat 1: An1an1
Seat 2: XneferX collected ($2.50)
Seat 3: CCfy1 folded before Flop (didn't bet)
Seat 4: S3MPR3IGUAL (button) folded before Flop (didn't bet)
Seat 5: andutu34 (small blind) folded before Flop
Seat 6: Manifestorr (big blind) folded before Flop



PokerStars Hand #254645979901:  Hold'em No Limit ($0.50/$1.00 USD) - 2025/01/31 0:41:23 WET [2025/01/31 19:41:23 ET]
Table 'Nortia' 6-max Seat #5 is the button
Seat 1: An1an1 ($100 in chips) 
Seat 2: XneferX ($103.70 in chips) 
Seat 3: CCfy1 ($62.81 in chips) 
Seat 4: S3MPR3IGUAL ($126.15 in chips) 
Seat 5: andutu34 ($101.18 in chips) 
Seat 6: Manifestorr ($100 in chips) 
Manifestorr: posts small blind $0.50
An1an1: posts big blind $1
*** HOLE CARDS ***
XneferX: raises $1.10 to $2.10
CCfy1: folds 
S3MPR3IGUAL: folds 
andutu34: folds 
Manifestorr: folds 
An1an1: calls $1.10
*** FLOP *** [3s Js 3d]
An1an1: checks 
XneferX: checks 
*** TURN *** [3s Js 3d] [6d]
An1an1: bets $2.97
XneferX: raises $4.46 to $7.43
An1an1: calls $4.46
*** RIVER *** [3s Js 3d 6d] [Ad]
An1an1: bets $12.45
XneferX: folds 
Uncalled bet ($12.45) returned to An1an1
An1an1 collected $18.58 from pot
An1an1: doesn't show hand 
*** SUMMARY ***
Total pot $19.56 | Rake $0.98 
Board [3s Js 3d 6d Ad]
Seat 1: An1an1 (big blind) collected ($18.58)
Seat 2: XneferX folded on the River
Seat 3: CCfy1 folded before Flop (didn't bet)
Seat 4: S3MPR3IGUAL folded before Flop (didn't bet)
Seat 5: andutu34 (button) folded before Flop (didn't bet)
Seat 6: Manifestorr (small blind) folded before Flop



PokerStars Hand #254646002559:  Hold'em No Limit ($0.50/$1.00 USD) - 2025/01/31 0:43:10 WET [2025/01/31 19:43:10 ET]
Table 'Nortia' 6-max Seat #6 is the button
Seat 1: An1an1 ($109.05 in chips) 
Seat 2: XneferX ($100 in chips) 
Seat 3: CCfy1 ($62.81 in chips) 
Seat 4: S3MPR3IGUAL ($126.15 in chips) 
Seat 5: andutu34 ($101.18 in chips) 
Seat 6: Manifestorr ($100 in chips) 
An1an1: posts small blind $0.50
XneferX: posts big blind $1
*** HOLE CARDS ***
CCfy1: raises $2 to $3
S3MPR3IGUAL: folds 
andutu34: raises $6.38 to $9.38
Manifestorr: folds 
An1an1: folds 
XneferX: folds 
CCfy1: folds 
Uncalled bet ($6.38) returned to andutu34
andutu34 collected $7.50 from pot
andutu34: doesn't show hand 
*** SUMMARY ***
Total pot $7.50 | Rake $0 
Seat 1: An1an1 (small blind) folded before Flop
Seat 2: XneferX (big blind) folded before Flop
Seat 3: CCfy1 folded before Flop
Seat 4: S3MPR3IGUAL folded before Flop (didn't bet)
Seat 5: andutu34 collected ($7.50)
Seat 6: Manifestorr (button) folded before Flop (didn't bet)



PokerStars Hand #254646005512:  Hold'em No Limit ($0.50/$1.00 USD) - 2025/01/31 0:43:23 WET [2025/01/31 19:43:23 ET]
Table 'Nortia' 6-max Seat #1 is the button
Seat 1: An1an1 ($108.55 in chips) 
Seat 2: XneferX ($100 in chips) 
Seat 3: CCfy1 ($59.81 in chips) 
Seat 4: S3MPR3IGUAL ($126.15 in chips) 
Seat 5: andutu34 ($105.68 in chips) 
Seat 6: Manifestorr ($100 in chips) 
XneferX: posts small blind $0.50
CCfy1: posts big blind $1
*** HOLE CARDS ***
S3MPR3IGUAL: folds 
andutu34: folds 
Manifestorr: folds 
An1an1: raises $1.50 to $2.50
XneferX: folds 
CCfy1: calls $1.50
*** FLOP *** [Jc 7h 2c]
CCfy1: bets $1
An1an1: calls $1
*** TURN *** [Jc 7h 2c] [Qh]
CCfy1: bets $3.56
An1an1: calls $3.56
*** RIVER *** [Jc 7h 2c Qh] [Kc]
CCfy1: checks 
An1an1: bets $6.95
CCfy1: folds 
Uncalled bet ($6.95) returned to An1an1
An1an1 collected $13.89 from pot
An1an1: doesn't show hand 
*** SUMMARY ***
Total pot $14.62 | Rake $0.73 
Board [Jc 7h 2c Qh Kc]
Seat 1: An1an1 (button) collected ($13.89)
Seat 2: XneferX (small blind) folded before Flop
Seat 3: CCfy1 (big blind) folded on the River
Seat 4: S3MPR3IGUAL folded before Flop (didn't bet)
Seat 5: andutu34 folded before Flop (didn't bet)
Seat 6: Manifestorr folded before Flop (didn't bet)



PokerStars Hand #254646022589:  Hold'em No Limit ($0.50/$1.00 USD) - 2025/01/31 0:44:44 WET [2025/01/31 19:44:44 ET]
Table 'Nortia' 6-max Seat #2 is the button
Seat 1: An1an1 ($115.38 in chips) 
Seat 2: XneferX ($100 in chips) 
Seat 3: CCfy1 ($52.75 in chips) 
Seat 4: S3MPR3IGUAL ($126.15 in chips) 
Seat 5: andutu34 ($105.68 in chips) 
Seat 6: Manifestorr ($100 in chips) 
CCfy1: posts small blind $0.50
S3MPR3IGUAL: posts big blind $1
*** HOLE CARDS ***
andutu34: raises $1 to $2
Manifestorr: folds 
An1an1: folds 
XneferX: folds 
CCfy1: folds 
S3MPR3IGUAL: folds 
Uncalled bet ($1) returned to andutu34
andutu34 collected $2.50 from pot
andutu34: doesn't show hand 
*** SUMMARY ***
Total pot $2.50 | Rake $0 
Seat 1: An1an1 folded before Flop (didn't bet)
Seat 2: XneferX (button) folded before Flop (didn't bet)
Seat 3: CCfy1 (small blind) folded before Flop
Seat 4: S3MPR3IGUAL (big blind) folded before Flop
Seat 5: andutu34 collected ($2.50)
Seat 6: Manifestorr folded before Flop (didn't bet)



PokerStars Hand #254646025264:  Hold'em No Limit ($0.50/$1.00 USD) - 2025/01/31 0:44:57 WET [2025/01/31 19:44:57 ET]
Table 'Nortia' 6-max Seat #3 is the button
Seat 1: An1an1 ($115.38 in chips) 
Seat 2: XneferX ($100 in chips) 
Seat 3: CCfy1 ($52.25 in chips) 
Seat 4: S3MPR3IGUAL ($125.15 in chips) 
Seat 5: andutu34 ($107.18 in chips) 
Seat 6: Manifestorr ($100 in chips) 
S3MPR3IGUAL: posts small blind $0.50
andutu34: posts big blind $1
*** HOLE CARDS ***
Manifestorr: folds 
An1an1: folds 
XneferX: folds 
CCfy1: folds 
S3MPR3IGUAL: folds 
Uncalled bet ($0.50) returned to andutu34
andutu34 collected $1 from pot
andutu34: doesn't show hand 
*** SUMMARY ***
Total pot $1 | Rake $0 
Seat 1: An1an1 folded before Flop (didn't bet)
Seat 2: XneferX folded before Flop (didn't bet)
Seat 3: CCfy1 (button) folded before Flop (didn't bet)
Seat 4: S3MPR3IGUAL (small blind) folded before Flop
Seat 5: andutu34 (big blind) collected ($1)
Seat 6: Manifestorr folded before Flop (didn't bet)



PokerStars Hand #254646028863:  Hold'em No Limit ($0.50/$1.00 USD) - 2025/01/31 0:45:14 WET [2025/01/31 19:45:14 ET]
Table 'Nortia' 6-max Seat #4 is the button
Seat 1: An1an1 ($115.38 in chips) 
Seat 2: XneferX ($100 in chips) 
Seat 3: CCfy1 ($52.25 in chips) 
Seat 4: S3MPR3IGUAL ($124.65 in chips) 
Seat 5: andutu34 ($107.68 in chips) 
Seat 6: Manifestorr ($100 in chips) 
andutu34: posts small blind $0.50
Manifestorr: posts big blind $1
*** HOLE CARDS ***
An1an1: folds 
XneferX: folds 
CCfy1: folds 
S3MPR3IGUAL: raises $1.20 to $2.20
andutu34: folds 
Manifestorr: folds 
Uncalled bet ($1.20) returned to S3MPR3IGUAL
S3MPR3IGUAL collected $2.50 from pot
S3MPR3IGUAL: doesn't show hand 
*** SUMMARY ***
Total pot $2.50 | Rake $0 
Seat 1: An1an1 folded before Flop (didn't bet)
Seat 2: XneferX folded before Flop (didn't bet)
Seat 3: CCfy1 folded before Flop (didn't bet)
Seat 4: S3MPR3IGUAL (button) collected ($2.50)
Seat 5: andutu34 (small blind) folded before Flop
Seat 6: Manifestorr (big blind) folded before Flop



PokerStars Hand #254646033618:  Hold'em No Limit ($0.50/$1.00 USD) - 2025/01/31 0:45:37 WET [2025/01/31 19:45:37 ET]
Table 'Nortia' 6-max Seat #5 is the button
Seat 1: An1an1 ($115.38 in chips) 
Seat 2: XneferX ($100 in chips) 
Seat 3: CCfy1 ($52.25 in chips) 
Seat 4: S3MPR3IGUAL ($126.15 in chips) 
Seat 5: andutu34 ($107.18 in chips) 
Seat 6: Manifestorr ($100 in chips) 
Manifestorr: posts small blind $0.50
An1an1: posts big blind $1
*** HOLE CARDS ***
XneferX: folds 
CCfy1: calls $1
S3MPR3IGUAL: folds 
andutu34: folds 
Manifestorr: folds 
An1an1: checks 
*** FLOP *** [Tc 7h Qc]
An1an1: checks 
CCfy1: checks 
*** TURN *** [Tc 7h Qc] [7c]
An1an1: bets $1.19
CCfy1: folds 
Uncalled bet ($1.19) returned to An1an1
An1an1 collected $2.38 from pot
An1an1: doesn't show hand 
*** SUMMARY ***
Total pot $2.50 | Rake $0.12 
Board [Tc 7h Qc 7c]
Seat 1: An1an1 (big blind) collected ($2.38)
Seat 2: XneferX folded before Flop (didn't bet)
Seat 3: CCfy1 folded on the Turn
Seat 4: S3MPR3IGUAL folded before Flop (didn't bet)
Seat 5: andutu34 (button) folded before Flop (didn't bet)
Seat 6: Manifestorr (small blind) folded before Flop



PokerStars Hand #254646038425:  Hold'em No Limit ($0.50/$1.00 USD) - 2025/01/31 0:46:00 WET [2025/01/31 19:46:00 ET]
Table 'Nortia' 6-max Seat #6 is the button
Seat 1: An1an1 ($116.76 in chips) 
Seat 2: XneferX ($100 in chips) 
Seat 3: CCfy1 ($51.25 in chips) 
Seat 4: S3MPR3IGUAL ($126.15 in chips) 
Seat 5: andutu34 ($107.18 in chips) 
Seat 6: Manifestorr ($100 in chips) 
An1an1: posts small blind $0.50
XneferX: posts big blind $1
*** HOLE CARDS ***
CCfy1: folds 
S3MPR3IGUAL: folds 
andutu34: folds 
Manifestorr: raises $1.20 to $2.20
An1an1: folds 
XneferX: folds 
Uncalled bet ($1.20) returned to Manifestorr
Manifestorr collected $2.50 from pot
*** SUMMARY ***
Total pot $2.50 | Rake $0 
Seat 1: An1an1 (small blind) folded before Flop
Seat 2: XneferX (big blind) folded before Flop
Seat 3: CCfy1 folded before Flop (didn't bet)
Seat 4: S3MPR3IGUAL folded before Flop (didn't bet)
Seat 5: andutu34 folded before Flop (didn't bet)
Seat 6: Manifestorr (button) collected ($2.50)



PokerStars Hand #254646043819:  Hold'em No Limit ($0.50/$1.00 USD) - 2025/01/31 0:46:26 WET [2025/01/31 19:46:26 ET]
Table 'Nortia' 6-max Seat #1 is the button
Seat 1: An1an1 ($116.26 in chips) 
Seat 2: XneferX ($100 in chips) 
Seat 3: CCfy1 ($51.25 in chips) 
Seat 4: S3MPR3IGUAL ($126.15 in chips) 
Seat 5: andutu34 ($107.18 in chips) 
Seat 6: Manifestorr ($101.50 in chips) 
XneferX: posts small blind $0.50
CCfy1: posts big blind $1
*** HOLE CARDS ***
S3MPR3IGUAL: folds 
andutu34: folds 
Manifestorr: folds 
An1an1: raises $1.50 to $2.50
XneferX: folds 
CCfy1: folds 
Uncalled bet ($1.50) returned to An1an1
An1an1 collected $2.50 from pot
An1an1: doesn't show hand 
*** SUMMARY ***
Total pot $2.50 | Rake $0 
Seat 1: An1an1 (button) collected ($2.50)
Seat 2: XneferX (small blind) folded before Flop
Seat 3: CCfy1 (big blind) folded before Flop
Seat 4: S3MPR3IGUAL folded before Flop (didn't bet)
Seat 5: andutu34 folded before Flop (didn't bet)
Seat 6: Manifestorr folded before Flop (didn't bet)



PokerStars Hand #254646046701:  Hold'em No Limit ($0.50/$1.00 USD) - 2025/01/31 0:46:40 WET [2025/01/31 19:46:40 ET]
Table 'Nortia' 6-max Seat #2 is the button
Seat 1: An1an1 ($117.76 in chips) 
Seat 2: XneferX ($100 in chips) 
Seat 3: CCfy1 ($50.25 in chips) 
Seat 4: S3MPR3IGUAL ($126.15 in chips) 
Seat 5: andutu34 ($107.18 in chips) 
Seat 6: Manifestorr ($101.50 in chips) 
CCfy1: posts small blind $0.50
S3MPR3IGUAL: posts big blind $1
*** HOLE CARDS ***
andutu34: folds 
Manifestorr: folds 
An1an1: folds 
XneferX: folds 
CCfy1: calls $0.50
S3MPR3IGUAL: raises $3 to $4
CCfy1: calls $3
*** FLOP *** [Ks 2c 5d]
CCfy1: checks 
S3MPR3IGUAL: bets $2.13
CCfy1: calls $2.13
*** TURN *** [Ks 2c 5d] [5h]
CCfy1: bets $3
S3MPR3IGUAL: calls $3
*** RIVER *** [Ks 2c 5d 5h] [Jc]
CCfy1: bets $4
S3MPR3IGUAL: raises $8 to $12
CCfy1: folds 
Uncalled bet ($8) returned to S3MPR3IGUAL
S3MPR3IGUAL collected $24.95 from pot
S3MPR3IGUAL: doesn't show hand 
*** SUMMARY ***
Total pot $26.26 | Rake $1.31 
Board [Ks 2c 5d 5h Jc]
Seat 1: An1an1 folded before Flop (didn't bet)
Seat 2: XneferX (button) folded before Flop (didn't bet)
Seat 3: CCfy1 (small blind) folded on the River
Seat 4: S3MPR3IGUAL (big blind) collected ($24.95)
Seat 5: andutu34 folded before Flop (didn't bet)
Seat 6: Manifestorr folded before Flop (didn't bet)



PokerStars Hand #254646058477:  Hold'em No Limit ($0.50/$1.00 USD) - 2025/01/31 0:47:36 WET [2025/01/31 19:47:36 ET]
Table 'Nortia' 6-max Seat #3 is the button
Seat 1: An1an1 ($117.76 in chips) 
Seat 2: XneferX ($100 in chips) 
Seat 3: CCfy1 ($37.12 in chips) 
Seat 4: S3MPR3IGUAL ($137.97 in chips) 
Seat 5: andutu34 ($107.18 in chips) 
Seat 6: Manifestorr ($101.50 in chips) 
S3MPR3IGUAL: posts small blind $0.50
andutu34: posts big blind $1
*** HOLE CARDS ***
Manifestorr: folds 
An1an1: folds 
XneferX: folds 
CCfy1: folds 
S3MPR3IGUAL: raises $2 to $3
andutu34: folds 
Uncalled bet ($2) returned to S3MPR3IGUAL
S3MPR3IGUAL collected $2 from pot
S3MPR3IGUAL: doesn't show hand 
*** SUMMARY ***
Total pot $2 | Rake $0 
Seat 1: An1an1 folded before Flop (didn't bet)
Seat 2: XneferX folded before Flop (didn't bet)
Seat 3: CCfy1 (button) folded before Flop (didn't bet)
Seat 4: S3MPR3IGUAL (small blind) collected ($2)
Seat 5: andutu34 (big blind) folded before Flop
Seat 6: Manifestorr folded before Flop (didn't bet)



PokerStars Hand #254646062025:  Hold'em No Limit ($0.50/$1.00 USD) - 2025/01/31 0:47:52 WET [2025/01/31 19:47:52 ET]
Table 'Nortia' 6-max Seat #4 is the button
Seat 1: An1an1 ($117.76 in chips) 
Seat 2: XneferX ($100 in chips) 
Seat 3: CCfy1 ($37.12 in chips) 
Seat 4: S3MPR3IGUAL ($138.97 in chips) 
Seat 5: andutu34 ($106.18 in chips) 
Seat 6: Manifestorr ($101.50 in chips) 
andutu34: posts small blind $0.50
Manifestorr: posts big blind $1
*** HOLE CARDS ***
An1an1: calls $1
XneferX: folds 
CCfy1: raises $3 to $4
S3MPR3IGUAL: folds 
andutu34: folds 
Manifestorr: folds 
An1an1: raises $7.50 to $11.50
CCfy1: calls $7.50
*** FLOP *** [7d 8h 3s]
An1an1: bets $2.33
CCfy1: raises $23.29 to $25.62 and is all-in
An1an1: calls $23.29
*** TURN *** [7d 8h 3s] [5c]
*** RIVER *** [7d 8h 3s 5c] [Ac]
*** SHOW DOWN ***
An1an1: shows [Th Tc] (a pair of Tens)
CCfy1: shows [Kd Qs] (high card Ace)
An1an1 cashed out the hand for $54.60 | Cash Out Fee $1.11
*** SUMMARY ***
Total pot $75.74 | Rake $2.50 
Board [7d 8h 3s 5c Ac]
Seat 1: An1an1 showed [Th Tc] and won ($73.24) with a pair of Tens (pot not awarded as player cashed out)
Seat 2: XneferX folded before Flop (didn't bet)
Seat 3: CCfy1 showed [Kd Qs] and lost with high card Ace
Seat 4: S3MPR3IGUAL (button) folded before Flop (didn't bet)
Seat 5: andutu34 (small blind) folded before Flop
Seat 6: Manifestorr (big blind) folded before Flop



PokerStars Hand #254646070849:  Hold'em No Limit ($0.50/$1.00 USD) - 2025/01/31 0:48:35 WET [2025/01/31 19:48:35 ET]
Table 'Nortia' 6-max Seat #5 is the button
Seat 1: An1an1 ($135.24 in chips) is sitting out
Seat 3: CCfy1 ($0 in chips) is sitting out
Seat 2: XneferX ($100 in chips) 
Seat 4: S3MPR3IGUAL ($138.97 in chips) 
Seat 5: andutu34 ($105.68 in chips) 
Seat 6: Manifestorr ($100.50 in chips) 
Manifestorr: posts small blind $0.50
XneferX: posts big blind $1
*** HOLE CARDS ***
S3MPR3IGUAL: folds 
andutu34: folds 
Manifestorr: folds 
Uncalled bet ($0.50) returned to XneferX
CCfy1 is disconnected 
XneferX collected $1 from pot
XneferX: doesn't show hand 
*** SUMMARY ***
Total pot $1 | Rake $0 
Seat 1: An1an1
Seat 3: CCfy1
Seat 2: XneferX (big blind) collected ($1)
Seat 4: S3MPR3IGUAL folded before Flop (didn't bet)
Seat 5: andutu34 (button) folded before Flop (didn't bet)
Seat 6: Manifestorr (small blind) folded before Flop



PokerStars Hand #254646072649:  Hold'em No Limit ($0.50/$1.00 USD) - 2025/01/31 0:48:44 WET [2025/01/31 19:48:44 ET]
Table 'Nortia' 6-max Seat #6 is the button
Seat 1: An1an1 ($135.24 in chips) is sitting out
Seat 3: CCfy1 ($0 in chips) is sitting out
Seat 4: S3MPR3IGUAL ($138.97 in chips) is sitting out
Seat 2: XneferX ($100.50 in chips) 
Seat 5: andutu34 ($105.68 in chips) 
Seat 6: Manifestorr ($100 in chips) 
XneferX: posts small blind $0.50
S3MPR3IGUAL: is sitting out 
andutu34: posts big blind $1
*** HOLE CARDS ***
An1an1 leaves the table
Manifestorr: folds 
XneferX: folds 
Uncalled bet ($0.50) returned to andutu34
andutu34 collected $1 from pot
andutu34: doesn't show hand 
*** SUMMARY ***
Total pot $1 | Rake $0 
Seat 1: An1an1
Seat 3: CCfy1
Seat 4: S3MPR3IGUAL
Seat 2: XneferX (small blind) folded before Flop
Seat 5: andutu34 (big blind) collected ($1)
Seat 6: Manifestorr (button) folded before Flop (didn't bet)



