PokerStars Hand #254641359204:  Hold'em No Limit ($0.50/$1.00 USD) - 2025/01/31 20:00:32 WET [2025/01/31 15:00:32 ET]
Table 'Lesath II' 6-max Seat #6 is the button
Seat 1: SorinS28 ($100.50 in chips) 
Seat 2: AlexPinsk1 ($100 in chips) 
Seat 3: EasyGamerrr ($101.50 in chips) 
Seat 4: Manifestorr ($108.42 in chips) 
Seat 5: coeeeelho ($100 in chips) 
Seat 6: Snowman4343 ($90.78 in chips) 
SorinS28: posts small blind $0.50
AlexPinsk1: posts big blind $1
*** HOLE CARDS ***
EasyGamerrr: folds 
Manifestorr: folds 
coeeeelho: raises $1.20 to $2.20
Snowman4343: folds 
SorinS28: folds 
AlexPinsk1: folds 
Uncalled bet ($1.20) returned to coeeeelho
coeeeelho collected $2.50 from pot
*** SUMMARY ***
Total pot $2.50 | Rake $0 
Seat 1: SorinS28 (small blind) folded before Flop
Seat 2: AlexPinsk1 (big blind) folded before Flop
Seat 3: EasyGamerrr folded before Flop (didn't bet)
Seat 4: Manifestorr folded before Flop (didn't bet)
Seat 5: coeeeelho collected ($2.50)
Seat 6: Snowman4343 (button) folded before Flop (didn't bet)



PokerStars Hand #254641364905:  Hold'em No Limit ($0.50/$1.00 USD) - 2025/01/31 20:00:59 WET [2025/01/31 15:00:59 ET]
Table 'Lesath II' 6-max Seat #1 is the button
Seat 1: SorinS28 ($100 in chips) 
Seat 2: AlexPinsk1 ($100 in chips) 
Seat 3: EasyGamerrr ($101.50 in chips) 
Seat 4: Manifestorr ($108.42 in chips) 
Seat 5: coeeeelho ($101.50 in chips) 
Seat 6: Snowman4343 ($90.78 in chips) 
AlexPinsk1: posts small blind $0.50
EasyGamerrr: posts big blind $1
*** HOLE CARDS ***
Manifestorr: folds 
coeeeelho: raises $1.20 to $2.20
Snowman4343: folds 
SorinS28: folds 
AlexPinsk1: folds 
EasyGamerrr: raises $9.80 to $12
coeeeelho: calls $9.80
*** FLOP *** [3s 2h Qs]
EasyGamerrr: checks 
coeeeelho: checks 
*** TURN *** [3s 2h Qs] [5d]
EasyGamerrr: checks 
coeeeelho: checks 
*** RIVER *** [3s 2h Qs 5d] [Jd]
EasyGamerrr: bets $17.46
coeeeelho: folds 
Uncalled bet ($17.46) returned to EasyGamerrr
EasyGamerrr collected $23.28 from pot
EasyGamerrr: doesn't show hand 
*** SUMMARY ***
Total pot $24.50 | Rake $1.22 
Board [3s 2h Qs 5d Jd]
Seat 1: SorinS28 (button) folded before Flop (didn't bet)
Seat 2: AlexPinsk1 (small blind) folded before Flop
Seat 3: EasyGamerrr (big blind) collected ($23.28)
Seat 4: Manifestorr folded before Flop (didn't bet)
Seat 5: coeeeelho folded on the River
Seat 6: Snowman4343 folded before Flop (didn't bet)



PokerStars Hand #254641381874:  Hold'em No Limit ($0.50/$1.00 USD) - 2025/01/31 20:02:09 WET [2025/01/31 15:02:09 ET]
Table 'Lesath II' 6-max Seat #2 is the button
Seat 1: SorinS28 ($100 in chips) 
Seat 2: AlexPinsk1 ($100 in chips) 
Seat 3: EasyGamerrr ($112.78 in chips) 
Seat 4: Manifestorr ($108.42 in chips) 
Seat 5: coeeeelho ($100 in chips) 
Seat 6: Snowman4343 ($90.78 in chips) 
EasyGamerrr: posts small blind $0.50
Manifestorr: posts big blind $1
*** HOLE CARDS ***
coeeeelho: folds 
Snowman4343: calls $1
SorinS28: folds 
AlexPinsk1: folds 
EasyGamerrr: folds 
Manifestorr: checks 
*** FLOP *** [2s 4c 9d]
Manifestorr: checks 
Snowman4343: bets $2.38
Manifestorr: folds 
Uncalled bet ($2.38) returned to Snowman4343
Snowman4343 collected $2.38 from pot
Snowman4343: doesn't show hand 
*** SUMMARY ***
Total pot $2.50 | Rake $0.12 
Board [2s 4c 9d]
Seat 1: SorinS28 folded before Flop (didn't bet)
Seat 2: AlexPinsk1 (button) folded before Flop (didn't bet)
Seat 3: EasyGamerrr (small blind) folded before Flop
Seat 4: Manifestorr (big blind) folded on the Flop
Seat 5: coeeeelho folded before Flop (didn't bet)
Seat 6: Snowman4343 collected ($2.38)



PokerStars Hand #254641389282:  Hold'em No Limit ($0.50/$1.00 USD) - 2025/01/31 20:02:36 WET [2025/01/31 15:02:36 ET]
Table 'Lesath II' 6-max Seat #3 is the button
Seat 1: SorinS28 ($100 in chips) 
Seat 2: AlexPinsk1 ($100 in chips) 
Seat 3: EasyGamerrr ($112.28 in chips) 
Seat 4: Manifestorr ($107.42 in chips) 
Seat 5: coeeeelho ($100 in chips) 
Seat 6: Snowman4343 ($92.16 in chips) 
Manifestorr: posts small blind $0.50
coeeeelho: posts big blind $1
*** HOLE CARDS ***
Snowman4343: calls $1
SorinS28: folds 
AlexPinsk1: folds 
EasyGamerrr: folds 
Manifestorr: raises $4 to $5
coeeeelho: folds 
Snowman4343: calls $4
*** FLOP *** [8s Qs Ts]
Manifestorr: checks 
Snowman4343: bets $5.23
Manifestorr: folds 
Uncalled bet ($5.23) returned to Snowman4343
Snowman4343 collected $10.45 from pot
Snowman4343: doesn't show hand 
*** SUMMARY ***
Total pot $11 | Rake $0.55 
Board [8s Qs Ts]
Seat 1: SorinS28 folded before Flop (didn't bet)
Seat 2: AlexPinsk1 folded before Flop (didn't bet)
Seat 3: EasyGamerrr (button) folded before Flop (didn't bet)
Seat 4: Manifestorr (small blind) folded on the Flop
Seat 5: coeeeelho (big blind) folded before Flop
Seat 6: Snowman4343 collected ($10.45)



PokerStars Hand #254641399926:  Hold'em No Limit ($0.50/$1.00 USD) - 2025/01/31 20:03:16 WET [2025/01/31 15:03:16 ET]
Table 'Lesath II' 6-max Seat #4 is the button
Seat 1: SorinS28 ($100 in chips) 
Seat 2: AlexPinsk1 ($100 in chips) 
Seat 3: EasyGamerrr ($112.28 in chips) 
Seat 4: Manifestorr ($102.42 in chips) 
Seat 5: coeeeelho ($100 in chips) 
Seat 6: Snowman4343 ($97.61 in chips) 
coeeeelho: posts small blind $0.50
Snowman4343: posts big blind $1
*** HOLE CARDS ***
SorinS28: folds 
AlexPinsk1: folds 
EasyGamerrr: folds 
Manifestorr: raises $1.20 to $2.20
coeeeelho: folds 
Snowman4343: folds 
Uncalled bet ($1.20) returned to Manifestorr
Manifestorr collected $2.50 from pot
*** SUMMARY ***
Total pot $2.50 | Rake $0 
Seat 1: SorinS28 folded before Flop (didn't bet)
Seat 2: AlexPinsk1 folded before Flop (didn't bet)
Seat 3: EasyGamerrr folded before Flop (didn't bet)
Seat 4: Manifestorr (button) collected ($2.50)
Seat 5: coeeeelho (small blind) folded before Flop
Seat 6: Snowman4343 (big blind) folded before Flop



PokerStars Hand #254641406613:  Hold'em No Limit ($0.50/$1.00 USD) - 2025/01/31 20:03:40 WET [2025/01/31 15:03:40 ET]
Table 'Lesath II' 6-max Seat #5 is the button
Seat 1: SorinS28 ($100 in chips) 
Seat 2: AlexPinsk1 ($100 in chips) 
Seat 3: EasyGamerrr ($112.28 in chips) 
Seat 4: Manifestorr ($103.92 in chips) 
Seat 5: coeeeelho ($100 in chips) 
Seat 6: Snowman4343 ($96.61 in chips) 
Snowman4343: posts small blind $0.50
SorinS28: posts big blind $1
*** HOLE CARDS ***
AlexPinsk1: folds 
EasyGamerrr: folds 
Manifestorr: folds 
coeeeelho: raises $1.50 to $2.50
Snowman4343: calls $2
SorinS28: folds 
*** FLOP *** [4c 2c 8c]
Snowman4343: bets $4.28
coeeeelho: calls $4.28
*** TURN *** [4c 2c 8c] [3s]
Snowman4343: checks 
coeeeelho: bets $4.56
Snowman4343: folds 
Uncalled bet ($4.56) returned to coeeeelho
coeeeelho collected $13.83 from pot
*** SUMMARY ***
Total pot $14.56 | Rake $0.73 
Board [4c 2c 8c 3s]
Seat 1: SorinS28 (big blind) folded before Flop
Seat 2: AlexPinsk1 folded before Flop (didn't bet)
Seat 3: EasyGamerrr folded before Flop (didn't bet)
Seat 4: Manifestorr folded before Flop (didn't bet)
Seat 5: coeeeelho (button) collected ($13.83)
Seat 6: Snowman4343 (small blind) folded on the Turn



PokerStars Hand #254641419442:  Hold'em No Limit ($0.50/$1.00 USD) - 2025/01/31 20:04:25 WET [2025/01/31 15:04:25 ET]
Table 'Lesath II' 6-max Seat #6 is the button
Seat 1: SorinS28 ($100 in chips) 
Seat 2: AlexPinsk1 ($100 in chips) 
Seat 3: EasyGamerrr ($112.28 in chips) 
Seat 4: Manifestorr ($103.92 in chips) 
Seat 5: coeeeelho ($107.05 in chips) 
Seat 6: Snowman4343 ($89.83 in chips) 
SorinS28: posts small blind $0.50
AlexPinsk1: posts big blind $1
*** HOLE CARDS ***
EasyGamerrr: folds 
Manifestorr: raises $1.20 to $2.20
coeeeelho: folds 
Snowman4343: calls $2.20
SorinS28: folds 
AlexPinsk1: calls $1.20
*** FLOP *** [Jc Qd Ah]
AlexPinsk1: checks 
Manifestorr: checks 
Snowman4343: bets $5.06
AlexPinsk1: folds 
Manifestorr: calls $5.06
*** TURN *** [Jc Qd Ah] [7d]
Manifestorr: checks 
Snowman4343: bets $8.18
Manifestorr: folds 
Uncalled bet ($8.18) returned to Snowman4343
Snowman4343 collected $16.36 from pot
Snowman4343: doesn't show hand 
*** SUMMARY ***
Total pot $17.22 | Rake $0.86 
Board [Jc Qd Ah 7d]
Seat 1: SorinS28 (small blind) folded before Flop
Seat 2: AlexPinsk1 (big blind) folded on the Flop
Seat 3: EasyGamerrr folded before Flop (didn't bet)
Seat 4: Manifestorr folded on the Turn
Seat 5: coeeeelho folded before Flop (didn't bet)
Seat 6: Snowman4343 (button) collected ($16.36)



PokerStars Hand #254641431082:  Hold'em No Limit ($0.50/$1.00 USD) - 2025/01/31 20:05:06 WET [2025/01/31 15:05:06 ET]
Table 'Lesath II' 6-max Seat #1 is the button
Seat 1: SorinS28 ($100 in chips) 
Seat 2: AlexPinsk1 ($100 in chips) 
Seat 3: EasyGamerrr ($112.28 in chips) 
Seat 4: Manifestorr ($100 in chips) 
Seat 5: coeeeelho ($107.05 in chips) 
Seat 6: Snowman4343 ($98.93 in chips) 
AlexPinsk1: posts small blind $0.50
EasyGamerrr: posts big blind $1
*** HOLE CARDS ***
Manifestorr: raises $1.20 to $2.20
coeeeelho: folds 
Snowman4343: folds 
SorinS28: folds 
AlexPinsk1: folds 
EasyGamerrr: folds 
Uncalled bet ($1.20) returned to Manifestorr
Manifestorr collected $2.50 from pot
*** SUMMARY ***
Total pot $2.50 | Rake $0 
Seat 1: SorinS28 (button) folded before Flop (didn't bet)
Seat 2: AlexPinsk1 (small blind) folded before Flop
Seat 3: EasyGamerrr (big blind) folded before Flop
Seat 4: Manifestorr collected ($2.50)
Seat 5: coeeeelho folded before Flop (didn't bet)
Seat 6: Snowman4343 folded before Flop (didn't bet)



PokerStars Hand #254641435431:  Hold'em No Limit ($0.50/$1.00 USD) - 2025/01/31 20:05:21 WET [2025/01/31 15:05:21 ET]
Table 'Lesath II' 6-max Seat #2 is the button
Seat 1: SorinS28 ($100 in chips) 
Seat 2: AlexPinsk1 ($100 in chips) 
Seat 3: EasyGamerrr ($111.28 in chips) 
Seat 4: Manifestorr ($101.50 in chips) 
Seat 5: coeeeelho ($107.05 in chips) 
Seat 6: Snowman4343 ($98.93 in chips) 
EasyGamerrr: posts small blind $0.50
Manifestorr: posts big blind $1
*** HOLE CARDS ***
coeeeelho: folds 
Snowman4343: calls $1
SorinS28: folds 
AlexPinsk1: folds 
EasyGamerrr: folds 
Manifestorr: checks 
*** FLOP *** [9s 3c 4h]
Manifestorr: checks 
Snowman4343: bets $2.38
Manifestorr: folds 
Uncalled bet ($2.38) returned to Snowman4343
Snowman4343 collected $2.38 from pot
Snowman4343: doesn't show hand 
*** SUMMARY ***
Total pot $2.50 | Rake $0.12 
Board [9s 3c 4h]
Seat 1: SorinS28 folded before Flop (didn't bet)
Seat 2: AlexPinsk1 (button) folded before Flop (didn't bet)
Seat 3: EasyGamerrr (small blind) folded before Flop
Seat 4: Manifestorr (big blind) folded on the Flop
Seat 5: coeeeelho folded before Flop (didn't bet)
Seat 6: Snowman4343 collected ($2.38)



PokerStars Hand #254641442242:  Hold'em No Limit ($0.50/$1.00 USD) - 2025/01/31 20:05:45 WET [2025/01/31 15:05:45 ET]
Table 'Lesath II' 6-max Seat #3 is the button
Seat 1: SorinS28 ($100 in chips) 
Seat 2: AlexPinsk1 ($100 in chips) 
Seat 3: EasyGamerrr ($110.78 in chips) 
Seat 4: Manifestorr ($100.50 in chips) 
Seat 5: coeeeelho ($107.05 in chips) 
Seat 6: Snowman4343 ($100.31 in chips) 
Manifestorr: posts small blind $0.50
coeeeelho: posts big blind $1
*** HOLE CARDS ***
Snowman4343: folds 
SorinS28: folds 
AlexPinsk1: folds 
EasyGamerrr: folds 
Manifestorr: folds 
Uncalled bet ($0.50) returned to coeeeelho
coeeeelho collected $1 from pot
*** SUMMARY ***
Total pot $1 | Rake $0 
Seat 1: SorinS28 folded before Flop (didn't bet)
Seat 2: AlexPinsk1 folded before Flop (didn't bet)
Seat 3: EasyGamerrr (button) folded before Flop (didn't bet)
Seat 4: Manifestorr (small blind) folded before Flop
Seat 5: coeeeelho (big blind) collected ($1)
Seat 6: Snowman4343 folded before Flop (didn't bet)



PokerStars Hand #254641445000:  Hold'em No Limit ($0.50/$1.00 USD) - 2025/01/31 20:05:55 WET [2025/01/31 15:05:55 ET]
Table 'Lesath II' 6-max Seat #4 is the button
Seat 1: SorinS28 ($100 in chips) 
Seat 2: AlexPinsk1 ($100 in chips) 
Seat 3: EasyGamerrr ($110.78 in chips) 
Seat 4: Manifestorr ($100 in chips) 
Seat 5: coeeeelho ($107.55 in chips) 
Seat 6: Snowman4343 ($100.31 in chips) 
coeeeelho: posts small blind $0.50
Snowman4343: posts big blind $1
*** HOLE CARDS ***
SorinS28: folds 
AlexPinsk1: raises $1.50 to $2.50
EasyGamerrr: folds 
Manifestorr: folds 
coeeeelho: folds 
Snowman4343: calls $1.50
*** FLOP *** [5h 6d 6s]
Snowman4343: checks 
AlexPinsk1: checks 
*** TURN *** [5h 6d 6s] [Qh]
Snowman4343: bets $3.92
AlexPinsk1: calls $3.92
*** RIVER *** [5h 6d 6s Qh] [7h]
Snowman4343: bets $6.34
AlexPinsk1: calls $6.34
*** SHOW DOWN ***
Snowman4343: shows [8d 8c] (two pair, Eights and Sixes)
AlexPinsk1: mucks hand 
Snowman4343 collected $24.72 from pot
*** SUMMARY ***
Total pot $26.02 | Rake $1.30 
Board [5h 6d 6s Qh 7h]
Seat 1: SorinS28 folded before Flop (didn't bet)
Seat 2: AlexPinsk1 mucked
Seat 3: EasyGamerrr folded before Flop (didn't bet)
Seat 4: Manifestorr (button) folded before Flop (didn't bet)
Seat 5: coeeeelho (small blind) folded before Flop
Seat 6: Snowman4343 (big blind) showed [8d 8c] and won ($24.72) with two pair, Eights and Sixes



PokerStars Hand #254641457775:  Hold'em No Limit ($0.50/$1.00 USD) - 2025/01/31 20:06:38 WET [2025/01/31 15:06:38 ET]
Table 'Lesath II' 6-max Seat #5 is the button
Seat 1: SorinS28 ($100 in chips) 
Seat 2: AlexPinsk1 ($100 in chips) 
Seat 3: EasyGamerrr ($110.78 in chips) 
Seat 4: Manifestorr ($100 in chips) 
Seat 5: coeeeelho ($107.05 in chips) 
Seat 6: Snowman4343 ($112.27 in chips) 
Snowman4343: posts small blind $0.50
SorinS28: posts big blind $1
*** HOLE CARDS ***
AlexPinsk1: raises $1.50 to $2.50
EasyGamerrr: folds 
Manifestorr: raises $5.50 to $8
coeeeelho: folds 
Snowman4343: folds 
SorinS28: folds 
AlexPinsk1: folds 
Uncalled bet ($5.50) returned to Manifestorr
Manifestorr collected $6.50 from pot
*** SUMMARY ***
Total pot $6.50 | Rake $0 
Seat 1: SorinS28 (big blind) folded before Flop
Seat 2: AlexPinsk1 folded before Flop
Seat 3: EasyGamerrr folded before Flop (didn't bet)
Seat 4: Manifestorr collected ($6.50)
Seat 5: coeeeelho (button) folded before Flop (didn't bet)
Seat 6: Snowman4343 (small blind) folded before Flop



PokerStars Hand #254641468707:  Hold'em No Limit ($0.50/$1.00 USD) - 2025/01/31 20:07:16 WET [2025/01/31 15:07:16 ET]
Table 'Lesath II' 6-max Seat #6 is the button
Seat 1: SorinS28 ($100 in chips) 
Seat 2: AlexPinsk1 ($100 in chips) 
Seat 3: EasyGamerrr ($110.78 in chips) 
Seat 4: Manifestorr ($104 in chips) 
Seat 5: coeeeelho ($107.05 in chips) 
Seat 6: Snowman4343 ($111.77 in chips) 
SorinS28: posts small blind $0.50
AlexPinsk1: posts big blind $1
*** HOLE CARDS ***
EasyGamerrr: folds 
Manifestorr: folds 
coeeeelho: raises $1.20 to $2.20
Snowman4343: calls $2.20
SorinS28: calls $1.70
AlexPinsk1: raises $13.30 to $15.50
coeeeelho: folds 
Snowman4343: folds 
SorinS28: folds 
Uncalled bet ($13.30) returned to AlexPinsk1
AlexPinsk1 collected $8.80 from pot
AlexPinsk1: doesn't show hand 
*** SUMMARY ***
Total pot $8.80 | Rake $0 
Seat 1: SorinS28 (small blind) folded before Flop
Seat 2: AlexPinsk1 (big blind) collected ($8.80)
Seat 3: EasyGamerrr folded before Flop (didn't bet)
Seat 4: Manifestorr folded before Flop (didn't bet)
Seat 5: coeeeelho folded before Flop
Seat 6: Snowman4343 (button) folded before Flop



PokerStars Hand #254641485274:  Hold'em No Limit ($0.50/$1.00 USD) - 2025/01/31 20:08:14 WET [2025/01/31 15:08:14 ET]
Table 'Lesath II' 6-max Seat #1 is the button
Seat 1: SorinS28 ($100 in chips) 
Seat 2: AlexPinsk1 ($106.60 in chips) 
Seat 3: EasyGamerrr ($110.78 in chips) 
Seat 4: Manifestorr ($104 in chips) 
Seat 5: coeeeelho ($104.85 in chips) 
Seat 6: Snowman4343 ($109.57 in chips) 
AlexPinsk1: posts small blind $0.50
EasyGamerrr: posts big blind $1
*** HOLE CARDS ***
Manifestorr: raises $1.20 to $2.20
coeeeelho: folds 
Snowman4343: folds 
SorinS28: folds 
AlexPinsk1: folds 
EasyGamerrr: folds 
Uncalled bet ($1.20) returned to Manifestorr
Manifestorr collected $2.50 from pot
*** SUMMARY ***
Total pot $2.50 | Rake $0 
Seat 1: SorinS28 (button) folded before Flop (didn't bet)
Seat 2: AlexPinsk1 (small blind) folded before Flop
Seat 3: EasyGamerrr (big blind) folded before Flop
Seat 4: Manifestorr collected ($2.50)
Seat 5: coeeeelho folded before Flop (didn't bet)
Seat 6: Snowman4343 folded before Flop (didn't bet)



PokerStars Hand #254641494772:  Hold'em No Limit ($0.50/$1.00 USD) - 2025/01/31 20:08:46 WET [2025/01/31 15:08:46 ET]
Table 'Lesath II' 6-max Seat #2 is the button
Seat 1: SorinS28 ($100 in chips) 
Seat 2: AlexPinsk1 ($106.10 in chips) 
Seat 3: EasyGamerrr ($109.78 in chips) 
Seat 4: Manifestorr ($105.50 in chips) 
Seat 5: coeeeelho ($104.85 in chips) 
Seat 6: Snowman4343 ($109.57 in chips) 
EasyGamerrr: posts small blind $0.50
Manifestorr: posts big blind $1
*** HOLE CARDS ***
coeeeelho: folds 
Snowman4343: folds 
SorinS28: raises $1.30 to $2.30
AlexPinsk1: folds 
EasyGamerrr: folds 
Manifestorr: calls $1.30
*** FLOP *** [9s 6d 5c]
Manifestorr: checks 
SorinS28: checks 
*** TURN *** [9s 6d 5c] [5s]
Manifestorr: bets $3.63
SorinS28: calls $3.63
*** RIVER *** [9s 6d 5c 5s] [4c]
Manifestorr: bets $14.68
SorinS28: calls $14.68
*** SHOW DOWN ***
Manifestorr: shows [Th Jc] (a pair of Fives)
SorinS28: shows [Js 9d] (two pair, Nines and Fives)
SorinS28 collected $39.63 from pot
*** SUMMARY ***
Total pot $41.72 | Rake $2.09 
Board [9s 6d 5c 5s 4c]
Seat 1: SorinS28 showed [Js 9d] and won ($39.63) with two pair, Nines and Fives
Seat 2: AlexPinsk1 (button) folded before Flop (didn't bet)
Seat 3: EasyGamerrr (small blind) folded before Flop
Seat 4: Manifestorr (big blind) showed [Th Jc] and lost with a pair of Fives
Seat 5: coeeeelho folded before Flop (didn't bet)
Seat 6: Snowman4343 folded before Flop (didn't bet)



PokerStars Hand #254641515897:  Hold'em No Limit ($0.50/$1.00 USD) - 2025/01/31 20:09:58 WET [2025/01/31 15:09:58 ET]
Table 'Lesath II' 6-max Seat #3 is the button
Seat 1: SorinS28 ($119.02 in chips) 
Seat 2: AlexPinsk1 ($106.10 in chips) 
Seat 3: EasyGamerrr ($109.28 in chips) 
Seat 4: Manifestorr ($100 in chips) 
Seat 5: coeeeelho ($104.85 in chips) 
Seat 6: Snowman4343 ($109.57 in chips) 
Manifestorr: posts small blind $0.50
coeeeelho: posts big blind $1
*** HOLE CARDS ***
Snowman4343: folds 
SorinS28: raises $1.02 to $2.02
AlexPinsk1: raises $4.98 to $7
EasyGamerrr: folds 
Manifestorr: folds 
coeeeelho: folds 
SorinS28: folds 
Uncalled bet ($4.98) returned to AlexPinsk1
AlexPinsk1 collected $5.54 from pot
AlexPinsk1: doesn't show hand 
*** SUMMARY ***
Total pot $5.54 | Rake $0 
Seat 1: SorinS28 folded before Flop
Seat 2: AlexPinsk1 collected ($5.54)
Seat 3: EasyGamerrr (button) folded before Flop (didn't bet)
Seat 4: Manifestorr (small blind) folded before Flop
Seat 5: coeeeelho (big blind) folded before Flop
Seat 6: Snowman4343 folded before Flop (didn't bet)



PokerStars Hand #254641527154:  Hold'em No Limit ($0.50/$1.00 USD) - 2025/01/31 20:10:36 WET [2025/01/31 15:10:36 ET]
Table 'Lesath II' 6-max Seat #4 is the button
Seat 1: SorinS28 ($117 in chips) 
Seat 2: AlexPinsk1 ($109.62 in chips) 
Seat 3: EasyGamerrr ($109.28 in chips) 
Seat 4: Manifestorr ($100 in chips) 
Seat 5: coeeeelho ($103.85 in chips) 
Seat 6: Snowman4343 ($109.57 in chips) 
coeeeelho: posts small blind $0.50
Snowman4343: posts big blind $1
*** HOLE CARDS ***
SorinS28: raises $1.02 to $2.02
AlexPinsk1: folds 
EasyGamerrr: folds 
Manifestorr: folds 
coeeeelho: folds 
Snowman4343: folds 
Uncalled bet ($1.02) returned to SorinS28
SorinS28 collected $2.50 from pot
SorinS28: doesn't show hand 
*** SUMMARY ***
Total pot $2.50 | Rake $0 
Seat 1: SorinS28 collected ($2.50)
Seat 2: AlexPinsk1 folded before Flop (didn't bet)
Seat 3: EasyGamerrr folded before Flop (didn't bet)
Seat 4: Manifestorr (button) folded before Flop (didn't bet)
Seat 5: coeeeelho (small blind) folded before Flop
Seat 6: Snowman4343 (big blind) folded before Flop



PokerStars Hand #254641536551:  Hold'em No Limit ($0.50/$1.00 USD) - 2025/01/31 20:11:08 WET [2025/01/31 15:11:08 ET]
Table 'Lesath II' 6-max Seat #5 is the button
Seat 1: SorinS28 ($118.50 in chips) 
Seat 2: AlexPinsk1 ($109.62 in chips) 
Seat 3: EasyGamerrr ($109.28 in chips) 
Seat 4: Manifestorr ($100 in chips) 
Seat 5: coeeeelho ($103.35 in chips) 
Seat 6: Snowman4343 ($108.57 in chips) 
Snowman4343: posts small blind $0.50
SorinS28: posts big blind $1
*** HOLE CARDS ***
AlexPinsk1: folds 
EasyGamerrr: folds 
Manifestorr: folds 
coeeeelho: raises $1.50 to $2.50
Snowman4343: calls $2
SorinS28: calls $1.50
*** FLOP *** [3d Ts Jd]
Snowman4343: checks 
SorinS28: checks 
coeeeelho: checks 
*** TURN *** [3d Ts Jd] [5h]
Snowman4343: bets $7.12
SorinS28: calls $7.12
coeeeelho: folds 
*** RIVER *** [3d Ts Jd 5h] [6h]
Snowman4343: bets $6.20
SorinS28: raises $16.53 to $22.73
Snowman4343: calls $16.53
*** SHOW DOWN ***
SorinS28: shows [2c Ad] (high card Ace)
Snowman4343: shows [6c As] (a pair of Sixes)
Snowman4343 collected $64.70 from pot
*** SUMMARY ***
Total pot $67.20 | Rake $2.50 
Board [3d Ts Jd 5h 6h]
Seat 1: SorinS28 (big blind) showed [2c Ad] and lost with high card Ace
Seat 2: AlexPinsk1 folded before Flop (didn't bet)
Seat 3: EasyGamerrr folded before Flop (didn't bet)
Seat 4: Manifestorr folded before Flop (didn't bet)
Seat 5: coeeeelho (button) folded on the Turn
Seat 6: Snowman4343 (small blind) showed [6c As] and won ($64.70) with a pair of Sixes



PokerStars Hand #254641568368:  Hold'em No Limit ($0.50/$1.00 USD) - 2025/01/31 20:12:56 WET [2025/01/31 15:12:56 ET]
Table 'Lesath II' 6-max Seat #6 is the button
Seat 1: SorinS28 ($100 in chips) 
Seat 2: AlexPinsk1 ($109.62 in chips) 
Seat 3: EasyGamerrr ($109.28 in chips) 
Seat 4: Manifestorr ($100 in chips) 
Seat 5: coeeeelho ($100.85 in chips) 
Seat 6: Snowman4343 ($140.92 in chips) 
SorinS28: posts small blind $0.50
AlexPinsk1: posts big blind $1
*** HOLE CARDS ***
EasyGamerrr: folds 
Manifestorr: folds 
coeeeelho: folds 
Snowman4343: raises $2 to $3
SorinS28: folds 
AlexPinsk1: calls $2
*** FLOP *** [6h 3d 9h]
AlexPinsk1: checks 
Snowman4343: bets $6.18
AlexPinsk1: calls $6.18
*** TURN *** [6h 3d 9h] [9c]
AlexPinsk1: checks 
Snowman4343: checks 
*** RIVER *** [6h 3d 9h 9c] [7h]
AlexPinsk1: bets $15.50
Snowman4343: folds 
Uncalled bet ($15.50) returned to AlexPinsk1
AlexPinsk1 collected $17.92 from pot
AlexPinsk1: doesn't show hand 
*** SUMMARY ***
Total pot $18.86 | Rake $0.94 
Board [6h 3d 9h 9c 7h]
Seat 1: SorinS28 (small blind) folded before Flop
Seat 2: AlexPinsk1 (big blind) collected ($17.92)
Seat 3: EasyGamerrr folded before Flop (didn't bet)
Seat 4: Manifestorr folded before Flop (didn't bet)
Seat 5: coeeeelho folded before Flop (didn't bet)
Seat 6: Snowman4343 (button) folded on the River



PokerStars Hand #254641585946:  Hold'em No Limit ($0.50/$1.00 USD) - 2025/01/31 20:13:56 WET [2025/01/31 15:13:56 ET]
Table 'Lesath II' 6-max Seat #1 is the button
Seat 1: SorinS28 ($100 in chips) 
Seat 2: AlexPinsk1 ($118.36 in chips) 
Seat 3: EasyGamerrr ($109.28 in chips) 
Seat 4: Manifestorr ($100 in chips) 
Seat 5: coeeeelho ($100.85 in chips) 
Seat 6: Snowman4343 ($131.74 in chips) 
AlexPinsk1: posts small blind $0.50
EasyGamerrr: posts big blind $1
*** HOLE CARDS ***
Manifestorr: folds 
coeeeelho: folds 
Snowman4343: raises $2 to $3
SorinS28: raises $7 to $10
AlexPinsk1: folds 
EasyGamerrr: folds 
Snowman4343: folds 
Uncalled bet ($7) returned to SorinS28
SorinS28 collected $7.50 from pot
SorinS28: doesn't show hand 
*** SUMMARY ***
Total pot $7.50 | Rake $0 
Seat 1: SorinS28 (button) collected ($7.50)
Seat 2: AlexPinsk1 (small blind) folded before Flop
Seat 3: EasyGamerrr (big blind) folded before Flop
Seat 4: Manifestorr folded before Flop (didn't bet)
Seat 5: coeeeelho folded before Flop (didn't bet)
Seat 6: Snowman4343 folded before Flop



PokerStars Hand #254641597731:  Hold'em No Limit ($0.50/$1.00 USD) - 2025/01/31 20:14:36 WET [2025/01/31 15:14:36 ET]
Table 'Lesath II' 6-max Seat #2 is the button
Seat 1: SorinS28 ($104.50 in chips) 
Seat 2: AlexPinsk1 ($117.86 in chips) 
Seat 3: EasyGamerrr ($108.28 in chips) 
Seat 4: Manifestorr ($100 in chips) 
Seat 5: coeeeelho ($100.85 in chips) 
Seat 6: Snowman4343 ($128.74 in chips) 
EasyGamerrr: posts small blind $0.50
Manifestorr: posts big blind $1
*** HOLE CARDS ***
coeeeelho: raises $1.10 to $2.10
Snowman4343: folds 
SorinS28: folds 
AlexPinsk1: raises $4.90 to $7
EasyGamerrr: folds 
Manifestorr: folds 
coeeeelho: calls $4.90
*** FLOP *** [6c Js 4h]
coeeeelho: checks 
AlexPinsk1: bets $4.86
coeeeelho: calls $4.86
*** TURN *** [6c Js 4h] [5h]
coeeeelho: checks 
AlexPinsk1: bets $17.97
coeeeelho: folds 
Uncalled bet ($17.97) returned to AlexPinsk1
AlexPinsk1 collected $23.96 from pot
AlexPinsk1: doesn't show hand 
*** SUMMARY ***
Total pot $25.22 | Rake $1.26 
Board [6c Js 4h 5h]
Seat 1: SorinS28 folded before Flop (didn't bet)
Seat 2: AlexPinsk1 (button) collected ($23.96)
Seat 3: EasyGamerrr (small blind) folded before Flop
Seat 4: Manifestorr (big blind) folded before Flop
Seat 5: coeeeelho folded on the Turn
Seat 6: Snowman4343 folded before Flop (didn't bet)



PokerStars Hand #254641625856:  Hold'em No Limit ($0.50/$1.00 USD) - 2025/01/31 20:16:10 WET [2025/01/31 15:16:10 ET]
Table 'Lesath II' 6-max Seat #3 is the button
Seat 1: SorinS28 ($104.50 in chips) 
Seat 2: AlexPinsk1 ($129.96 in chips) 
Seat 3: EasyGamerrr ($107.78 in chips) 
Seat 4: Manifestorr ($100 in chips) 
Seat 5: coeeeelho ($100 in chips) 
Seat 6: Snowman4343 ($128.74 in chips) 
Manifestorr: posts small blind $0.50
coeeeelho: posts big blind $1
*** HOLE CARDS ***
Snowman4343: folds 
SorinS28: raises $1.02 to $2.02
AlexPinsk1: folds 
EasyGamerrr: folds 
Manifestorr: folds 
coeeeelho: raises $7.98 to $10
SorinS28: calls $7.98
*** FLOP *** [Qs Kd 4s]
coeeeelho: bets $6.43
SorinS28: folds 
Uncalled bet ($6.43) returned to coeeeelho
coeeeelho collected $19.48 from pot
*** SUMMARY ***
Total pot $20.50 | Rake $1.02 
Board [Qs Kd 4s]
Seat 1: SorinS28 folded on the Flop
Seat 2: AlexPinsk1 folded before Flop (didn't bet)
Seat 3: EasyGamerrr (button) folded before Flop (didn't bet)
Seat 4: Manifestorr (small blind) folded before Flop
Seat 5: coeeeelho (big blind) collected ($19.48)
Seat 6: Snowman4343 folded before Flop (didn't bet)



PokerStars Hand #254641643597:  Hold'em No Limit ($0.50/$1.00 USD) - 2025/01/31 20:17:09 WET [2025/01/31 15:17:09 ET]
Table 'Lesath II' 6-max Seat #4 is the button
Seat 1: SorinS28 ($100 in chips) 
Seat 2: AlexPinsk1 ($129.96 in chips) 
Seat 3: EasyGamerrr ($107.78 in chips) 
Seat 4: Manifestorr ($100 in chips) 
Seat 5: coeeeelho ($109.48 in chips) 
Seat 6: Snowman4343 ($128.74 in chips) 
coeeeelho: posts small blind $0.50
Snowman4343: posts big blind $1
*** HOLE CARDS ***
SorinS28: folds 
AlexPinsk1: folds 
EasyGamerrr: folds 
Manifestorr: folds 
coeeeelho: folds 
Uncalled bet ($0.50) returned to Snowman4343
Snowman4343 collected $1 from pot
Snowman4343: doesn't show hand 
*** SUMMARY ***
Total pot $1 | Rake $0 
Seat 1: SorinS28 folded before Flop (didn't bet)
Seat 2: AlexPinsk1 folded before Flop (didn't bet)
Seat 3: EasyGamerrr folded before Flop (didn't bet)
Seat 4: Manifestorr (button) folded before Flop (didn't bet)
Seat 5: coeeeelho (small blind) folded before Flop
Seat 6: Snowman4343 (big blind) collected ($1)



PokerStars Hand #254641648611:  Hold'em No Limit ($0.50/$1.00 USD) - 2025/01/31 20:17:26 WET [2025/01/31 15:17:26 ET]
Table 'Lesath II' 6-max Seat #5 is the button
Seat 1: SorinS28 ($100 in chips) 
Seat 2: AlexPinsk1 ($129.96 in chips) 
Seat 3: EasyGamerrr ($107.78 in chips) 
Seat 4: Manifestorr ($100 in chips) 
Seat 5: coeeeelho ($108.98 in chips) 
Seat 6: Snowman4343 ($129.24 in chips) 
Snowman4343: posts small blind $0.50
SorinS28: posts big blind $1
*** HOLE CARDS ***
AlexPinsk1: folds 
EasyGamerrr: folds 
Manifestorr: folds 
coeeeelho: folds 
Snowman4343: calls $0.50
SorinS28: checks 
*** FLOP *** [Tc Ac As]
Snowman4343: bets $1.90
SorinS28: folds 
Uncalled bet ($1.90) returned to Snowman4343
Snowman4343 collected $1.90 from pot
Snowman4343: doesn't show hand 
*** SUMMARY ***
Total pot $2 | Rake $0.10 
Board [Tc Ac As]
Seat 1: SorinS28 (big blind) folded on the Flop
Seat 2: AlexPinsk1 folded before Flop (didn't bet)
Seat 3: EasyGamerrr folded before Flop (didn't bet)
Seat 4: Manifestorr folded before Flop (didn't bet)
Seat 5: coeeeelho (button) folded before Flop (didn't bet)
Seat 6: Snowman4343 (small blind) collected ($1.90)



PokerStars Hand #254641659483:  Hold'em No Limit ($0.50/$1.00 USD) - 2025/01/31 20:18:02 WET [2025/01/31 15:18:02 ET]
Table 'Lesath II' 6-max Seat #6 is the button
Seat 1: SorinS28 ($100 in chips) 
Seat 2: AlexPinsk1 ($129.96 in chips) 
Seat 3: EasyGamerrr ($107.78 in chips) 
Seat 4: Manifestorr ($100 in chips) 
Seat 5: coeeeelho ($108.98 in chips) 
Seat 6: Snowman4343 ($130.14 in chips) 
SorinS28: posts small blind $0.50
AlexPinsk1: posts big blind $1
*** HOLE CARDS ***
EasyGamerrr: folds 
Manifestorr: folds 
coeeeelho: folds 
Snowman4343: raises $1.50 to $2.50
SorinS28: folds 
AlexPinsk1: folds 
Uncalled bet ($1.50) returned to Snowman4343
Snowman4343 collected $2.50 from pot
Snowman4343: doesn't show hand 
*** SUMMARY ***
Total pot $2.50 | Rake $0 
Seat 1: SorinS28 (small blind) folded before Flop
Seat 2: AlexPinsk1 (big blind) folded before Flop
Seat 3: EasyGamerrr folded before Flop (didn't bet)
Seat 4: Manifestorr folded before Flop (didn't bet)
Seat 5: coeeeelho folded before Flop (didn't bet)
Seat 6: Snowman4343 (button) collected ($2.50)



PokerStars Hand #254641669795:  Hold'em No Limit ($0.50/$1.00 USD) - 2025/01/31 20:18:37 WET [2025/01/31 15:18:37 ET]
Table 'Lesath II' 6-max Seat #1 is the button
Seat 1: SorinS28 ($100 in chips) 
Seat 2: AlexPinsk1 ($128.96 in chips) 
Seat 3: EasyGamerrr ($107.78 in chips) 
Seat 4: Manifestorr ($100 in chips) 
Seat 5: coeeeelho ($108.98 in chips) 
Seat 6: Snowman4343 ($131.64 in chips) 
AlexPinsk1: posts small blind $0.50
EasyGamerrr: posts big blind $1
*** HOLE CARDS ***
Manifestorr: folds 
coeeeelho: raises $1.10 to $2.10
Snowman4343: calls $2.10
SorinS28: folds 
AlexPinsk1: folds 
EasyGamerrr: folds 
*** FLOP *** [7d 4d Tc]
coeeeelho: checks 
Snowman4343: checks 
*** TURN *** [7d 4d Tc] [9s]
coeeeelho: bets $4.06
Snowman4343: calls $4.06
*** RIVER *** [7d 4d Tc 9s] [Ac]
coeeeelho: bets $11
Snowman4343: folds 
Uncalled bet ($11) returned to coeeeelho
coeeeelho collected $13.13 from pot
*** SUMMARY ***
Total pot $13.82 | Rake $0.69 
Board [7d 4d Tc 9s Ac]
Seat 1: SorinS28 (button) folded before Flop (didn't bet)
Seat 2: AlexPinsk1 (small blind) folded before Flop
Seat 3: EasyGamerrr (big blind) folded before Flop
Seat 4: Manifestorr folded before Flop (didn't bet)
Seat 5: coeeeelho collected ($13.13)
Seat 6: Snowman4343 folded on the River



PokerStars Hand #254641690348:  Hold'em No Limit ($0.50/$1.00 USD) - 2025/01/31 20:19:45 WET [2025/01/31 15:19:45 ET]
Table 'Lesath II' 6-max Seat #2 is the button
Seat 1: SorinS28 ($100 in chips) 
Seat 2: AlexPinsk1 ($128.46 in chips) 
Seat 3: EasyGamerrr ($106.78 in chips) 
Seat 4: Manifestorr ($100 in chips) 
Seat 5: coeeeelho ($115.95 in chips) 
Seat 6: Snowman4343 ($125.48 in chips) 
EasyGamerrr: posts small blind $0.50
Manifestorr: posts big blind $1
*** HOLE CARDS ***
coeeeelho: folds 
Snowman4343: folds 
SorinS28: raises $1.30 to $2.30
AlexPinsk1: folds 
EasyGamerrr: folds 
Manifestorr: calls $1.30
*** FLOP *** [2h 7s As]
Manifestorr: checks 
SorinS28: checks 
*** TURN *** [2h 7s As] [Qs]
Manifestorr: checks 
SorinS28: bets $2.42
Manifestorr: folds 
Uncalled bet ($2.42) returned to SorinS28
SorinS28 collected $4.84 from pot
SorinS28: doesn't show hand 
*** SUMMARY ***
Total pot $5.10 | Rake $0.26 
Board [2h 7s As Qs]
Seat 1: SorinS28 collected ($4.84)
Seat 2: AlexPinsk1 (button) folded before Flop (didn't bet)
Seat 3: EasyGamerrr (small blind) folded before Flop
Seat 4: Manifestorr (big blind) folded on the Turn
Seat 5: coeeeelho folded before Flop (didn't bet)
Seat 6: Snowman4343 folded before Flop (didn't bet)



PokerStars Hand #254641700883:  Hold'em No Limit ($0.50/$1.00 USD) - 2025/01/31 20:20:20 WET [2025/01/31 15:20:20 ET]
Table 'Lesath II' 6-max Seat #3 is the button
Seat 1: SorinS28 ($102.54 in chips) 
Seat 2: AlexPinsk1 ($128.46 in chips) 
Seat 3: EasyGamerrr ($106.28 in chips) 
Seat 4: Manifestorr ($100 in chips) 
Seat 5: coeeeelho ($115.95 in chips) 
Seat 6: Snowman4343 ($125.48 in chips) 
Manifestorr: posts small blind $0.50
coeeeelho: posts big blind $1
*** HOLE CARDS ***
Snowman4343: raises $1.50 to $2.50
SorinS28: folds 
AlexPinsk1: folds 
EasyGamerrr: raises $5 to $7.50
Manifestorr: folds 
coeeeelho: folds 
Snowman4343: calls $5
*** FLOP *** [5c Js 2h]
Snowman4343: checks 
EasyGamerrr: bets $5.64
Snowman4343: calls $5.64
*** TURN *** [5c Js 2h] [Kc]
Snowman4343: checks 
EasyGamerrr: bets $17.68
Snowman4343: folds 
Uncalled bet ($17.68) returned to EasyGamerrr
EasyGamerrr collected $26.39 from pot
EasyGamerrr: doesn't show hand 
*** SUMMARY ***
Total pot $27.78 | Rake $1.39 
Board [5c Js 2h Kc]
Seat 1: SorinS28 folded before Flop (didn't bet)
Seat 2: AlexPinsk1 folded before Flop (didn't bet)
Seat 3: EasyGamerrr (button) collected ($26.39)
Seat 4: Manifestorr (small blind) folded before Flop
Seat 5: coeeeelho (big blind) folded before Flop
Seat 6: Snowman4343 folded on the Turn



PokerStars Hand #254641719363:  Hold'em No Limit ($0.50/$1.00 USD) - 2025/01/31 20:21:21 WET [2025/01/31 15:21:21 ET]
Table 'Lesath II' 6-max Seat #4 is the button
Seat 1: SorinS28 ($102.54 in chips) 
Seat 2: AlexPinsk1 ($128.46 in chips) 
Seat 3: EasyGamerrr ($119.53 in chips) 
Seat 4: Manifestorr ($100 in chips) 
Seat 5: coeeeelho ($114.95 in chips) 
Seat 6: Snowman4343 ($112.34 in chips) 
coeeeelho: posts small blind $0.50
Snowman4343: posts big blind $1
*** HOLE CARDS ***
SorinS28: folds 
AlexPinsk1: folds 
EasyGamerrr: folds 
Manifestorr: folds 
coeeeelho: raises $2 to $3
Snowman4343: calls $2
*** FLOP *** [6s Qh 5h]
coeeeelho: bets $1.43
Snowman4343: folds 
Uncalled bet ($1.43) returned to coeeeelho
coeeeelho collected $5.70 from pot
*** SUMMARY ***
Total pot $6 | Rake $0.30 
Board [6s Qh 5h]
Seat 1: SorinS28 folded before Flop (didn't bet)
Seat 2: AlexPinsk1 folded before Flop (didn't bet)
Seat 3: EasyGamerrr folded before Flop (didn't bet)
Seat 4: Manifestorr (button) folded before Flop (didn't bet)
Seat 5: coeeeelho (small blind) collected ($5.70)
Seat 6: Snowman4343 (big blind) folded on the Flop



PokerStars Hand #254641734341:  Hold'em No Limit ($0.50/$1.00 USD) - 2025/01/31 20:22:10 WET [2025/01/31 15:22:10 ET]
Table 'Lesath II' 6-max Seat #5 is the button
Seat 1: SorinS28 ($102.54 in chips) 
Seat 2: AlexPinsk1 ($128.46 in chips) 
Seat 3: EasyGamerrr ($119.53 in chips) 
Seat 4: Manifestorr ($100 in chips) 
Seat 5: coeeeelho ($117.65 in chips) 
Seat 6: Snowman4343 ($109.34 in chips) 
Snowman4343: posts small blind $0.50
SorinS28: posts big blind $1
*** HOLE CARDS ***
AlexPinsk1: folds 
EasyGamerrr: folds 
Manifestorr: raises $1.20 to $2.20
coeeeelho: folds 
Snowman4343: folds 
SorinS28: calls $1.20
*** FLOP *** [7s Ts 4h]
SorinS28: checks 
Manifestorr: checks 
*** TURN *** [7s Ts 4h] [9d]
SorinS28: bets $3.50
Manifestorr: calls $3.50
*** RIVER *** [7s Ts 4h 9d] [Ac]
SorinS28: bets $8.48
Manifestorr: folds 
Uncalled bet ($8.48) returned to SorinS28
SorinS28 collected $11.30 from pot
SorinS28: doesn't show hand 
*** SUMMARY ***
Total pot $11.90 | Rake $0.60 
Board [7s Ts 4h 9d Ac]
Seat 1: SorinS28 (big blind) collected ($11.30)
Seat 2: AlexPinsk1 folded before Flop (didn't bet)
Seat 3: EasyGamerrr folded before Flop (didn't bet)
Seat 4: Manifestorr folded on the River
Seat 5: coeeeelho (button) folded before Flop (didn't bet)
Seat 6: Snowman4343 (small blind) folded before Flop



PokerStars Hand #254641752139:  Hold'em No Limit ($0.50/$1.00 USD) - 2025/01/31 20:23:09 WET [2025/01/31 15:23:09 ET]
Table 'Lesath II' 6-max Seat #6 is the button
Seat 1: SorinS28 ($108.14 in chips) 
Seat 2: AlexPinsk1 ($128.46 in chips) 
Seat 3: EasyGamerrr ($119.53 in chips) 
Seat 4: Manifestorr ($100 in chips) 
Seat 5: coeeeelho ($117.65 in chips) 
Seat 6: Snowman4343 ($108.84 in chips) 
SorinS28: posts small blind $0.50
AlexPinsk1: posts big blind $1
*** HOLE CARDS ***
EasyGamerrr: folds 
Manifestorr: folds 
coeeeelho: folds 
Snowman4343: folds 
SorinS28: raises $2 to $3
AlexPinsk1: folds 
Uncalled bet ($2) returned to SorinS28
SorinS28 collected $2 from pot
SorinS28: doesn't show hand 
*** SUMMARY ***
Total pot $2 | Rake $0 
Seat 1: SorinS28 (small blind) collected ($2)
Seat 2: AlexPinsk1 (big blind) folded before Flop
Seat 3: EasyGamerrr folded before Flop (didn't bet)
Seat 4: Manifestorr folded before Flop (didn't bet)
Seat 5: coeeeelho folded before Flop (didn't bet)
Seat 6: Snowman4343 (button) folded before Flop (didn't bet)



PokerStars Hand #254641757734:  Hold'em No Limit ($0.50/$1.00 USD) - 2025/01/31 20:23:28 WET [2025/01/31 15:23:28 ET]
Table 'Lesath II' 6-max Seat #1 is the button
Seat 1: SorinS28 ($109.14 in chips) 
Seat 2: AlexPinsk1 ($127.46 in chips) 
Seat 3: EasyGamerrr ($119.53 in chips) 
Seat 4: Manifestorr ($100 in chips) 
Seat 5: coeeeelho ($117.65 in chips) 
Seat 6: Snowman4343 ($108.84 in chips) 
AlexPinsk1: posts small blind $0.50
EasyGamerrr: posts big blind $1
*** HOLE CARDS ***
Manifestorr: folds 
coeeeelho: folds 
Snowman4343: raises $2 to $3
SorinS28: folds 
AlexPinsk1: folds 
EasyGamerrr: folds 
Uncalled bet ($2) returned to Snowman4343
Snowman4343 collected $2.50 from pot
Snowman4343: doesn't show hand 
*** SUMMARY ***
Total pot $2.50 | Rake $0 
Seat 1: SorinS28 (button) folded before Flop (didn't bet)
Seat 2: AlexPinsk1 (small blind) folded before Flop
Seat 3: EasyGamerrr (big blind) folded before Flop
Seat 4: Manifestorr folded before Flop (didn't bet)
Seat 5: coeeeelho folded before Flop (didn't bet)
Seat 6: Snowman4343 collected ($2.50)



PokerStars Hand #254641763820:  Hold'em No Limit ($0.50/$1.00 USD) - 2025/01/31 20:23:48 WET [2025/01/31 15:23:48 ET]
Table 'Lesath II' 6-max Seat #2 is the button
Seat 1: SorinS28 ($109.14 in chips) 
Seat 2: AlexPinsk1 ($126.96 in chips) 
Seat 3: EasyGamerrr ($118.53 in chips) 
Seat 4: Manifestorr ($100 in chips) 
Seat 5: coeeeelho ($117.65 in chips) 
Seat 6: Snowman4343 ($110.34 in chips) 
EasyGamerrr: posts small blind $0.50
Manifestorr: posts big blind $1
*** HOLE CARDS ***
coeeeelho: folds 
Snowman4343: folds 
SorinS28: folds 
AlexPinsk1: raises $1.50 to $2.50
EasyGamerrr: folds 
Manifestorr: folds 
Uncalled bet ($1.50) returned to AlexPinsk1
AlexPinsk1 collected $2.50 from pot
AlexPinsk1: doesn't show hand 
*** SUMMARY ***
Total pot $2.50 | Rake $0 
Seat 1: SorinS28 folded before Flop (didn't bet)
Seat 2: AlexPinsk1 (button) collected ($2.50)
Seat 3: EasyGamerrr (small blind) folded before Flop
Seat 4: Manifestorr (big blind) folded before Flop
Seat 5: coeeeelho folded before Flop (didn't bet)
Seat 6: Snowman4343 folded before Flop (didn't bet)



PokerStars Hand #254641768004:  Hold'em No Limit ($0.50/$1.00 USD) - 2025/01/31 20:24:02 WET [2025/01/31 15:24:02 ET]
Table 'Lesath II' 6-max Seat #3 is the button
Seat 1: SorinS28 ($109.14 in chips) 
Seat 2: AlexPinsk1 ($128.46 in chips) 
Seat 3: EasyGamerrr ($118.03 in chips) 
Seat 4: Manifestorr ($100 in chips) 
Seat 5: coeeeelho ($117.65 in chips) 
Seat 6: Snowman4343 ($110.34 in chips) 
Manifestorr: posts small blind $0.50
coeeeelho: posts big blind $1
*** HOLE CARDS ***
Snowman4343: folds 
SorinS28: folds 
AlexPinsk1: raises $1.50 to $2.50
EasyGamerrr: folds 
Manifestorr: folds 
coeeeelho: raises $9.50 to $12
AlexPinsk1: folds 
Uncalled bet ($9.50) returned to coeeeelho
coeeeelho collected $5.50 from pot
*** SUMMARY ***
Total pot $5.50 | Rake $0 
Seat 1: SorinS28 folded before Flop (didn't bet)
Seat 2: AlexPinsk1 folded before Flop
Seat 3: EasyGamerrr (button) folded before Flop (didn't bet)
Seat 4: Manifestorr (small blind) folded before Flop
Seat 5: coeeeelho (big blind) collected ($5.50)
Seat 6: Snowman4343 folded before Flop (didn't bet)



PokerStars Hand #254641775815:  Hold'em No Limit ($0.50/$1.00 USD) - 2025/01/31 20:24:28 WET [2025/01/31 15:24:28 ET]
Table 'Lesath II' 6-max Seat #4 is the button
Seat 1: SorinS28 ($109.14 in chips) 
Seat 2: AlexPinsk1 ($125.96 in chips) 
Seat 3: EasyGamerrr ($118.03 in chips) 
Seat 4: Manifestorr ($100 in chips) 
Seat 5: coeeeelho ($120.65 in chips) 
Seat 6: Snowman4343 ($110.34 in chips) 
coeeeelho: posts small blind $0.50
Snowman4343: posts big blind $1
*** HOLE CARDS ***
SorinS28: folds 
AlexPinsk1: folds 
EasyGamerrr: folds 
Manifestorr: raises $1.20 to $2.20
coeeeelho: raises $9.02 to $11.22
Snowman4343: folds 
Manifestorr: folds 
Uncalled bet ($9.02) returned to coeeeelho
coeeeelho collected $5.40 from pot
*** SUMMARY ***
Total pot $5.40 | Rake $0 
Seat 1: SorinS28 folded before Flop (didn't bet)
Seat 2: AlexPinsk1 folded before Flop (didn't bet)
Seat 3: EasyGamerrr folded before Flop (didn't bet)
Seat 4: Manifestorr (button) folded before Flop
Seat 5: coeeeelho (small blind) collected ($5.40)
Seat 6: Snowman4343 (big blind) folded before Flop



PokerStars Hand #254641782014:  Hold'em No Limit ($0.50/$1.00 USD) - 2025/01/31 20:24:49 WET [2025/01/31 15:24:49 ET]
Table 'Lesath II' 6-max Seat #5 is the button
Seat 1: SorinS28 ($109.14 in chips) 
Seat 2: AlexPinsk1 ($125.96 in chips) 
Seat 3: EasyGamerrr ($118.03 in chips) 
Seat 4: Manifestorr ($100 in chips) 
Seat 5: coeeeelho ($123.85 in chips) 
Seat 6: Snowman4343 ($109.34 in chips) 
Snowman4343: posts small blind $0.50
SorinS28: posts big blind $1
*** HOLE CARDS ***
AlexPinsk1: folds 
EasyGamerrr: folds 
Manifestorr: folds 
coeeeelho: folds 
Snowman4343: raises $1.50 to $2.50
SorinS28: calls $1.50
*** FLOP *** [9c 2s Ts]
Snowman4343: bets $3.56
SorinS28: calls $3.56
*** TURN *** [9c 2s Ts] [3c]
Snowman4343: bets $5.76
SorinS28: raises $13.24 to $19
Snowman4343: folds 
Uncalled bet ($13.24) returned to SorinS28
SorinS28 collected $22.46 from pot
SorinS28: doesn't show hand 
*** SUMMARY ***
Total pot $23.64 | Rake $1.18 
Board [9c 2s Ts 3c]
Seat 1: SorinS28 (big blind) collected ($22.46)
Seat 2: AlexPinsk1 folded before Flop (didn't bet)
Seat 3: EasyGamerrr folded before Flop (didn't bet)
Seat 4: Manifestorr folded before Flop (didn't bet)
Seat 5: coeeeelho (button) folded before Flop (didn't bet)
Seat 6: Snowman4343 (small blind) folded on the Turn



PokerStars Hand #254641807329:  Hold'em No Limit ($0.50/$1.00 USD) - 2025/01/31 20:26:14 WET [2025/01/31 15:26:14 ET]
Table 'Lesath II' 6-max Seat #6 is the button
Seat 1: SorinS28 ($119.78 in chips) 
Seat 2: AlexPinsk1 ($125.96 in chips) 
Seat 3: EasyGamerrr ($118.03 in chips) 
Seat 4: Manifestorr ($100 in chips) 
Seat 5: coeeeelho ($123.85 in chips) 
Seat 6: Snowman4343 ($97.52 in chips) 
SorinS28: posts small blind $0.50
AlexPinsk1: posts big blind $1
*** HOLE CARDS ***
EasyGamerrr: folds 
Manifestorr: folds 
coeeeelho: folds 
Snowman4343: folds 
SorinS28: raises $2 to $3
AlexPinsk1: raises $6 to $9
SorinS28: raises $14 to $23
AlexPinsk1: raises $102.96 to $125.96 and is all-in
SorinS28: folds 
Uncalled bet ($102.96) returned to AlexPinsk1
AlexPinsk1 collected $46 from pot
AlexPinsk1: doesn't show hand 
*** SUMMARY ***
Total pot $46 | Rake $0 
Seat 1: SorinS28 (small blind) folded before Flop
Seat 2: AlexPinsk1 (big blind) collected ($46)
Seat 3: EasyGamerrr folded before Flop (didn't bet)
Seat 4: Manifestorr folded before Flop (didn't bet)
Seat 5: coeeeelho folded before Flop (didn't bet)
Seat 6: Snowman4343 (button) folded before Flop (didn't bet)



PokerStars Hand #254641822053:  Hold'em No Limit ($0.50/$1.00 USD) - 2025/01/31 20:27:04 WET [2025/01/31 15:27:04 ET]
Table 'Lesath II' 6-max Seat #1 is the button
Seat 1: SorinS28 ($100 in chips) 
Seat 2: AlexPinsk1 ($148.96 in chips) 
Seat 3: EasyGamerrr ($118.03 in chips) 
Seat 4: Manifestorr ($100 in chips) 
Seat 5: coeeeelho ($123.85 in chips) 
Seat 6: Snowman4343 ($97.52 in chips) 
AlexPinsk1: posts small blind $0.50
EasyGamerrr: posts big blind $1
*** HOLE CARDS ***
Manifestorr: raises $1.20 to $2.20
coeeeelho: folds 
Snowman4343: calls $2.20
SorinS28: folds 
AlexPinsk1: folds 
EasyGamerrr: folds 
*** FLOP *** [2c Qs Jc]
Manifestorr: bets $4.20
Snowman4343: folds 
Uncalled bet ($4.20) returned to Manifestorr
Manifestorr collected $5.60 from pot
*** SUMMARY ***
Total pot $5.90 | Rake $0.30 
Board [2c Qs Jc]
Seat 1: SorinS28 (button) folded before Flop (didn't bet)
Seat 2: AlexPinsk1 (small blind) folded before Flop
Seat 3: EasyGamerrr (big blind) folded before Flop
Seat 4: Manifestorr collected ($5.60)
Seat 5: coeeeelho folded before Flop (didn't bet)
Seat 6: Snowman4343 folded on the Flop



PokerStars Hand #254641830525:  Hold'em No Limit ($0.50/$1.00 USD) - 2025/01/31 20:27:33 WET [2025/01/31 15:27:33 ET]
Table 'Lesath II' 6-max Seat #2 is the button
Seat 1: SorinS28 ($100 in chips) 
Seat 2: AlexPinsk1 ($148.46 in chips) 
Seat 3: EasyGamerrr ($117.03 in chips) 
Seat 4: Manifestorr ($103.40 in chips) 
Seat 5: coeeeelho ($123.85 in chips) 
Seat 6: Snowman4343 ($95.32 in chips) 
EasyGamerrr: posts small blind $0.50
Manifestorr: posts big blind $1
*** HOLE CARDS ***
coeeeelho: folds 
Snowman4343: calls $1
SorinS28: raises $2.50 to $3.50
AlexPinsk1: folds 
EasyGamerrr: folds 
Manifestorr: folds 
Snowman4343: calls $2.50
*** FLOP *** [Qc 6h 9c]
Snowman4343: checks 
SorinS28: bets $4.04
Snowman4343: folds 
Uncalled bet ($4.04) returned to SorinS28
SorinS28 collected $8.08 from pot
SorinS28: doesn't show hand 
*** SUMMARY ***
Total pot $8.50 | Rake $0.42 
Board [Qc 6h 9c]
Seat 1: SorinS28 collected ($8.08)
Seat 2: AlexPinsk1 (button) folded before Flop (didn't bet)
Seat 3: EasyGamerrr (small blind) folded before Flop
Seat 4: Manifestorr (big blind) folded before Flop
Seat 5: coeeeelho folded before Flop (didn't bet)
Seat 6: Snowman4343 folded on the Flop



PokerStars Hand #254641842433:  Hold'em No Limit ($0.50/$1.00 USD) - 2025/01/31 20:28:13 WET [2025/01/31 15:28:13 ET]
Table 'Lesath II' 6-max Seat #3 is the button
Seat 1: SorinS28 ($104.58 in chips) 
Seat 2: AlexPinsk1 ($148.46 in chips) 
Seat 3: EasyGamerrr ($116.53 in chips) 
Seat 4: Manifestorr ($102.40 in chips) 
Seat 5: coeeeelho ($123.85 in chips) 
Seat 6: Snowman4343 ($91.82 in chips) 
Manifestorr: posts small blind $0.50
coeeeelho: posts big blind $1
*** HOLE CARDS ***
Snowman4343: raises $1.50 to $2.50
SorinS28: folds 
AlexPinsk1: folds 
EasyGamerrr: folds 
Manifestorr: folds 
coeeeelho: folds 
Uncalled bet ($1.50) returned to Snowman4343
Snowman4343 collected $2.50 from pot
Snowman4343: doesn't show hand 
*** SUMMARY ***
Total pot $2.50 | Rake $0 
Seat 1: SorinS28 folded before Flop (didn't bet)
Seat 2: AlexPinsk1 folded before Flop (didn't bet)
Seat 3: EasyGamerrr (button) folded before Flop (didn't bet)
Seat 4: Manifestorr (small blind) folded before Flop
Seat 5: coeeeelho (big blind) folded before Flop
Seat 6: Snowman4343 collected ($2.50)



PokerStars Hand #254641852083:  Hold'em No Limit ($0.50/$1.00 USD) - 2025/01/31 20:28:45 WET [2025/01/31 15:28:45 ET]
Table 'Lesath II' 6-max Seat #4 is the button
Seat 1: SorinS28 ($104.58 in chips) 
Seat 2: AlexPinsk1 ($148.46 in chips) 
Seat 3: EasyGamerrr ($116.53 in chips) 
Seat 4: Manifestorr ($101.90 in chips) 
Seat 5: coeeeelho ($122.85 in chips) 
Seat 6: Snowman4343 ($93.32 in chips) 
coeeeelho: posts small blind $0.50
Snowman4343: posts big blind $1
*** HOLE CARDS ***
SorinS28: folds 
AlexPinsk1: folds 
EasyGamerrr: folds 
Manifestorr: folds 
coeeeelho: folds 
Uncalled bet ($0.50) returned to Snowman4343
Snowman4343 collected $1 from pot
Snowman4343: doesn't show hand 
*** SUMMARY ***
Total pot $1 | Rake $0 
Seat 1: SorinS28 folded before Flop (didn't bet)
Seat 2: AlexPinsk1 folded before Flop (didn't bet)
Seat 3: EasyGamerrr folded before Flop (didn't bet)
Seat 4: Manifestorr (button) folded before Flop (didn't bet)
Seat 5: coeeeelho (small blind) folded before Flop
Seat 6: Snowman4343 (big blind) collected ($1)



PokerStars Hand #254641856169:  Hold'em No Limit ($0.50/$1.00 USD) - 2025/01/31 20:28:59 WET [2025/01/31 15:28:59 ET]
Table 'Lesath II' 6-max Seat #5 is the button
Seat 1: SorinS28 ($104.58 in chips) 
Seat 2: AlexPinsk1 ($148.46 in chips) 
Seat 3: EasyGamerrr ($116.53 in chips) 
Seat 4: Manifestorr ($101.90 in chips) 
Seat 5: coeeeelho ($122.35 in chips) 
Seat 6: Snowman4343 ($93.82 in chips) 
Snowman4343: posts small blind $0.50
SorinS28: posts big blind $1
*** HOLE CARDS ***
AlexPinsk1: folds 
EasyGamerrr: folds 
Manifestorr: folds 
coeeeelho: raises $1.50 to $2.50
Snowman4343: raises $6.50 to $9
SorinS28: folds 
coeeeelho: calls $6.50
*** FLOP *** [6c 9c 7h]
Snowman4343: bets $9.03
coeeeelho: calls $9.03
*** TURN *** [6c 9c 7h] [8s]
Snowman4343: bets $17.61
coeeeelho: calls $17.61
*** RIVER *** [6c 9c 7h 8s] [Th]
Snowman4343: bets $58.18 and is all-in
coeeeelho: calls $58.18
*** SHOW DOWN ***
Snowman4343: shows [Ac Js] (a straight, Seven to Jack)
coeeeelho: shows [Ts Ah] (a straight, Six to Ten)
Snowman4343 collected $186.14 from pot
*** SUMMARY ***
Total pot $188.64 | Rake $2.50 
Board [6c 9c 7h 8s Th]
Seat 1: SorinS28 (big blind) folded before Flop
Seat 2: AlexPinsk1 folded before Flop (didn't bet)
Seat 3: EasyGamerrr folded before Flop (didn't bet)
Seat 4: Manifestorr folded before Flop (didn't bet)
Seat 5: coeeeelho (button) showed [Ts Ah] and lost with a straight, Six to Ten
Seat 6: Snowman4343 (small blind) showed [Ac Js] and won ($186.14) with a straight, Seven to Jack



PokerStars Hand #254641880372:  Hold'em No Limit ($0.50/$1.00 USD) - 2025/01/31 20:30:20 WET [2025/01/31 15:30:20 ET]
Table 'Lesath II' 6-max Seat #6 is the button
Seat 1: SorinS28 ($103.58 in chips) 
Seat 2: AlexPinsk1 ($148.46 in chips) 
Seat 3: EasyGamerrr ($116.53 in chips) 
Seat 4: Manifestorr ($101.90 in chips) 
Seat 5: coeeeelho ($100 in chips) 
Seat 6: Snowman4343 ($186.14 in chips) 
SorinS28: posts small blind $0.50
AlexPinsk1: posts big blind $1
*** HOLE CARDS ***
EasyGamerrr: folds 
Manifestorr: raises $1.20 to $2.20
coeeeelho: raises $5.30 to $7.50
Snowman4343: folds 
SorinS28: folds 
AlexPinsk1: folds 
Manifestorr: calls $5.30
*** FLOP *** [8s Jh Qc]
Manifestorr: checks 
coeeeelho: checks 
*** TURN *** [8s Jh Qc] [9s]
Manifestorr: bets $7.84
coeeeelho: calls $7.84
*** RIVER *** [8s Jh Qc 9s] [4d]
Manifestorr: bets $10.09
coeeeelho: folds 
Uncalled bet ($10.09) returned to Manifestorr
Manifestorr collected $30.57 from pot
*** SUMMARY ***
Total pot $32.18 | Rake $1.61 
Board [8s Jh Qc 9s 4d]
Seat 1: SorinS28 (small blind) folded before Flop
Seat 2: AlexPinsk1 (big blind) folded before Flop
Seat 3: EasyGamerrr folded before Flop (didn't bet)
Seat 4: Manifestorr collected ($30.57)
Seat 5: coeeeelho folded on the River
Seat 6: Snowman4343 (button) folded before Flop (didn't bet)



PokerStars Hand #254641902308:  Hold'em No Limit ($0.50/$1.00 USD) - 2025/01/31 20:31:34 WET [2025/01/31 15:31:34 ET]
Table 'Lesath II' 6-max Seat #1 is the button
Seat 1: SorinS28 ($103.08 in chips) 
Seat 2: AlexPinsk1 ($147.46 in chips) 
Seat 3: EasyGamerrr ($116.53 in chips) 
Seat 4: Manifestorr ($117.13 in chips) 
Seat 5: coeeeelho ($100 in chips) 
Seat 6: Snowman4343 ($186.14 in chips) 
AlexPinsk1: posts small blind $0.50
EasyGamerrr: posts big blind $1
*** HOLE CARDS ***
Manifestorr: folds 
coeeeelho: folds 
Snowman4343: calls $1
SorinS28: folds 
AlexPinsk1: folds 
EasyGamerrr: checks 
*** FLOP *** [4s 2s Th]
EasyGamerrr: checks 
Snowman4343: bets $2.38
EasyGamerrr: calls $2.38
*** TURN *** [4s 2s Th] [7c]
EasyGamerrr: checks 
Snowman4343: bets $5.18
EasyGamerrr: calls $5.18
*** RIVER *** [4s 2s Th 7c] [9s]
EasyGamerrr: checks 
Snowman4343: bets $8.37
EasyGamerrr: calls $8.37
*** SHOW DOWN ***
Snowman4343: shows [8c 9d] (a pair of Nines)
EasyGamerrr: shows [Ts 5h] (a pair of Tens)
EasyGamerrr collected $32.64 from pot
*** SUMMARY ***
Total pot $34.36 | Rake $1.72 
Board [4s 2s Th 7c 9s]
Seat 1: SorinS28 (button) folded before Flop (didn't bet)
Seat 2: AlexPinsk1 (small blind) folded before Flop
Seat 3: EasyGamerrr (big blind) showed [Ts 5h] and won ($32.64) with a pair of Tens
Seat 4: Manifestorr folded before Flop (didn't bet)
Seat 5: coeeeelho folded before Flop (didn't bet)
Seat 6: Snowman4343 showed [8c 9d] and lost with a pair of Nines



PokerStars Hand #254641917474:  Hold'em No Limit ($0.50/$1.00 USD) - 2025/01/31 20:32:24 WET [2025/01/31 15:32:24 ET]
Table 'Lesath II' 6-max Seat #2 is the button
Seat 1: SorinS28 ($103.08 in chips) 
Seat 2: AlexPinsk1 ($146.96 in chips) 
Seat 3: EasyGamerrr ($132.24 in chips) 
Seat 4: Manifestorr ($117.13 in chips) 
Seat 5: coeeeelho ($100 in chips) 
Seat 6: Snowman4343 ($169.21 in chips) 
EasyGamerrr: posts small blind $0.50
Manifestorr: posts big blind $1
*** HOLE CARDS ***
coeeeelho: folds 
Snowman4343: raises $1.50 to $2.50
SorinS28: folds 
AlexPinsk1: folds 
EasyGamerrr: folds 
Manifestorr: folds 
Uncalled bet ($1.50) returned to Snowman4343
Snowman4343 collected $2.50 from pot
Snowman4343: doesn't show hand 
*** SUMMARY ***
Total pot $2.50 | Rake $0 
Seat 1: SorinS28 folded before Flop (didn't bet)
Seat 2: AlexPinsk1 (button) folded before Flop (didn't bet)
Seat 3: EasyGamerrr (small blind) folded before Flop
Seat 4: Manifestorr (big blind) folded before Flop
Seat 5: coeeeelho folded before Flop (didn't bet)
Seat 6: Snowman4343 collected ($2.50)



PokerStars Hand #254641925338:  Hold'em No Limit ($0.50/$1.00 USD) - 2025/01/31 20:32:51 WET [2025/01/31 15:32:51 ET]
Table 'Lesath II' 6-max Seat #3 is the button
Seat 1: SorinS28 ($103.08 in chips) 
Seat 2: AlexPinsk1 ($146.96 in chips) 
Seat 3: EasyGamerrr ($131.74 in chips) 
Seat 4: Manifestorr ($116.13 in chips) 
Seat 5: coeeeelho ($100 in chips) 
Seat 6: Snowman4343 ($170.71 in chips) 
Manifestorr: posts small blind $0.50
coeeeelho: posts big blind $1
*** HOLE CARDS ***
Snowman4343: folds 
SorinS28: folds 
AlexPinsk1: folds 
EasyGamerrr: folds 
Manifestorr: raises $2 to $3
coeeeelho: folds 
Uncalled bet ($2) returned to Manifestorr
Manifestorr collected $2 from pot
*** SUMMARY ***
Total pot $2 | Rake $0 
Seat 1: SorinS28 folded before Flop (didn't bet)
Seat 2: AlexPinsk1 folded before Flop (didn't bet)
Seat 3: EasyGamerrr (button) folded before Flop (didn't bet)
Seat 4: Manifestorr (small blind) collected ($2)
Seat 5: coeeeelho (big blind) folded before Flop
Seat 6: Snowman4343 folded before Flop (didn't bet)



PokerStars Hand #254641937213:  Hold'em No Limit ($0.50/$1.00 USD) - 2025/01/31 20:33:30 WET [2025/01/31 15:33:30 ET]
Table 'Lesath II' 6-max Seat #4 is the button
Seat 1: SorinS28 ($103.08 in chips) 
Seat 2: AlexPinsk1 ($146.96 in chips) 
Seat 3: EasyGamerrr ($131.74 in chips) 
Seat 4: Manifestorr ($117.13 in chips) 
Seat 5: coeeeelho ($100 in chips) 
Seat 6: Snowman4343 ($170.71 in chips) 
coeeeelho: posts small blind $0.50
Snowman4343: posts big blind $1
*** HOLE CARDS ***
SorinS28: folds 
AlexPinsk1: raises $1.50 to $2.50
EasyGamerrr: raises $5 to $7.50
Manifestorr: folds 
coeeeelho: folds 
Snowman4343: folds 
AlexPinsk1: folds 
Uncalled bet ($5) returned to EasyGamerrr
EasyGamerrr collected $6.50 from pot
EasyGamerrr: doesn't show hand 
*** SUMMARY ***
Total pot $6.50 | Rake $0 
Seat 1: SorinS28 folded before Flop (didn't bet)
Seat 2: AlexPinsk1 folded before Flop
Seat 3: EasyGamerrr collected ($6.50)
Seat 4: Manifestorr (button) folded before Flop (didn't bet)
Seat 5: coeeeelho (small blind) folded before Flop
Seat 6: Snowman4343 (big blind) folded before Flop



PokerStars Hand #254641952750:  Hold'em No Limit ($0.50/$1.00 USD) - 2025/01/31 20:34:22 WET [2025/01/31 15:34:22 ET]
Table 'Lesath II' 6-max Seat #5 is the button
Seat 1: SorinS28 ($103.08 in chips) is sitting out
Seat 2: AlexPinsk1 ($144.46 in chips) 
Seat 3: EasyGamerrr ($135.74 in chips) 
Seat 4: Manifestorr ($117.13 in chips) 
Seat 5: coeeeelho ($100 in chips) 
Seat 6: Snowman4343 ($169.71 in chips) 
Snowman4343: posts small blind $0.50
SorinS28: is sitting out 
AlexPinsk1: posts big blind $1
*** HOLE CARDS ***
EasyGamerrr: raises $1.50 to $2.50
Manifestorr: folds 
coeeeelho: folds 
Snowman4343: raises $6.50 to $9
AlexPinsk1: folds 
EasyGamerrr: calls $6.50
*** FLOP *** [8c 8h 2c]
Snowman4343: bets $13.54
EasyGamerrr: calls $13.54
*** TURN *** [8c 8h 2c] [7s]
Snowman4343: bets $32.84
EasyGamerrr: calls $32.84
*** RIVER *** [8c 8h 2c 7s] [Js]
Snowman4343: bets $32.78
EasyGamerrr: calls $32.78
*** SHOW DOWN ***
Snowman4343: shows [Qh Qs] (two pair, Queens and Eights)
EasyGamerrr: mucks hand 
Snowman4343 collected $174.82 from pot
*** SUMMARY ***
Total pot $177.32 | Rake $2.50 
Board [8c 8h 2c 7s Js]
Seat 1: SorinS28
Seat 2: AlexPinsk1 (big blind) folded before Flop
Seat 3: EasyGamerrr mucked
Seat 4: Manifestorr folded before Flop (didn't bet)
Seat 5: coeeeelho (button) folded before Flop (didn't bet)
Seat 6: Snowman4343 (small blind) showed [Qh Qs] and won ($174.82) with two pair, Queens and Eights



PokerStars Hand #254641976140:  Hold'em No Limit ($0.50/$1.00 USD) - 2025/01/31 20:35:40 WET [2025/01/31 15:35:40 ET]
Table 'Lesath II' 6-max Seat #6 is the button
Seat 1: SorinS28 ($103.08 in chips) is sitting out
Seat 2: AlexPinsk1 ($143.46 in chips) 
Seat 3: EasyGamerrr ($100 in chips) 
Seat 4: Manifestorr ($117.13 in chips) 
Seat 5: coeeeelho ($100 in chips) 
Seat 6: Snowman4343 ($256.37 in chips) 
AlexPinsk1: posts small blind $0.50
EasyGamerrr: posts big blind $1
*** HOLE CARDS ***
Manifestorr: folds 
coeeeelho: folds 
Snowman4343: calls $1
AlexPinsk1: calls $0.50
EasyGamerrr: checks 
*** FLOP *** [As Kh 9s]
AlexPinsk1: bets $2
EasyGamerrr: folds 
Snowman4343: raises $5.14 to $7.14
AlexPinsk1: calls $5.14
*** TURN *** [As Kh 9s] [Jc]
AlexPinsk1: checks 
Snowman4343: bets $16.42
AlexPinsk1: folds 
Uncalled bet ($16.42) returned to Snowman4343
Snowman4343 collected $16.42 from pot
Snowman4343: doesn't show hand 
*** SUMMARY ***
Total pot $17.28 | Rake $0.86 
Board [As Kh 9s Jc]
Seat 1: SorinS28
Seat 2: AlexPinsk1 (small blind) folded on the Turn
Seat 3: EasyGamerrr (big blind) folded on the Flop
Seat 4: Manifestorr folded before Flop (didn't bet)
Seat 5: coeeeelho folded before Flop (didn't bet)
Seat 6: Snowman4343 (button) collected ($16.42)



PokerStars Hand #254641994959:  Hold'em No Limit ($0.50/$1.00 USD) - 2025/01/31 20:36:43 WET [2025/01/31 15:36:43 ET]
Table 'Lesath II' 6-max Seat #2 is the button
Seat 1: SorinS28 ($103.08 in chips) is sitting out
Seat 2: AlexPinsk1 ($135.32 in chips) 
Seat 3: EasyGamerrr ($100 in chips) 
Seat 4: Manifestorr ($117.13 in chips) 
Seat 5: coeeeelho ($100 in chips) 
Seat 6: Snowman4343 ($264.65 in chips) 
EasyGamerrr: posts small blind $0.50
Manifestorr: posts big blind $1
SorinS28: sits out 
*** HOLE CARDS ***
coeeeelho: raises $1.20 to $2.20
Snowman4343: folds 
AlexPinsk1: folds 
EasyGamerrr: folds 
Manifestorr: folds 
Uncalled bet ($1.20) returned to coeeeelho
coeeeelho collected $2.50 from pot
*** SUMMARY ***
Total pot $2.50 | Rake $0 
Seat 1: SorinS28
Seat 2: AlexPinsk1 (button) folded before Flop (didn't bet)
Seat 3: EasyGamerrr (small blind) folded before Flop
Seat 4: Manifestorr (big blind) folded before Flop
Seat 5: coeeeelho collected ($2.50)
Seat 6: Snowman4343 folded before Flop (didn't bet)



PokerStars Hand #254641999798:  Hold'em No Limit ($0.50/$1.00 USD) - 2025/01/31 20:36:58 WET [2025/01/31 15:36:58 ET]
Table 'Lesath II' 6-max Seat #3 is the button
Seat 1: SorinS28 ($103.08 in chips) is sitting out
Seat 2: AlexPinsk1 ($135.32 in chips) 
Seat 3: EasyGamerrr ($100 in chips) 
Seat 4: Manifestorr ($116.13 in chips) 
Seat 5: coeeeelho ($101.50 in chips) 
Seat 6: Snowman4343 ($264.65 in chips) 
Manifestorr: posts small blind $0.50
coeeeelho: posts big blind $1
SorinS28: sits out 
*** HOLE CARDS ***
Snowman4343: raises $1.50 to $2.50
AlexPinsk1: folds 
EasyGamerrr: raises $5 to $7.50
Manifestorr: folds 
coeeeelho: folds 
Snowman4343: calls $5
*** FLOP *** [6h 3s 4d]
Snowman4343: checks 
EasyGamerrr: bets $7.53
Snowman4343: calls $7.53
*** TURN *** [6h 3s 4d] [Jd]
Snowman4343: bets $14.99
EasyGamerrr: calls $14.99
*** RIVER *** [6h 3s 4d Jd] [Qh]
Snowman4343: checks 
EasyGamerrr: checks 
*** SHOW DOWN ***
Snowman4343: shows [Ad 9h] (high card Ace)
EasyGamerrr: shows [7s 7d] (a pair of Sevens)
EasyGamerrr collected $59.04 from pot
*** SUMMARY ***
Total pot $61.54 | Rake $2.50 
Board [6h 3s 4d Jd Qh]
Seat 1: SorinS28
Seat 2: AlexPinsk1 folded before Flop (didn't bet)
Seat 3: EasyGamerrr (button) showed [7s 7d] and won ($59.04) with a pair of Sevens
Seat 4: Manifestorr (small blind) folded before Flop
Seat 5: coeeeelho (big blind) folded before Flop
Seat 6: Snowman4343 showed [Ad 9h] and lost with high card Ace



PokerStars Hand #254642172591:  Hold'em No Limit ($0.50/$1.00 USD) - 2025/01/31 20:46:33 WET [2025/01/31 15:46:33 ET]
Table 'Lesath II' 6-max Seat #6 is the button
Seat 1: SorinS28 ($100 in chips) 
Seat 2: AlexPinsk1 ($115.40 in chips) 
Seat 3: EasyGamerrr ($135.65 in chips) 
Seat 4: Manifestorr ($120.28 in chips) 
Seat 5: coeeeelho ($108.42 in chips) 
Seat 6: Snowman4343 ($236.61 in chips) 
SorinS28: posts small blind $0.50
AlexPinsk1: posts big blind $1
*** HOLE CARDS ***
EasyGamerrr: folds 
Manifestorr: raises $1.20 to $2.20
coeeeelho: raises $5.30 to $7.50
Snowman4343: folds 
SorinS28: folds 
AlexPinsk1: folds 
Manifestorr: folds 
Uncalled bet ($5.30) returned to coeeeelho
coeeeelho collected $5.90 from pot
*** SUMMARY ***
Total pot $5.90 | Rake $0 
Seat 1: SorinS28 (small blind) folded before Flop
Seat 2: AlexPinsk1 (big blind) folded before Flop
Seat 3: EasyGamerrr folded before Flop (didn't bet)
Seat 4: Manifestorr folded before Flop
Seat 5: coeeeelho collected ($5.90)
Seat 6: Snowman4343 (button) folded before Flop (didn't bet)



PokerStars Hand #254642182047:  Hold'em No Limit ($0.50/$1.00 USD) - 2025/01/31 20:47:04 WET [2025/01/31 15:47:04 ET]
Table 'Lesath II' 6-max Seat #1 is the button
Seat 1: SorinS28 ($100 in chips) 
Seat 2: AlexPinsk1 ($114.40 in chips) 
Seat 3: EasyGamerrr ($135.65 in chips) 
Seat 4: Manifestorr ($118.08 in chips) 
Seat 5: coeeeelho ($112.12 in chips) 
Seat 6: Snowman4343 ($236.61 in chips) 
AlexPinsk1: posts small blind $0.50
EasyGamerrr: posts big blind $1
*** HOLE CARDS ***
Manifestorr: folds 
coeeeelho: raises $1.20 to $2.20
Snowman4343: folds 
SorinS28: folds 
AlexPinsk1: folds 
EasyGamerrr: calls $1.20
*** FLOP *** [Kc 2c Tc]
EasyGamerrr: checks 
coeeeelho: checks 
*** TURN *** [Kc 2c Tc] [7c]
EasyGamerrr: checks 
coeeeelho: checks 
*** RIVER *** [Kc 2c Tc 7c] [3h]
EasyGamerrr: checks 
coeeeelho: checks 
*** SHOW DOWN ***
EasyGamerrr: shows [Qh Th] (a pair of Tens)
coeeeelho: mucks hand 
EasyGamerrr collected $4.66 from pot
*** SUMMARY ***
Total pot $4.90 | Rake $0.24 
Board [Kc 2c Tc 7c 3h]
Seat 1: SorinS28 (button) folded before Flop (didn't bet)
Seat 2: AlexPinsk1 (small blind) folded before Flop
Seat 3: EasyGamerrr (big blind) showed [Qh Th] and won ($4.66) with a pair of Tens
Seat 4: Manifestorr folded before Flop (didn't bet)
Seat 5: coeeeelho mucked
Seat 6: Snowman4343 folded before Flop (didn't bet)



PokerStars Hand #254642199090:  Hold'em No Limit ($0.50/$1.00 USD) - 2025/01/31 20:48:01 WET [2025/01/31 15:48:01 ET]
Table 'Lesath II' 6-max Seat #2 is the button
Seat 4: Manifestorr ($118.08 in chips) is sitting out
Seat 1: SorinS28 ($100 in chips) 
Seat 2: AlexPinsk1 ($113.90 in chips) 
Seat 3: EasyGamerrr ($138.11 in chips) 
Seat 5: coeeeelho ($109.92 in chips) 
Seat 6: Snowman4343 ($236.61 in chips) 
EasyGamerrr: posts small blind $0.50
Manifestorr: is sitting out 
coeeeelho: posts big blind $1
*** HOLE CARDS ***
Manifestorr leaves the table
Snowman4343: calls $1
SorinS28: folds 
AlexPinsk1: folds 
XneferX joins the table at seat #4 
EasyGamerrr: folds 
coeeeelho: checks 
*** FLOP *** [9s Jc Qd]
coeeeelho: checks 
Snowman4343: bets $2.38
coeeeelho: folds 
Uncalled bet ($2.38) returned to Snowman4343
Snowman4343 collected $2.38 from pot
Snowman4343: doesn't show hand 
*** SUMMARY ***
Total pot $2.50 | Rake $0.12 
Board [9s Jc Qd]
Seat 4: Manifestorr
Seat 1: SorinS28 folded before Flop (didn't bet)
Seat 2: AlexPinsk1 (button) folded before Flop (didn't bet)
Seat 3: EasyGamerrr (small blind) folded before Flop
Seat 5: coeeeelho (big blind) folded on the Flop
Seat 6: Snowman4343 collected ($2.38)



PokerStars Hand #254642209212:  Hold'em No Limit ($0.50/$1.00 USD) - 2025/01/31 20:48:35 WET [2025/01/31 15:48:35 ET]
Table 'Lesath II' 6-max Seat #3 is the button
Seat 4: XneferX ($100 in chips) is sitting out
Seat 1: SorinS28 ($100 in chips) 
Seat 2: AlexPinsk1 ($113.90 in chips) 
Seat 3: EasyGamerrr ($137.61 in chips) 
Seat 5: coeeeelho ($108.92 in chips) 
Seat 6: Snowman4343 ($237.99 in chips) 
coeeeelho: posts small blind $0.50
Snowman4343: posts big blind $1
*** HOLE CARDS ***
SorinS28: folds 
AlexPinsk1: folds 
EasyGamerrr: folds 
coeeeelho: raises $2 to $3
Snowman4343: folds 
Uncalled bet ($2) returned to coeeeelho
coeeeelho collected $2 from pot
*** SUMMARY ***
Total pot $2 | Rake $0 
Seat 4: XneferX
Seat 1: SorinS28 folded before Flop (didn't bet)
Seat 2: AlexPinsk1 folded before Flop (didn't bet)
Seat 3: EasyGamerrr (button) folded before Flop (didn't bet)
Seat 5: coeeeelho (small blind) collected ($2)
Seat 6: Snowman4343 (big blind) folded before Flop



PokerStars Hand #254642212821:  Hold'em No Limit ($0.50/$1.00 USD) - 2025/01/31 20:48:47 WET [2025/01/31 15:48:47 ET]
Table 'Lesath II' 6-max Seat #5 is the button
Seat 4: XneferX ($100 in chips) is sitting out
Seat 1: SorinS28 ($100 in chips) 
Seat 2: AlexPinsk1 ($113.90 in chips) 
Seat 3: EasyGamerrr ($137.61 in chips) 
Seat 5: coeeeelho ($109.92 in chips) 
Seat 6: Snowman4343 ($236.99 in chips) 
Snowman4343: posts small blind $0.50
SorinS28: posts big blind $1
XneferX: sits out 
*** HOLE CARDS ***
AlexPinsk1: folds 
EasyGamerrr: folds 
coeeeelho: folds 
Snowman4343: folds 
Uncalled bet ($0.50) returned to SorinS28
SorinS28 collected $1 from pot
SorinS28: doesn't show hand 
*** SUMMARY ***
Total pot $1 | Rake $0 
Seat 4: XneferX
Seat 1: SorinS28 (big blind) collected ($1)
Seat 2: AlexPinsk1 folded before Flop (didn't bet)
Seat 3: EasyGamerrr folded before Flop (didn't bet)
Seat 5: coeeeelho (button) folded before Flop (didn't bet)
Seat 6: Snowman4343 (small blind) folded before Flop



PokerStars Hand #254642215362:  Hold'em No Limit ($0.50/$1.00 USD) - 2025/01/31 20:48:55 WET [2025/01/31 15:48:55 ET]
Table 'Lesath II' 6-max Seat #6 is the button
Seat 4: XneferX ($100 in chips) is sitting out
Seat 1: SorinS28 ($100.50 in chips) 
Seat 2: AlexPinsk1 ($113.90 in chips) 
Seat 3: EasyGamerrr ($137.61 in chips) 
Seat 5: coeeeelho ($109.92 in chips) 
Seat 6: Snowman4343 ($236.49 in chips) 
SorinS28: posts small blind $0.50
AlexPinsk1: posts big blind $1
XneferX: sits out 
*** HOLE CARDS ***
EasyGamerrr: folds 
coeeeelho: raises $1.30 to $2.30
Snowman4343: calls $2.30
SorinS28: folds 
AlexPinsk1: folds 
*** FLOP *** [Qc 3s Tc]
coeeeelho: checks 
Snowman4343: checks 
*** TURN *** [Qc 3s Tc] [5h]
coeeeelho: bets $9
Snowman4343: folds 
Uncalled bet ($9) returned to coeeeelho
coeeeelho collected $5.80 from pot
*** SUMMARY ***
Total pot $6.10 | Rake $0.30 
Board [Qc 3s Tc 5h]
Seat 4: XneferX
Seat 1: SorinS28 (small blind) folded before Flop
Seat 2: AlexPinsk1 (big blind) folded before Flop
Seat 3: EasyGamerrr folded before Flop (didn't bet)
Seat 5: coeeeelho collected ($5.80)
Seat 6: Snowman4343 (button) folded on the Turn



PokerStars Hand #254642224760:  Hold'em No Limit ($0.50/$1.00 USD) - 2025/01/31 20:49:27 WET [2025/01/31 15:49:27 ET]
Table 'Lesath II' 6-max Seat #1 is the button
Seat 4: XneferX ($100 in chips) is sitting out
Seat 1: SorinS28 ($100 in chips) 
Seat 2: AlexPinsk1 ($112.90 in chips) 
Seat 3: EasyGamerrr ($137.61 in chips) 
Seat 5: coeeeelho ($113.42 in chips) 
Seat 6: Snowman4343 ($234.19 in chips) 
AlexPinsk1: posts small blind $0.50
EasyGamerrr: posts big blind $1
XneferX: sits out 
*** HOLE CARDS ***
coeeeelho: raises $1.20 to $2.20
Snowman4343: calls $2.20
SorinS28: folds 
AlexPinsk1: folds 
EasyGamerrr: folds 
*** FLOP *** [3h 6h 6s]
coeeeelho: checks 
Snowman4343: checks 
*** TURN *** [3h 6h 6s] [9h]
coeeeelho: bets $4.20
Snowman4343: folds 
Uncalled bet ($4.20) returned to coeeeelho
coeeeelho collected $5.60 from pot
*** SUMMARY ***
Total pot $5.90 | Rake $0.30 
Board [3h 6h 6s 9h]
Seat 4: XneferX
Seat 1: SorinS28 (button) folded before Flop (didn't bet)
Seat 2: AlexPinsk1 (small blind) folded before Flop
Seat 3: EasyGamerrr (big blind) folded before Flop
Seat 5: coeeeelho collected ($5.60)
Seat 6: Snowman4343 folded on the Turn



PokerStars Hand #254642232132:  Hold'em No Limit ($0.50/$1.00 USD) - 2025/01/31 20:49:52 WET [2025/01/31 15:49:52 ET]
Table 'Lesath II' 6-max Seat #2 is the button
Seat 1: SorinS28 ($100 in chips) 
Seat 2: AlexPinsk1 ($112.40 in chips) 
Seat 3: EasyGamerrr ($136.61 in chips) 
Seat 4: XneferX ($100 in chips) 
Seat 5: coeeeelho ($116.82 in chips) 
Seat 6: Snowman4343 ($231.99 in chips) 
EasyGamerrr: posts small blind $0.50
XneferX: posts big blind $1
*** HOLE CARDS ***
coeeeelho: folds 
Snowman4343: folds 
SorinS28: folds 
AlexPinsk1: raises $1.50 to $2.50
EasyGamerrr: folds 
XneferX: folds 
Uncalled bet ($1.50) returned to AlexPinsk1
AlexPinsk1 collected $2.50 from pot
AlexPinsk1: doesn't show hand 
*** SUMMARY ***
Total pot $2.50 | Rake $0 
Seat 1: SorinS28 folded before Flop (didn't bet)
Seat 2: AlexPinsk1 (button) collected ($2.50)
Seat 3: EasyGamerrr (small blind) folded before Flop
Seat 4: XneferX (big blind) folded before Flop
Seat 5: coeeeelho folded before Flop (didn't bet)
Seat 6: Snowman4343 folded before Flop (didn't bet)



PokerStars Hand #254642237378:  Hold'em No Limit ($0.50/$1.00 USD) - 2025/01/31 20:50:09 WET [2025/01/31 15:50:09 ET]
Table 'Lesath II' 6-max Seat #3 is the button
Seat 1: SorinS28 ($100 in chips) 
Seat 2: AlexPinsk1 ($113.90 in chips) 
Seat 3: EasyGamerrr ($136.11 in chips) 
Seat 4: XneferX ($100 in chips) 
Seat 5: coeeeelho ($116.82 in chips) 
Seat 6: Snowman4343 ($231.99 in chips) 
XneferX: posts small blind $0.50
coeeeelho: posts big blind $1
*** HOLE CARDS ***
Snowman4343: folds 
SorinS28: folds 
AlexPinsk1: raises $1.50 to $2.50
EasyGamerrr: raises $5 to $7.50
XneferX: folds 
coeeeelho: folds 
AlexPinsk1: folds 
Uncalled bet ($5) returned to EasyGamerrr
EasyGamerrr collected $6.50 from pot
EasyGamerrr: doesn't show hand 
*** SUMMARY ***
Total pot $6.50 | Rake $0 
Seat 1: SorinS28 folded before Flop (didn't bet)
Seat 2: AlexPinsk1 folded before Flop
Seat 3: EasyGamerrr (button) collected ($6.50)
Seat 4: XneferX (small blind) folded before Flop
Seat 5: coeeeelho (big blind) folded before Flop
Seat 6: Snowman4343 folded before Flop (didn't bet)



PokerStars Hand #254642246556:  Hold'em No Limit ($0.50/$1.00 USD) - 2025/01/31 20:50:40 WET [2025/01/31 15:50:40 ET]
Table 'Lesath II' 6-max Seat #4 is the button
Seat 1: SorinS28 ($100 in chips) 
Seat 2: AlexPinsk1 ($111.40 in chips) 
Seat 3: EasyGamerrr ($140.11 in chips) 
Seat 4: XneferX ($100 in chips) 
Seat 5: coeeeelho ($115.82 in chips) 
Seat 6: Snowman4343 ($231.99 in chips) 
coeeeelho: posts small blind $0.50
Snowman4343: posts big blind $1
*** HOLE CARDS ***
SorinS28: folds 
AlexPinsk1: raises $1.50 to $2.50
EasyGamerrr: folds 
XneferX: folds 
coeeeelho: folds 
Snowman4343: raises $6.50 to $9
AlexPinsk1: calls $6.50
*** FLOP *** [8s Ac 7c]
Snowman4343: bets $8.79
AlexPinsk1: calls $8.79
*** TURN *** [8s Ac 7c] [2c]
Snowman4343: bets $10.28
AlexPinsk1: calls $10.28
*** RIVER *** [8s Ac 7c 2c] [4c]
Snowman4343: bets $16.24
AlexPinsk1: raises $67.09 to $83.33 and is all-in
Snowman4343: folds 
Uncalled bet ($67.09) returned to AlexPinsk1
AlexPinsk1 collected $86.62 from pot
AlexPinsk1: doesn't show hand 
*** SUMMARY ***
Total pot $89.12 | Rake $2.50 
Board [8s Ac 7c 2c 4c]
Seat 1: SorinS28 folded before Flop (didn't bet)
Seat 2: AlexPinsk1 collected ($86.62)
Seat 3: EasyGamerrr folded before Flop (didn't bet)
Seat 4: XneferX (button) folded before Flop (didn't bet)
Seat 5: coeeeelho (small blind) folded before Flop
Seat 6: Snowman4343 (big blind) folded on the River



PokerStars Hand #254642283230:  Hold'em No Limit ($0.50/$1.00 USD) - 2025/01/31 20:52:43 WET [2025/01/31 15:52:43 ET]
Table 'Lesath II' 6-max Seat #5 is the button
Seat 1: SorinS28 ($100 in chips) 
Seat 2: AlexPinsk1 ($153.71 in chips) 
Seat 3: EasyGamerrr ($140.11 in chips) 
Seat 4: XneferX ($100 in chips) 
Seat 5: coeeeelho ($115.32 in chips) 
Seat 6: Snowman4343 ($187.68 in chips) 
Snowman4343: posts small blind $0.50
SorinS28: posts big blind $1
*** HOLE CARDS ***
AlexPinsk1: folds 
EasyGamerrr: folds 
XneferX: raises $1.30 to $2.30
coeeeelho: raises $4.60 to $6.90
Snowman4343: calls $6.40
SorinS28: raises $13.10 to $20
XneferX: folds 
coeeeelho: folds 
Snowman4343: calls $13.10
*** FLOP *** [6s 9d 8s]
Snowman4343: checks 
SorinS28: checks 
*** TURN *** [6s 9d 8s] [7d]
Snowman4343: bets $23.37
SorinS28: folds 
Uncalled bet ($23.37) returned to Snowman4343
Snowman4343 collected $46.74 from pot
Snowman4343: doesn't show hand 
*** SUMMARY ***
Total pot $49.20 | Rake $2.46 
Board [6s 9d 8s 7d]
Seat 1: SorinS28 (big blind) folded on the Turn
Seat 2: AlexPinsk1 folded before Flop (didn't bet)
Seat 3: EasyGamerrr folded before Flop (didn't bet)
Seat 4: XneferX folded before Flop
Seat 5: coeeeelho (button) folded before Flop
Seat 6: Snowman4343 (small blind) collected ($46.74)



PokerStars Hand #254642301061:  Hold'em No Limit ($0.50/$1.00 USD) - 2025/01/31 20:53:43 WET [2025/01/31 15:53:43 ET]
Table 'Lesath II' 6-max Seat #6 is the button
Seat 1: SorinS28 ($100 in chips) 
Seat 2: AlexPinsk1 ($153.71 in chips) 
Seat 3: EasyGamerrr ($140.11 in chips) 
Seat 4: XneferX ($100 in chips) 
Seat 5: coeeeelho ($108.42 in chips) 
Seat 6: Snowman4343 ($214.42 in chips) 
SorinS28: posts small blind $0.50
AlexPinsk1: posts big blind $1
*** HOLE CARDS ***
EasyGamerrr: folds 
XneferX: folds 
coeeeelho: folds 
Snowman4343: raises $1.50 to $2.50
SorinS28: folds 
AlexPinsk1: calls $1.50
*** FLOP *** [Jc Kh 4h]
AlexPinsk1: checks 
Snowman4343: bets $5.22
AlexPinsk1: folds 
Uncalled bet ($5.22) returned to Snowman4343
Snowman4343 collected $5.22 from pot
Snowman4343: doesn't show hand 
*** SUMMARY ***
Total pot $5.50 | Rake $0.28 
Board [Jc Kh 4h]
Seat 1: SorinS28 (small blind) folded before Flop
Seat 2: AlexPinsk1 (big blind) folded on the Flop
Seat 3: EasyGamerrr folded before Flop (didn't bet)
Seat 4: XneferX folded before Flop (didn't bet)
Seat 5: coeeeelho folded before Flop (didn't bet)
Seat 6: Snowman4343 (button) collected ($5.22)



PokerStars Hand #254642310862:  Hold'em No Limit ($0.50/$1.00 USD) - 2025/01/31 20:54:17 WET [2025/01/31 15:54:17 ET]
Table 'Lesath II' 6-max Seat #1 is the button
Seat 1: SorinS28 ($100 in chips) 
Seat 2: AlexPinsk1 ($151.21 in chips) 
Seat 3: EasyGamerrr ($140.11 in chips) 
Seat 4: XneferX ($100 in chips) 
Seat 5: coeeeelho ($108.42 in chips) 
Seat 6: Snowman4343 ($217.14 in chips) 
AlexPinsk1: posts small blind $0.50
EasyGamerrr: posts big blind $1
*** HOLE CARDS ***
XneferX: folds 
coeeeelho: folds 
Snowman4343: raises $1.50 to $2.50
SorinS28: folds 
AlexPinsk1: folds 
EasyGamerrr: folds 
Uncalled bet ($1.50) returned to Snowman4343
Snowman4343 collected $2.50 from pot
Snowman4343: doesn't show hand 
*** SUMMARY ***
Total pot $2.50 | Rake $0 
Seat 1: SorinS28 (button) folded before Flop (didn't bet)
Seat 2: AlexPinsk1 (small blind) folded before Flop
Seat 3: EasyGamerrr (big blind) folded before Flop
Seat 4: XneferX folded before Flop (didn't bet)
Seat 5: coeeeelho folded before Flop (didn't bet)
Seat 6: Snowman4343 collected ($2.50)



PokerStars Hand #254642317235:  Hold'em No Limit ($0.50/$1.00 USD) - 2025/01/31 20:54:38 WET [2025/01/31 15:54:38 ET]
Table 'Lesath II' 6-max Seat #2 is the button
Seat 1: SorinS28 ($100 in chips) 
Seat 2: AlexPinsk1 ($150.71 in chips) 
Seat 3: EasyGamerrr ($139.11 in chips) 
Seat 4: XneferX ($100 in chips) 
Seat 5: coeeeelho ($108.42 in chips) 
Seat 6: Snowman4343 ($218.64 in chips) 
EasyGamerrr: posts small blind $0.50
XneferX: posts big blind $1
*** HOLE CARDS ***
coeeeelho: folds 
Snowman4343: raises $1.50 to $2.50
SorinS28: folds 
AlexPinsk1: folds 
EasyGamerrr: folds 
XneferX: folds 
Uncalled bet ($1.50) returned to Snowman4343
Snowman4343 collected $2.50 from pot
Snowman4343: doesn't show hand 
*** SUMMARY ***
Total pot $2.50 | Rake $0 
Seat 1: SorinS28 folded before Flop (didn't bet)
Seat 2: AlexPinsk1 (button) folded before Flop (didn't bet)
Seat 3: EasyGamerrr (small blind) folded before Flop
Seat 4: XneferX (big blind) folded before Flop
Seat 5: coeeeelho folded before Flop (didn't bet)
Seat 6: Snowman4343 collected ($2.50)



PokerStars Hand #254642325145:  Hold'em No Limit ($0.50/$1.00 USD) - 2025/01/31 20:55:04 WET [2025/01/31 15:55:04 ET]
Table 'Lesath II' 6-max Seat #3 is the button
Seat 1: SorinS28 ($100 in chips) 
Seat 2: AlexPinsk1 ($150.71 in chips) 
Seat 3: EasyGamerrr ($138.61 in chips) 
Seat 4: XneferX ($100 in chips) 
Seat 5: coeeeelho ($108.42 in chips) 
Seat 6: Snowman4343 ($220.14 in chips) 
XneferX: posts small blind $0.50
coeeeelho: posts big blind $1
*** HOLE CARDS ***
Snowman4343: folds 
SorinS28: raises $1.02 to $2.02
AlexPinsk1: folds 
EasyGamerrr: folds 
XneferX: folds 
coeeeelho: calls $1.02
*** FLOP *** [Qs 9s 2h]
coeeeelho: checks 
SorinS28: checks 
*** TURN *** [Qs 9s 2h] [Jc]
coeeeelho: bets $6.47
SorinS28: folds 
Uncalled bet ($6.47) returned to coeeeelho
coeeeelho collected $4.31 from pot
*** SUMMARY ***
Total pot $4.54 | Rake $0.23 
Board [Qs 9s 2h Jc]
Seat 1: SorinS28 folded on the Turn
Seat 2: AlexPinsk1 folded before Flop (didn't bet)
Seat 3: EasyGamerrr (button) folded before Flop (didn't bet)
Seat 4: XneferX (small blind) folded before Flop
Seat 5: coeeeelho (big blind) collected ($4.31)
Seat 6: Snowman4343 folded before Flop (didn't bet)



PokerStars Hand #254642342685:  Hold'em No Limit ($0.50/$1.00 USD) - 2025/01/31 20:56:24 WET [2025/01/31 15:56:24 ET]
Table 'Lesath II' 6-max Seat #4 is the button
Seat 1: SorinS28 ($100 in chips) 
Seat 2: AlexPinsk1 ($150.71 in chips) 
Seat 3: EasyGamerrr ($138.61 in chips) 
Seat 4: XneferX ($100 in chips) 
Seat 5: coeeeelho ($110.71 in chips) 
Seat 6: Snowman4343 ($220.14 in chips) 
coeeeelho: posts small blind $0.50
Snowman4343: posts big blind $1
*** HOLE CARDS ***
SorinS28: folds 
AlexPinsk1: folds 
EasyGamerrr: folds 
XneferX: folds 
coeeeelho: raises $2 to $3
Snowman4343: calls $2
*** FLOP *** [4s Kh Qd]
coeeeelho: bets $1.43
Snowman4343: raises $4.28 to $5.71
coeeeelho: folds 
Uncalled bet ($4.28) returned to Snowman4343
Snowman4343 collected $8.42 from pot
Snowman4343: doesn't show hand 
*** SUMMARY ***
Total pot $8.86 | Rake $0.44 
Board [4s Kh Qd]
Seat 1: SorinS28 folded before Flop (didn't bet)
Seat 2: AlexPinsk1 folded before Flop (didn't bet)
Seat 3: EasyGamerrr folded before Flop (didn't bet)
Seat 4: XneferX (button) folded before Flop (didn't bet)
Seat 5: coeeeelho (small blind) folded on the Flop
Seat 6: Snowman4343 (big blind) collected ($8.42)



PokerStars Hand #254642349008:  Hold'em No Limit ($0.50/$1.00 USD) - 2025/01/31 20:56:55 WET [2025/01/31 15:56:55 ET]
Table 'Lesath II' 6-max Seat #5 is the button
Seat 1: SorinS28 ($100 in chips) 
Seat 2: AlexPinsk1 ($150.71 in chips) 
Seat 3: EasyGamerrr ($138.61 in chips) 
Seat 4: XneferX ($100 in chips) 
Seat 5: coeeeelho ($106.28 in chips) 
Seat 6: Snowman4343 ($224.13 in chips) 
Snowman4343: posts small blind $0.50
SorinS28: posts big blind $1
*** HOLE CARDS ***
AlexPinsk1: raises $1.50 to $2.50
EasyGamerrr: folds 
XneferX: folds 
coeeeelho: folds 
Snowman4343: calls $2
SorinS28: calls $1.50
*** FLOP *** [5d 9d 7d]
Snowman4343: bets $3.56
SorinS28: calls $3.56
AlexPinsk1: calls $3.56
*** TURN *** [5d 9d 7d] [4c]
Snowman4343: bets $8.64
SorinS28: raises $8.64 to $17.28
AlexPinsk1: folds 
Snowman4343: calls $8.64
*** RIVER *** [5d 9d 7d 4c] [Td]
Snowman4343: checks 
SorinS28: bets $25.12
Snowman4343: folds 
Uncalled bet ($25.12) returned to SorinS28
SorinS28 collected $50.24 from pot
SorinS28: doesn't show hand 
*** SUMMARY ***
Total pot $52.74 | Rake $2.50 
Board [5d 9d 7d 4c Td]
Seat 1: SorinS28 (big blind) collected ($50.24)
Seat 2: AlexPinsk1 folded on the Turn
Seat 3: EasyGamerrr folded before Flop (didn't bet)
Seat 4: XneferX folded before Flop (didn't bet)
Seat 5: coeeeelho (button) folded before Flop (didn't bet)
Seat 6: Snowman4343 (small blind) folded on the River



PokerStars Hand #254642366140:  Hold'em No Limit ($0.50/$1.00 USD) - 2025/01/31 20:58:18 WET [2025/01/31 15:58:18 ET]
Table 'Lesath II' 6-max Seat #6 is the button
Seat 1: SorinS28 ($126.90 in chips) 
Seat 2: AlexPinsk1 ($144.65 in chips) 
Seat 3: EasyGamerrr ($138.61 in chips) 
Seat 4: XneferX ($100 in chips) 
Seat 5: coeeeelho ($106.28 in chips) 
Seat 6: Snowman4343 ($200.79 in chips) 
SorinS28: posts small blind $0.50
AlexPinsk1: posts big blind $1
*** HOLE CARDS ***
EasyGamerrr: folds 
XneferX: raises $1.10 to $2.10
coeeeelho: raises $5.40 to $7.50
Snowman4343: calls $7.50
SorinS28: folds 
AlexPinsk1: folds 
XneferX: folds 
*** FLOP *** [Td 7d Kh]
coeeeelho: bets $5.83
Snowman4343: calls $5.83
*** TURN *** [Td 7d Kh] [3c]
coeeeelho: bets $14.38
Snowman4343: folds 
Uncalled bet ($14.38) returned to coeeeelho
coeeeelho collected $28.75 from pot
*** SUMMARY ***
Total pot $30.26 | Rake $1.51 
Board [Td 7d Kh 3c]
Seat 1: SorinS28 (small blind) folded before Flop
Seat 2: AlexPinsk1 (big blind) folded before Flop
Seat 3: EasyGamerrr folded before Flop (didn't bet)
Seat 4: XneferX folded before Flop
Seat 5: coeeeelho collected ($28.75)
Seat 6: Snowman4343 (button) folded on the Turn



PokerStars Hand #254642378531:  Hold'em No Limit ($0.50/$1.00 USD) - 2025/01/31 20:59:17 WET [2025/01/31 15:59:17 ET]
Table 'Lesath II' 6-max Seat #1 is the button
Seat 1: SorinS28 ($126.40 in chips) 
Seat 2: AlexPinsk1 ($143.65 in chips) 
Seat 3: EasyGamerrr ($138.61 in chips) 
Seat 4: XneferX ($100 in chips) 
Seat 5: coeeeelho ($121.70 in chips) 
Seat 6: Snowman4343 ($187.46 in chips) 
AlexPinsk1: posts small blind $0.50
EasyGamerrr: posts big blind $1
*** HOLE CARDS ***
XneferX: folds 
coeeeelho: folds 
Snowman4343: folds 
SorinS28: folds 
AlexPinsk1: raises $2 to $3
EasyGamerrr: folds 
Uncalled bet ($2) returned to AlexPinsk1
AlexPinsk1 collected $2 from pot
AlexPinsk1: doesn't show hand 
*** SUMMARY ***
Total pot $2 | Rake $0 
Seat 1: SorinS28 (button) folded before Flop (didn't bet)
Seat 2: AlexPinsk1 (small blind) collected ($2)
Seat 3: EasyGamerrr (big blind) folded before Flop
Seat 4: XneferX folded before Flop (didn't bet)
Seat 5: coeeeelho folded before Flop (didn't bet)
Seat 6: Snowman4343 folded before Flop (didn't bet)



PokerStars Hand #254642383289:  Hold'em No Limit ($0.50/$1.00 USD) - 2025/01/31 20:59:40 WET [2025/01/31 15:59:40 ET]
Table 'Lesath II' 6-max Seat #2 is the button
Seat 1: SorinS28 ($126.40 in chips) 
Seat 2: AlexPinsk1 ($144.65 in chips) 
Seat 3: EasyGamerrr ($137.61 in chips) 
Seat 4: XneferX ($100 in chips) 
Seat 5: coeeeelho ($121.70 in chips) 
Seat 6: Snowman4343 ($187.46 in chips) 
EasyGamerrr: posts small blind $0.50
XneferX: posts big blind $1
*** HOLE CARDS ***
coeeeelho: raises $1.20 to $2.20
Snowman4343: raises $8.80 to $11
SorinS28: folds 
AlexPinsk1: folds 
EasyGamerrr: folds 
XneferX: folds 
coeeeelho: folds 
Uncalled bet ($8.80) returned to Snowman4343
Snowman4343 collected $5.90 from pot
Snowman4343: doesn't show hand 
*** SUMMARY ***
Total pot $5.90 | Rake $0 
Seat 1: SorinS28 folded before Flop (didn't bet)
Seat 2: AlexPinsk1 (button) folded before Flop (didn't bet)
Seat 3: EasyGamerrr (small blind) folded before Flop
Seat 4: XneferX (big blind) folded before Flop
Seat 5: coeeeelho folded before Flop
Seat 6: Snowman4343 collected ($5.90)



PokerStars Hand #254642388554:  Hold'em No Limit ($0.50/$1.00 USD) - 2025/01/31 21:00:05 WET [2025/01/31 16:00:05 ET]
Table 'Lesath II' 6-max Seat #3 is the button
Seat 5: coeeeelho ($119.50 in chips) is sitting out
Seat 1: SorinS28 ($126.40 in chips) 
Seat 2: AlexPinsk1 ($144.65 in chips) 
Seat 3: EasyGamerrr ($137.11 in chips) 
Seat 4: XneferX ($100 in chips) 
Seat 6: Snowman4343 ($191.16 in chips) 
XneferX: posts small blind $0.50
coeeeelho: is sitting out 
Snowman4343: posts big blind $1
*** HOLE CARDS ***
SorinS28: raises $1.02 to $2.02
coeeeelho leaves the table
AlexPinsk1: raises $4.98 to $7
EasyGamerrr: folds 
XneferX: folds 
Snowman4343: folds 
michasia joins the table at seat #5 
SorinS28: folds 
Uncalled bet ($4.98) returned to AlexPinsk1
AlexPinsk1 collected $5.54 from pot
AlexPinsk1: doesn't show hand 
*** SUMMARY ***
Total pot $5.54 | Rake $0 
Seat 5: coeeeelho
Seat 1: SorinS28 folded before Flop
Seat 2: AlexPinsk1 collected ($5.54)
Seat 3: EasyGamerrr (button) folded before Flop (didn't bet)
Seat 4: XneferX (small blind) folded before Flop
Seat 6: Snowman4343 (big blind) folded before Flop



PokerStars Hand #254642393990:  Hold'em No Limit ($0.50/$1.00 USD) - 2025/01/31 21:00:30 WET [2025/01/31 16:00:30 ET]
Table 'Lesath II' 6-max Seat #4 is the button
Seat 5: michasia ($100 in chips) is sitting out
Seat 1: SorinS28 ($124.38 in chips) 
Seat 2: AlexPinsk1 ($148.17 in chips) 
Seat 3: EasyGamerrr ($137.11 in chips) 
Seat 4: XneferX ($100 in chips) 
Seat 6: Snowman4343 ($190.16 in chips) 
Snowman4343: posts small blind $0.50
SorinS28: posts big blind $1
*** HOLE CARDS ***
AlexPinsk1: folds 
EasyGamerrr: folds 
XneferX: raises $1.77 to $2.77
Snowman4343: calls $2.27
SorinS28: folds 
*** FLOP *** [Js 5d Qc]
Snowman4343: checks 
XneferX: bets $3.17
Snowman4343: folds 
Uncalled bet ($3.17) returned to XneferX
XneferX collected $6.21 from pot
XneferX: doesn't show hand 
*** SUMMARY ***
Total pot $6.54 | Rake $0.33 
Board [Js 5d Qc]
Seat 5: michasia
Seat 1: SorinS28 (big blind) folded before Flop
Seat 2: AlexPinsk1 folded before Flop (didn't bet)
Seat 3: EasyGamerrr folded before Flop (didn't bet)
Seat 4: XneferX (button) collected ($6.21)
Seat 6: Snowman4343 (small blind) folded on the Flop



PokerStars Hand #254642402791:  Hold'em No Limit ($0.50/$1.00 USD) - 2025/01/31 21:01:07 WET [2025/01/31 16:01:07 ET]
Table 'Lesath II' 6-max Seat #6 is the button
Seat 5: michasia ($100 in chips) is sitting out
Seat 1: SorinS28 ($123.38 in chips) 
Seat 2: AlexPinsk1 ($148.17 in chips) 
Seat 3: EasyGamerrr ($137.11 in chips) 
Seat 4: XneferX ($103.44 in chips) 
Seat 6: Snowman4343 ($187.39 in chips) 
SorinS28: posts small blind $0.50
AlexPinsk1: posts big blind $1
michasia: sits out 
*** HOLE CARDS ***
EasyGamerrr: folds 
XneferX: folds 
Snowman4343: folds 
SorinS28: folds 
Uncalled bet ($0.50) returned to AlexPinsk1
AlexPinsk1 collected $1 from pot
AlexPinsk1: doesn't show hand 
*** SUMMARY ***
Total pot $1 | Rake $0 
Seat 5: michasia
Seat 1: SorinS28 (small blind) folded before Flop
Seat 2: AlexPinsk1 (big blind) collected ($1)
Seat 3: EasyGamerrr folded before Flop (didn't bet)
Seat 4: XneferX folded before Flop (didn't bet)
Seat 6: Snowman4343 (button) folded before Flop (didn't bet)



PokerStars Hand #254642406659:  Hold'em No Limit ($0.50/$1.00 USD) - 2025/01/31 21:01:22 WET [2025/01/31 16:01:22 ET]
Table 'Lesath II' 6-max Seat #1 is the button
Seat 5: michasia ($100 in chips) is sitting out
Seat 1: SorinS28 ($122.88 in chips) 
Seat 2: AlexPinsk1 ($148.67 in chips) 
Seat 3: EasyGamerrr ($137.11 in chips) 
Seat 4: XneferX ($103.44 in chips) 
Seat 6: Snowman4343 ($187.39 in chips) 
AlexPinsk1: posts small blind $0.50
EasyGamerrr: posts big blind $1
michasia: sits out 
*** HOLE CARDS ***
XneferX: folds 
Snowman4343: folds 
SorinS28: folds 
AlexPinsk1: folds 
Uncalled bet ($0.50) returned to EasyGamerrr
EasyGamerrr collected $1 from pot
EasyGamerrr: doesn't show hand 
*** SUMMARY ***
Total pot $1 | Rake $0 
Seat 5: michasia
Seat 1: SorinS28 (button) folded before Flop (didn't bet)
Seat 2: AlexPinsk1 (small blind) folded before Flop
Seat 3: EasyGamerrr (big blind) collected ($1)
Seat 4: XneferX folded before Flop (didn't bet)
Seat 6: Snowman4343 folded before Flop (didn't bet)



PokerStars Hand #254642413202:  Hold'em No Limit ($0.50/$1.00 USD) - 2025/01/31 21:01:47 WET [2025/01/31 16:01:47 ET]
Table 'Lesath II' 6-max Seat #2 is the button
Seat 5: michasia ($100 in chips) is sitting out
Seat 1: SorinS28 ($122.88 in chips) 
Seat 2: AlexPinsk1 ($148.17 in chips) 
Seat 3: EasyGamerrr ($137.61 in chips) 
Seat 4: XneferX ($103.44 in chips) 
Seat 6: Snowman4343 ($187.39 in chips) 
EasyGamerrr: posts small blind $0.50
XneferX: posts big blind $1
michasia: sits out 
*** HOLE CARDS ***
Snowman4343: calls $1
SorinS28: folds 
AlexPinsk1: raises $1.50 to $2.50
EasyGamerrr: folds 
XneferX: folds 
Snowman4343: calls $1.50
*** FLOP *** [Jd 3d Td]
Snowman4343: bets $4.64
AlexPinsk1: folds 
Uncalled bet ($4.64) returned to Snowman4343
Snowman4343 collected $6.18 from pot
Snowman4343: doesn't show hand 
*** SUMMARY ***
Total pot $6.50 | Rake $0.32 
Board [Jd 3d Td]
Seat 5: michasia
Seat 1: SorinS28 folded before Flop (didn't bet)
Seat 2: AlexPinsk1 (button) folded on the Flop
Seat 3: EasyGamerrr (small blind) folded before Flop
Seat 4: XneferX (big blind) folded before Flop
Seat 6: Snowman4343 collected ($6.18)



PokerStars Hand #254642424023:  Hold'em No Limit ($0.50/$1.00 USD) - 2025/01/31 21:02:25 WET [2025/01/31 16:02:25 ET]
Table 'Lesath II' 6-max Seat #3 is the button
Seat 5: michasia ($100 in chips) is sitting out
Seat 1: SorinS28 ($122.88 in chips) 
Seat 2: AlexPinsk1 ($145.67 in chips) 
Seat 3: EasyGamerrr ($137.11 in chips) 
Seat 4: XneferX ($102.44 in chips) 
Seat 6: Snowman4343 ($191.07 in chips) 
XneferX: posts small blind $0.50
Snowman4343: posts big blind $1
*** HOLE CARDS ***
SorinS28: folds 
AlexPinsk1: folds 
EasyGamerrr: raises $1.50 to $2.50
XneferX: folds 
Snowman4343: folds 
Uncalled bet ($1.50) returned to EasyGamerrr
EasyGamerrr collected $2.50 from pot
EasyGamerrr: doesn't show hand 
*** SUMMARY ***
Total pot $2.50 | Rake $0 
Seat 5: michasia
Seat 1: SorinS28 folded before Flop (didn't bet)
Seat 2: AlexPinsk1 folded before Flop (didn't bet)
Seat 3: EasyGamerrr (button) collected ($2.50)
Seat 4: XneferX (small blind) folded before Flop
Seat 6: Snowman4343 (big blind) folded before Flop



PokerStars Hand #254642428747:  Hold'em No Limit ($0.50/$1.00 USD) - 2025/01/31 21:02:41 WET [2025/01/31 16:02:41 ET]
Table 'Lesath II' 6-max Seat #4 is the button
Seat 5: michasia ($100 in chips) is sitting out
Seat 1: SorinS28 ($122.88 in chips) 
Seat 2: AlexPinsk1 ($145.67 in chips) 
Seat 3: EasyGamerrr ($138.61 in chips) 
Seat 4: XneferX ($101.94 in chips) 
Seat 6: Snowman4343 ($190.07 in chips) 
Snowman4343: posts small blind $0.50
SorinS28: posts big blind $1
*** HOLE CARDS ***
AlexPinsk1: folds 
EasyGamerrr: folds 
XneferX: raises $1.77 to $2.77
Snowman4343: raises $6.23 to $9
SorinS28: folds 
XneferX: calls $6.23
*** FLOP *** [2d Td Ts]
Snowman4343: bets $13.54
XneferX: folds 
Uncalled bet ($13.54) returned to Snowman4343
Snowman4343 collected $18.05 from pot
Snowman4343: doesn't show hand 
*** SUMMARY ***
Total pot $19 | Rake $0.95 
Board [2d Td Ts]
Seat 5: michasia
Seat 1: SorinS28 (big blind) folded before Flop
Seat 2: AlexPinsk1 folded before Flop (didn't bet)
Seat 3: EasyGamerrr folded before Flop (didn't bet)
Seat 4: XneferX (button) folded on the Flop
Seat 6: Snowman4343 (small blind) collected ($18.05)



PokerStars Hand #254642445370:  Hold'em No Limit ($0.50/$1.00 USD) - 2025/01/31 21:03:37 WET [2025/01/31 16:03:37 ET]
Table 'Lesath II' 6-max Seat #6 is the button
Seat 5: michasia ($100 in chips) is sitting out
Seat 1: SorinS28 ($121.88 in chips) 
Seat 2: AlexPinsk1 ($145.67 in chips) 
Seat 3: EasyGamerrr ($138.61 in chips) 
Seat 4: XneferX ($100 in chips) 
Seat 6: Snowman4343 ($199.12 in chips) 
SorinS28: posts small blind $0.50
AlexPinsk1: posts big blind $1
*** HOLE CARDS ***
EasyGamerrr: raises $1 to $2
XneferX: raises $4 to $6
Snowman4343: calls $6
SorinS28: folds 
AlexPinsk1: raises $17.50 to $23.50
EasyGamerrr: folds 
XneferX: folds 
Snowman4343: folds 
Uncalled bet ($17.50) returned to AlexPinsk1
AlexPinsk1 collected $20.50 from pot
AlexPinsk1: doesn't show hand 
*** SUMMARY ***
Total pot $20.50 | Rake $0 
Seat 5: michasia
Seat 1: SorinS28 (small blind) folded before Flop
Seat 2: AlexPinsk1 (big blind) collected ($20.50)
Seat 3: EasyGamerrr folded before Flop
Seat 4: XneferX folded before Flop
Seat 6: Snowman4343 (button) folded before Flop



PokerStars Hand #254642460863:  Hold'em No Limit ($0.50/$1.00 USD) - 2025/01/31 21:04:28 WET [2025/01/31 16:04:28 ET]
Table 'Lesath II' 6-max Seat #1 is the button
Seat 5: michasia ($100 in chips) is sitting out
Seat 1: SorinS28 ($121.38 in chips) 
Seat 2: AlexPinsk1 ($160.17 in chips) 
Seat 3: EasyGamerrr ($136.61 in chips) 
Seat 4: XneferX ($100 in chips) 
Seat 6: Snowman4343 ($193.12 in chips) 
AlexPinsk1: posts small blind $0.50
EasyGamerrr: posts big blind $1
*** HOLE CARDS ***
XneferX: folds 
Snowman4343: raises $1.50 to $2.50
SorinS28: folds 
AlexPinsk1: folds 
EasyGamerrr: calls $1.50
*** FLOP *** [Ah 8h Jc]
EasyGamerrr: checks 
Snowman4343: bets $3.92
EasyGamerrr: calls $3.92
*** TURN *** [Ah 8h Jc] [Js]
EasyGamerrr: checks 
Snowman4343: checks 
*** RIVER *** [Ah 8h Jc Js] [5h]
EasyGamerrr: checks 
Snowman4343: checks 
*** SHOW DOWN ***
EasyGamerrr: shows [Ac 2c] (two pair, Aces and Jacks)
Snowman4343: mucks hand 
EasyGamerrr collected $12.67 from pot
*** SUMMARY ***
Total pot $13.34 | Rake $0.67 
Board [Ah 8h Jc Js 5h]
Seat 5: michasia
Seat 1: SorinS28 (button) folded before Flop (didn't bet)
Seat 2: AlexPinsk1 (small blind) folded before Flop
Seat 3: EasyGamerrr (big blind) showed [Ac 2c] and won ($12.67) with two pair, Aces and Jacks
Seat 4: XneferX folded before Flop (didn't bet)
Seat 6: Snowman4343 mucked



PokerStars Hand #254642473282:  Hold'em No Limit ($0.50/$1.00 USD) - 2025/01/31 21:05:08 WET [2025/01/31 16:05:08 ET]
Table 'Lesath II' 6-max Seat #2 is the button
Seat 4: XneferX ($100 in chips) is sitting out
Seat 5: michasia ($100 in chips) is sitting out
Seat 1: SorinS28 ($121.38 in chips) 
Seat 2: AlexPinsk1 ($159.67 in chips) 
Seat 3: EasyGamerrr ($142.86 in chips) 
Seat 6: Snowman4343 ($186.70 in chips) 
EasyGamerrr: posts small blind $0.50
Snowman4343: posts big blind $1
*** HOLE CARDS ***
SorinS28: folds 
AlexPinsk1: raises $1.50 to $2.50
EasyGamerrr: folds 
Snowman4343: raises $6.50 to $9
AlexPinsk1: calls $6.50
*** FLOP *** [5h 9s 3c]
Snowman4343: bets $8.79
AlexPinsk1: folds 
Uncalled bet ($8.79) returned to Snowman4343
Snowman4343 collected $17.58 from pot
Snowman4343: doesn't show hand 
*** SUMMARY ***
Total pot $18.50 | Rake $0.92 
Board [5h 9s 3c]
Seat 4: XneferX
Seat 5: michasia
Seat 1: SorinS28 folded before Flop (didn't bet)
Seat 2: AlexPinsk1 (button) folded on the Flop
Seat 3: EasyGamerrr (small blind) folded before Flop
Seat 6: Snowman4343 (big blind) collected ($17.58)



PokerStars Hand #254642487476:  Hold'em No Limit ($0.50/$1.00 USD) - 2025/01/31 21:05:55 WET [2025/01/31 16:05:55 ET]
Table 'Lesath II' 6-max Seat #3 is the button
Seat 4: XneferX ($100 in chips) is sitting out
Seat 5: michasia ($100 in chips) is sitting out
Seat 1: SorinS28 ($121.38 in chips) 
Seat 2: AlexPinsk1 ($150.67 in chips) 
Seat 3: EasyGamerrr ($142.36 in chips) 
Seat 6: Snowman4343 ($195.28 in chips) 
Snowman4343: posts small blind $0.50
SorinS28: posts big blind $1
*** HOLE CARDS ***
AlexPinsk1: folds 
EasyGamerrr: folds 
Snowman4343: raises $2 to $3
SorinS28: calls $2
*** FLOP *** [Ks Jc 9c]
Snowman4343: bets $2.85
SorinS28: calls $2.85
*** TURN *** [Ks Jc 9c] [4h]
Snowman4343: checks 
SorinS28: checks 
*** RIVER *** [Ks Jc 9c 4h] [As]
Snowman4343: bets $5.56
SorinS28: folds 
Uncalled bet ($5.56) returned to Snowman4343
Snowman4343 collected $11.12 from pot
Snowman4343: doesn't show hand 
*** SUMMARY ***
Total pot $11.70 | Rake $0.58 
Board [Ks Jc 9c 4h As]
Seat 4: XneferX
Seat 5: michasia
Seat 1: SorinS28 (big blind) folded on the River
Seat 2: AlexPinsk1 folded before Flop (didn't bet)
Seat 3: EasyGamerrr (button) folded before Flop (didn't bet)
Seat 6: Snowman4343 (small blind) collected ($11.12)



PokerStars Hand #254642505571:  Hold'em No Limit ($0.50/$1.00 USD) - 2025/01/31 21:06:55 WET [2025/01/31 16:06:55 ET]
Table 'Lesath II' 6-max Seat #6 is the button
Seat 4: XneferX ($100 in chips) is sitting out
Seat 5: michasia ($100 in chips) is sitting out
Seat 1: SorinS28 ($115.53 in chips) 
Seat 2: AlexPinsk1 ($150.67 in chips) 
Seat 3: EasyGamerrr ($142.36 in chips) 
Seat 6: Snowman4343 ($200.55 in chips) 
SorinS28: posts small blind $0.50
AlexPinsk1: posts big blind $1
michasia: sits out 
*** HOLE CARDS ***
EasyGamerrr: folds 
Snowman4343: raises $1.50 to $2.50
SorinS28: folds 
AlexPinsk1: calls $1.50
*** FLOP *** [3s 8d 3c]
AlexPinsk1: checks 
Snowman4343: bets $3.92
AlexPinsk1: folds 
Uncalled bet ($3.92) returned to Snowman4343
Snowman4343 collected $5.22 from pot
Snowman4343: doesn't show hand 
*** SUMMARY ***
Total pot $5.50 | Rake $0.28 
Board [3s 8d 3c]
Seat 4: XneferX
Seat 5: michasia
Seat 1: SorinS28 (small blind) folded before Flop
Seat 2: AlexPinsk1 (big blind) folded on the Flop
Seat 3: EasyGamerrr folded before Flop (didn't bet)
Seat 6: Snowman4343 (button) collected ($5.22)



PokerStars Hand #254642516183:  Hold'em No Limit ($0.50/$1.00 USD) - 2025/01/31 21:07:30 WET [2025/01/31 16:07:30 ET]
Table 'Lesath II' 6-max Seat #1 is the button
Seat 4: XneferX ($100 in chips) is sitting out
Seat 5: michasia ($100 in chips) is sitting out
Seat 1: SorinS28 ($115.03 in chips) 
Seat 2: AlexPinsk1 ($148.17 in chips) 
Seat 3: EasyGamerrr ($142.36 in chips) 
Seat 6: Snowman4343 ($203.27 in chips) 
AlexPinsk1: posts small blind $0.50
EasyGamerrr: posts big blind $1
michasia: sits out 
*** HOLE CARDS ***
Snowman4343: raises $1.50 to $2.50
SorinS28: folds 
AlexPinsk1: raises $7.50 to $10
EasyGamerrr: folds 
Snowman4343: calls $7.50
*** FLOP *** [2c 5s 2h]
AlexPinsk1: bets $10
Snowman4343: calls $10
*** TURN *** [2c 5s 2h] [2d]
AlexPinsk1: bets $27.50
Snowman4343: folds 
Uncalled bet ($27.50) returned to AlexPinsk1
AlexPinsk1 collected $40 from pot
AlexPinsk1: doesn't show hand 
*** SUMMARY ***
Total pot $41 | Rake $1 
Board [2c 5s 2h 2d]
Seat 4: XneferX
Seat 5: michasia
Seat 1: SorinS28 (button) folded before Flop (didn't bet)
Seat 2: AlexPinsk1 (small blind) collected ($40)
Seat 3: EasyGamerrr (big blind) folded before Flop
Seat 6: Snowman4343 folded on the Turn



PokerStars Hand #254642540259:  Hold'em No Limit ($0.50/$1.00 USD) - 2025/01/31 21:08:49 WET [2025/01/31 16:08:49 ET]
Table 'Lesath II' 6-max Seat #2 is the button
Seat 4: XneferX ($100 in chips) is sitting out
Seat 1: SorinS28 ($115.03 in chips) 
Seat 2: AlexPinsk1 ($168.17 in chips) 
Seat 3: EasyGamerrr ($141.36 in chips) 
Seat 5: michasia ($100 in chips) 
Seat 6: Snowman4343 ($183.27 in chips) 
EasyGamerrr: posts small blind $0.50
michasia: posts big blind $1
*** HOLE CARDS ***
Snowman4343: calls $1
SorinS28: raises $2.50 to $3.50
AlexPinsk1: folds 
EasyGamerrr: folds 
michasia: folds 
Snowman4343: calls $2.50
*** FLOP *** [2s Ts 3d]
Snowman4343: checks 
SorinS28: bets $4.04
Snowman4343: folds 
Uncalled bet ($4.04) returned to SorinS28
SorinS28 collected $8.08 from pot
SorinS28: doesn't show hand 
*** SUMMARY ***
Total pot $8.50 | Rake $0.42 
Board [2s Ts 3d]
Seat 4: XneferX
Seat 1: SorinS28 collected ($8.08)
Seat 2: AlexPinsk1 (button) folded before Flop (didn't bet)
Seat 3: EasyGamerrr (small blind) folded before Flop
Seat 5: michasia (big blind) folded before Flop
Seat 6: Snowman4343 folded on the Flop



PokerStars Hand #254642549520:  Hold'em No Limit ($0.50/$1.00 USD) - 2025/01/31 21:09:20 WET [2025/01/31 16:09:20 ET]
Table 'Lesath II' 6-max Seat #3 is the button
Seat 4: XneferX ($100 in chips) is sitting out
Seat 1: SorinS28 ($119.61 in chips) 
Seat 2: AlexPinsk1 ($168.17 in chips) 
Seat 3: EasyGamerrr ($140.86 in chips) 
Seat 5: michasia ($100 in chips) 
Seat 6: Snowman4343 ($179.77 in chips) 
michasia: posts small blind $0.50
Snowman4343: posts big blind $1
*** HOLE CARDS ***
SorinS28: folds 
AlexPinsk1: folds 
EasyGamerrr: raises $1.50 to $2.50
michasia: folds 
Snowman4343: folds 
Uncalled bet ($1.50) returned to EasyGamerrr
EasyGamerrr collected $2.50 from pot
EasyGamerrr: doesn't show hand 
*** SUMMARY ***
Total pot $2.50 | Rake $0 
Seat 4: XneferX
Seat 1: SorinS28 folded before Flop (didn't bet)
Seat 2: AlexPinsk1 folded before Flop (didn't bet)
Seat 3: EasyGamerrr (button) collected ($2.50)
Seat 5: michasia (small blind) folded before Flop
Seat 6: Snowman4343 (big blind) folded before Flop



PokerStars Hand #254642553424:  Hold'em No Limit ($0.50/$1.00 USD) - 2025/01/31 21:09:33 WET [2025/01/31 16:09:33 ET]
Table 'Lesath II' 6-max Seat #5 is the button
Seat 4: XneferX ($100 in chips) is sitting out
Seat 1: SorinS28 ($119.61 in chips) 
Seat 2: AlexPinsk1 ($168.17 in chips) 
Seat 3: EasyGamerrr ($142.36 in chips) 
Seat 5: michasia ($100 in chips) 
Seat 6: Snowman4343 ($178.77 in chips) 
Snowman4343: posts small blind $0.50
SorinS28: posts big blind $1
*** HOLE CARDS ***
AlexPinsk1: folds 
EasyGamerrr: folds 
michasia: folds 
Snowman4343: raises $2 to $3
SorinS28: folds 
Uncalled bet ($2) returned to Snowman4343
Snowman4343 collected $2 from pot
Snowman4343: doesn't show hand 
*** SUMMARY ***
Total pot $2 | Rake $0 
Seat 4: XneferX
Seat 1: SorinS28 (big blind) folded before Flop
Seat 2: AlexPinsk1 folded before Flop (didn't bet)
Seat 3: EasyGamerrr folded before Flop (didn't bet)
Seat 5: michasia (button) folded before Flop (didn't bet)
Seat 6: Snowman4343 (small blind) collected ($2)



PokerStars Hand #254642558948:  Hold'em No Limit ($0.50/$1.00 USD) - 2025/01/31 21:09:51 WET [2025/01/31 16:09:51 ET]
Table 'Lesath II' 6-max Seat #6 is the button
Seat 4: XneferX ($100 in chips) is sitting out
Seat 1: SorinS28 ($118.61 in chips) 
Seat 2: AlexPinsk1 ($168.17 in chips) 
Seat 3: EasyGamerrr ($142.36 in chips) 
Seat 5: michasia ($100 in chips) 
Seat 6: Snowman4343 ($179.77 in chips) 
SorinS28: posts small blind $0.50
AlexPinsk1: posts big blind $1
*** HOLE CARDS ***
EasyGamerrr: folds 
michasia: folds 
Snowman4343: raises $1.50 to $2.50
SorinS28: folds 
AlexPinsk1: folds 
Uncalled bet ($1.50) returned to Snowman4343
Snowman4343 collected $2.50 from pot
Snowman4343: doesn't show hand 
*** SUMMARY ***
Total pot $2.50 | Rake $0 
Seat 4: XneferX
Seat 1: SorinS28 (small blind) folded before Flop
Seat 2: AlexPinsk1 (big blind) folded before Flop
Seat 3: EasyGamerrr folded before Flop (didn't bet)
Seat 5: michasia folded before Flop (didn't bet)
Seat 6: Snowman4343 (button) collected ($2.50)



PokerStars Hand #254642563573:  Hold'em No Limit ($0.50/$1.00 USD) - 2025/01/31 21:10:06 WET [2025/01/31 16:10:06 ET]
Table 'Lesath II' 6-max Seat #1 is the button
Seat 4: XneferX ($100 in chips) is sitting out
Seat 1: SorinS28 ($118.11 in chips) 
Seat 2: AlexPinsk1 ($167.17 in chips) 
Seat 3: EasyGamerrr ($142.36 in chips) 
Seat 5: michasia ($100 in chips) 
Seat 6: Snowman4343 ($181.27 in chips) 
AlexPinsk1: posts small blind $0.50
EasyGamerrr: posts big blind $1
*** HOLE CARDS ***
michasia: folds 
Snowman4343: raises $1.50 to $2.50
SorinS28: folds 
AlexPinsk1: folds 
EasyGamerrr: folds 
Uncalled bet ($1.50) returned to Snowman4343
Snowman4343 collected $2.50 from pot
Snowman4343: doesn't show hand 
*** SUMMARY ***
Total pot $2.50 | Rake $0 
Seat 4: XneferX
Seat 1: SorinS28 (button) folded before Flop (didn't bet)
Seat 2: AlexPinsk1 (small blind) folded before Flop
Seat 3: EasyGamerrr (big blind) folded before Flop
Seat 5: michasia folded before Flop (didn't bet)
Seat 6: Snowman4343 collected ($2.50)



PokerStars Hand #254642567970:  Hold'em No Limit ($0.50/$1.00 USD) - 2025/01/31 21:10:21 WET [2025/01/31 16:10:21 ET]
Table 'Lesath II' 6-max Seat #2 is the button
Seat 1: SorinS28 ($118.11 in chips) 
Seat 2: AlexPinsk1 ($166.67 in chips) 
Seat 3: EasyGamerrr ($141.36 in chips) 
Seat 4: XneferX ($100 in chips) 
Seat 5: michasia ($100 in chips) 
Seat 6: Snowman4343 ($182.77 in chips) 
EasyGamerrr: posts small blind $0.50
XneferX: posts big blind $1
*** HOLE CARDS ***
michasia: folds 
Snowman4343: calls $1
SorinS28: folds 
AlexPinsk1: folds 
EasyGamerrr: folds 
XneferX: checks 
*** FLOP *** [2h 5s As]
XneferX: checks 
Snowman4343: bets $2.38
XneferX: raises $5.50 to $7.88
Snowman4343: folds 
Uncalled bet ($5.50) returned to XneferX
XneferX collected $6.90 from pot
XneferX: doesn't show hand 
*** SUMMARY ***
Total pot $7.26 | Rake $0.36 
Board [2h 5s As]
Seat 1: SorinS28 folded before Flop (didn't bet)
Seat 2: AlexPinsk1 (button) folded before Flop (didn't bet)
Seat 3: EasyGamerrr (small blind) folded before Flop
Seat 4: XneferX (big blind) collected ($6.90)
Seat 5: michasia folded before Flop (didn't bet)
Seat 6: Snowman4343 folded on the Flop



PokerStars Hand #254642584907:  Hold'em No Limit ($0.50/$1.00 USD) - 2025/01/31 21:11:15 WET [2025/01/31 16:11:15 ET]
Table 'Lesath II' 6-max Seat #3 is the button
Seat 1: SorinS28 ($118.11 in chips) 
Seat 2: AlexPinsk1 ($166.67 in chips) 
Seat 3: EasyGamerrr ($140.86 in chips) 
Seat 4: XneferX ($103.52 in chips) 
Seat 5: michasia ($100 in chips) 
Seat 6: Snowman4343 ($179.39 in chips) 
XneferX: posts small blind $0.50
michasia: posts big blind $1
*** HOLE CARDS ***
Snowman4343: folds 
SorinS28: raises $1.02 to $2.02
AlexPinsk1: folds 
Snowman4343 leaves the table
EasyGamerrr: folds 
XneferX: folds 
michasia: calls $1.02
*** FLOP *** [9h 8h 5d]
michasia: checks 
SorinS28: bets $1.21
michasia: raises $2.42 to $3.63
SorinS28: calls $2.42
*** TURN *** [9h 8h 5d] [8c]
michasia: bets $14.01
SorinS28: calls $14.01
*** RIVER *** [9h 8h 5d 8c] [Ks]
michasia: checks 
SorinS28: bets $28.37
michasia: folds 
Uncalled bet ($28.37) returned to SorinS28
SorinS28 collected $37.83 from pot
SorinS28: doesn't show hand 
*** SUMMARY ***
Total pot $39.82 | Rake $1.99 
Board [9h 8h 5d 8c Ks]
Seat 1: SorinS28 collected ($37.83)
Seat 2: AlexPinsk1 folded before Flop (didn't bet)
Seat 3: EasyGamerrr (button) folded before Flop (didn't bet)
Seat 4: XneferX (small blind) folded before Flop
Seat 5: michasia (big blind) folded on the River
Seat 6: Snowman4343 folded before Flop (didn't bet)



PokerStars Hand #254642823823:  Hold'em No Limit ($0.50/$1.00 USD) - 2025/01/31 21:23:52 WET [2025/01/31 16:23:52 ET]
Table 'Lesath II' 6-max Seat #6 is the button
Seat 4: nikalas22 ($100 in chips) is sitting out
Seat 2: AlexPinsk1 ($166.67 in chips) 
Seat 6: michasia ($100 in chips) 
michasia: posts small blind $0.50
AlexPinsk1: posts big blind $1
*** HOLE CARDS ***
michasia: folds 
Uncalled bet ($0.50) returned to AlexPinsk1
Karl3234 joins the table at seat #1 
AlexPinsk1 collected $1 from pot
AlexPinsk1: doesn't show hand 
*** SUMMARY ***
Total pot $1 | Rake $0 
Seat 4: nikalas22
Seat 2: AlexPinsk1 (big blind) collected ($1)
Seat 6: michasia (button) (small blind) folded before Flop



PokerStars Hand #254642826125:  Hold'em No Limit ($0.50/$1.00 USD) - 2025/01/31 21:23:59 WET [2025/01/31 16:23:59 ET]
Table 'Lesath II' 6-max Seat #2 is the button
Seat 4: nikalas22 ($100 in chips) is sitting out
Seat 1: Karl3234 ($50 in chips) 
Seat 2: AlexPinsk1 ($167.17 in chips) 
Seat 6: michasia ($100 in chips) 
michasia: posts small blind $0.50
Karl3234: posts big blind $1
*** HOLE CARDS ***
AlexPinsk1: folds 
michasia: raises $2 to $3
Karl3234: calls $2
*** FLOP *** [4h 7d 5h]
michasia: bets $3.80
Karl3234: calls $3.80
*** TURN *** [4h 7d 5h] [9h]
BumHuntKing joins the table at seat #3 
michasia: bets $8.61
XneferX joins the table at seat #5 
Karl3234: folds 
Uncalled bet ($8.61) returned to michasia
michasia collected $12.92 from pot
michasia: doesn't show hand 
*** SUMMARY ***
Total pot $13.60 | Rake $0.68 
Board [4h 7d 5h 9h]
Seat 4: nikalas22
Seat 1: Karl3234 (big blind) folded on the Turn
Seat 2: AlexPinsk1 (button) folded before Flop (didn't bet)
Seat 6: michasia (small blind) collected ($12.92)



PokerStars Hand #254642833929:  Hold'em No Limit ($0.50/$1.00 USD) - 2025/01/31 21:24:24 WET [2025/01/31 16:24:24 ET]
Table 'Lesath II' 6-max Seat #6 is the button
Seat 3: BumHuntKing ($100 in chips) is sitting out
Seat 4: nikalas22 ($100 in chips) is sitting out
Seat 5: XneferX ($103.02 in chips) is sitting out
Seat 1: Karl3234 ($43.20 in chips) 
Seat 2: AlexPinsk1 ($167.17 in chips) 
Seat 6: michasia ($106.12 in chips) 
Karl3234: posts small blind $0.50
AlexPinsk1: posts big blind $1
BumHuntKing: sits out 
nikalas22: sits out 
XneferX: sits out 
*** HOLE CARDS ***
michasia: raises $1.80 to $2.80
Karl3234: folds 
AlexPinsk1: folds 
Uncalled bet ($1.80) returned to michasia
michasia collected $2.50 from pot
michasia: doesn't show hand 
*** SUMMARY ***
Total pot $2.50 | Rake $0 
Seat 3: BumHuntKing
Seat 4: nikalas22
Seat 5: XneferX
Seat 1: Karl3234 (small blind) folded before Flop
Seat 2: AlexPinsk1 (big blind) folded before Flop
Seat 6: michasia (button) collected ($2.50)



PokerStars Hand #254642837372:  Hold'em No Limit ($0.50/$1.00 USD) - 2025/01/31 21:24:35 WET [2025/01/31 16:24:35 ET]
Table 'Lesath II' 6-max Seat #1 is the button
Seat 4: nikalas22 ($100 in chips) is sitting out
Seat 5: XneferX ($103.02 in chips) is sitting out
Seat 1: Karl3234 ($42.70 in chips) 
Seat 2: AlexPinsk1 ($166.17 in chips) 
Seat 3: BumHuntKing ($100 in chips) 
Seat 6: michasia ($107.62 in chips) 
AlexPinsk1: posts small blind $0.50
BumHuntKing: posts big blind $1
nikalas22: sits out 
XneferX: sits out 
*** HOLE CARDS ***
michasia: folds 
Karl3234: folds 
AlexPinsk1: raises $2 to $3
BumHuntKing: raises $6 to $9
AlexPinsk1: folds 
Uncalled bet ($6) returned to BumHuntKing
BumHuntKing collected $6 from pot
BumHuntKing: doesn't show hand 
*** SUMMARY ***
Total pot $6 | Rake $0 
Seat 4: nikalas22
Seat 5: XneferX
Seat 1: Karl3234 (button) folded before Flop (didn't bet)
Seat 2: AlexPinsk1 (small blind) folded before Flop
Seat 3: BumHuntKing (big blind) collected ($6)
Seat 6: michasia folded before Flop (didn't bet)



PokerStars Hand #254642843198:  Hold'em No Limit ($0.50/$1.00 USD) - 2025/01/31 21:24:53 WET [2025/01/31 16:24:53 ET]
Table 'Lesath II' 6-max Seat #2 is the button
Seat 5: XneferX ($103.02 in chips) is sitting out
Seat 1: Karl3234 ($42.70 in chips) 
Seat 2: AlexPinsk1 ($163.17 in chips) 
Seat 3: BumHuntKing ($103 in chips) 
Seat 4: nikalas22 ($100 in chips) 
Seat 6: michasia ($107.62 in chips) 
BumHuntKing: posts small blind $0.50
nikalas22: posts big blind $1
XneferX: sits out 
*** HOLE CARDS ***
michasia: folds 
Karl3234: folds 
AlexPinsk1: folds 
BumHuntKing: raises $2 to $3
nikalas22: folds 
Uncalled bet ($2) returned to BumHuntKing
BumHuntKing collected $2 from pot
BumHuntKing: doesn't show hand 
michasia leaves the table
*** SUMMARY ***
Total pot $2 | Rake $0 
Seat 5: XneferX
Seat 1: Karl3234 folded before Flop (didn't bet)
Seat 2: AlexPinsk1 (button) folded before Flop (didn't bet)
Seat 3: BumHuntKing (small blind) collected ($2)
Seat 4: nikalas22 (big blind) folded before Flop
Seat 6: michasia folded before Flop (didn't bet)



PokerStars Hand #254642846681:  Hold'em No Limit ($0.50/$1.00 USD) - 2025/01/31 21:25:05 WET [2025/01/31 16:25:05 ET]
Table 'Lesath II' 6-max Seat #3 is the button
Seat 1: Karl3234 ($42.70 in chips) 
Seat 2: AlexPinsk1 ($163.17 in chips) 
Seat 3: BumHuntKing ($104 in chips) 
Seat 4: nikalas22 ($100 in chips) 
Seat 5: XneferX ($103.02 in chips) 
nikalas22: posts small blind $0.50
XneferX: posts big blind $1
*** HOLE CARDS ***
Karl3234: folds 
AlexPinsk1: folds 
NajimK7 joins the table at seat #6 
NajimK7 is disconnected 
BumHuntKing: raises $1.50 to $2.50
nikalas22: folds 
XneferX: calls $1.50
*** FLOP *** [7d 7s 5c]
XneferX: checks 
BumHuntKing: checks 
*** TURN *** [7d 7s 5c] [Kh]
XneferX: checks 
BumHuntKing: bets $1.72
XneferX: folds 
Uncalled bet ($1.72) returned to BumHuntKing
BumHuntKing collected $5.22 from pot
BumHuntKing: doesn't show hand 
*** SUMMARY ***
Total pot $5.50 | Rake $0.28 
Board [7d 7s 5c Kh]
Seat 1: Karl3234 folded before Flop (didn't bet)
Seat 2: AlexPinsk1 folded before Flop (didn't bet)
Seat 3: BumHuntKing (button) collected ($5.22)
Seat 4: nikalas22 (small blind) folded before Flop
Seat 5: XneferX (big blind) folded on the Turn



PokerStars Hand #254642865925:  Hold'em No Limit ($0.50/$1.00 USD) - 2025/01/31 21:26:06 WET [2025/01/31 16:26:06 ET]
Table 'Lesath II' 6-max Seat #4 is the button
Seat 1: Karl3234 ($42.70 in chips) 
Seat 2: AlexPinsk1 ($163.17 in chips) 
Seat 3: BumHuntKing ($106.72 in chips) 
Seat 4: nikalas22 ($100 in chips) 
Seat 5: XneferX ($100.52 in chips) 
Seat 6: NajimK7 ($10 in chips) 
XneferX: posts small blind $0.50
NajimK7: posts big blind $1
*** HOLE CARDS ***
Karl3234: folds 
AlexPinsk1: raises $1.50 to $2.50
BumHuntKing: folds 
nikalas22: folds 
XneferX: folds 
NajimK7: calls $1.50
*** FLOP *** [8s 3d Qd]
NajimK7: bets $7.50 and is all-in
AlexPinsk1: calls $7.50
*** TURN *** [8s 3d Qd] [As]
*** RIVER *** [8s 3d Qd As] [Td]
*** SHOW DOWN ***
NajimK7: shows [6s Ks] (high card Ace)
AlexPinsk1: shows [Kd 7d] (a flush, King high)
AlexPinsk1 collected $19.48 from pot
*** SUMMARY ***
Total pot $20.50 | Rake $1.02 
Board [8s 3d Qd As Td]
Seat 1: Karl3234 folded before Flop (didn't bet)
Seat 2: AlexPinsk1 showed [Kd 7d] and won ($19.48) with a flush, King high
Seat 3: BumHuntKing folded before Flop (didn't bet)
Seat 4: nikalas22 (button) folded before Flop (didn't bet)
Seat 5: XneferX (small blind) folded before Flop
Seat 6: NajimK7 (big blind) showed [6s Ks] and lost with high card Ace



PokerStars Hand #254642886340:  Hold'em No Limit ($0.50/$1.00 USD) - 2025/01/31 21:27:12 WET [2025/01/31 16:27:12 ET]
Table 'Lesath II' 6-max Seat #5 is the button
Seat 6: NajimK7 ($0 in chips) is sitting out
Seat 1: Karl3234 ($42.70 in chips) 
Seat 2: AlexPinsk1 ($172.65 in chips) 
Seat 3: BumHuntKing ($106.72 in chips) 
Seat 4: nikalas22 ($100 in chips) 
Seat 5: XneferX ($100.02 in chips) 
Karl3234: posts small blind $0.50
AlexPinsk1: posts big blind $1
*** HOLE CARDS ***
BumHuntKing: raises $1.20 to $2.20
nikalas22: folds 
XneferX: folds 
Karl3234: folds 
AlexPinsk1: folds 
Uncalled bet ($1.20) returned to BumHuntKing
NajimK7 leaves the table
BumHuntKing collected $2.50 from pot
BumHuntKing: doesn't show hand 
*** SUMMARY ***
Total pot $2.50 | Rake $0 
Seat 6: NajimK7
Seat 1: Karl3234 (small blind) folded before Flop
Seat 2: AlexPinsk1 (big blind) folded before Flop
Seat 3: BumHuntKing collected ($2.50)
Seat 4: nikalas22 folded before Flop (didn't bet)
Seat 5: XneferX (button) folded before Flop (didn't bet)



PokerStars Hand #254642891549:  Hold'em No Limit ($0.50/$1.00 USD) - 2025/01/31 21:27:28 WET [2025/01/31 16:27:28 ET]
Table 'Lesath II' 6-max Seat #1 is the button
Seat 1: Karl3234 ($42.20 in chips) 
Seat 2: AlexPinsk1 ($171.65 in chips) 
Seat 3: BumHuntKing ($108.22 in chips) 
Seat 4: nikalas22 ($100 in chips) 
Seat 5: XneferX ($100.02 in chips) 
AlexPinsk1: posts small blind $0.50
BumHuntKing: posts big blind $1
*** HOLE CARDS ***
nikalas22: folds 
sta$igk joins the table at seat #6 
XneferX: folds 
Karl3234: raises $1.50 to $2.50
AlexPinsk1: folds 
BumHuntKing: folds 
Uncalled bet ($1.50) returned to Karl3234
Karl3234 collected $2.50 from pot
Karl3234: doesn't show hand 
*** SUMMARY ***
Total pot $2.50 | Rake $0 
Seat 1: Karl3234 (button) collected ($2.50)
Seat 2: AlexPinsk1 (small blind) folded before Flop
Seat 3: BumHuntKing (big blind) folded before Flop
Seat 4: nikalas22 folded before Flop (didn't bet)
Seat 5: XneferX folded before Flop (didn't bet)



PokerStars Hand #254642898052:  Hold'em No Limit ($0.50/$1.00 USD) - 2025/01/31 21:27:49 WET [2025/01/31 16:27:49 ET]
Table 'Lesath II' 6-max Seat #2 is the button
Seat 6: sta$igk ($100 in chips) is sitting out
Seat 1: Karl3234 ($43.70 in chips) 
Seat 2: AlexPinsk1 ($171.15 in chips) 
Seat 3: BumHuntKing ($107.22 in chips) 
Seat 4: nikalas22 ($100 in chips) 
Seat 5: XneferX ($100.02 in chips) 
BumHuntKing: posts small blind $0.50
nikalas22: posts big blind $1
sta$igk: sits out 
*** HOLE CARDS ***
XneferX: raises $1.10 to $2.10
Karl3234: calls $2.10
AlexPinsk1: folds 
BumHuntKing: folds 
nikalas22: folds 
*** FLOP *** [Qs 3c Th]
XneferX: bets $1.84
Karl3234: raises $4.55 to $6.39
XneferX: calls $4.55
*** TURN *** [Qs 3c Th] [Ah]
XneferX: checks 
Karl3234: bets $12.12
XneferX: calls $12.12
*** RIVER *** [Qs 3c Th Ah] [2h]
XneferX: checks 
Karl3234: bets $10.55
XneferX: calls $10.55
*** SHOW DOWN ***
Karl3234: shows [Qh Ts] (two pair, Queens and Tens)
XneferX: shows [Ac Qd] (two pair, Aces and Queens)
XneferX collected $61.32 from pot
*** SUMMARY ***
Total pot $63.82 | Rake $2.50 
Board [Qs 3c Th Ah 2h]
Seat 6: sta$igk
Seat 1: Karl3234 showed [Qh Ts] and lost with two pair, Queens and Tens
Seat 2: AlexPinsk1 (button) folded before Flop (didn't bet)
Seat 3: BumHuntKing (small blind) folded before Flop
Seat 4: nikalas22 (big blind) folded before Flop
Seat 5: XneferX showed [Ac Qd] and won ($61.32) with two pair, Aces and Queens



PokerStars Hand #254642920900:  Hold'em No Limit ($0.50/$1.00 USD) - 2025/01/31 21:29:02 WET [2025/01/31 16:29:02 ET]
Table 'Lesath II' 6-max Seat #3 is the button
Seat 5: XneferX ($130.18 in chips) is sitting out
Seat 1: Karl3234 ($12.54 in chips) 
Seat 2: AlexPinsk1 ($171.15 in chips) 
Seat 3: BumHuntKing ($106.72 in chips) 
Seat 4: nikalas22 ($100 in chips) 
Seat 6: sta$igk ($100 in chips) 
nikalas22: posts small blind $0.50
XneferX: is sitting out 
sta$igk: posts big blind $1
*** HOLE CARDS ***
Karl3234: folds 
XneferX leaves the table
AlexPinsk1: raises $1.50 to $2.50
BumHuntKing: folds 
nikalas22: folds 
sta$igk: folds 
Uncalled bet ($1.50) returned to AlexPinsk1
AlexPinsk1 collected $2.50 from pot
AlexPinsk1: doesn't show hand 
*** SUMMARY ***
Total pot $2.50 | Rake $0 
Seat 5: XneferX
Seat 1: Karl3234 folded before Flop (didn't bet)
Seat 2: AlexPinsk1 collected ($2.50)
Seat 3: BumHuntKing (button) folded before Flop (didn't bet)
Seat 4: nikalas22 (small blind) folded before Flop
Seat 6: sta$igk (big blind) folded before Flop



PokerStars Hand #254642926178:  Hold'em No Limit ($0.50/$1.00 USD) - 2025/01/31 21:29:20 WET [2025/01/31 16:29:20 ET]
Table 'Lesath II' 6-max Seat #4 is the button
Seat 1: Karl3234 ($12.54 in chips) is sitting out
Seat 2: AlexPinsk1 ($172.65 in chips) 
Seat 3: BumHuntKing ($106.72 in chips) 
Seat 4: nikalas22 ($100 in chips) 
Seat 6: sta$igk ($100 in chips) 
sta$igk: posts small blind $0.50
Karl3234: is sitting out 
AlexPinsk1: posts big blind $1
*** HOLE CARDS ***
BumHuntKing: raises $1.20 to $2.20
nikalas22: folds 
sta$igk: raises $8.80 to $11
AlexPinsk1: folds 
BumHuntKing: calls $8.80
*** FLOP *** [8s 7s 2s]
sta$igk: bets $5.50
zhino joins the table at seat #5 
BumHuntKing: folds 
Uncalled bet ($5.50) returned to sta$igk
sta$igk collected $22 from pot
sta$igk: doesn't show hand 
*** SUMMARY ***
Total pot $23 | Rake $1 
Board [8s 7s 2s]
Seat 1: Karl3234
Seat 2: AlexPinsk1 (big blind) folded before Flop
Seat 3: BumHuntKing folded on the Flop
Seat 4: nikalas22 (button) folded before Flop (didn't bet)
Seat 6: sta$igk (small blind) collected ($22)



PokerStars Hand #254642938403:  Hold'em No Limit ($0.50/$1.00 USD) - 2025/01/31 21:29:58 WET [2025/01/31 16:29:58 ET]
Table 'Lesath II' 6-max Seat #6 is the button
Seat 1: Karl3234 ($12.54 in chips) is sitting out
Seat 5: zhino ($100 in chips) is sitting out
Seat 2: AlexPinsk1 ($171.65 in chips) 
Seat 3: BumHuntKing ($100 in chips) 
Seat 4: nikalas22 ($100 in chips) 
Seat 6: sta$igk ($111 in chips) 
AlexPinsk1: posts small blind $0.50
BumHuntKing: posts big blind $1
zhino: sits out 
*** HOLE CARDS ***
nikalas22: folds 
sta$igk: raises $1.50 to $2.50
AlexPinsk1: folds 
BumHuntKing: calls $1.50
*** FLOP *** [Jc 5h Kh]
BumHuntKing: checks 
sta$igk: checks 
*** TURN *** [Jc 5h Kh] [Qs]
BumHuntKing: checks 
sta$igk: bets $3.92
BumHuntKing: folds 
Uncalled bet ($3.92) returned to sta$igk
sta$igk collected $5.22 from pot
sta$igk: doesn't show hand 
*** SUMMARY ***
Total pot $5.50 | Rake $0.28 
Board [Jc 5h Kh Qs]
Seat 1: Karl3234
Seat 5: zhino
Seat 2: AlexPinsk1 (small blind) folded before Flop
Seat 3: BumHuntKing (big blind) folded on the Turn
Seat 4: nikalas22 folded before Flop (didn't bet)
Seat 6: sta$igk (button) collected ($5.22)



PokerStars Hand #254642954294:  Hold'em No Limit ($0.50/$1.00 USD) - 2025/01/31 21:30:50 WET [2025/01/31 16:30:50 ET]
Table 'Lesath II' 6-max Seat #2 is the button
Seat 1: Karl3234 ($12.54 in chips) is sitting out
Seat 5: zhino ($100 in chips) is sitting out
Seat 2: AlexPinsk1 ($171.15 in chips) 
Seat 3: BumHuntKing ($100 in chips) 
Seat 4: nikalas22 ($100 in chips) 
Seat 6: sta$igk ($113.72 in chips) 
BumHuntKing: posts small blind $0.50
nikalas22: posts big blind $1
zhino: sits out 
*** HOLE CARDS ***
sta$igk: folds 
AlexPinsk1: raises $1.50 to $2.50
BumHuntKing: folds 
nikalas22: folds 
Uncalled bet ($1.50) returned to AlexPinsk1
AlexPinsk1 collected $2.50 from pot
AlexPinsk1: doesn't show hand 
*** SUMMARY ***
Total pot $2.50 | Rake $0 
Seat 1: Karl3234
Seat 5: zhino
Seat 2: AlexPinsk1 (button) collected ($2.50)
Seat 3: BumHuntKing (small blind) folded before Flop
Seat 4: nikalas22 (big blind) folded before Flop
Seat 6: sta$igk folded before Flop (didn't bet)



PokerStars Hand #254642960651:  Hold'em No Limit ($0.50/$1.00 USD) - 2025/01/31 21:31:10 WET [2025/01/31 16:31:10 ET]
Table 'Lesath II' 6-max Seat #3 is the button
Seat 1: Karl3234 ($12.54 in chips) is sitting out
Seat 2: AlexPinsk1 ($172.65 in chips) 
Seat 3: BumHuntKing ($100 in chips) 
Seat 4: nikalas22 ($100 in chips) 
Seat 5: zhino ($100 in chips) 
Seat 6: sta$igk ($113.72 in chips) 
nikalas22: posts small blind $0.50
zhino: posts big blind $1
Karl3234: sits out 
*** HOLE CARDS ***
sta$igk: folds 
sta$igk leaves the table
AlexPinsk1: folds 
BumHuntKing: folds 
nikalas22: raises $2 to $3
zhino: folds 
Uncalled bet ($2) returned to nikalas22
nikalas22 collected $2 from pot
nikalas22: doesn't show hand 
*** SUMMARY ***
Total pot $2 | Rake $0 
Seat 1: Karl3234
Seat 2: AlexPinsk1 folded before Flop (didn't bet)
Seat 3: BumHuntKing (button) folded before Flop (didn't bet)
Seat 4: nikalas22 (small blind) collected ($2)
Seat 5: zhino (big blind) folded before Flop
Seat 6: sta$igk folded before Flop (didn't bet)



PokerStars Hand #254642971977:  Hold'em No Limit ($0.50/$1.00 USD) - 2025/01/31 21:31:46 WET [2025/01/31 16:31:46 ET]
Table 'Lesath II' 6-max Seat #4 is the button
Seat 1: Karl3234 ($12.54 in chips) 
Seat 2: AlexPinsk1 ($172.65 in chips) 
Seat 3: BumHuntKing ($100 in chips) 
Seat 4: nikalas22 ($101 in chips) 
Seat 5: zhino ($100 in chips) 
zhino: posts small blind $0.50
Karl3234: posts big blind $1
*** HOLE CARDS ***
AlexPinsk1: folds 
BumHuntKing: folds 
nikalas22: folds 
zhino: raises $17.99 to $18.99
Lord John P III joins the table at seat #6 
Lord John P III is disconnected 
Karl3234: folds 
Uncalled bet ($17.99) returned to zhino
zhino collected $2 from pot
zhino: doesn't show hand 
*** SUMMARY ***
Total pot $2 | Rake $0 
Seat 1: Karl3234 (big blind) folded before Flop
Seat 2: AlexPinsk1 folded before Flop (didn't bet)
Seat 3: BumHuntKing folded before Flop (didn't bet)
Seat 4: nikalas22 (button) folded before Flop (didn't bet)
Seat 5: zhino (small blind) collected ($2)



PokerStars Hand #254642982510:  Hold'em No Limit ($0.50/$1.00 USD) - 2025/01/31 21:32:20 WET [2025/01/31 16:32:20 ET]
Table 'Lesath II' 6-max Seat #5 is the button
Seat 6: Lord John P III ($100 in chips) is sitting out
Seat 1: Karl3234 ($11.54 in chips) 
Seat 2: AlexPinsk1 ($172.65 in chips) 
Seat 3: BumHuntKing ($100 in chips) 
Seat 4: nikalas22 ($101 in chips) 
Seat 5: zhino ($101 in chips) 
Karl3234: posts small blind $0.50
AlexPinsk1: posts big blind $1
*** HOLE CARDS ***
BumHuntKing: folds 
nikalas22: folds 
zhino: folds 
Karl3234: folds 
Uncalled bet ($0.50) returned to AlexPinsk1
AlexPinsk1 collected $1 from pot
AlexPinsk1: doesn't show hand 
*** SUMMARY ***
Total pot $1 | Rake $0 
Seat 6: Lord John P III
Seat 1: Karl3234 (small blind) folded before Flop
Seat 2: AlexPinsk1 (big blind) collected ($1)
Seat 3: BumHuntKing folded before Flop (didn't bet)
Seat 4: nikalas22 folded before Flop (didn't bet)
Seat 5: zhino (button) folded before Flop (didn't bet)



PokerStars Hand #254642990315:  Hold'em No Limit ($0.50/$1.00 USD) - 2025/01/31 21:32:46 WET [2025/01/31 16:32:46 ET]
Table 'Lesath II' 6-max Seat #1 is the button
Seat 6: Lord John P III ($100 in chips) is sitting out
Seat 1: Karl3234 ($11.04 in chips) 
Seat 2: AlexPinsk1 ($173.15 in chips) 
Seat 3: BumHuntKing ($100 in chips) 
Seat 4: nikalas22 ($101 in chips) 
Seat 5: zhino ($101 in chips) 
AlexPinsk1: posts small blind $0.50
BumHuntKing: posts big blind $1
Lord John P III: sits out 
*** HOLE CARDS ***
nikalas22: folds 
zhino: raises $1.79 to $2.79
Karl3234: folds 
AlexPinsk1: folds 
BumHuntKing: folds 
Uncalled bet ($1.79) returned to zhino
zhino collected $2.50 from pot
zhino: doesn't show hand 
*** SUMMARY ***
Total pot $2.50 | Rake $0 
Seat 6: Lord John P III
Seat 1: Karl3234 (button) folded before Flop (didn't bet)
Seat 2: AlexPinsk1 (small blind) folded before Flop
Seat 3: BumHuntKing (big blind) folded before Flop
Seat 4: nikalas22 folded before Flop (didn't bet)
Seat 5: zhino collected ($2.50)



PokerStars Hand #254642998502:  Hold'em No Limit ($0.50/$1.00 USD) - 2025/01/31 21:33:12 WET [2025/01/31 16:33:12 ET]
Table 'Lesath II' 6-max Seat #2 is the button
Seat 6: Lord John P III ($100 in chips) is sitting out
Seat 1: Karl3234 ($11.04 in chips) 
Seat 2: AlexPinsk1 ($172.65 in chips) 
Seat 3: BumHuntKing ($100 in chips) 
Seat 4: nikalas22 ($101 in chips) 
Seat 5: zhino ($102.50 in chips) 
BumHuntKing: posts small blind $0.50
nikalas22: posts big blind $1
Lord John P III: sits out 
*** HOLE CARDS ***
zhino: folds 
Karl3234: folds 
AlexPinsk1: folds 
BumHuntKing: folds 
Uncalled bet ($0.50) returned to nikalas22
nikalas22 collected $1 from pot
nikalas22: doesn't show hand 
*** SUMMARY ***
Total pot $1 | Rake $0 
Seat 6: Lord John P III
Seat 1: Karl3234 folded before Flop (didn't bet)
Seat 2: AlexPinsk1 (button) folded before Flop (didn't bet)
Seat 3: BumHuntKing (small blind) folded before Flop
Seat 4: nikalas22 (big blind) collected ($1)
Seat 5: zhino folded before Flop (didn't bet)



PokerStars Hand #254643004272:  Hold'em No Limit ($0.50/$1.00 USD) - 2025/01/31 21:33:31 WET [2025/01/31 16:33:31 ET]
Table 'Lesath II' 6-max Seat #3 is the button
Seat 6: Lord John P III ($100 in chips) is sitting out
Seat 1: Karl3234 ($11.04 in chips) 
Seat 2: AlexPinsk1 ($172.65 in chips) 
Seat 3: BumHuntKing ($100 in chips) 
Seat 4: nikalas22 ($101.50 in chips) 
Seat 5: zhino ($102.50 in chips) 
nikalas22: posts small blind $0.50
zhino: posts big blind $1
Lord John P III: sits out 
*** HOLE CARDS ***
Karl3234: folds 
AlexPinsk1: folds 
BumHuntKing: raises $1.50 to $2.50
nikalas22: raises $9.50 to $12
zhino: folds 
BumHuntKing: folds 
Uncalled bet ($9.50) returned to nikalas22
nikalas22 collected $6 from pot
nikalas22: doesn't show hand 
*** SUMMARY ***
Total pot $6 | Rake $0 
Seat 6: Lord John P III
Seat 1: Karl3234 folded before Flop (didn't bet)
Seat 2: AlexPinsk1 folded before Flop (didn't bet)
Seat 3: BumHuntKing (button) folded before Flop
Seat 4: nikalas22 (small blind) collected ($6)
Seat 5: zhino (big blind) folded before Flop



PokerStars Hand #254643016190:  Hold'em No Limit ($0.50/$1.00 USD) - 2025/01/31 21:34:09 WET [2025/01/31 16:34:09 ET]
Table 'Lesath II' 6-max Seat #4 is the button
Seat 1: Karl3234 ($11.04 in chips) 
Seat 2: AlexPinsk1 ($172.65 in chips) 
Seat 3: BumHuntKing ($100 in chips) 
Seat 4: nikalas22 ($105 in chips) 
Seat 5: zhino ($101.50 in chips) 
Seat 6: Lord John P III ($100 in chips) 
zhino: posts small blind $0.50
Lord John P III: posts big blind $1
*** HOLE CARDS ***
Karl3234: folds 
AlexPinsk1: folds 
BumHuntKing: folds 
nikalas22: folds 
zhino: raises $2.49 to $3.49
Lord John P III: folds 
Uncalled bet ($2.49) returned to zhino
zhino collected $2 from pot
zhino: doesn't show hand 
*** SUMMARY ***
Total pot $2 | Rake $0 
Seat 1: Karl3234 folded before Flop (didn't bet)
Seat 2: AlexPinsk1 folded before Flop (didn't bet)
Seat 3: BumHuntKing folded before Flop (didn't bet)
Seat 4: nikalas22 (button) folded before Flop (didn't bet)
Seat 5: zhino (small blind) collected ($2)
Seat 6: Lord John P III (big blind) folded before Flop



PokerStars Hand #254643022886:  Hold'em No Limit ($0.50/$1.00 USD) - 2025/01/31 21:34:31 WET [2025/01/31 16:34:31 ET]
Table 'Lesath II' 6-max Seat #5 is the button
Seat 1: Karl3234 ($11.04 in chips) 
Seat 2: AlexPinsk1 ($172.65 in chips) 
Seat 3: BumHuntKing ($100 in chips) 
Seat 4: nikalas22 ($105 in chips) 
Seat 5: zhino ($102.50 in chips) 
Seat 6: Lord John P III ($99 in chips) 
Lord John P III: posts small blind $0.50
Karl3234: posts big blind $1
*** HOLE CARDS ***
AlexPinsk1: folds 
BumHuntKing: folds 
nikalas22: folds 
zhino: folds 
Lord John P III: raises $2 to $3
Karl3234: folds 
Uncalled bet ($2) returned to Lord John P III
Lord John P III collected $2 from pot
*** SUMMARY ***
Total pot $2 | Rake $0 
Seat 1: Karl3234 (big blind) folded before Flop
Seat 2: AlexPinsk1 folded before Flop (didn't bet)
Seat 3: BumHuntKing folded before Flop (didn't bet)
Seat 4: nikalas22 folded before Flop (didn't bet)
Seat 5: zhino (button) folded before Flop (didn't bet)
Seat 6: Lord John P III (small blind) collected ($2)



PokerStars Hand #254643032363:  Hold'em No Limit ($0.50/$1.00 USD) - 2025/01/31 21:35:02 WET [2025/01/31 16:35:02 ET]
Table 'Lesath II' 6-max Seat #6 is the button
Seat 1: Karl3234 ($10.04 in chips) 
Seat 2: AlexPinsk1 ($172.65 in chips) 
Seat 3: BumHuntKing ($100 in chips) 
Seat 4: nikalas22 ($105 in chips) 
Seat 5: zhino ($102.50 in chips) 
Seat 6: Lord John P III ($100 in chips) 
Karl3234: posts small blind $0.50
AlexPinsk1: posts big blind $1
*** HOLE CARDS ***
BumHuntKing: folds 
nikalas22: folds 
zhino: raises $1.79 to $2.79
Lord John P III: folds 
Karl3234: raises $7.25 to $10.04 and is all-in
AlexPinsk1: folds 
zhino: calls $7.25
*** FLOP *** [Tc Th 6c]
*** TURN *** [Tc Th 6c] [Ks]
*** RIVER *** [Tc Th 6c Ks] [4h]
*** SHOW DOWN ***
Karl3234: shows [4d 4s] (a full house, Fours full of Tens)
zhino: shows [7d 5d] (a pair of Tens)
Karl3234 collected $20.03 from pot
*** SUMMARY ***
Total pot $21.08 | Rake $1.05 
Board [Tc Th 6c Ks 4h]
Seat 1: Karl3234 (small blind) showed [4d 4s] and won ($20.03) with a full house, Fours full of Tens
Seat 2: AlexPinsk1 (big blind) folded before Flop
Seat 3: BumHuntKing folded before Flop (didn't bet)
Seat 4: nikalas22 folded before Flop (didn't bet)
Seat 5: zhino showed [7d 5d] and lost with a pair of Tens
Seat 6: Lord John P III (button) folded before Flop (didn't bet)



PokerStars Hand #254643044637:  Hold'em No Limit ($0.50/$1.00 USD) - 2025/01/31 21:35:41 WET [2025/01/31 16:35:41 ET]
Table 'Lesath II' 6-max Seat #1 is the button
Seat 1: Karl3234 ($20.03 in chips) 
Seat 2: AlexPinsk1 ($171.65 in chips) 
Seat 3: BumHuntKing ($100 in chips) 
Seat 4: nikalas22 ($105 in chips) 
Seat 5: zhino ($100 in chips) 
Seat 6: Lord John P III ($100 in chips) 
AlexPinsk1: posts small blind $0.50
BumHuntKing: posts big blind $1
*** HOLE CARDS ***
nikalas22: folds 
zhino: raises $1.59 to $2.59
Lord John P III: folds 
Karl3234: raises $8.41 to $11
AlexPinsk1: folds 
BumHuntKing: folds 
zhino: raises $17.49 to $28.49
Karl3234: calls $9.03 and is all-in
Uncalled bet ($8.46) returned to zhino
*** FLOP *** [5d 9d As]
*** TURN *** [5d 9d As] [Th]
*** RIVER *** [5d 9d As Th] [5s]
*** SHOW DOWN ***
zhino: shows [Jc Js] (two pair, Jacks and Fives)
Karl3234: shows [Ah Kc] (two pair, Aces and Fives)
Karl3234 collected $39.48 from pot
*** SUMMARY ***
Total pot $41.56 | Rake $2.08 
Board [5d 9d As Th 5s]
Seat 1: Karl3234 (button) showed [Ah Kc] and won ($39.48) with two pair, Aces and Fives
Seat 2: AlexPinsk1 (small blind) folded before Flop
Seat 3: BumHuntKing (big blind) folded before Flop
Seat 4: nikalas22 folded before Flop (didn't bet)
Seat 5: zhino showed [Jc Js] and lost with two pair, Jacks and Fives
Seat 6: Lord John P III folded before Flop (didn't bet)



PokerStars Hand #254643056025:  Hold'em No Limit ($0.50/$1.00 USD) - 2025/01/31 21:36:18 WET [2025/01/31 16:36:18 ET]
Table 'Lesath II' 6-max Seat #2 is the button
Seat 1: Karl3234 ($39.48 in chips) 
Seat 2: AlexPinsk1 ($171.15 in chips) 
Seat 3: BumHuntKing ($100 in chips) 
Seat 4: nikalas22 ($105 in chips) 
Seat 5: zhino ($100 in chips) 
Seat 6: Lord John P III ($100 in chips) 
BumHuntKing: posts small blind $0.50
nikalas22: posts big blind $1
*** HOLE CARDS ***
zhino: folds 
Lord John P III: raises $2 to $3
Karl3234: folds 
AlexPinsk1: folds 
BumHuntKing: folds 
nikalas22: raises $11 to $14
Lord John P III: calls $11
*** FLOP *** [Jd 4h 8s]
nikalas22: bets $13.54
Lord John P III: raises $27.08 to $40.62
nikalas22: raises $50.38 to $91 and is all-in
Lord John P III: calls $45.38 and is all-in
Uncalled bet ($5) returned to nikalas22
*** TURN *** [Jd 4h 8s] [5h]
*** RIVER *** [Jd 4h 8s 5h] [4s]
*** SHOW DOWN ***
nikalas22: shows [Ah Ac] (two pair, Aces and Fours)
Lord John P III: shows [Ad Qh] (a pair of Fours)
nikalas22 collected $198 from pot
*** SUMMARY ***
Total pot $200.50 | Rake $2.50 
Board [Jd 4h 8s 5h 4s]
Seat 1: Karl3234 folded before Flop (didn't bet)
Seat 2: AlexPinsk1 (button) folded before Flop (didn't bet)
Seat 3: BumHuntKing (small blind) folded before Flop
Seat 4: nikalas22 (big blind) showed [Ah Ac] and won ($198) with two pair, Aces and Fours
Seat 5: zhino folded before Flop (didn't bet)
Seat 6: Lord John P III showed [Ad Qh] and lost with a pair of Fours



PokerStars Hand #254643071527:  Hold'em No Limit ($0.50/$1.00 USD) - 2025/01/31 21:37:08 WET [2025/01/31 16:37:08 ET]
Table 'Lesath II' 6-max Seat #3 is the button
Seat 6: Lord John P III ($0 in chips) is sitting out
Seat 1: Karl3234 ($39.48 in chips) 
Seat 2: AlexPinsk1 ($171.15 in chips) 
Seat 3: BumHuntKing ($100 in chips) 
Seat 4: nikalas22 ($203 in chips) 
Seat 5: zhino ($100 in chips) 
nikalas22: posts small blind $0.50
zhino: posts big blind $1
*** HOLE CARDS ***
Karl3234: folds 
AlexPinsk1: folds 
BumHuntKing: folds 
Lord John P III leaves the table
nikalas22: raises $2 to $3
zhino: raises $6.10 to $9.10
Nazareno1999 joins the table at seat #6 
nikalas22: folds 
Uncalled bet ($6.10) returned to zhino
zhino collected $6 from pot
zhino: doesn't show hand 
*** SUMMARY ***
Total pot $6 | Rake $0 
Seat 6: Lord John P III
Seat 1: Karl3234 folded before Flop (didn't bet)
Seat 2: AlexPinsk1 folded before Flop (didn't bet)
Seat 3: BumHuntKing (button) folded before Flop (didn't bet)
Seat 4: nikalas22 (small blind) folded before Flop
Seat 5: zhino (big blind) collected ($6)



PokerStars Hand #254643077690:  Hold'em No Limit ($0.50/$1.00 USD) - 2025/01/31 21:37:28 WET [2025/01/31 16:37:28 ET]
Table 'Lesath II' 6-max Seat #4 is the button
Seat 1: Karl3234 ($39.48 in chips) 
Seat 2: AlexPinsk1 ($171.15 in chips) 
Seat 3: BumHuntKing ($100 in chips) 
Seat 4: nikalas22 ($200 in chips) 
Seat 5: zhino ($103 in chips) 
Seat 6: Nazareno1999 ($100 in chips) 
zhino: posts small blind $0.50
Nazareno1999: posts big blind $1
*** HOLE CARDS ***
Karl3234: folds 
AlexPinsk1: raises $1.50 to $2.50
BumHuntKing: folds 
nikalas22: folds 
zhino: folds 
Nazareno1999: folds 
Uncalled bet ($1.50) returned to AlexPinsk1
AlexPinsk1 collected $2.50 from pot
AlexPinsk1: doesn't show hand 
*** SUMMARY ***
Total pot $2.50 | Rake $0 
Seat 1: Karl3234 folded before Flop (didn't bet)
Seat 2: AlexPinsk1 collected ($2.50)
Seat 3: BumHuntKing folded before Flop (didn't bet)
Seat 4: nikalas22 (button) folded before Flop (didn't bet)
Seat 5: zhino (small blind) folded before Flop
Seat 6: Nazareno1999 (big blind) folded before Flop



PokerStars Hand #254643084593:  Hold'em No Limit ($0.50/$1.00 USD) - 2025/01/31 21:37:51 WET [2025/01/31 16:37:51 ET]
Table 'Lesath II' 6-max Seat #5 is the button
Seat 1: Karl3234 ($39.48 in chips) 
Seat 2: AlexPinsk1 ($172.65 in chips) 
Seat 3: BumHuntKing ($100 in chips) 
Seat 4: nikalas22 ($200 in chips) 
Seat 5: zhino ($102.50 in chips) 
Seat 6: Nazareno1999 ($100 in chips) 
Nazareno1999: posts small blind $0.50
Karl3234: posts big blind $1
*** HOLE CARDS ***
AlexPinsk1: folds 
BumHuntKing: folds 
nikalas22: folds 
zhino: raises $1.99 to $2.99
Nazareno1999: folds 
Karl3234: calls $1.99
*** FLOP *** [4d 9c Kh]
Karl3234: checks 
zhino: bets $1.66
Karl3234: calls $1.66
*** TURN *** [4d 9c Kh] [8s]
Karl3234: checks 
zhino: bets $6.89
Karl3234: folds 
Uncalled bet ($6.89) returned to zhino
zhino collected $9.31 from pot
zhino: doesn't show hand 
*** SUMMARY ***
Total pot $9.80 | Rake $0.49 
Board [4d 9c Kh 8s]
Seat 1: Karl3234 (big blind) folded on the Turn
Seat 2: AlexPinsk1 folded before Flop (didn't bet)
Seat 3: BumHuntKing folded before Flop (didn't bet)
Seat 4: nikalas22 folded before Flop (didn't bet)
Seat 5: zhino (button) collected ($9.31)
Seat 6: Nazareno1999 (small blind) folded before Flop



PokerStars Hand #254643096328:  Hold'em No Limit ($0.50/$1.00 USD) - 2025/01/31 21:38:29 WET [2025/01/31 16:38:29 ET]
Table 'Lesath II' 6-max Seat #6 is the button
Seat 1: Karl3234 ($34.83 in chips) 
Seat 2: AlexPinsk1 ($172.65 in chips) 
Seat 3: BumHuntKing ($100 in chips) 
Seat 4: nikalas22 ($200 in chips) 
Seat 5: zhino ($107.16 in chips) 
Seat 6: Nazareno1999 ($100 in chips) 
Karl3234: posts small blind $0.50
AlexPinsk1: posts big blind $1
*** HOLE CARDS ***
BumHuntKing: raises $1.20 to $2.20
nikalas22: folds 
zhino: folds 
Nazareno1999: folds 
Karl3234: raises $2.80 to $5
AlexPinsk1: folds 
nikalas22 leaves the table
BumHuntKing: calls $2.80
*** FLOP *** [6c Jd Ad]
Karl3234: checks 
BumHuntKing: checks 
*** TURN *** [6c Jd Ad] [As]
Karl3234: bets $2.72
kvcsszblcs joins the table at seat #4 
BumHuntKing: folds 
Uncalled bet ($2.72) returned to Karl3234
Karl3234 collected $10.45 from pot
Karl3234: doesn't show hand 
*** SUMMARY ***
Total pot $11 | Rake $0.55 
Board [6c Jd Ad As]
Seat 1: Karl3234 (small blind) collected ($10.45)
Seat 2: AlexPinsk1 (big blind) folded before Flop
Seat 3: BumHuntKing folded on the Turn
Seat 4: nikalas22 folded before Flop (didn't bet)
Seat 5: zhino folded before Flop (didn't bet)
Seat 6: Nazareno1999 (button) folded before Flop (didn't bet)



PokerStars Hand #254643113073:  Hold'em No Limit ($0.50/$1.00 USD) - 2025/01/31 21:39:23 WET [2025/01/31 16:39:23 ET]
Table 'Lesath II' 6-max Seat #1 is the button
Seat 4: kvcsszblcs ($100 in chips) is sitting out
Seat 1: Karl3234 ($40.28 in chips) 
Seat 2: AlexPinsk1 ($171.65 in chips) 
Seat 3: BumHuntKing ($100 in chips) 
Seat 5: zhino ($107.16 in chips) 
Seat 6: Nazareno1999 ($100 in chips) 
AlexPinsk1: posts small blind $0.50
BumHuntKing: posts big blind $1
kvcsszblcs: sits out 
*** HOLE CARDS ***
zhino: folds 
Nazareno1999: folds 
Karl3234: raises $1.50 to $2.50
AlexPinsk1: folds 
BumHuntKing: folds 
Uncalled bet ($1.50) returned to Karl3234
Karl3234 collected $2.50 from pot
Karl3234: doesn't show hand 
*** SUMMARY ***
Total pot $2.50 | Rake $0 
Seat 4: kvcsszblcs
Seat 1: Karl3234 (button) collected ($2.50)
Seat 2: AlexPinsk1 (small blind) folded before Flop
Seat 3: BumHuntKing (big blind) folded before Flop
Seat 5: zhino folded before Flop (didn't bet)
Seat 6: Nazareno1999 folded before Flop (didn't bet)



PokerStars Hand #254643117368:  Hold'em No Limit ($0.50/$1.00 USD) - 2025/01/31 21:39:37 WET [2025/01/31 16:39:37 ET]
Table 'Lesath II' 6-max Seat #2 is the button
Seat 1: Karl3234 ($41.78 in chips) 
Seat 2: AlexPinsk1 ($171.15 in chips) 
Seat 3: BumHuntKing ($100 in chips) 
Seat 4: kvcsszblcs ($100 in chips) 
Seat 5: zhino ($107.16 in chips) 
Seat 6: Nazareno1999 ($100 in chips) 
BumHuntKing: posts small blind $0.50
kvcsszblcs: posts big blind $1
*** HOLE CARDS ***
zhino: folds 
Nazareno1999: folds 
Karl3234: folds 
AlexPinsk1: raises $1.50 to $2.50
BumHuntKing: folds 
kvcsszblcs: folds 
Uncalled bet ($1.50) returned to AlexPinsk1
AlexPinsk1 collected $2.50 from pot
AlexPinsk1: doesn't show hand 
*** SUMMARY ***
Total pot $2.50 | Rake $0 
Seat 1: Karl3234 folded before Flop (didn't bet)
Seat 2: AlexPinsk1 (button) collected ($2.50)
Seat 3: BumHuntKing (small blind) folded before Flop
Seat 4: kvcsszblcs (big blind) folded before Flop
Seat 5: zhino folded before Flop (didn't bet)
Seat 6: Nazareno1999 folded before Flop (didn't bet)



PokerStars Hand #254643123075:  Hold'em No Limit ($0.50/$1.00 USD) - 2025/01/31 21:39:56 WET [2025/01/31 16:39:56 ET]
Table 'Lesath II' 6-max Seat #3 is the button
Seat 1: Karl3234 ($41.78 in chips) 
Seat 2: AlexPinsk1 ($172.65 in chips) 
Seat 3: BumHuntKing ($100 in chips) 
Seat 4: kvcsszblcs ($100 in chips) 
Seat 5: zhino ($107.16 in chips) 
Seat 6: Nazareno1999 ($100 in chips) 
kvcsszblcs: posts small blind $0.50
zhino: posts big blind $1
*** HOLE CARDS ***
Nazareno1999: raises $1.20 to $2.20
Karl3234: folds 
AlexPinsk1: folds 
BumHuntKing: folds 
kvcsszblcs: folds 
zhino: folds 
Uncalled bet ($1.20) returned to Nazareno1999
Nazareno1999 collected $2.50 from pot
Nazareno1999: doesn't show hand 
*** SUMMARY ***
Total pot $2.50 | Rake $0 
Seat 1: Karl3234 folded before Flop (didn't bet)
Seat 2: AlexPinsk1 folded before Flop (didn't bet)
Seat 3: BumHuntKing (button) folded before Flop (didn't bet)
Seat 4: kvcsszblcs (small blind) folded before Flop
Seat 5: zhino (big blind) folded before Flop
Seat 6: Nazareno1999 collected ($2.50)



PokerStars Hand #254643127892:  Hold'em No Limit ($0.50/$1.00 USD) - 2025/01/31 21:40:12 WET [2025/01/31 16:40:12 ET]
Table 'Lesath II' 6-max Seat #4 is the button
Seat 1: Karl3234 ($41.78 in chips) 
Seat 2: AlexPinsk1 ($172.65 in chips) 
Seat 3: BumHuntKing ($100 in chips) 
Seat 4: kvcsszblcs ($100 in chips) 
Seat 5: zhino ($106.16 in chips) 
Seat 6: Nazareno1999 ($101.50 in chips) 
zhino: posts small blind $0.50
Nazareno1999: posts big blind $1
*** HOLE CARDS ***
Karl3234: raises $1.50 to $2.50
AlexPinsk1: folds 
BumHuntKing: folds 
kvcsszblcs: folds 
zhino: calls $2
Nazareno1999: folds 
*** FLOP *** [5h 4h Qh]
zhino: checks 
Karl3234: checks 
*** TURN *** [5h 4h Qh] [Th]
zhino: checks 
Karl3234: bets $1.48
zhino: calls $1.48
*** RIVER *** [5h 4h Qh Th] [4c]
zhino: checks 
Karl3234: checks 
*** SHOW DOWN ***
zhino: shows [Js Ts] (two pair, Tens and Fours)
Karl3234: mucks hand 
zhino collected $8.51 from pot
*** SUMMARY ***
Total pot $8.96 | Rake $0.45 
Board [5h 4h Qh Th 4c]
Seat 1: Karl3234 mucked
Seat 2: AlexPinsk1 folded before Flop (didn't bet)
Seat 3: BumHuntKing folded before Flop (didn't bet)
Seat 4: kvcsszblcs (button) folded before Flop (didn't bet)
Seat 5: zhino (small blind) showed [Js Ts] and won ($8.51) with two pair, Tens and Fours
Seat 6: Nazareno1999 (big blind) folded before Flop



PokerStars Hand #254643148389:  Hold'em No Limit ($0.50/$1.00 USD) - 2025/01/31 21:41:17 WET [2025/01/31 16:41:17 ET]
Table 'Lesath II' 6-max Seat #5 is the button
Seat 1: Karl3234 ($37.80 in chips) 
Seat 2: AlexPinsk1 ($172.65 in chips) 
Seat 3: BumHuntKing ($100 in chips) 
Seat 4: kvcsszblcs ($100 in chips) 
Seat 5: zhino ($110.69 in chips) 
Seat 6: Nazareno1999 ($100.50 in chips) 
Nazareno1999: posts small blind $0.50
Karl3234: posts big blind $1
*** HOLE CARDS ***
AlexPinsk1: raises $1.50 to $2.50
BumHuntKing: folds 
kvcsszblcs: folds 
zhino: folds 
Nazareno1999: folds 
Karl3234: folds 
Uncalled bet ($1.50) returned to AlexPinsk1
AlexPinsk1 collected $2.50 from pot
AlexPinsk1: doesn't show hand 
*** SUMMARY ***
Total pot $2.50 | Rake $0 
Seat 1: Karl3234 (big blind) folded before Flop
Seat 2: AlexPinsk1 collected ($2.50)
Seat 3: BumHuntKing folded before Flop (didn't bet)
Seat 4: kvcsszblcs folded before Flop (didn't bet)
Seat 5: zhino (button) folded before Flop (didn't bet)
Seat 6: Nazareno1999 (small blind) folded before Flop



PokerStars Hand #254643154998:  Hold'em No Limit ($0.50/$1.00 USD) - 2025/01/31 21:41:39 WET [2025/01/31 16:41:39 ET]
Table 'Lesath II' 6-max Seat #6 is the button
Seat 2: AlexPinsk1 ($174.15 in chips) is sitting out
Seat 1: Karl3234 ($36.80 in chips) 
Seat 3: BumHuntKing ($100 in chips) 
Seat 4: kvcsszblcs ($100 in chips) 
Seat 5: zhino ($110.69 in chips) 
Seat 6: Nazareno1999 ($100 in chips) 
Karl3234: posts small blind $0.50
AlexPinsk1: is sitting out 
BumHuntKing: posts big blind $1
*** HOLE CARDS ***
kvcsszblcs: folds 
AlexPinsk1 leaves the table
zhino: raises $1.79 to $2.79
Nazareno1999: folds 
Karl3234: folds 
BumHuntKing: folds 
Uncalled bet ($1.79) returned to zhino
zhino collected $2.50 from pot
zhino: doesn't show hand 
*** SUMMARY ***
Total pot $2.50 | Rake $0 
Seat 2: AlexPinsk1
Seat 1: Karl3234 (small blind) folded before Flop
Seat 3: BumHuntKing (big blind) folded before Flop
Seat 4: kvcsszblcs folded before Flop (didn't bet)
Seat 5: zhino collected ($2.50)
Seat 6: Nazareno1999 (button) folded before Flop (didn't bet)



PokerStars Hand #254643160795:  Hold'em No Limit ($0.50/$1.00 USD) - 2025/01/31 21:41:57 WET [2025/01/31 16:41:57 ET]
Table 'Lesath II' 6-max Seat #1 is the button
Seat 1: Karl3234 ($36.30 in chips) 
Seat 3: BumHuntKing ($100 in chips) 
Seat 4: kvcsszblcs ($100 in chips) 
Seat 5: zhino ($112.19 in chips) 
Seat 6: Nazareno1999 ($100 in chips) 
BumHuntKing: posts small blind $0.50
kvcsszblcs: posts big blind $1
*** HOLE CARDS ***
zhino: folds 
Nazareno1999: folds 
Karl3234: folds 
BumHuntKing: raises $2 to $3
kvcsszblcs: folds 
Uncalled bet ($2) returned to BumHuntKing
BumHuntKing collected $2 from pot
BumHuntKing: doesn't show hand 
*** SUMMARY ***
Total pot $2 | Rake $0 
Seat 1: Karl3234 (button) folded before Flop (didn't bet)
Seat 3: BumHuntKing (small blind) collected ($2)
Seat 4: kvcsszblcs (big blind) folded before Flop
Seat 5: zhino folded before Flop (didn't bet)
Seat 6: Nazareno1999 folded before Flop (didn't bet)



PokerStars Hand #254643165474:  Hold'em No Limit ($0.50/$1.00 USD) - 2025/01/31 21:42:12 WET [2025/01/31 16:42:12 ET]
Table 'Lesath II' 6-max Seat #3 is the button
Seat 1: Karl3234 ($36.30 in chips) 
Seat 3: BumHuntKing ($101 in chips) 
Seat 4: kvcsszblcs ($100 in chips) 
Seat 5: zhino ($112.19 in chips) 
Seat 6: Nazareno1999 ($100 in chips) 
kvcsszblcs: posts small blind $0.50
zhino: posts big blind $1
*** HOLE CARDS ***
Nazareno1999: folds 
Karl3234: folds 
BumHuntKing: folds 
kvcsszblcs: folds 
Uncalled bet ($0.50) returned to zhino
zhino collected $1 from pot
zhino: doesn't show hand 
*** SUMMARY ***
Total pot $1 | Rake $0 
Seat 1: Karl3234 folded before Flop (didn't bet)
Seat 3: BumHuntKing (button) folded before Flop (didn't bet)
Seat 4: kvcsszblcs (small blind) folded before Flop
Seat 5: zhino (big blind) collected ($1)
Seat 6: Nazareno1999 folded before Flop (didn't bet)



PokerStars Hand #254643169070:  Hold'em No Limit ($0.50/$1.00 USD) - 2025/01/31 21:42:24 WET [2025/01/31 16:42:24 ET]
Table 'Lesath II' 6-max Seat #4 is the button
Seat 1: Karl3234 ($36.30 in chips) 
Seat 3: BumHuntKing ($101 in chips) 
Seat 4: kvcsszblcs ($100 in chips) 
Seat 5: zhino ($112.69 in chips) 
Seat 6: Nazareno1999 ($100 in chips) 
zhino: posts small blind $0.50
Nazareno1999: posts big blind $1
*** HOLE CARDS ***
Karl3234: folds 
Gaita_toien joins the table at seat #2 
BumHuntKing: raises $1.20 to $2.20
kvcsszblcs: calls $2.20
zhino: raises $11.99 to $14.19
Nazareno1999: folds 
BumHuntKing: folds 
kvcsszblcs: folds 
Uncalled bet ($11.99) returned to zhino
zhino collected $7.60 from pot
zhino: doesn't show hand 
*** SUMMARY ***
Total pot $7.60 | Rake $0 
Seat 1: Karl3234 folded before Flop (didn't bet)
Seat 3: BumHuntKing folded before Flop
Seat 4: kvcsszblcs (button) folded before Flop
Seat 5: zhino (small blind) collected ($7.60)
Seat 6: Nazareno1999 (big blind) folded before Flop



PokerStars Hand #254643181214:  Hold'em No Limit ($0.50/$1.00 USD) - 2025/01/31 21:43:02 WET [2025/01/31 16:43:02 ET]
Table 'Lesath II' 6-max Seat #5 is the button
Seat 2: Gaita_toien ($100 in chips) is sitting out
Seat 1: Karl3234 ($36.30 in chips) 
Seat 3: BumHuntKing ($100 in chips) 
Seat 4: kvcsszblcs ($100 in chips) 
Seat 5: zhino ($118.09 in chips) 
Seat 6: Nazareno1999 ($100 in chips) 
Nazareno1999: posts small blind $0.50
Karl3234: posts big blind $1
Gaita_toien: sits out 
*** HOLE CARDS ***
BumHuntKing: folds 
kvcsszblcs: folds 
zhino: folds 
Nazareno1999: raises $1 to $2
Karl3234: folds 
Uncalled bet ($1) returned to Nazareno1999
Nazareno1999 collected $2 from pot
Nazareno1999: doesn't show hand 
*** SUMMARY ***
Total pot $2 | Rake $0 
Seat 2: Gaita_toien
Seat 1: Karl3234 (big blind) folded before Flop
Seat 3: BumHuntKing folded before Flop (didn't bet)
Seat 4: kvcsszblcs folded before Flop (didn't bet)
Seat 5: zhino (button) folded before Flop (didn't bet)
Seat 6: Nazareno1999 (small blind) collected ($2)



PokerStars Hand #254643272010:  Hold'em No Limit ($0.50/$1.00 USD) - 2025/01/31 21:47:57 WET [2025/01/31 16:47:57 ET]
Table 'Lesath II' 6-max Seat #1 is the button
Seat 1: Karl3234 ($16.78 in chips) 
Seat 2: Gaita_toien ($100 in chips) 
Seat 3: BumHuntKing ($131.26 in chips) 
Seat 4: kvcsszblcs ($115.72 in chips) 
Seat 5: zhino ($118.09 in chips) 
Seat 6: Nazareno1999 ($100 in chips) 
Gaita_toien: posts small blind $0.50
BumHuntKing: posts big blind $1
*** HOLE CARDS ***
kvcsszblcs: raises $1 to $2
zhino: raises $5.99 to $7.99
Nazareno1999: folds 
Karl3234: folds 
Gaita_toien: folds 
BumHuntKing: folds 
kvcsszblcs: raises $11.01 to $19
zhino: raises $99.09 to $118.09 and is all-in
kvcsszblcs: folds 
Uncalled bet ($99.09) returned to zhino
zhino collected $39.50 from pot
zhino: doesn't show hand 
*** SUMMARY ***
Total pot $39.50 | Rake $0 
Seat 1: Karl3234 (button) folded before Flop (didn't bet)
Seat 2: Gaita_toien (small blind) folded before Flop
Seat 3: BumHuntKing (big blind) folded before Flop
Seat 4: kvcsszblcs folded before Flop
Seat 5: zhino collected ($39.50)
Seat 6: Nazareno1999 folded before Flop (didn't bet)



PokerStars Hand #254643286035:  Hold'em No Limit ($0.50/$1.00 USD) - 2025/01/31 21:48:42 WET [2025/01/31 16:48:42 ET]
Table 'Lesath II' 6-max Seat #2 is the button
Seat 1: Karl3234 ($16.78 in chips) 
Seat 2: Gaita_toien ($100 in chips) 
Seat 3: BumHuntKing ($130.26 in chips) 
Seat 4: kvcsszblcs ($100 in chips) 
Seat 5: zhino ($138.59 in chips) 
Seat 6: Nazareno1999 ($100 in chips) 
BumHuntKing: posts small blind $0.50
kvcsszblcs: posts big blind $1
*** HOLE CARDS ***
zhino: folds 
Nazareno1999: folds 
Karl3234: folds 
Gaita_toien: raises $1.50 to $2.50
BumHuntKing: raises $9 to $11.50
kvcsszblcs: folds 
Gaita_toien: folds 
Uncalled bet ($9) returned to BumHuntKing
BumHuntKing collected $6 from pot
BumHuntKing: doesn't show hand 
*** SUMMARY ***
Total pot $6 | Rake $0 
Seat 1: Karl3234 folded before Flop (didn't bet)
Seat 2: Gaita_toien (button) folded before Flop
Seat 3: BumHuntKing (small blind) collected ($6)
Seat 4: kvcsszblcs (big blind) folded before Flop
Seat 5: zhino folded before Flop (didn't bet)
Seat 6: Nazareno1999 folded before Flop (didn't bet)



PokerStars Hand #254643292245:  Hold'em No Limit ($0.50/$1.00 USD) - 2025/01/31 21:49:02 WET [2025/01/31 16:49:02 ET]
Table 'Lesath II' 6-max Seat #3 is the button
Seat 1: Karl3234 ($16.78 in chips) 
Seat 2: Gaita_toien ($100 in chips) 
Seat 3: BumHuntKing ($133.76 in chips) 
Seat 4: kvcsszblcs ($100 in chips) 
Seat 5: zhino ($138.59 in chips) 
Seat 6: Nazareno1999 ($100 in chips) 
kvcsszblcs: posts small blind $0.50
zhino: posts big blind $1
*** HOLE CARDS ***
Nazareno1999: raises $1.20 to $2.20
Karl3234: folds 
Gaita_toien: raises $5 to $7.20
BumHuntKing: folds 
kvcsszblcs: folds 
zhino: folds 
Nazareno1999: raises $14.40 to $21.60
Gaita_toien: folds 
Uncalled bet ($14.40) returned to Nazareno1999
Nazareno1999 collected $15.90 from pot
Nazareno1999: doesn't show hand 
*** SUMMARY ***
Total pot $15.90 | Rake $0 
Seat 1: Karl3234 folded before Flop (didn't bet)
Seat 2: Gaita_toien folded before Flop
Seat 3: BumHuntKing (button) folded before Flop (didn't bet)
Seat 4: kvcsszblcs (small blind) folded before Flop
Seat 5: zhino (big blind) folded before Flop
Seat 6: Nazareno1999 collected ($15.90)



PokerStars Hand #254643304587:  Hold'em No Limit ($0.50/$1.00 USD) - 2025/01/31 21:49:43 WET [2025/01/31 16:49:43 ET]
Table 'Lesath II' 6-max Seat #4 is the button
Seat 1: Karl3234 ($16.78 in chips) 
Seat 2: Gaita_toien ($100 in chips) 
Seat 3: BumHuntKing ($133.76 in chips) 
Seat 4: kvcsszblcs ($100 in chips) 
Seat 5: zhino ($137.59 in chips) 
Seat 6: Nazareno1999 ($108.70 in chips) 
zhino: posts small blind $0.50
Nazareno1999: posts big blind $1
*** HOLE CARDS ***
Karl3234: folds 
Gaita_toien: folds 
BumHuntKing: folds 
kvcsszblcs: raises $1.25 to $2.25
zhino: raises $8.74 to $10.99
Nazareno1999: folds 
kvcsszblcs: folds 
Uncalled bet ($8.74) returned to zhino
zhino collected $5.50 from pot
zhino: doesn't show hand 
*** SUMMARY ***
Total pot $5.50 | Rake $0 
Seat 1: Karl3234 folded before Flop (didn't bet)
Seat 2: Gaita_toien folded before Flop (didn't bet)
Seat 3: BumHuntKing folded before Flop (didn't bet)
Seat 4: kvcsszblcs (button) folded before Flop
Seat 5: zhino (small blind) collected ($5.50)
Seat 6: Nazareno1999 (big blind) folded before Flop



PokerStars Hand #254643314061:  Hold'em No Limit ($0.50/$1.00 USD) - 2025/01/31 21:50:14 WET [2025/01/31 16:50:14 ET]
Table 'Lesath II' 6-max Seat #5 is the button
Seat 1: Karl3234 ($16.78 in chips) 
Seat 2: Gaita_toien ($100 in chips) 
Seat 3: BumHuntKing ($133.76 in chips) 
Seat 4: kvcsszblcs ($100 in chips) 
Seat 5: zhino ($140.84 in chips) 
Seat 6: Nazareno1999 ($107.70 in chips) 
Nazareno1999: posts small blind $0.50
Karl3234: posts big blind $1
*** HOLE CARDS ***
Gaita_toien: folds 
BumHuntKing: folds 
kvcsszblcs: folds 
zhino: folds 
Nazareno1999: raises $106.70 to $107.70 and is all-in
Karl3234: folds 
Uncalled bet ($106.70) returned to Nazareno1999
Nazareno1999 collected $2 from pot
Nazareno1999: doesn't show hand 
*** SUMMARY ***
Total pot $2 | Rake $0 
Seat 1: Karl3234 (big blind) folded before Flop
Seat 2: Gaita_toien folded before Flop (didn't bet)
Seat 3: BumHuntKing folded before Flop (didn't bet)
Seat 4: kvcsszblcs folded before Flop (didn't bet)
Seat 5: zhino (button) folded before Flop (didn't bet)
Seat 6: Nazareno1999 (small blind) collected ($2)



PokerStars Hand #254643325306:  Hold'em No Limit ($0.50/$1.00 USD) - 2025/01/31 21:50:50 WET [2025/01/31 16:50:50 ET]
Table 'Lesath II' 6-max Seat #6 is the button
Seat 2: Gaita_toien ($100 in chips) is sitting out
Seat 1: Karl3234 ($15.78 in chips) 
Seat 3: BumHuntKing ($133.76 in chips) 
Seat 4: kvcsszblcs ($100 in chips) 
Seat 5: zhino ($140.84 in chips) 
Seat 6: Nazareno1999 ($108.70 in chips) 
Karl3234: posts small blind $0.50
Gaita_toien: is sitting out 
BumHuntKing: posts big blind $1
*** HOLE CARDS ***
kvcsszblcs: folds 
zhino: raises $1.79 to $2.79
Gaita_toien leaves the table
Nazareno1999: folds 
Karl3234: folds 
BumHuntKing: calls $1.79
*** FLOP *** [4d Qc Qs]
BumHuntKing: checks 
zhino: bets $1.91
BumHuntKing: calls $1.91
*** TURN *** [4d Qc Qs] [2d]
BumHuntKing: checks 
MrAdris9 joins the table at seat #2 
zhino: bets $6.96
BumHuntKing: calls $6.96
*** RIVER *** [4d Qc Qs 2d] [5h]
BumHuntKing: checks 
zhino: bets $16.75
BumHuntKing: calls $16.75
*** SHOW DOWN ***
zhino: shows [Jh Qd] (three of a kind, Queens)
BumHuntKing: shows [Ad 3d] (a straight, Ace to Five)
BumHuntKing collected $54.82 from pot
*** SUMMARY ***
Total pot $57.32 | Rake $2.50 
Board [4d Qc Qs 2d 5h]
Seat 2: Gaita_toien
Seat 1: Karl3234 (small blind) folded before Flop
Seat 3: BumHuntKing (big blind) showed [Ad 3d] and won ($54.82) with a straight, Ace to Five
Seat 4: kvcsszblcs folded before Flop (didn't bet)
Seat 5: zhino showed [Jh Qd] and lost with three of a kind, Queens
Seat 6: Nazareno1999 (button) folded before Flop (didn't bet)



PokerStars Hand #254643348320:  Hold'em No Limit ($0.50/$1.00 USD) - 2025/01/31 21:52:04 WET [2025/01/31 16:52:04 ET]
Table 'Lesath II' 6-max Seat #1 is the button
Seat 2: MrAdris9 ($100 in chips) is sitting out
Seat 1: Karl3234 ($15.28 in chips) 
Seat 3: BumHuntKing ($160.17 in chips) 
Seat 4: kvcsszblcs ($100 in chips) 
Seat 5: zhino ($112.43 in chips) 
Seat 6: Nazareno1999 ($108.70 in chips) 
BumHuntKing: posts small blind $0.50
kvcsszblcs: posts big blind $1
*** HOLE CARDS ***
zhino: folds 
Nazareno1999: raises $1.20 to $2.20
Karl3234: calls $2.20
BumHuntKing: folds 
kvcsszblcs: calls $1.20
*** FLOP *** [3h Tc 2s]
kvcsszblcs: checks 
Nazareno1999: bets $3.37
Karl3234: folds 
kvcsszblcs: folds 
Uncalled bet ($3.37) returned to Nazareno1999
Nazareno1999 collected $6.74 from pot
Nazareno1999: doesn't show hand 
*** SUMMARY ***
Total pot $7.10 | Rake $0.36 
Board [3h Tc 2s]
Seat 2: MrAdris9
Seat 1: Karl3234 (button) folded on the Flop
Seat 3: BumHuntKing (small blind) folded before Flop
Seat 4: kvcsszblcs (big blind) folded on the Flop
Seat 5: zhino folded before Flop (didn't bet)
Seat 6: Nazareno1999 collected ($6.74)



PokerStars Hand #254643363700:  Hold'em No Limit ($0.50/$1.00 USD) - 2025/01/31 21:52:55 WET [2025/01/31 16:52:55 ET]
Table 'Lesath II' 6-max Seat #3 is the button
Seat 2: MrAdris9 ($100 in chips) is sitting out
Seat 1: Karl3234 ($13.08 in chips) 
Seat 3: BumHuntKing ($159.67 in chips) 
Seat 4: kvcsszblcs ($100 in chips) 
Seat 5: zhino ($112.43 in chips) 
Seat 6: Nazareno1999 ($113.24 in chips) 
kvcsszblcs: posts small blind $0.50
zhino: posts big blind $1
MrAdris9: sits out 
*** HOLE CARDS ***
Nazareno1999: raises $1.20 to $2.20
Karl3234: folds 
BumHuntKing: folds 
kvcsszblcs: folds 
zhino: folds 
Uncalled bet ($1.20) returned to Nazareno1999
Nazareno1999 collected $2.50 from pot
Nazareno1999: doesn't show hand 
*** SUMMARY ***
Total pot $2.50 | Rake $0 
Seat 2: MrAdris9
Seat 1: Karl3234 folded before Flop (didn't bet)
Seat 3: BumHuntKing (button) folded before Flop (didn't bet)
Seat 4: kvcsszblcs (small blind) folded before Flop
Seat 5: zhino (big blind) folded before Flop
Seat 6: Nazareno1999 collected ($2.50)



PokerStars Hand #254643370497:  Hold'em No Limit ($0.50/$1.00 USD) - 2025/01/31 21:53:17 WET [2025/01/31 16:53:17 ET]
Table 'Lesath II' 6-max Seat #4 is the button
Seat 2: MrAdris9 ($100 in chips) is sitting out
Seat 1: Karl3234 ($13.08 in chips) 
Seat 3: BumHuntKing ($159.67 in chips) 
Seat 4: kvcsszblcs ($100 in chips) 
Seat 5: zhino ($111.43 in chips) 
Seat 6: Nazareno1999 ($114.74 in chips) 
zhino: posts small blind $0.50
Nazareno1999: posts big blind $1
MrAdris9: sits out 
*** HOLE CARDS ***
Karl3234: raises $1.50 to $2.50
BumHuntKing: folds 
kvcsszblcs: raises $3.50 to $6
zhino: folds 
Nazareno1999: folds 
Karl3234: raises $7.08 to $13.08 and is all-in
kvcsszblcs: calls $7.08
*** FLOP *** [6s 4h 8c]
*** TURN *** [6s 4h 8c] [8h]
*** RIVER *** [6s 4h 8c 8h] [5h]
*** SHOW DOWN ***
Karl3234: shows [Qs Kd] (a pair of Eights)
kvcsszblcs: shows [Ac Kh] (a pair of Eights - Ace kicker)
kvcsszblcs collected $26.28 from pot
*** SUMMARY ***
Total pot $27.66 | Rake $1.38 
Board [6s 4h 8c 8h 5h]
Seat 2: MrAdris9
Seat 1: Karl3234 showed [Qs Kd] and lost with a pair of Eights
Seat 3: BumHuntKing folded before Flop (didn't bet)
Seat 4: kvcsszblcs (button) showed [Ac Kh] and won ($26.28) with a pair of Eights
Seat 5: zhino (small blind) folded before Flop
Seat 6: Nazareno1999 (big blind) folded before Flop



PokerStars Hand #254643383167:  Hold'em No Limit ($0.50/$1.00 USD) - 2025/01/31 21:53:58 WET [2025/01/31 16:53:58 ET]
Table 'Lesath II' 6-max Seat #5 is the button
Seat 2: MrAdris9 ($100 in chips) is sitting out
Seat 1: Karl3234 ($10 in chips) 
Seat 3: BumHuntKing ($159.67 in chips) 
Seat 4: kvcsszblcs ($113.20 in chips) 
Seat 5: zhino ($110.93 in chips) 
Seat 6: Nazareno1999 ($113.74 in chips) 
Nazareno1999: posts small blind $0.50
Karl3234: posts big blind $1
MrAdris9: sits out 
*** HOLE CARDS ***
BumHuntKing: folds 
kvcsszblcs: raises $1 to $2
zhino: folds 
Nazareno1999: raises $8.50 to $10.50
Karl3234: folds 
kvcsszblcs: folds 
Uncalled bet ($8.50) returned to Nazareno1999
Nazareno1999 collected $5 from pot
Nazareno1999: doesn't show hand 
*** SUMMARY ***
Total pot $5 | Rake $0 
Seat 2: MrAdris9
Seat 1: Karl3234 (big blind) folded before Flop
Seat 3: BumHuntKing folded before Flop (didn't bet)
Seat 4: kvcsszblcs folded before Flop
Seat 5: zhino (button) folded before Flop (didn't bet)
Seat 6: Nazareno1999 (small blind) collected ($5)



PokerStars Hand #254643391643:  Hold'em No Limit ($0.50/$1.00 USD) - 2025/01/31 21:54:26 WET [2025/01/31 16:54:26 ET]
Table 'Lesath II' 6-max Seat #6 is the button
Seat 1: Karl3234 ($9 in chips) 
Seat 2: MrAdris9 ($100 in chips) 
Seat 3: BumHuntKing ($159.67 in chips) 
Seat 4: kvcsszblcs ($111.20 in chips) 
Seat 5: zhino ($110.93 in chips) 
Seat 6: Nazareno1999 ($116.74 in chips) 
Karl3234: posts small blind $0.50
MrAdris9: posts big blind $1
*** HOLE CARDS ***
BumHuntKing: folds 
kvcsszblcs: raises $1 to $2
zhino: folds 
Nazareno1999: folds 
Karl3234: folds 
MrAdris9: folds 
Uncalled bet ($1) returned to kvcsszblcs
kvcsszblcs collected $2.50 from pot
kvcsszblcs: doesn't show hand 
*** SUMMARY ***
Total pot $2.50 | Rake $0 
Seat 1: Karl3234 (small blind) folded before Flop
Seat 2: MrAdris9 (big blind) folded before Flop
Seat 3: BumHuntKing folded before Flop (didn't bet)
Seat 4: kvcsszblcs collected ($2.50)
Seat 5: zhino folded before Flop (didn't bet)
Seat 6: Nazareno1999 (button) folded before Flop (didn't bet)



PokerStars Hand #254643400621:  Hold'em No Limit ($0.50/$1.00 USD) - 2025/01/31 21:54:56 WET [2025/01/31 16:54:56 ET]
Table 'Lesath II' 6-max Seat #1 is the button
Seat 3: BumHuntKing ($159.67 in chips) is sitting out
Seat 1: Karl3234 ($36.26 in chips) 
Seat 2: MrAdris9 ($100 in chips) 
Seat 4: kvcsszblcs ($112.70 in chips) 
Seat 5: zhino ($110.93 in chips) 
Seat 6: Nazareno1999 ($116.74 in chips) 
MrAdris9: posts small blind $0.50
BumHuntKing: is sitting out 
kvcsszblcs: posts big blind $1
*** HOLE CARDS ***
zhino: folds 
BumHuntKing leaves the table
Nazareno1999: raises $1.20 to $2.20
Karl3234: calls $2.20
MrAdris9: folds 
kvcsszblcs: folds 
*** FLOP *** [2s Qc 9h]
Nazareno1999: bets $1.85
Karl3234: calls $1.85
*** TURN *** [2s Qc 9h] [5c]
Nazareno1999: bets $6.84
Karl3234: folds 
Uncalled bet ($6.84) returned to Nazareno1999
Nazareno1999 collected $9.12 from pot
Nazareno1999: doesn't show hand 
*** SUMMARY ***
Total pot $9.60 | Rake $0.48 
Board [2s Qc 9h 5c]
Seat 3: BumHuntKing
Seat 1: Karl3234 (button) folded on the Turn
Seat 2: MrAdris9 (small blind) folded before Flop
Seat 4: kvcsszblcs (big blind) folded before Flop
Seat 5: zhino folded before Flop (didn't bet)
Seat 6: Nazareno1999 collected ($9.12)



PokerStars Hand #254643407609:  Hold'em No Limit ($0.50/$1.00 USD) - 2025/01/31 21:55:20 WET [2025/01/31 16:55:20 ET]
Table 'Lesath II' 6-max Seat #2 is the button
Seat 1: Karl3234 ($32.21 in chips) 
Seat 2: MrAdris9 ($100 in chips) 
Seat 4: kvcsszblcs ($111.70 in chips) 
Seat 5: zhino ($110.93 in chips) 
Seat 6: Nazareno1999 ($121.81 in chips) 
kvcsszblcs: posts small blind $0.50
zhino: posts big blind $1
*** HOLE CARDS ***
beshece11harf joins the table at seat #3 
Nazareno1999: folds 
Karl3234: folds 
MrAdris9: folds 
kvcsszblcs: folds 
Uncalled bet ($0.50) returned to zhino
zhino collected $1 from pot
zhino: doesn't show hand 
*** SUMMARY ***
Total pot $1 | Rake $0 
Seat 1: Karl3234 folded before Flop (didn't bet)
Seat 2: MrAdris9 (button) folded before Flop (didn't bet)
Seat 4: kvcsszblcs (small blind) folded before Flop
Seat 5: zhino (big blind) collected ($1)
Seat 6: Nazareno1999 folded before Flop (didn't bet)



PokerStars Hand #254643410460:  Hold'em No Limit ($0.50/$1.00 USD) - 2025/01/31 21:55:33 WET [2025/01/31 16:55:33 ET]
Table 'Lesath II' 6-max Seat #4 is the button
Seat 3: beshece11harf ($100 in chips) is sitting out
Seat 1: Karl3234 ($32.21 in chips) 
Seat 2: MrAdris9 ($100 in chips) 
Seat 4: kvcsszblcs ($111.20 in chips) 
Seat 5: zhino ($111.43 in chips) 
Seat 6: Nazareno1999 ($121.81 in chips) 
zhino: posts small blind $0.50
Nazareno1999: posts big blind $1
beshece11harf: sits out 
*** HOLE CARDS ***
Karl3234: raises $1.50 to $2.50
MrAdris9: folds 
kvcsszblcs: calls $2.50
zhino: raises $11.69 to $14.19
Nazareno1999: folds 
Karl3234: folds 
kvcsszblcs: calls $11.69
*** FLOP *** [Kh Ah Ac]
zhino: checks 
kvcsszblcs: checks 
*** TURN *** [Kh Ah Ac] [8h]
zhino: bets $8.78
kvcsszblcs: folds 
Uncalled bet ($8.78) returned to zhino
zhino collected $30.29 from pot
zhino: doesn't show hand 
*** SUMMARY ***
Total pot $31.88 | Rake $1.59 
Board [Kh Ah Ac 8h]
Seat 3: beshece11harf
Seat 1: Karl3234 folded before Flop
Seat 2: MrAdris9 folded before Flop (didn't bet)
Seat 4: kvcsszblcs (button) folded on the Turn
Seat 5: zhino (small blind) collected ($30.29)
Seat 6: Nazareno1999 (big blind) folded before Flop



PokerStars Hand #254643426363:  Hold'em No Limit ($0.50/$1.00 USD) - 2025/01/31 21:56:46 WET [2025/01/31 16:56:46 ET]
Table 'Lesath II' 6-max Seat #5 is the button
Seat 1: Karl3234 ($29.71 in chips) is sitting out
Seat 3: beshece11harf ($100 in chips) is sitting out
Seat 2: MrAdris9 ($100 in chips) 
Seat 4: kvcsszblcs ($100 in chips) 
Seat 5: zhino ($127.53 in chips) 
Seat 6: Nazareno1999 ($120.81 in chips) 
Nazareno1999: posts small blind $0.50
Karl3234: is sitting out 
MrAdris9: posts big blind $1
beshece11harf: sits out 
*** HOLE CARDS ***
kvcsszblcs: raises $1 to $2
zhino: folds 
Nazareno1999: folds 
MrAdris9: calls $1
*** FLOP *** [9c 8h 2h]
MrAdris9: checks 
kvcsszblcs: checks 
*** TURN *** [9c 8h 2h] [5d]
MrAdris9: bets $1.41
kvcsszblcs: calls $1.41
*** RIVER *** [9c 8h 2h 5d] [Kd]
MrAdris9: checks 
Karl3234 leaves the table
kvcsszblcs: checks 
*** SHOW DOWN ***
MrAdris9: shows [Jc 9s] (a pair of Nines)
kvcsszblcs: mucks hand 
MrAdris9 collected $6.95 from pot
*** SUMMARY ***
Total pot $7.32 | Rake $0.37 
Board [9c 8h 2h 5d Kd]
Seat 1: Karl3234
Seat 3: beshece11harf
Seat 2: MrAdris9 (big blind) showed [Jc 9s] and won ($6.95) with a pair of Nines
Seat 4: kvcsszblcs mucked
Seat 5: zhino (button) folded before Flop (didn't bet)
Seat 6: Nazareno1999 (small blind) folded before Flop



PokerStars Hand #254643447974:  Hold'em No Limit ($0.50/$1.00 USD) - 2025/01/31 21:58:25 WET [2025/01/31 16:58:25 ET]
Table 'Lesath II' 6-max Seat #6 is the button
Seat 2: MrAdris9 ($103.54 in chips) 
Seat 3: beshece11harf ($100 in chips) 
Seat 4: kvcsszblcs ($100 in chips) 
Seat 5: zhino ($127.53 in chips) 
Seat 6: Nazareno1999 ($120.31 in chips) 
MrAdris9: posts small blind $0.50
beshece11harf: posts big blind $1
*** HOLE CARDS ***
kvcsszblcs: folds 
zhino: folds 
Nazareno1999: folds 
MrAdris9: raises $2 to $3
kvcsszblcs leaves the table
beshece11harf: folds 
Uncalled bet ($2) returned to MrAdris9
MrAdris9 collected $2 from pot
MrAdris9: doesn't show hand 
*** SUMMARY ***
Total pot $2 | Rake $0 
Seat 2: MrAdris9 (small blind) collected ($2)
Seat 3: beshece11harf (big blind) folded before Flop
Seat 4: kvcsszblcs folded before Flop (didn't bet)
Seat 5: zhino folded before Flop (didn't bet)
Seat 6: Nazareno1999 (button) folded before Flop (didn't bet)



PokerStars Hand #254643452105:  Hold'em No Limit ($0.50/$1.00 USD) - 2025/01/31 21:58:44 WET [2025/01/31 16:58:44 ET]
Table 'Lesath II' 6-max Seat #2 is the button
Seat 2: MrAdris9 ($104.54 in chips) 
Seat 3: beshece11harf ($100 in chips) 
Seat 5: zhino ($127.53 in chips) 
Seat 6: Nazareno1999 ($120.31 in chips) 
beshece11harf: posts small blind $0.50
zhino: posts big blind $1
*** HOLE CARDS ***
Nazareno1999: folds 
MrAdris9: raises $1.50 to $2.50
beshece11harf: folds 
zhino: folds 
Uncalled bet ($1.50) returned to MrAdris9
MrAdris9 collected $2.50 from pot
MrAdris9: doesn't show hand 
*** SUMMARY ***
Total pot $2.50 | Rake $0 
Seat 2: MrAdris9 (button) collected ($2.50)
Seat 3: beshece11harf (small blind) folded before Flop
Seat 5: zhino (big blind) folded before Flop
Seat 6: Nazareno1999 folded before Flop (didn't bet)



PokerStars Hand #254643458805:  Hold'em No Limit ($0.50/$1.00 USD) - 2025/01/31 21:59:14 WET [2025/01/31 16:59:14 ET]
Table 'Lesath II' 6-max Seat #5 is the button
Seat 2: MrAdris9 ($106.04 in chips) is sitting out
Seat 6: Nazareno1999 ($120.31 in chips) is sitting out
Seat 3: beshece11harf ($100 in chips) 
Seat 5: zhino ($126.53 in chips) 
zhino: posts small blind $0.50
Nazareno1999: is sitting out 
MrAdris9: is sitting out 
beshece11harf: posts big blind $1
*** HOLE CARDS ***
MrAdris9 leaves the table
zhino: folds 
Uncalled bet ($0.50) returned to beshece11harf
Nazareno1999 leaves the table
beshece11harf collected $1 from pot
beshece11harf: doesn't show hand 
*** SUMMARY ***
Total pot $1 | Rake $0 
Seat 2: MrAdris9
Seat 6: Nazareno1999
Seat 3: beshece11harf (big blind) collected ($1)
Seat 5: zhino (button) (small blind) folded before Flop



PokerStars Hand #254643188584:  Hold'em No Limit ($0.50/$1.00 USD) - 2025/01/31 21:43:26 WET [2025/01/31 16:43:26 ET]
Table 'Lesath II' 6-max Seat #6 is the button
Seat 1: Karl3234 ($35.30 in chips) 
Seat 2: Gaita_toien ($100 in chips) 
Seat 3: BumHuntKing ($100 in chips) 
Seat 4: kvcsszblcs ($100 in chips) 
Seat 5: zhino ($118.09 in chips) 
Seat 6: Nazareno1999 ($101 in chips) 
Karl3234: posts small blind $0.50
Gaita_toien: posts big blind $1
*** HOLE CARDS ***
BumHuntKing: raises $1.20 to $2.20
kvcsszblcs: folds 
zhino: folds 
Nazareno1999: folds 
Karl3234: raises $5.40 to $7.60
Gaita_toien: folds 
BumHuntKing: calls $5.40
*** FLOP *** [6d 8c Jh]
Karl3234: bets $7.70
BumHuntKing: calls $7.70
*** TURN *** [6d 8c Jh] [9h]
Karl3234: bets $20 and is all-in
BumHuntKing: calls $20
*** RIVER *** [6d 8c Jh 9h] [3c]
*** SHOW DOWN ***
Karl3234: shows [Ad Ks] (high card Ace)
BumHuntKing: shows [8h 7h] (a pair of Eights)
BumHuntKing collected $69.10 from pot
*** SUMMARY ***
Total pot $71.60 | Rake $2.50 
Board [6d 8c Jh 9h 3c]
Seat 1: Karl3234 (small blind) showed [Ad Ks] and lost with high card Ace
Seat 2: Gaita_toien (big blind) folded before Flop
Seat 3: BumHuntKing showed [8h 7h] and won ($69.10) with a pair of Eights
Seat 4: kvcsszblcs folded before Flop (didn't bet)
Seat 5: zhino folded before Flop (didn't bet)
Seat 6: Nazareno1999 (button) folded before Flop (didn't bet)



PokerStars Hand #254643206014:  Hold'em No Limit ($0.50/$1.00 USD) - 2025/01/31 21:44:23 WET [2025/01/31 16:44:23 ET]
Table 'Lesath II' 6-max Seat #1 is the button
Seat 1: Karl3234 ($10 in chips) 
Seat 2: Gaita_toien ($100 in chips) 
Seat 3: BumHuntKing ($133.80 in chips) 
Seat 4: kvcsszblcs ($100 in chips) 
Seat 5: zhino ($118.09 in chips) 
Seat 6: Nazareno1999 ($101 in chips) 
Gaita_toien: posts small blind $0.50
BumHuntKing: posts big blind $1
*** HOLE CARDS ***
kvcsszblcs: folds 
zhino: folds 
Nazareno1999: folds 
Karl3234: raises $9 to $10 and is all-in
Gaita_toien: folds 
BumHuntKing: calls $9
*** FLOP *** [2c 3d Qc]
*** TURN *** [2c 3d Qc] [Kc]
*** RIVER *** [2c 3d Qc Kc] [6s]
*** SHOW DOWN ***
BumHuntKing: shows [9s 9d] (a pair of Nines)
Karl3234: shows [Ks Ah] (a pair of Kings)
Karl3234 collected $19.48 from pot
*** SUMMARY ***
Total pot $20.50 | Rake $1.02 
Board [2c 3d Qc Kc 6s]
Seat 1: Karl3234 (button) showed [Ks Ah] and won ($19.48) with a pair of Kings
Seat 2: Gaita_toien (small blind) folded before Flop
Seat 3: BumHuntKing (big blind) showed [9s 9d] and lost with a pair of Nines
Seat 4: kvcsszblcs folded before Flop (didn't bet)
Seat 5: zhino folded before Flop (didn't bet)
Seat 6: Nazareno1999 folded before Flop (didn't bet)



PokerStars Hand #254643213031:  Hold'em No Limit ($0.50/$1.00 USD) - 2025/01/31 21:44:45 WET [2025/01/31 16:44:45 ET]
Table 'Lesath II' 6-max Seat #2 is the button
Seat 1: Karl3234 ($19.48 in chips) 
Seat 2: Gaita_toien ($100 in chips) 
Seat 3: BumHuntKing ($123.80 in chips) 
Seat 4: kvcsszblcs ($100 in chips) 
Seat 5: zhino ($118.09 in chips) 
Seat 6: Nazareno1999 ($101 in chips) 
BumHuntKing: posts small blind $0.50
kvcsszblcs: posts big blind $1
*** HOLE CARDS ***
zhino: folds 
Nazareno1999: folds 
Karl3234: folds 
Gaita_toien: raises $1.50 to $2.50
BumHuntKing: raises $9 to $11.50
kvcsszblcs: folds 
Gaita_toien: folds 
Uncalled bet ($9) returned to BumHuntKing
BumHuntKing collected $6 from pot
BumHuntKing: doesn't show hand 
*** SUMMARY ***
Total pot $6 | Rake $0 
Seat 1: Karl3234 folded before Flop (didn't bet)
Seat 2: Gaita_toien (button) folded before Flop
Seat 3: BumHuntKing (small blind) collected ($6)
Seat 4: kvcsszblcs (big blind) folded before Flop
Seat 5: zhino folded before Flop (didn't bet)
Seat 6: Nazareno1999 folded before Flop (didn't bet)



PokerStars Hand #254643219327:  Hold'em No Limit ($0.50/$1.00 USD) - 2025/01/31 21:45:05 WET [2025/01/31 16:45:05 ET]
Table 'Lesath II' 6-max Seat #3 is the button
Seat 1: Karl3234 ($19.48 in chips) 
Seat 2: Gaita_toien ($100 in chips) 
Seat 3: BumHuntKing ($127.30 in chips) 
Seat 4: kvcsszblcs ($100 in chips) 
Seat 5: zhino ($118.09 in chips) 
Seat 6: Nazareno1999 ($101 in chips) 
kvcsszblcs: posts small blind $0.50
zhino: posts big blind $1
*** HOLE CARDS ***
Nazareno1999: folds 
Karl3234: folds 
Gaita_toien: folds 
BumHuntKing: folds 
kvcsszblcs: folds 
Uncalled bet ($0.50) returned to zhino
zhino collected $1 from pot
zhino: doesn't show hand 
*** SUMMARY ***
Total pot $1 | Rake $0 
Seat 1: Karl3234 folded before Flop (didn't bet)
Seat 2: Gaita_toien folded before Flop (didn't bet)
Seat 3: BumHuntKing (button) folded before Flop (didn't bet)
Seat 4: kvcsszblcs (small blind) folded before Flop
Seat 5: zhino (big blind) collected ($1)
Seat 6: Nazareno1999 folded before Flop (didn't bet)



PokerStars Hand #254643222884:  Hold'em No Limit ($0.50/$1.00 USD) - 2025/01/31 21:45:17 WET [2025/01/31 16:45:17 ET]
Table 'Lesath II' 6-max Seat #4 is the button
Seat 1: Karl3234 ($19.48 in chips) 
Seat 2: Gaita_toien ($100 in chips) 
Seat 3: BumHuntKing ($127.30 in chips) 
Seat 4: kvcsszblcs ($100 in chips) 
Seat 5: zhino ($118.59 in chips) 
Seat 6: Nazareno1999 ($101 in chips) 
zhino: posts small blind $0.50
Nazareno1999: posts big blind $1
*** HOLE CARDS ***
Karl3234: folds 
Gaita_toien: folds 
BumHuntKing: raises $1.20 to $2.20
kvcsszblcs: folds 
zhino: folds 
Nazareno1999: folds 
Uncalled bet ($1.20) returned to BumHuntKing
BumHuntKing collected $2.50 from pot
BumHuntKing: doesn't show hand 
*** SUMMARY ***
Total pot $2.50 | Rake $0 
Seat 1: Karl3234 folded before Flop (didn't bet)
Seat 2: Gaita_toien folded before Flop (didn't bet)
Seat 3: BumHuntKing collected ($2.50)
Seat 4: kvcsszblcs (button) folded before Flop (didn't bet)
Seat 5: zhino (small blind) folded before Flop
Seat 6: Nazareno1999 (big blind) folded before Flop



PokerStars Hand #254643230952:  Hold'em No Limit ($0.50/$1.00 USD) - 2025/01/31 21:45:43 WET [2025/01/31 16:45:43 ET]
Table 'Lesath II' 6-max Seat #5 is the button
Seat 1: Karl3234 ($19.48 in chips) 
Seat 2: Gaita_toien ($100 in chips) 
Seat 3: BumHuntKing ($128.80 in chips) 
Seat 4: kvcsszblcs ($100 in chips) 
Seat 5: zhino ($118.09 in chips) 
Seat 6: Nazareno1999 ($100 in chips) 
Nazareno1999: posts small blind $0.50
Karl3234: posts big blind $1
*** HOLE CARDS ***
Gaita_toien: folds 
BumHuntKing: raises $1.20 to $2.20
kvcsszblcs: folds 
zhino: folds 
Nazareno1999: folds 
Karl3234: calls $1.20
*** FLOP *** [7s 7d Qs]
Karl3234: checks 
BumHuntKing: bets $1.54
Karl3234: folds 
Uncalled bet ($1.54) returned to BumHuntKing
BumHuntKing collected $4.66 from pot
BumHuntKing: doesn't show hand 
*** SUMMARY ***
Total pot $4.90 | Rake $0.24 
Board [7s 7d Qs]
Seat 1: Karl3234 (big blind) folded on the Flop
Seat 2: Gaita_toien folded before Flop (didn't bet)
Seat 3: BumHuntKing collected ($4.66)
Seat 4: kvcsszblcs folded before Flop (didn't bet)
Seat 5: zhino (button) folded before Flop (didn't bet)
Seat 6: Nazareno1999 (small blind) folded before Flop



PokerStars Hand #254643239838:  Hold'em No Limit ($0.50/$1.00 USD) - 2025/01/31 21:46:12 WET [2025/01/31 16:46:12 ET]
Table 'Lesath II' 6-max Seat #6 is the button
Seat 1: Karl3234 ($17.28 in chips) 
Seat 2: Gaita_toien ($100 in chips) 
Seat 3: BumHuntKing ($131.26 in chips) 
Seat 4: kvcsszblcs ($100 in chips) 
Seat 5: zhino ($118.09 in chips) 
Seat 6: Nazareno1999 ($100 in chips) 
Karl3234: posts small blind $0.50
Gaita_toien: posts big blind $1
*** HOLE CARDS ***
BumHuntKing: folds 
kvcsszblcs: raises $1 to $2
zhino: folds 
Nazareno1999: folds 
Karl3234: folds 
Gaita_toien: calls $1
*** FLOP *** [2s 2c 9s]
Gaita_toien: checks 
kvcsszblcs: bets $1.71
Gaita_toien: raises $2.23 to $3.94
kvcsszblcs: calls $2.23
*** TURN *** [2s 2c 9s] [Tc]
Gaita_toien: bets $11
kvcsszblcs: calls $11
*** RIVER *** [2s 2c 9s Tc] [Th]
Gaita_toien: checks 
kvcsszblcs: checks 
*** SHOW DOWN ***
Gaita_toien: shows [As 7s] (two pair, Tens and Deuces)
kvcsszblcs: shows [3d 3s] (two pair, Tens and Threes)
kvcsszblcs collected $32.66 from pot
*** SUMMARY ***
Total pot $34.38 | Rake $1.72 
Board [2s 2c 9s Tc Th]
Seat 1: Karl3234 (small blind) folded before Flop
Seat 2: Gaita_toien (big blind) showed [As 7s] and lost with two pair, Tens and Deuces
Seat 3: BumHuntKing folded before Flop (didn't bet)
Seat 4: kvcsszblcs showed [3d 3s] and won ($32.66) with two pair, Tens and Threes
Seat 5: zhino folded before Flop (didn't bet)
Seat 6: Nazareno1999 (button) folded before Flop (didn't bet)



