PokerStars Hand #254388480081:  Hold'em No Limit ($0.50/$1.00 USD) - 2025/01/15 20:47:25 WET [2025/01/15 15:47:25 ET]
Table 'Marceline III' 6-max Seat #2 is the button
Seat 1: BoyLoc0 ($100 in chips) 
Seat 2: ptolejmus ($10 in chips) 
Seat 5: Manifestorr ($100 in chips) 
Manifestorr: posts small blind $0.50
BoyLoc0: posts big blind $1
*** HOLE CARDS ***
ptolejmus: folds 
Manifestorr: folds 
Uncalled bet ($0.50) returned to BoyLoc0
BoyLoc0 collected $1 from pot
BoyLoc0: doesn't show hand 
*** SUMMARY ***
Total pot $1 | Rake $0 
Seat 1: BoyLoc0 (big blind) collected ($1)
Seat 2: ptolejmus (button) folded before Flop (didn't bet)
Seat 5: Manifestorr (small blind) folded before Flop



PokerStars Hand #254388483837:  Hold'em No Limit ($0.50/$1.00 USD) - 2025/01/15 20:47:37 WET [2025/01/15 15:47:37 ET]
Table 'Marceline III' 6-max Seat #5 is the button
Seat 1: BoyLoc0 ($100.50 in chips) 
Seat 2: ptolejmus ($10 in chips) 
Seat 5: Manifestorr ($100 in chips) 
BoyLoc0: posts small blind $0.50
ptolejmus: posts big blind $1
*** HOLE CARDS ***
Manifestorr: raises $1.20 to $2.20
BoyLoc0: raises $7.80 to $10
ptolejmus: folds 
Manifestorr: calls $7.80
*** FLOP *** [3h 6s 7d]
MoRsCeReBruM joins the table at seat #4 
pr0tecto joins the table at seat #6 
BoyLoc0: bets $14
Manifestorr: folds 
Uncalled bet ($14) returned to BoyLoc0
BoyLoc0 collected $20 from pot
BoyLoc0: doesn't show hand 
*** SUMMARY ***
Total pot $21 | Rake $1 
Board [3h 6s 7d]
Seat 1: BoyLoc0 (small blind) collected ($20)
Seat 2: ptolejmus (big blind) folded before Flop
Seat 5: Manifestorr (button) folded on the Flop



PokerStars Hand #254388502568:  Hold'em No Limit ($0.50/$1.00 USD) - 2025/01/15 20:48:38 WET [2025/01/15 15:48:38 ET]
Table 'Marceline III' 6-max Seat #1 is the button
Seat 6: pr0tecto ($100 in chips) is sitting out
Seat 1: BoyLoc0 ($110.50 in chips) 
Seat 2: ptolejmus ($10 in chips) 
Seat 4: MoRsCeReBruM ($100 in chips) 
Seat 5: Manifestorr ($100 in chips) 
ptolejmus: posts small blind $0.50
MoRsCeReBruM: posts big blind $1
pr0tecto: sits out 
*** HOLE CARDS ***
Manifestorr: folds 
BoyLoc0: raises $1.50 to $2.50
ptolejmus: raises $7.50 to $10 and is all-in
MoRsCeReBruM: folds 
BoyLoc0: folds 
Uncalled bet ($7.50) returned to ptolejmus
ptolejmus collected $6 from pot
*** SUMMARY ***
Total pot $6 | Rake $0 
Seat 6: pr0tecto
Seat 1: BoyLoc0 (button) folded before Flop
Seat 2: ptolejmus (small blind) collected ($6)
Seat 4: MoRsCeReBruM (big blind) folded before Flop
Seat 5: Manifestorr folded before Flop (didn't bet)



PokerStars Hand #254388512128:  Hold'em No Limit ($0.50/$1.00 USD) - 2025/01/15 20:49:09 WET [2025/01/15 15:49:09 ET]
Table 'Marceline III' 6-max Seat #2 is the button
Seat 5: Manifestorr ($100 in chips) is sitting out
Seat 1: BoyLoc0 ($108 in chips) 
Seat 2: ptolejmus ($13.50 in chips) 
Seat 4: MoRsCeReBruM ($100 in chips) 
Seat 6: pr0tecto ($100 in chips) 
MoRsCeReBruM: posts small blind $0.50
Manifestorr: is sitting out 
pr0tecto: posts big blind $1
*** HOLE CARDS ***
BoyLoc0: folds 
Manifestorr leaves the table
ptolejmus: folds 
MoRsCeReBruM: folds 
Uncalled bet ($0.50) returned to pr0tecto
pr0tecto collected $1 from pot
pr0tecto: doesn't show hand 
BoyLoc0 leaves the table
*** SUMMARY ***
Total pot $1 | Rake $0 
Seat 5: Manifestorr
Seat 1: BoyLoc0 folded before Flop (didn't bet)
Seat 2: ptolejmus (button) folded before Flop (didn't bet)
Seat 4: MoRsCeReBruM (small blind) folded before Flop
Seat 6: pr0tecto (big blind) collected ($1)



PokerStars Hand #254388517167:  Hold'em No Limit ($0.50/$1.00 USD) - 2025/01/15 20:49:26 WET [2025/01/15 15:49:26 ET]
Table 'Marceline III' 6-max Seat #4 is the button
Seat 2: ptolejmus ($13.50 in chips) 
Seat 4: MoRsCeReBruM ($100 in chips) 
Seat 6: pr0tecto ($100.50 in chips) 
pr0tecto: posts small blind $0.50
ptolejmus: posts big blind $1
*** HOLE CARDS ***
MoRsCeReBruM: raises $1.20 to $2.20
pr0tecto: calls $1.70
ptolejmus: folds 
*** FLOP *** [9s 7h 6d]
pr0tecto: checks 
MoRsCeReBruM: bets $2.57
pr0tecto: raises $5.43 to $8
MoRsCeReBruM: calls $5.43
*** TURN *** [9s 7h 6d] [2c]
pr0tecto: bets $15.30
MoRsCeReBruM: folds 
Uncalled bet ($15.30) returned to pr0tecto
pr0tecto collected $20.40 from pot
pr0tecto: doesn't show hand 
*** SUMMARY ***
Total pot $21.40 | Rake $1 
Board [9s 7h 6d 2c]
Seat 2: ptolejmus (big blind) folded before Flop
Seat 4: MoRsCeReBruM (button) folded on the Turn
Seat 6: pr0tecto (small blind) collected ($20.40)



PokerStars Hand #254388537207:  Hold'em No Limit ($0.50/$1.00 USD) - 2025/01/15 20:50:31 WET [2025/01/15 15:50:31 ET]
Table 'Marceline III' 6-max Seat #6 is the button
Seat 2: ptolejmus ($12.50 in chips) 
Seat 4: MoRsCeReBruM ($100 in chips) 
Seat 6: pr0tecto ($110.70 in chips) 
ptolejmus: posts small blind $0.50
MoRsCeReBruM: posts big blind $1
*** HOLE CARDS ***
pr0tecto: folds 
ptolejmus: raises $11.50 to $12.50 and is all-in
MoRsCeReBruM: folds 
Uncalled bet ($11.50) returned to ptolejmus
ptolejmus collected $2 from pot
*** SUMMARY ***
Total pot $2 | Rake $0 
Seat 2: ptolejmus (small blind) collected ($2)
Seat 4: MoRsCeReBruM (big blind) folded before Flop
Seat 6: pr0tecto (button) folded before Flop (didn't bet)



PokerStars Hand #254388965640:  Hold'em No Limit ($0.50/$1.00 USD) - 2025/01/15 21:15:20 WET [2025/01/15 16:15:20 ET]
Table 'Marceline III' 6-max Seat #2 is the button
Seat 2: ptolejmus ($13.50 in chips) 
Seat 3: camilinho UC ($10 in chips) 
Seat 4: YeeesMan ($100 in chips) 
Seat 5: Nazareno1999 ($100 in chips) 
Seat 6: MAO_DZEDYN_S ($100 in chips) 
camilinho UC: posts small blind $0.50
YeeesMan: posts big blind $1
*** HOLE CARDS ***
Nazareno1999: folds 
MAO_DZEDYN_S: raises $1 to $2
ptolejmus: folds 
camilinho UC: raises $8 to $10 and is all-in
YeeesMan: folds 
MAO_DZEDYN_S: calls $8
ImaPeppaPig joins the table at seat #1 
*** FLOP *** [4c 2d 6c]
*** TURN *** [4c 2d 6c] [6s]
*** RIVER *** [4c 2d 6c 6s] [4d]
*** SHOW DOWN ***
camilinho UC: shows [Jh Ah] (two pair, Sixes and Fours)
MAO_DZEDYN_S: shows [Ad 6d] (a full house, Sixes full of Fours)
MAO_DZEDYN_S collected $19.95 from pot
*** SUMMARY ***
Total pot $21 | Rake $1.05 
Board [4c 2d 6c 6s 4d]
Seat 2: ptolejmus (button) folded before Flop (didn't bet)
Seat 3: camilinho UC (small blind) showed [Jh Ah] and lost with two pair, Sixes and Fours
Seat 4: YeeesMan (big blind) folded before Flop
Seat 5: Nazareno1999 folded before Flop (didn't bet)
Seat 6: MAO_DZEDYN_S showed [Ad 6d] and won ($19.95) with a full house, Sixes full of Fours



PokerStars Hand #254388976911:  Hold'em No Limit ($0.50/$1.00 USD) - 2025/01/15 21:15:56 WET [2025/01/15 16:15:56 ET]
Table 'Marceline III' 6-max Seat #4 is the button
Seat 1: ImaPeppaPig ($100 in chips) is sitting out
Seat 2: ptolejmus ($13.50 in chips) 
Seat 4: YeeesMan ($100 in chips) 
Seat 5: Nazareno1999 ($100 in chips) 
Seat 6: MAO_DZEDYN_S ($109.95 in chips) 
Nazareno1999: posts small blind $0.50
MAO_DZEDYN_S: posts big blind $1
ImaPeppaPig: sits out 
*** HOLE CARDS ***
ptolejmus: folds 
YeeesMan: raises $1.50 to $2.50
Nazareno1999: folds 
MAO_DZEDYN_S: calls $1.50
*** FLOP *** [5c Qc 2s]
MAO_DZEDYN_S: checks 
YeeesMan: checks 
*** TURN *** [5c Qc 2s] [As]
MAO_DZEDYN_S: checks 
YeeesMan: checks 
*** RIVER *** [5c Qc 2s As] [3s]
MAO_DZEDYN_S: bets $1.57
YeeesMan: folds 
Uncalled bet ($1.57) returned to MAO_DZEDYN_S
MAO_DZEDYN_S collected $5.22 from pot
MAO_DZEDYN_S: doesn't show hand 
*** SUMMARY ***
Total pot $5.50 | Rake $0.28 
Board [5c Qc 2s As 3s]
Seat 1: ImaPeppaPig
Seat 2: ptolejmus folded before Flop (didn't bet)
Seat 4: YeeesMan (button) folded on the River
Seat 5: Nazareno1999 (small blind) folded before Flop
Seat 6: MAO_DZEDYN_S (big blind) collected ($5.22)



PokerStars Hand #254389013994:  Hold'em No Limit ($0.50/$1.00 USD) - 2025/01/15 21:17:53 WET [2025/01/15 16:17:53 ET]
Table 'Marceline III' 6-max Seat #5 is the button
Seat 1: ImaPeppaPig ($100 in chips) 
Seat 2: ptolejmus ($13.50 in chips) 
Seat 4: YeeesMan ($100 in chips) 
Seat 5: Nazareno1999 ($100 in chips) 
Seat 6: MAO_DZEDYN_S ($112.67 in chips) 
MAO_DZEDYN_S: posts small blind $0.50
ImaPeppaPig: posts big blind $1
*** HOLE CARDS ***
ptolejmus: folds 
YeeesMan: raises $1.50 to $2.50
Nazareno1999: folds 
MAO_DZEDYN_S: folds 
ImaPeppaPig: folds 
Uncalled bet ($1.50) returned to YeeesMan
YeeesMan collected $2.50 from pot
YeeesMan: doesn't show hand 
*** SUMMARY ***
Total pot $2.50 | Rake $0 
Seat 1: ImaPeppaPig (big blind) folded before Flop
Seat 2: ptolejmus folded before Flop (didn't bet)
Seat 4: YeeesMan collected ($2.50)
Seat 5: Nazareno1999 (button) folded before Flop (didn't bet)
Seat 6: MAO_DZEDYN_S (small blind) folded before Flop



PokerStars Hand #254389019944:  Hold'em No Limit ($0.50/$1.00 USD) - 2025/01/15 21:18:12 WET [2025/01/15 16:18:12 ET]
Table 'Marceline III' 6-max Seat #6 is the button
Seat 1: ImaPeppaPig ($100 in chips) 
Seat 2: ptolejmus ($13.50 in chips) 
Seat 4: YeeesMan ($101.50 in chips) 
Seat 5: Nazareno1999 ($100 in chips) 
Seat 6: MAO_DZEDYN_S ($112.17 in chips) 
ImaPeppaPig: posts small blind $0.50
ptolejmus: posts big blind $1
*** HOLE CARDS ***
JEWlvl1 joins the table at seat #3 
YeeesMan: folds 
Nazareno1999: raises $1.20 to $2.20
MAO_DZEDYN_S: folds 
ImaPeppaPig: folds 
ptolejmus: folds 
Uncalled bet ($1.20) returned to Nazareno1999
Nazareno1999 collected $2.50 from pot
Nazareno1999: doesn't show hand 
*** SUMMARY ***
Total pot $2.50 | Rake $0 
Seat 1: ImaPeppaPig (small blind) folded before Flop
Seat 2: ptolejmus (big blind) folded before Flop
Seat 4: YeeesMan folded before Flop (didn't bet)
Seat 5: Nazareno1999 collected ($2.50)
Seat 6: MAO_DZEDYN_S (button) folded before Flop (didn't bet)



PokerStars Hand #254389029171:  Hold'em No Limit ($0.50/$1.00 USD) - 2025/01/15 21:18:41 WET [2025/01/15 16:18:41 ET]
Table 'Marceline III' 6-max Seat #1 is the button
Seat 1: ImaPeppaPig ($100 in chips) 
Seat 2: ptolejmus ($12.50 in chips) 
Seat 3: JEWlvl1 ($60 in chips) 
Seat 4: YeeesMan ($101.50 in chips) 
Seat 5: Nazareno1999 ($101.50 in chips) 
Seat 6: MAO_DZEDYN_S ($112.17 in chips) 
ptolejmus: posts small blind $0.50
JEWlvl1: posts big blind $1
*** HOLE CARDS ***
YeeesMan: folds 
Nazareno1999: folds 
MAO_DZEDYN_S: folds 
ImaPeppaPig: folds 
ptolejmus: raises $1 to $2
JEWlvl1: calls $1
*** FLOP *** [Jd Th 6s]
ptolejmus: bets $1.03
JEWlvl1: calls $1.03
*** TURN *** [Jd Th 6s] [Kc]
ptolejmus: bets $1.56
JEWlvl1: calls $1.56
*** RIVER *** [Jd Th 6s Kc] [Qs]
ptolejmus: bets $2.35
JEWlvl1: raises $7.65 to $10
ptolejmus: folds 
Uncalled bet ($7.65) returned to JEWlvl1
JEWlvl1 collected $13.19 from pot
JEWlvl1: doesn't show hand 
*** SUMMARY ***
Total pot $13.88 | Rake $0.69 
Board [Jd Th 6s Kc Qs]
Seat 1: ImaPeppaPig (button) folded before Flop (didn't bet)
Seat 2: ptolejmus (small blind) folded on the River
Seat 3: JEWlvl1 (big blind) collected ($13.19)
Seat 4: YeeesMan folded before Flop (didn't bet)
Seat 5: Nazareno1999 folded before Flop (didn't bet)
Seat 6: MAO_DZEDYN_S folded before Flop (didn't bet)



PokerStars Hand #254389049159:  Hold'em No Limit ($0.50/$1.00 USD) - 2025/01/15 21:19:44 WET [2025/01/15 16:19:44 ET]
Table 'Marceline III' 6-max Seat #2 is the button
Seat 4: YeeesMan ($101.50 in chips) is sitting out
Seat 1: ImaPeppaPig ($100 in chips) 
Seat 2: ptolejmus ($10 in chips) 
Seat 3: JEWlvl1 ($66.25 in chips) 
Seat 5: Nazareno1999 ($101.50 in chips) 
Seat 6: MAO_DZEDYN_S ($112.17 in chips) 
JEWlvl1: posts small blind $0.50
YeeesMan: is sitting out 
Nazareno1999: posts big blind $1
*** HOLE CARDS ***
YeeesMan leaves the table
MAO_DZEDYN_S: folds 
ImaPeppaPig: folds 
ptolejmus: raises $9 to $10 and is all-in
JEWlvl1: calls $9.50
MAO_DZEDYN_S leaves the table
Nazareno1999: folds 
*** FLOP *** [7h 2c Qs]
Sadyhov V.V. joins the table at seat #4 
*** TURN *** [7h 2c Qs] [2d]
vadjkeee joins the table at seat #6 
*** RIVER *** [7h 2c Qs 2d] [Jc]
*** SHOW DOWN ***
JEWlvl1: shows [8c 8s] (two pair, Eights and Deuces)
ptolejmus: shows [9c Ac] (a pair of Deuces)
JEWlvl1 collected $19.95 from pot
*** SUMMARY ***
Total pot $21 | Rake $1.05 
Board [7h 2c Qs 2d Jc]
Seat 4: YeeesMan
Seat 1: ImaPeppaPig folded before Flop (didn't bet)
Seat 2: ptolejmus (button) showed [9c Ac] and lost with a pair of Deuces
Seat 3: JEWlvl1 (small blind) showed [8c 8s] and won ($19.95) with two pair, Eights and Deuces
Seat 5: Nazareno1999 (big blind) folded before Flop
Seat 6: MAO_DZEDYN_S folded before Flop (didn't bet)



PokerStars Hand #254389059402:  Hold'em No Limit ($0.50/$1.00 USD) - 2025/01/15 21:20:17 WET [2025/01/15 16:20:17 ET]
Table 'Marceline III' 6-max Seat #3 is the button
Seat 4: Sadyhov V.V. ($100 in chips) is sitting out
Seat 1: ImaPeppaPig ($100 in chips) 
Seat 2: ptolejmus ($10 in chips) 
Seat 3: JEWlvl1 ($76.20 in chips) 
Seat 5: Nazareno1999 ($100.50 in chips) 
Seat 6: vadjkeee ($100 in chips) 
Nazareno1999: posts small blind $0.50
vadjkeee: posts big blind $1
*** HOLE CARDS ***
ImaPeppaPig: raises $1.50 to $2.50
ptolejmus: folds 
JEWlvl1: folds 
Nazareno1999: folds 
vadjkeee: folds 
Uncalled bet ($1.50) returned to ImaPeppaPig
ImaPeppaPig collected $2.50 from pot
ImaPeppaPig: doesn't show hand 
*** SUMMARY ***
Total pot $2.50 | Rake $0 
Seat 4: Sadyhov V.V.
Seat 1: ImaPeppaPig collected ($2.50)
Seat 2: ptolejmus folded before Flop (didn't bet)
Seat 3: JEWlvl1 (button) folded before Flop (didn't bet)
Seat 5: Nazareno1999 (small blind) folded before Flop
Seat 6: vadjkeee (big blind) folded before Flop



PokerStars Hand #254389065584:  Hold'em No Limit ($0.50/$1.00 USD) - 2025/01/15 21:20:36 WET [2025/01/15 16:20:36 ET]
Table 'Marceline III' 6-max Seat #5 is the button
Seat 4: Sadyhov V.V. ($100 in chips) is sitting out
Seat 1: ImaPeppaPig ($101.50 in chips) 
Seat 2: ptolejmus ($10 in chips) 
Seat 3: JEWlvl1 ($76.20 in chips) 
Seat 5: Nazareno1999 ($100 in chips) 
Seat 6: vadjkeee ($100 in chips) 
vadjkeee: posts small blind $0.50
ImaPeppaPig: posts big blind $1
Sadyhov V.V.: sits out 
*** HOLE CARDS ***
ptolejmus: folds 
JEWlvl1: folds 
Nazareno1999: folds 
vadjkeee: raises $2 to $3
ImaPeppaPig: folds 
Uncalled bet ($2) returned to vadjkeee
vadjkeee collected $2 from pot
vadjkeee: doesn't show hand 
Sadyhov V.V. leaves the table
*** SUMMARY ***
Total pot $2 | Rake $0 
Seat 4: Sadyhov V.V.
Seat 1: ImaPeppaPig (big blind) folded before Flop
Seat 2: ptolejmus folded before Flop (didn't bet)
Seat 3: JEWlvl1 folded before Flop (didn't bet)
Seat 5: Nazareno1999 (button) folded before Flop (didn't bet)
Seat 6: vadjkeee (small blind) collected ($2)



PokerStars Hand #254389069588:  Hold'em No Limit ($0.50/$1.00 USD) - 2025/01/15 21:20:49 WET [2025/01/15 16:20:49 ET]
Table 'Marceline III' 6-max Seat #6 is the button
Seat 1: ImaPeppaPig ($100.50 in chips) 
Seat 2: ptolejmus ($10 in chips) 
Seat 3: JEWlvl1 ($76.20 in chips) 
Seat 5: Nazareno1999 ($100 in chips) 
Seat 6: vadjkeee ($101 in chips) 
ImaPeppaPig: posts small blind $0.50
ptolejmus: posts big blind $1
*** HOLE CARDS ***
JEWlvl1: folds 
Nazareno1999: raises $1.20 to $2.20
vadjkeee: folds 
ImaPeppaPig: folds 
ptolejmus: folds 
Uncalled bet ($1.20) returned to Nazareno1999
Nazareno1999 collected $2.50 from pot
Nazareno1999: doesn't show hand 
*** SUMMARY ***
Total pot $2.50 | Rake $0 
Seat 1: ImaPeppaPig (small blind) folded before Flop
Seat 2: ptolejmus (big blind) folded before Flop
Seat 3: JEWlvl1 folded before Flop (didn't bet)
Seat 5: Nazareno1999 collected ($2.50)
Seat 6: vadjkeee (button) folded before Flop (didn't bet)



PokerStars Hand #254389076335:  Hold'em No Limit ($0.50/$1.00 USD) - 2025/01/15 21:21:11 WET [2025/01/15 16:21:11 ET]
Table 'Marceline III' 6-max Seat #1 is the button
Seat 1: ImaPeppaPig ($100 in chips) 
Seat 2: ptolejmus ($10 in chips) 
Seat 3: JEWlvl1 ($76.20 in chips) 
Seat 5: Nazareno1999 ($101.50 in chips) 
Seat 6: vadjkeee ($101 in chips) 
ptolejmus: posts small blind $0.50
JEWlvl1: posts big blind $1
*** HOLE CARDS ***
Rdalonso joins the table at seat #4 
Nazareno1999: folds 
vadjkeee: raises $2 to $3
ImaPeppaPig: folds 
ptolejmus: folds 
JEWlvl1: calls $2
*** FLOP *** [8c 8d Tc]
JEWlvl1: checks 
vadjkeee: bets $1.54
JEWlvl1: calls $1.54
*** TURN *** [8c 8d Tc] [Kd]
JEWlvl1: checks 
vadjkeee: checks 
*** RIVER *** [8c 8d Tc Kd] [As]
JEWlvl1: checks 
vadjkeee: checks 
*** SHOW DOWN ***
JEWlvl1: shows [4d 4s] (two pair, Eights and Fours)
vadjkeee: shows [5s 5h] (two pair, Eights and Fives)
vadjkeee collected $9.10 from pot
*** SUMMARY ***
Total pot $9.58 | Rake $0.48 
Board [8c 8d Tc Kd As]
Seat 1: ImaPeppaPig (button) folded before Flop (didn't bet)
Seat 2: ptolejmus (small blind) folded before Flop
Seat 3: JEWlvl1 (big blind) showed [4d 4s] and lost with two pair, Eights and Fours
Seat 5: Nazareno1999 folded before Flop (didn't bet)
Seat 6: vadjkeee showed [5s 5h] and won ($9.10) with two pair, Eights and Fives



PokerStars Hand #254389092226:  Hold'em No Limit ($0.50/$1.00 USD) - 2025/01/15 21:22:02 WET [2025/01/15 16:22:02 ET]
Table 'Marceline III' 6-max Seat #2 is the button
Seat 1: ImaPeppaPig ($100 in chips) 
Seat 2: ptolejmus ($10 in chips) 
Seat 3: JEWlvl1 ($71.66 in chips) 
Seat 4: Rdalonso ($100 in chips) 
Seat 5: Nazareno1999 ($101.50 in chips) 
Seat 6: vadjkeee ($105.56 in chips) 
JEWlvl1: posts small blind $0.50
Rdalonso: posts big blind $1
*** HOLE CARDS ***
Nazareno1999: folds 
vadjkeee: folds 
ImaPeppaPig: folds 
ptolejmus: raises $9 to $10 and is all-in
JEWlvl1: folds 
Rdalonso: folds 
Uncalled bet ($9) returned to ptolejmus
ptolejmus collected $2.50 from pot
*** SUMMARY ***
Total pot $2.50 | Rake $0 
Seat 1: ImaPeppaPig folded before Flop (didn't bet)
Seat 2: ptolejmus (button) collected ($2.50)
Seat 3: JEWlvl1 (small blind) folded before Flop
Seat 4: Rdalonso (big blind) folded before Flop
Seat 5: Nazareno1999 folded before Flop (didn't bet)
Seat 6: vadjkeee folded before Flop (didn't bet)



PokerStars Hand #254389097815:  Hold'em No Limit ($0.50/$1.00 USD) - 2025/01/15 21:22:20 WET [2025/01/15 16:22:20 ET]
Table 'Marceline III' 6-max Seat #3 is the button
Seat 1: ImaPeppaPig ($100 in chips) 
Seat 2: ptolejmus ($11.50 in chips) 
Seat 3: JEWlvl1 ($71.16 in chips) 
Seat 4: Rdalonso ($100 in chips) 
Seat 5: Nazareno1999 ($101.50 in chips) 
Seat 6: vadjkeee ($105.56 in chips) 
Rdalonso: posts small blind $0.50
Nazareno1999: posts big blind $1
*** HOLE CARDS ***
vadjkeee: folds 
ImaPeppaPig: folds 
ptolejmus: folds 
JEWlvl1: calls $1
Rdalonso: raises $4 to $5
Nazareno1999: folds 
JEWlvl1: calls $4
*** FLOP *** [4h 9s Qh]
Rdalonso: bets $3.45
JEWlvl1: folds 
Uncalled bet ($3.45) returned to Rdalonso
Rdalonso collected $10.45 from pot
Rdalonso: doesn't show hand 
*** SUMMARY ***
Total pot $11 | Rake $0.55 
Board [4h 9s Qh]
Seat 1: ImaPeppaPig folded before Flop (didn't bet)
Seat 2: ptolejmus folded before Flop (didn't bet)
Seat 3: JEWlvl1 (button) folded on the Flop
Seat 4: Rdalonso (small blind) collected ($10.45)
Seat 5: Nazareno1999 (big blind) folded before Flop
Seat 6: vadjkeee folded before Flop (didn't bet)



PokerStars Hand #254389107574:  Hold'em No Limit ($0.50/$1.00 USD) - 2025/01/15 21:22:51 WET [2025/01/15 16:22:51 ET]
Table 'Marceline III' 6-max Seat #4 is the button
Seat 1: ImaPeppaPig ($100 in chips) 
Seat 2: ptolejmus ($11.50 in chips) 
Seat 3: JEWlvl1 ($66.16 in chips) 
Seat 4: Rdalonso ($105.45 in chips) 
Seat 5: Nazareno1999 ($100.50 in chips) 
Seat 6: vadjkeee ($105.56 in chips) 
Nazareno1999: posts small blind $0.50
vadjkeee: posts big blind $1
*** HOLE CARDS ***
ImaPeppaPig: folds 
ptolejmus: raises $1 to $2
JEWlvl1: calls $2
Rdalonso: folds 
Nazareno1999: folds 
vadjkeee: folds 
*** FLOP *** [9c Ad 5d]
ptolejmus: bets $1.41
JEWlvl1: raises $3.41 to $4.82
ptolejmus: raises $4.68 to $9.50 and is all-in
JEWlvl1: calls $4.68
*** TURN *** [9c Ad 5d] [4d]
*** RIVER *** [9c Ad 5d 4d] [Kh]
*** SHOW DOWN ***
ptolejmus: shows [Ah 8s] (a pair of Aces)
JEWlvl1: shows [Ks Kc] (three of a kind, Kings)
JEWlvl1 collected $23.28 from pot
*** SUMMARY ***
Total pot $24.50 | Rake $1.22 
Board [9c Ad 5d 4d Kh]
Seat 1: ImaPeppaPig folded before Flop (didn't bet)
Seat 2: ptolejmus showed [Ah 8s] and lost with a pair of Aces
Seat 3: JEWlvl1 showed [Ks Kc] and won ($23.28) with three of a kind, Kings
Seat 4: Rdalonso (button) folded before Flop (didn't bet)
Seat 5: Nazareno1999 (small blind) folded before Flop
Seat 6: vadjkeee (big blind) folded before Flop



PokerStars Hand #254389121040:  Hold'em No Limit ($0.50/$1.00 USD) - 2025/01/15 21:23:35 WET [2025/01/15 16:23:35 ET]
Table 'Marceline III' 6-max Seat #5 is the button
Seat 1: ImaPeppaPig ($100 in chips) 
Seat 2: ptolejmus ($10 in chips) 
Seat 3: JEWlvl1 ($77.94 in chips) 
Seat 4: Rdalonso ($105.45 in chips) 
Seat 5: Nazareno1999 ($100 in chips) 
Seat 6: vadjkeee ($104.56 in chips) 
vadjkeee: posts small blind $0.50
ImaPeppaPig: posts big blind $1
*** HOLE CARDS ***
ptolejmus: folds 
JEWlvl1: folds 
Rdalonso: folds 
Nazareno1999: raises $1.20 to $2.20
vadjkeee: folds 
ImaPeppaPig: folds 
Uncalled bet ($1.20) returned to Nazareno1999
Nazareno1999 collected $2.50 from pot
Nazareno1999: doesn't show hand 
*** SUMMARY ***
Total pot $2.50 | Rake $0 
Seat 1: ImaPeppaPig (big blind) folded before Flop
Seat 2: ptolejmus folded before Flop (didn't bet)
Seat 3: JEWlvl1 folded before Flop (didn't bet)
Seat 4: Rdalonso folded before Flop (didn't bet)
Seat 5: Nazareno1999 (button) collected ($2.50)
Seat 6: vadjkeee (small blind) folded before Flop



PokerStars Hand #254389126631:  Hold'em No Limit ($0.50/$1.00 USD) - 2025/01/15 21:23:52 WET [2025/01/15 16:23:52 ET]
Table 'Marceline III' 6-max Seat #6 is the button
Seat 1: ImaPeppaPig ($100 in chips) 
Seat 2: ptolejmus ($10 in chips) 
Seat 3: JEWlvl1 ($77.94 in chips) 
Seat 4: Rdalonso ($105.45 in chips) 
Seat 5: Nazareno1999 ($101.50 in chips) 
Seat 6: vadjkeee ($104.06 in chips) 
ImaPeppaPig: posts small blind $0.50
ptolejmus: posts big blind $1
*** HOLE CARDS ***
JEWlvl1: folds 
Rdalonso: folds 
Nazareno1999: raises $1.20 to $2.20
vadjkeee: folds 
ImaPeppaPig: folds 
ptolejmus: folds 
Uncalled bet ($1.20) returned to Nazareno1999
Nazareno1999 collected $2.50 from pot
Nazareno1999: doesn't show hand 
*** SUMMARY ***
Total pot $2.50 | Rake $0 
Seat 1: ImaPeppaPig (small blind) folded before Flop
Seat 2: ptolejmus (big blind) folded before Flop
Seat 3: JEWlvl1 folded before Flop (didn't bet)
Seat 4: Rdalonso folded before Flop (didn't bet)
Seat 5: Nazareno1999 collected ($2.50)
Seat 6: vadjkeee (button) folded before Flop (didn't bet)



PokerStars Hand #254389133725:  Hold'em No Limit ($0.50/$1.00 USD) - 2025/01/15 21:24:15 WET [2025/01/15 16:24:15 ET]
Table 'Marceline III' 6-max Seat #1 is the button
Seat 1: ImaPeppaPig ($100 in chips) 
Seat 2: ptolejmus ($10 in chips) 
Seat 3: JEWlvl1 ($77.94 in chips) 
Seat 4: Rdalonso ($105.45 in chips) 
Seat 5: Nazareno1999 ($103 in chips) 
Seat 6: vadjkeee ($104.06 in chips) 
ptolejmus: posts small blind $0.50
JEWlvl1: posts big blind $1
*** HOLE CARDS ***
Rdalonso: folds 
Nazareno1999: raises $1.20 to $2.20
vadjkeee: raises $4.80 to $7
ImaPeppaPig: folds 
ptolejmus: folds 
JEWlvl1: folds 
Nazareno1999: folds 
Uncalled bet ($4.80) returned to vadjkeee
vadjkeee collected $5.90 from pot
vadjkeee: doesn't show hand 
*** SUMMARY ***
Total pot $5.90 | Rake $0 
Seat 1: ImaPeppaPig (button) folded before Flop (didn't bet)
Seat 2: ptolejmus (small blind) folded before Flop
Seat 3: JEWlvl1 (big blind) folded before Flop
Seat 4: Rdalonso folded before Flop (didn't bet)
Seat 5: Nazareno1999 folded before Flop
Seat 6: vadjkeee collected ($5.90)



PokerStars Hand #254389138555:  Hold'em No Limit ($0.50/$1.00 USD) - 2025/01/15 21:24:31 WET [2025/01/15 16:24:31 ET]
Table 'Marceline III' 6-max Seat #2 is the button
Seat 1: ImaPeppaPig ($100 in chips) 
Seat 2: ptolejmus ($10 in chips) 
Seat 3: JEWlvl1 ($76.94 in chips) 
Seat 4: Rdalonso ($105.45 in chips) 
Seat 5: Nazareno1999 ($100.80 in chips) 
Seat 6: vadjkeee ($107.76 in chips) 
JEWlvl1: posts small blind $0.50
Rdalonso: posts big blind $1
*** HOLE CARDS ***
Nazareno1999: folds 
vadjkeee: folds 
ImaPeppaPig: raises $1.50 to $2.50
ptolejmus: raises $7.50 to $10 and is all-in
JEWlvl1: folds 
Rdalonso: folds 
ImaPeppaPig: calls $7.50
*** FIRST FLOP *** [9s 4h Jh]
*** FIRST TURN *** [9s 4h Jh] [9d]
*** FIRST RIVER *** [9s 4h Jh 9d] [Tc]
*** SECOND FLOP *** [Th Ts 4s]
*** SECOND TURN *** [Th Ts 4s] [Qh]
*** SECOND RIVER *** [Th Ts 4s Qh] [Kd]
*** FIRST SHOW DOWN ***
ImaPeppaPig: shows [As 8s] (a pair of Nines)
ptolejmus: shows [Ah Qs] (a pair of Nines - Ace+Queen kicker)
ptolejmus collected $10.21 from pot
*** SECOND SHOW DOWN ***
ImaPeppaPig: shows [As 8s] (a pair of Tens)
ptolejmus: shows [Ah Qs] (two pair, Queens and Tens)
ptolejmus collected $10.21 from pot
*** SUMMARY ***
Total pot $21.50 | Rake $1.08 
Hand was run twice
FIRST Board [9s 4h Jh 9d Tc]
SECOND Board [Th Ts 4s Qh Kd]
Seat 1: ImaPeppaPig showed [As 8s] and lost with a pair of Nines, and lost with a pair of Tens
Seat 2: ptolejmus (button) showed [Ah Qs] and won ($10.21) with a pair of Nines, and won ($10.21) with two pair, Queens and Tens
Seat 3: JEWlvl1 (small blind) folded before Flop
Seat 4: Rdalonso (big blind) folded before Flop
Seat 5: Nazareno1999 folded before Flop (didn't bet)
Seat 6: vadjkeee folded before Flop (didn't bet)



PokerStars Hand #254389148745:  Hold'em No Limit ($0.50/$1.00 USD) - 2025/01/15 21:25:03 WET [2025/01/15 16:25:03 ET]
Table 'Marceline III' 6-max Seat #3 is the button
Seat 1: ImaPeppaPig ($100 in chips) 
Seat 2: ptolejmus ($20.42 in chips) 
Seat 3: JEWlvl1 ($76.44 in chips) 
Seat 4: Rdalonso ($104.45 in chips) 
Seat 5: Nazareno1999 ($100.80 in chips) 
Seat 6: vadjkeee ($107.76 in chips) 
Rdalonso: posts small blind $0.50
Nazareno1999: posts big blind $1
*** HOLE CARDS ***
vadjkeee: raises $1.50 to $2.50
ImaPeppaPig: folds 
ptolejmus: folds 
JEWlvl1: folds 
Rdalonso: folds 
Nazareno1999: folds 
Uncalled bet ($1.50) returned to vadjkeee
vadjkeee collected $2.50 from pot
vadjkeee: doesn't show hand 
*** SUMMARY ***
Total pot $2.50 | Rake $0 
Seat 1: ImaPeppaPig folded before Flop (didn't bet)
Seat 2: ptolejmus folded before Flop (didn't bet)
Seat 3: JEWlvl1 (button) folded before Flop (didn't bet)
Seat 4: Rdalonso (small blind) folded before Flop
Seat 5: Nazareno1999 (big blind) folded before Flop
Seat 6: vadjkeee collected ($2.50)



PokerStars Hand #254389154646:  Hold'em No Limit ($0.50/$1.00 USD) - 2025/01/15 21:25:22 WET [2025/01/15 16:25:22 ET]
Table 'Marceline III' 6-max Seat #4 is the button
Seat 6: vadjkeee ($109.26 in chips) is sitting out
Seat 1: ImaPeppaPig ($100 in chips) 
Seat 2: ptolejmus ($20.42 in chips) 
Seat 3: JEWlvl1 ($76.44 in chips) 
Seat 4: Rdalonso ($103.95 in chips) 
Seat 5: Nazareno1999 ($100 in chips) 
Nazareno1999: posts small blind $0.50
vadjkeee: is sitting out 
ImaPeppaPig: posts big blind $1
*** HOLE CARDS ***
ptolejmus: folds 
JEWlvl1: folds 
Rdalonso: folds 
Nazareno1999: folds 
Uncalled bet ($0.50) returned to ImaPeppaPig
ImaPeppaPig collected $1 from pot
vadjkeee leaves the table
ImaPeppaPig: doesn't show hand 
*** SUMMARY ***
Total pot $1 | Rake $0 
Seat 6: vadjkeee
Seat 1: ImaPeppaPig (big blind) collected ($1)
Seat 2: ptolejmus folded before Flop (didn't bet)
Seat 3: JEWlvl1 folded before Flop (didn't bet)
Seat 4: Rdalonso (button) folded before Flop (didn't bet)
Seat 5: Nazareno1999 (small blind) folded before Flop



PokerStars Hand #254389157364:  Hold'em No Limit ($0.50/$1.00 USD) - 2025/01/15 21:25:31 WET [2025/01/15 16:25:31 ET]
Table 'Marceline III' 6-max Seat #5 is the button
Seat 1: ImaPeppaPig ($100.50 in chips) 
Seat 2: ptolejmus ($20.42 in chips) 
Seat 3: JEWlvl1 ($76.44 in chips) 
Seat 4: Rdalonso ($103.95 in chips) 
Seat 5: Nazareno1999 ($100 in chips) 
ImaPeppaPig: posts small blind $0.50
ptolejmus: posts big blind $1
*** HOLE CARDS ***
JEWlvl1: folds 
vpetriu joins the table at seat #6 
Rdalonso: folds 
Nazareno1999: folds 
ImaPeppaPig: raises $2 to $3
ptolejmus: folds 
Uncalled bet ($2) returned to ImaPeppaPig
ImaPeppaPig collected $2 from pot
ImaPeppaPig: doesn't show hand 
*** SUMMARY ***
Total pot $2 | Rake $0 
Seat 1: ImaPeppaPig (small blind) collected ($2)
Seat 2: ptolejmus (big blind) folded before Flop
Seat 3: JEWlvl1 folded before Flop (didn't bet)
Seat 4: Rdalonso folded before Flop (didn't bet)
Seat 5: Nazareno1999 (button) folded before Flop (didn't bet)



PokerStars Hand #254389164623:  Hold'em No Limit ($0.50/$1.00 USD) - 2025/01/15 21:25:54 WET [2025/01/15 16:25:54 ET]
Table 'Marceline III' 6-max Seat #1 is the button
Seat 6: vpetriu ($100 in chips) is sitting out
Seat 1: ImaPeppaPig ($101.50 in chips) 
Seat 2: ptolejmus ($19.42 in chips) 
Seat 3: JEWlvl1 ($76.44 in chips) 
Seat 4: Rdalonso ($103.95 in chips) 
Seat 5: Nazareno1999 ($100 in chips) 
ptolejmus: posts small blind $0.50
JEWlvl1: posts big blind $1
vpetriu: sits out 
*** HOLE CARDS ***
Rdalonso: folds 
Nazareno1999: folds 
ImaPeppaPig: folds 
ptolejmus: raises $1.50 to $2.50
JEWlvl1: calls $1.50
*** FLOP *** [Kc 3c 7c]
ptolejmus: checks 
JEWlvl1: bets $3
ptolejmus: calls $3
*** TURN *** [Kc 3c 7c] [2d]
ptolejmus: checks 
JEWlvl1: bets $7
ptolejmus: folds 
Uncalled bet ($7) returned to JEWlvl1
JEWlvl1 collected $10.45 from pot
JEWlvl1: doesn't show hand 
*** SUMMARY ***
Total pot $11 | Rake $0.55 
Board [Kc 3c 7c 2d]
Seat 6: vpetriu
Seat 1: ImaPeppaPig (button) folded before Flop (didn't bet)
Seat 2: ptolejmus (small blind) folded on the Turn
Seat 3: JEWlvl1 (big blind) collected ($10.45)
Seat 4: Rdalonso folded before Flop (didn't bet)
Seat 5: Nazareno1999 folded before Flop (didn't bet)



PokerStars Hand #254389189702:  Hold'em No Limit ($0.50/$1.00 USD) - 2025/01/15 21:27:13 WET [2025/01/15 16:27:13 ET]
Table 'Marceline III' 6-max Seat #2 is the button
Seat 1: ImaPeppaPig ($101.50 in chips) is sitting out
Seat 6: vpetriu ($100 in chips) is sitting out
Seat 2: ptolejmus ($13.92 in chips) 
Seat 3: JEWlvl1 ($81.39 in chips) 
Seat 4: Rdalonso ($103.95 in chips) 
Seat 5: Nazareno1999 ($100 in chips) 
JEWlvl1: posts small blind $0.50
Rdalonso: posts big blind $1
vpetriu: sits out 
*** HOLE CARDS ***
Nazareno1999: folds 
ptolejmus: folds 
JEWlvl1: folds 
Uncalled bet ($0.50) returned to Rdalonso
Rdalonso collected $1 from pot
Rdalonso: doesn't show hand 
*** SUMMARY ***
Total pot $1 | Rake $0 
Seat 1: ImaPeppaPig
Seat 6: vpetriu
Seat 2: ptolejmus (button) folded before Flop (didn't bet)
Seat 3: JEWlvl1 (small blind) folded before Flop
Seat 4: Rdalonso (big blind) collected ($1)
Seat 5: Nazareno1999 folded before Flop (didn't bet)



PokerStars Hand #254389192304:  Hold'em No Limit ($0.50/$1.00 USD) - 2025/01/15 21:27:21 WET [2025/01/15 16:27:21 ET]
Table 'Marceline III' 6-max Seat #3 is the button
Seat 1: ImaPeppaPig ($101.50 in chips) is sitting out
Seat 6: vpetriu ($100 in chips) is sitting out
Seat 2: ptolejmus ($13.92 in chips) 
Seat 3: JEWlvl1 ($80.89 in chips) 
Seat 4: Rdalonso ($104.45 in chips) 
Seat 5: Nazareno1999 ($100 in chips) 
Rdalonso: posts small blind $0.50
Nazareno1999: posts big blind $1
vpetriu: sits out 
*** HOLE CARDS ***
ptolejmus: raises $1 to $2
JEWlvl1: calls $2
Rdalonso: folds 
Nazareno1999: calls $1
*** FLOP *** [4c 7c Ac]
Nazareno1999: checks 
ptolejmus: bets $1.67
JEWlvl1: calls $1.67
Nazareno1999: calls $1.67
*** TURN *** [4c 7c Ac] [4d]
Nazareno1999: checks 
ptolejmus: bets $2.95
JEWlvl1: calls $2.95
Nazareno1999: folds 
*** RIVER *** [4c 7c Ac 4d] [7d]
ptolejmus: bets $7.30 and is all-in
JEWlvl1: calls $7.30
*** SHOW DOWN ***
ptolejmus: shows [9c Kc] (a flush, Ace high)
JEWlvl1: shows [As Qs] (two pair, Aces and Sevens)
ptolejmus collected $31.01 from pot
*** SUMMARY ***
Total pot $32.01 | Rake $1 
Board [4c 7c Ac 4d 7d]
Seat 1: ImaPeppaPig
Seat 6: vpetriu
Seat 2: ptolejmus showed [9c Kc] and won ($31.01) with a flush, Ace high
Seat 3: JEWlvl1 (button) showed [As Qs] and lost with two pair, Aces and Sevens
Seat 4: Rdalonso (small blind) folded before Flop
Seat 5: Nazareno1999 (big blind) folded on the Turn



PokerStars Hand #254389287069:  Hold'em No Limit ($0.50/$1.00 USD) - 2025/01/15 21:32:21 WET [2025/01/15 16:32:21 ET]
Table 'Marceline III' 6-max Seat #2 is the button
Seat 5: Nazareno1999 ($100 in chips) is sitting out
Seat 1: ImaPeppaPig ($102.22 in chips) 
Seat 2: BumHuntKing ($100 in chips) 
Seat 3: JEWlvl1 ($65.99 in chips) 
Seat 4: Rdalonso ($103.15 in chips) 
Seat 6: vpetriu ($104.11 in chips) 
JEWlvl1: posts small blind $0.50
Rdalonso: posts big blind $1
Nazareno1999: sits out 
*** HOLE CARDS ***
vpetriu: folds 
ImaPeppaPig: folds 
BumHuntKing: folds 
JEWlvl1: calls $0.50
Rdalonso: checks 
*** FLOP *** [3c 7d Kd]
JEWlvl1: checks 
Rdalonso: checks 
*** TURN *** [3c 7d Kd] [8s]
JEWlvl1: bets $1
Rdalonso: calls $1
*** RIVER *** [3c 7d Kd 8s] [7c]
JEWlvl1: bets $2
Rdalonso: calls $2
*** SHOW DOWN ***
JEWlvl1: shows [Tc 3h] (two pair, Sevens and Threes)
Rdalonso: shows [5h 8h] (two pair, Eights and Sevens)
Rdalonso collected $7.60 from pot
*** SUMMARY ***
Total pot $8 | Rake $0.40 
Board [3c 7d Kd 8s 7c]
Seat 5: Nazareno1999
Seat 1: ImaPeppaPig folded before Flop (didn't bet)
Seat 2: BumHuntKing (button) folded before Flop (didn't bet)
Seat 3: JEWlvl1 (small blind) showed [Tc 3h] and lost with two pair, Sevens and Threes
Seat 4: Rdalonso (big blind) showed [5h 8h] and won ($7.60) with two pair, Eights and Sevens
Seat 6: vpetriu folded before Flop (didn't bet)



PokerStars Hand #254389301878:  Hold'em No Limit ($0.50/$1.00 USD) - 2025/01/15 21:33:08 WET [2025/01/15 16:33:08 ET]
Table 'Marceline III' 6-max Seat #3 is the button
Seat 1: ImaPeppaPig ($102.22 in chips) 
Seat 2: BumHuntKing ($100 in chips) 
Seat 3: JEWlvl1 ($61.99 in chips) 
Seat 4: Rdalonso ($106.75 in chips) 
Seat 5: Nazareno1999 ($100 in chips) 
Seat 6: vpetriu ($104.11 in chips) 
Rdalonso: posts small blind $0.50
Nazareno1999: posts big blind $1
*** HOLE CARDS ***
vpetriu: folds 
ImaPeppaPig: folds 
BumHuntKing: raises $1.20 to $2.20
JEWlvl1: calls $2.20
Rdalonso: folds 
Nazareno1999: calls $1.20
*** FLOP *** [4d Qc 9h]
Nazareno1999: checks 
BumHuntKing: checks 
JEWlvl1: checks 
*** TURN *** [4d Qc 9h] [Ah]
Nazareno1999: checks 
BumHuntKing: bets $5.05
JEWlvl1: folds 
Nazareno1999: calls $5.05
*** RIVER *** [4d Qc 9h Ah] [Ac]
Nazareno1999: checks 
BumHuntKing: bets $16.34
Nazareno1999: folds 
Uncalled bet ($16.34) returned to BumHuntKing
BumHuntKing collected $16.34 from pot
BumHuntKing: doesn't show hand 
*** SUMMARY ***
Total pot $17.20 | Rake $0.86 
Board [4d Qc 9h Ah Ac]
Seat 1: ImaPeppaPig folded before Flop (didn't bet)
Seat 2: BumHuntKing collected ($16.34)
Seat 3: JEWlvl1 (button) folded on the Turn
Seat 4: Rdalonso (small blind) folded before Flop
Seat 5: Nazareno1999 (big blind) folded on the River
Seat 6: vpetriu folded before Flop (didn't bet)



PokerStars Hand #254389321178:  Hold'em No Limit ($0.50/$1.00 USD) - 2025/01/15 21:34:10 WET [2025/01/15 16:34:10 ET]
Table 'Marceline III' 6-max Seat #4 is the button
Seat 1: ImaPeppaPig ($102.22 in chips) 
Seat 2: BumHuntKing ($109.09 in chips) 
Seat 3: JEWlvl1 ($59.79 in chips) 
Seat 4: Rdalonso ($106.25 in chips) 
Seat 5: Nazareno1999 ($100 in chips) 
Seat 6: vpetriu ($104.11 in chips) 
Nazareno1999: posts small blind $0.50
vpetriu: posts big blind $1
*** HOLE CARDS ***
ImaPeppaPig: folds 
BumHuntKing: folds 
JEWlvl1: folds 
Rdalonso: raises $1.50 to $2.50
Nazareno1999: folds 
vpetriu: folds 
Uncalled bet ($1.50) returned to Rdalonso
Rdalonso collected $2.50 from pot
Rdalonso: doesn't show hand 
*** SUMMARY ***
Total pot $2.50 | Rake $0 
Seat 1: ImaPeppaPig folded before Flop (didn't bet)
Seat 2: BumHuntKing folded before Flop (didn't bet)
Seat 3: JEWlvl1 folded before Flop (didn't bet)
Seat 4: Rdalonso (button) collected ($2.50)
Seat 5: Nazareno1999 (small blind) folded before Flop
Seat 6: vpetriu (big blind) folded before Flop



PokerStars Hand #254389331859:  Hold'em No Limit ($0.50/$1.00 USD) - 2025/01/15 21:34:44 WET [2025/01/15 16:34:44 ET]
Table 'Marceline III' 6-max Seat #5 is the button
Seat 1: ImaPeppaPig ($102.22 in chips) 
Seat 2: BumHuntKing ($109.09 in chips) 
Seat 3: JEWlvl1 ($59.79 in chips) 
Seat 4: Rdalonso ($107.75 in chips) 
Seat 5: Nazareno1999 ($100 in chips) 
Seat 6: vpetriu ($103.11 in chips) 
vpetriu: posts small blind $0.50
ImaPeppaPig: posts big blind $1
*** HOLE CARDS ***
BumHuntKing: folds 
JEWlvl1: folds 
Rdalonso: folds 
Nazareno1999: raises $1.20 to $2.20
vpetriu: folds 
ImaPeppaPig: calls $1.20
*** FLOP *** [9s 5d 4d]
ImaPeppaPig: checks 
Nazareno1999: bets $2.33
ImaPeppaPig: calls $2.33
*** TURN *** [9s 5d 4d] [Th]
ImaPeppaPig: checks 
Nazareno1999: checks 
*** RIVER *** [9s 5d 4d Th] [9d]
ImaPeppaPig: checks 
Nazareno1999: checks 
*** SHOW DOWN ***
ImaPeppaPig: shows [7s As] (a pair of Nines)
Nazareno1999: shows [Ac 8h] (a pair of Nines - Ace+Ten+Eight kicker)
Nazareno1999 collected $9.08 from pot
*** SUMMARY ***
Total pot $9.56 | Rake $0.48 
Board [9s 5d 4d Th 9d]
Seat 1: ImaPeppaPig (big blind) showed [7s As] and lost with a pair of Nines
Seat 2: BumHuntKing folded before Flop (didn't bet)
Seat 3: JEWlvl1 folded before Flop (didn't bet)
Seat 4: Rdalonso folded before Flop (didn't bet)
Seat 5: Nazareno1999 (button) showed [Ac 8h] and won ($9.08) with a pair of Nines
Seat 6: vpetriu (small blind) folded before Flop



PokerStars Hand #254389345376:  Hold'em No Limit ($0.50/$1.00 USD) - 2025/01/15 21:35:27 WET [2025/01/15 16:35:27 ET]
Table 'Marceline III' 6-max Seat #6 is the button
Seat 1: ImaPeppaPig ($100 in chips) 
Seat 2: BumHuntKing ($109.09 in chips) 
Seat 3: JEWlvl1 ($59.79 in chips) 
Seat 4: Rdalonso ($107.75 in chips) 
Seat 5: Nazareno1999 ($104.55 in chips) 
Seat 6: vpetriu ($102.61 in chips) 
ImaPeppaPig: posts small blind $0.50
BumHuntKing: posts big blind $1
*** HOLE CARDS ***
JEWlvl1: folds 
Rdalonso: folds 
Nazareno1999: folds 
vpetriu: folds 
ImaPeppaPig: folds 
Uncalled bet ($0.50) returned to BumHuntKing
BumHuntKing collected $1 from pot
BumHuntKing: doesn't show hand 
*** SUMMARY ***
Total pot $1 | Rake $0 
Seat 1: ImaPeppaPig (small blind) folded before Flop
Seat 2: BumHuntKing (big blind) collected ($1)
Seat 3: JEWlvl1 folded before Flop (didn't bet)
Seat 4: Rdalonso folded before Flop (didn't bet)
Seat 5: Nazareno1999 folded before Flop (didn't bet)
Seat 6: vpetriu (button) folded before Flop (didn't bet)



PokerStars Hand #254389349598:  Hold'em No Limit ($0.50/$1.00 USD) - 2025/01/15 21:35:40 WET [2025/01/15 16:35:40 ET]
Table 'Marceline III' 6-max Seat #1 is the button
Seat 1: ImaPeppaPig ($100 in chips) 
Seat 2: BumHuntKing ($109.59 in chips) 
Seat 3: JEWlvl1 ($59.79 in chips) 
Seat 4: Rdalonso ($107.75 in chips) 
Seat 5: Nazareno1999 ($104.55 in chips) 
Seat 6: vpetriu ($102.61 in chips) 
BumHuntKing: posts small blind $0.50
JEWlvl1: posts big blind $1
*** HOLE CARDS ***
Rdalonso: folds 
Nazareno1999: raises $1.20 to $2.20
vpetriu: raises $5.30 to $7.50
ImaPeppaPig: folds 
BumHuntKing: raises $17.50 to $25
JEWlvl1: folds 
Nazareno1999: folds 
vpetriu: folds 
Uncalled bet ($17.50) returned to BumHuntKing
BumHuntKing collected $18.20 from pot
BumHuntKing: doesn't show hand 
*** SUMMARY ***
Total pot $18.20 | Rake $0 
Seat 1: ImaPeppaPig (button) folded before Flop (didn't bet)
Seat 2: BumHuntKing (small blind) collected ($18.20)
Seat 3: JEWlvl1 (big blind) folded before Flop
Seat 4: Rdalonso folded before Flop (didn't bet)
Seat 5: Nazareno1999 folded before Flop
Seat 6: vpetriu folded before Flop



PokerStars Hand #254389358503:  Hold'em No Limit ($0.50/$1.00 USD) - 2025/01/15 21:36:09 WET [2025/01/15 16:36:09 ET]
Table 'Marceline III' 6-max Seat #2 is the button
Seat 1: ImaPeppaPig ($100 in chips) 
Seat 2: BumHuntKing ($120.29 in chips) 
Seat 3: JEWlvl1 ($58.79 in chips) 
Seat 4: Rdalonso ($107.75 in chips) 
Seat 5: Nazareno1999 ($102.35 in chips) 
Seat 6: vpetriu ($100 in chips) 
JEWlvl1: posts small blind $0.50
Rdalonso: posts big blind $1
*** HOLE CARDS ***
Nazareno1999: folds 
vpetriu: folds 
ImaPeppaPig: raises $1.50 to $2.50
BumHuntKing: folds 
JEWlvl1: folds 
Rdalonso: folds 
Uncalled bet ($1.50) returned to ImaPeppaPig
ImaPeppaPig collected $2.50 from pot
ImaPeppaPig: doesn't show hand 
*** SUMMARY ***
Total pot $2.50 | Rake $0 
Seat 1: ImaPeppaPig collected ($2.50)
Seat 2: BumHuntKing (button) folded before Flop (didn't bet)
Seat 3: JEWlvl1 (small blind) folded before Flop
Seat 4: Rdalonso (big blind) folded before Flop
Seat 5: Nazareno1999 folded before Flop (didn't bet)
Seat 6: vpetriu folded before Flop (didn't bet)



PokerStars Hand #254389364319:  Hold'em No Limit ($0.50/$1.00 USD) - 2025/01/15 21:36:27 WET [2025/01/15 16:36:27 ET]
Table 'Marceline III' 6-max Seat #3 is the button
Seat 1: ImaPeppaPig ($101.50 in chips) 
Seat 2: BumHuntKing ($120.29 in chips) 
Seat 3: JEWlvl1 ($58.29 in chips) 
Seat 4: Rdalonso ($106.75 in chips) 
Seat 5: Nazareno1999 ($102.35 in chips) 
Seat 6: vpetriu ($100 in chips) 
Rdalonso: posts small blind $0.50
Nazareno1999: posts big blind $1
*** HOLE CARDS ***
vpetriu: folds 
ImaPeppaPig: folds 
BumHuntKing: raises $1.20 to $2.20
JEWlvl1: folds 
Rdalonso: folds 
Nazareno1999: folds 
Uncalled bet ($1.20) returned to BumHuntKing
BumHuntKing collected $2.50 from pot
BumHuntKing: doesn't show hand 
*** SUMMARY ***
Total pot $2.50 | Rake $0 
Seat 1: ImaPeppaPig folded before Flop (didn't bet)
Seat 2: BumHuntKing collected ($2.50)
Seat 3: JEWlvl1 (button) folded before Flop (didn't bet)
Seat 4: Rdalonso (small blind) folded before Flop
Seat 5: Nazareno1999 (big blind) folded before Flop
Seat 6: vpetriu folded before Flop (didn't bet)



PokerStars Hand #254389368634:  Hold'em No Limit ($0.50/$1.00 USD) - 2025/01/15 21:36:41 WET [2025/01/15 16:36:41 ET]
Table 'Marceline III' 6-max Seat #4 is the button
Seat 1: ImaPeppaPig ($101.50 in chips) 
Seat 2: BumHuntKing ($121.79 in chips) 
Seat 3: JEWlvl1 ($58.29 in chips) 
Seat 4: Rdalonso ($106.25 in chips) 
Seat 5: Nazareno1999 ($101.35 in chips) 
Seat 6: vpetriu ($100 in chips) 
Nazareno1999: posts small blind $0.50
vpetriu: posts big blind $1
*** HOLE CARDS ***
ImaPeppaPig: folds 
BumHuntKing: raises $1.20 to $2.20
JEWlvl1: calls $2.20
Rdalonso: folds 
Nazareno1999: calls $1.70
vpetriu: folds 
*** FLOP *** [8h Kc 8s]
Nazareno1999: checks 
BumHuntKing: checks 
JEWlvl1: checks 
*** TURN *** [8h Kc 8s] [6d]
Nazareno1999: checks 
BumHuntKing: bets $2.38
JEWlvl1: calls $2.38
Nazareno1999: folds 
*** RIVER *** [8h Kc 8s 6d] [9c]
BumHuntKing: bets $46.96
JEWlvl1: folds 
Uncalled bet ($46.96) returned to BumHuntKing
BumHuntKing collected $11.74 from pot
BumHuntKing: doesn't show hand 
*** SUMMARY ***
Total pot $12.36 | Rake $0.62 
Board [8h Kc 8s 6d 9c]
Seat 1: ImaPeppaPig folded before Flop (didn't bet)
Seat 2: BumHuntKing collected ($11.74)
Seat 3: JEWlvl1 folded on the River
Seat 4: Rdalonso (button) folded before Flop (didn't bet)
Seat 5: Nazareno1999 (small blind) folded on the Turn
Seat 6: vpetriu (big blind) folded before Flop



PokerStars Hand #254389387688:  Hold'em No Limit ($0.50/$1.00 USD) - 2025/01/15 21:37:43 WET [2025/01/15 16:37:43 ET]
Table 'Marceline III' 6-max Seat #5 is the button
Seat 1: ImaPeppaPig ($101.50 in chips) 
Seat 2: BumHuntKing ($128.95 in chips) 
Seat 3: JEWlvl1 ($53.71 in chips) 
Seat 4: Rdalonso ($106.25 in chips) 
Seat 5: Nazareno1999 ($100 in chips) 
Seat 6: vpetriu ($100 in chips) 
vpetriu: posts small blind $0.50
ImaPeppaPig: posts big blind $1
*** HOLE CARDS ***
BumHuntKing: folds 
JEWlvl1: folds 
Rdalonso: folds 
Nazareno1999: folds 
vpetriu: folds 
Uncalled bet ($0.50) returned to ImaPeppaPig
ImaPeppaPig collected $1 from pot
ImaPeppaPig: doesn't show hand 
*** SUMMARY ***
Total pot $1 | Rake $0 
Seat 1: ImaPeppaPig (big blind) collected ($1)
Seat 2: BumHuntKing folded before Flop (didn't bet)
Seat 3: JEWlvl1 folded before Flop (didn't bet)
Seat 4: Rdalonso folded before Flop (didn't bet)
Seat 5: Nazareno1999 (button) folded before Flop (didn't bet)
Seat 6: vpetriu (small blind) folded before Flop



PokerStars Hand #254389393674:  Hold'em No Limit ($0.50/$1.00 USD) - 2025/01/15 21:38:02 WET [2025/01/15 16:38:02 ET]
Table 'Marceline III' 6-max Seat #6 is the button
Seat 1: ImaPeppaPig ($102 in chips) 
Seat 2: BumHuntKing ($128.95 in chips) 
Seat 3: JEWlvl1 ($53.71 in chips) 
Seat 4: Rdalonso ($106.25 in chips) 
Seat 5: Nazareno1999 ($100 in chips) 
Seat 6: vpetriu ($100 in chips) 
ImaPeppaPig: posts small blind $0.50
BumHuntKing: posts big blind $1
*** HOLE CARDS ***
JEWlvl1: folds 
Rdalonso: folds 
Nazareno1999: folds 
vpetriu: folds 
ImaPeppaPig: raises $2 to $3
BumHuntKing: calls $2
*** FLOP *** [8h 3c 8d]
ImaPeppaPig: checks 
BumHuntKing: bets $1.43
ImaPeppaPig: folds 
Uncalled bet ($1.43) returned to BumHuntKing
BumHuntKing collected $5.70 from pot
BumHuntKing: doesn't show hand 
*** SUMMARY ***
Total pot $6 | Rake $0.30 
Board [8h 3c 8d]
Seat 1: ImaPeppaPig (small blind) folded on the Flop
Seat 2: BumHuntKing (big blind) collected ($5.70)
Seat 3: JEWlvl1 folded before Flop (didn't bet)
Seat 4: Rdalonso folded before Flop (didn't bet)
Seat 5: Nazareno1999 folded before Flop (didn't bet)
Seat 6: vpetriu (button) folded before Flop (didn't bet)



PokerStars Hand #254389406796:  Hold'em No Limit ($0.50/$1.00 USD) - 2025/01/15 21:38:44 WET [2025/01/15 16:38:44 ET]
Table 'Marceline III' 6-max Seat #1 is the button
Seat 1: ImaPeppaPig ($100 in chips) 
Seat 2: BumHuntKing ($131.65 in chips) 
Seat 3: JEWlvl1 ($53.71 in chips) 
Seat 4: Rdalonso ($106.25 in chips) 
Seat 5: Nazareno1999 ($100 in chips) 
Seat 6: vpetriu ($100 in chips) 
BumHuntKing: posts small blind $0.50
JEWlvl1: posts big blind $1
*** HOLE CARDS ***
Rdalonso: raises $1.50 to $2.50
Nazareno1999: folds 
vpetriu: folds 
ImaPeppaPig: folds 
BumHuntKing: folds 
JEWlvl1: calls $1.50
*** FLOP *** [Tc 8d 2h]
JEWlvl1: checks 
Rdalonso: checks 
*** TURN *** [Tc 8d 2h] [8s]
JEWlvl1: bets $3
Rdalonso: calls $3
*** RIVER *** [Tc 8d 2h 8s] [Jh]
JEWlvl1: bets $6
Rdalonso: calls $6
*** SHOW DOWN ***
JEWlvl1: shows [Qh Kd] (a pair of Eights)
Rdalonso: shows [Ac Ks] (a pair of Eights - Ace kicker)
Rdalonso collected $22.32 from pot
*** SUMMARY ***
Total pot $23.50 | Rake $1.18 
Board [Tc 8d 2h 8s Jh]
Seat 1: ImaPeppaPig (button) folded before Flop (didn't bet)
Seat 2: BumHuntKing (small blind) folded before Flop
Seat 3: JEWlvl1 (big blind) showed [Qh Kd] and lost with a pair of Eights
Seat 4: Rdalonso showed [Ac Ks] and won ($22.32) with a pair of Eights
Seat 5: Nazareno1999 folded before Flop (didn't bet)
Seat 6: vpetriu folded before Flop (didn't bet)



PokerStars Hand #254389428663:  Hold'em No Limit ($0.50/$1.00 USD) - 2025/01/15 21:39:55 WET [2025/01/15 16:39:55 ET]
Table 'Marceline III' 6-max Seat #2 is the button
Seat 1: ImaPeppaPig ($100 in chips) 
Seat 2: BumHuntKing ($131.15 in chips) 
Seat 3: JEWlvl1 ($42.21 in chips) 
Seat 4: Rdalonso ($117.07 in chips) 
Seat 5: Nazareno1999 ($100 in chips) 
Seat 6: vpetriu ($100 in chips) 
JEWlvl1: posts small blind $0.50
Rdalonso: posts big blind $1
*** HOLE CARDS ***
Nazareno1999: folds 
vpetriu: folds 
ImaPeppaPig: folds 
BumHuntKing: raises $1.50 to $2.50
JEWlvl1: folds 
Rdalonso: raises $9.50 to $12
BumHuntKing: calls $9.50
*** FLOP *** [Js 5h Qh]
Rdalonso: bets $7.68
BumHuntKing: calls $7.68
*** TURN *** [Js 5h Qh] [6s]
Rdalonso: bets $28.43
BumHuntKing: folds 
Uncalled bet ($28.43) returned to Rdalonso
Rdalonso collected $37.87 from pot
Rdalonso: doesn't show hand 
*** SUMMARY ***
Total pot $39.86 | Rake $1.99 
Board [Js 5h Qh 6s]
Seat 1: ImaPeppaPig folded before Flop (didn't bet)
Seat 2: BumHuntKing (button) folded on the Turn
Seat 3: JEWlvl1 (small blind) folded before Flop
Seat 4: Rdalonso (big blind) collected ($37.87)
Seat 5: Nazareno1999 folded before Flop (didn't bet)
Seat 6: vpetriu folded before Flop (didn't bet)



PokerStars Hand #254389459407:  Hold'em No Limit ($0.50/$1.00 USD) - 2025/01/15 21:41:34 WET [2025/01/15 16:41:34 ET]
Table 'Marceline III' 6-max Seat #3 is the button
Seat 1: ImaPeppaPig ($100 in chips) 
Seat 2: BumHuntKing ($111.47 in chips) 
Seat 3: JEWlvl1 ($41.71 in chips) 
Seat 4: Rdalonso ($135.26 in chips) 
Seat 5: Nazareno1999 ($100 in chips) 
Seat 6: vpetriu ($100 in chips) 
Rdalonso: posts small blind $0.50
Nazareno1999: posts big blind $1
*** HOLE CARDS ***
vpetriu: folds 
ImaPeppaPig: raises $1.50 to $2.50
BumHuntKing: raises $5 to $7.50
JEWlvl1: folds 
Rdalonso: folds 
Nazareno1999: folds 
ImaPeppaPig: folds 
Uncalled bet ($5) returned to BumHuntKing
BumHuntKing collected $6.50 from pot
BumHuntKing: doesn't show hand 
*** SUMMARY ***
Total pot $6.50 | Rake $0 
Seat 1: ImaPeppaPig folded before Flop
Seat 2: BumHuntKing collected ($6.50)
Seat 3: JEWlvl1 (button) folded before Flop (didn't bet)
Seat 4: Rdalonso (small blind) folded before Flop
Seat 5: Nazareno1999 (big blind) folded before Flop
Seat 6: vpetriu folded before Flop (didn't bet)



PokerStars Hand #254389469827:  Hold'em No Limit ($0.50/$1.00 USD) - 2025/01/15 21:42:07 WET [2025/01/15 16:42:07 ET]
Table 'Marceline III' 6-max Seat #4 is the button
Seat 1: ImaPeppaPig ($100 in chips) 
Seat 2: BumHuntKing ($115.47 in chips) 
Seat 3: JEWlvl1 ($41.71 in chips) 
Seat 4: Rdalonso ($134.76 in chips) 
Seat 5: Nazareno1999 ($100 in chips) 
Seat 6: vpetriu ($100 in chips) 
Nazareno1999: posts small blind $0.50
vpetriu: posts big blind $1
*** HOLE CARDS ***
ImaPeppaPig: folds 
BumHuntKing: folds 
JEWlvl1: raises $40.71 to $41.71 and is all-in
Rdalonso: folds 
Nazareno1999: folds 
vpetriu: folds 
Uncalled bet ($40.71) returned to JEWlvl1
JEWlvl1 collected $2.50 from pot
JEWlvl1: doesn't show hand 
*** SUMMARY ***
Total pot $2.50 | Rake $0 
Seat 1: ImaPeppaPig folded before Flop (didn't bet)
Seat 2: BumHuntKing folded before Flop (didn't bet)
Seat 3: JEWlvl1 collected ($2.50)
Seat 4: Rdalonso (button) folded before Flop (didn't bet)
Seat 5: Nazareno1999 (small blind) folded before Flop
Seat 6: vpetriu (big blind) folded before Flop



PokerStars Hand #254389474636:  Hold'em No Limit ($0.50/$1.00 USD) - 2025/01/15 21:42:22 WET [2025/01/15 16:42:22 ET]
Table 'Marceline III' 6-max Seat #5 is the button
Seat 1: ImaPeppaPig ($100 in chips) 
Seat 2: BumHuntKing ($115.47 in chips) 
Seat 3: JEWlvl1 ($43.21 in chips) 
Seat 4: Rdalonso ($134.76 in chips) 
Seat 5: Nazareno1999 ($100 in chips) 
Seat 6: vpetriu ($100 in chips) 
vpetriu: posts small blind $0.50
ImaPeppaPig: posts big blind $1
*** HOLE CARDS ***
BumHuntKing: folds 
JEWlvl1: folds 
Rdalonso: folds 
Nazareno1999: folds 
vpetriu: raises $2 to $3
ImaPeppaPig: calls $2
*** FLOP *** [2c 4d 7c]
vpetriu: checks 
ImaPeppaPig: bets $3
vpetriu: folds 
Uncalled bet ($3) returned to ImaPeppaPig
ImaPeppaPig collected $5.70 from pot
ImaPeppaPig: doesn't show hand 
*** SUMMARY ***
Total pot $6 | Rake $0.30 
Board [2c 4d 7c]
Seat 1: ImaPeppaPig (big blind) collected ($5.70)
Seat 2: BumHuntKing folded before Flop (didn't bet)
Seat 3: JEWlvl1 folded before Flop (didn't bet)
Seat 4: Rdalonso folded before Flop (didn't bet)
Seat 5: Nazareno1999 (button) folded before Flop (didn't bet)
Seat 6: vpetriu (small blind) folded on the Flop



PokerStars Hand #254389486980:  Hold'em No Limit ($0.50/$1.00 USD) - 2025/01/15 21:43:02 WET [2025/01/15 16:43:02 ET]
Table 'Marceline III' 6-max Seat #6 is the button
Seat 1: ImaPeppaPig ($102.70 in chips) 
Seat 2: BumHuntKing ($115.47 in chips) 
Seat 3: JEWlvl1 ($43.21 in chips) 
Seat 4: Rdalonso ($134.76 in chips) 
Seat 5: Nazareno1999 ($100 in chips) 
Seat 6: vpetriu ($100 in chips) 
ImaPeppaPig: posts small blind $0.50
BumHuntKing: posts big blind $1
*** HOLE CARDS ***
JEWlvl1: folds 
Rdalonso: raises $1.50 to $2.50
Nazareno1999: folds 
vpetriu: folds 
ImaPeppaPig: folds 
BumHuntKing: folds 
Uncalled bet ($1.50) returned to Rdalonso
Rdalonso collected $2.50 from pot
Rdalonso: doesn't show hand 
*** SUMMARY ***
Total pot $2.50 | Rake $0 
Seat 1: ImaPeppaPig (small blind) folded before Flop
Seat 2: BumHuntKing (big blind) folded before Flop
Seat 3: JEWlvl1 folded before Flop (didn't bet)
Seat 4: Rdalonso collected ($2.50)
Seat 5: Nazareno1999 folded before Flop (didn't bet)
Seat 6: vpetriu (button) folded before Flop (didn't bet)



PokerStars Hand #254389503306:  Hold'em No Limit ($0.50/$1.00 USD) - 2025/01/15 21:43:55 WET [2025/01/15 16:43:55 ET]
Table 'Marceline III' 6-max Seat #1 is the button
Seat 1: ImaPeppaPig ($102.20 in chips) 
Seat 2: BumHuntKing ($114.47 in chips) 
Seat 3: JEWlvl1 ($43.21 in chips) 
Seat 4: Rdalonso ($136.26 in chips) 
Seat 5: Nazareno1999 ($100 in chips) 
Seat 6: vpetriu ($100 in chips) 
BumHuntKing: posts small blind $0.50
JEWlvl1: posts big blind $1
*** HOLE CARDS ***
Rdalonso: folds 
Nazareno1999: folds 
vpetriu: raises $1.30 to $2.30
ImaPeppaPig: folds 
BumHuntKing: raises $8.70 to $11
JEWlvl1: raises $32.21 to $43.21 and is all-in
vpetriu: folds 
BumHuntKing: calls $32.21
*** FLOP *** [2d Kc 4h]
*** TURN *** [2d Kc 4h] [3h]
*** RIVER *** [2d Kc 4h 3h] [Js]
*** SHOW DOWN ***
BumHuntKing: shows [Ts Tc] (a pair of Tens)
JEWlvl1: shows [Td As] (high card Ace)
BumHuntKing collected $86.22 from pot
*** SUMMARY ***
Total pot $88.72 | Rake $2.50 
Board [2d Kc 4h 3h Js]
Seat 1: ImaPeppaPig (button) folded before Flop (didn't bet)
Seat 2: BumHuntKing (small blind) showed [Ts Tc] and won ($86.22) with a pair of Tens
Seat 3: JEWlvl1 (big blind) showed [Td As] and lost with high card Ace
Seat 4: Rdalonso folded before Flop (didn't bet)
Seat 5: Nazareno1999 folded before Flop (didn't bet)
Seat 6: vpetriu folded before Flop



PokerStars Hand #254389515424:  Hold'em No Limit ($0.50/$1.00 USD) - 2025/01/15 21:44:35 WET [2025/01/15 16:44:35 ET]
Table 'Marceline III' 6-max Seat #2 is the button
Seat 3: JEWlvl1 ($0 in chips) is sitting out
Seat 1: ImaPeppaPig ($102.20 in chips) 
Seat 2: BumHuntKing ($157.48 in chips) 
Seat 4: Rdalonso ($136.26 in chips) 
Seat 5: Nazareno1999 ($100 in chips) 
Seat 6: vpetriu ($100 in chips) 
Rdalonso: posts small blind $0.50
Nazareno1999: posts big blind $1
*** HOLE CARDS ***
JEWlvl1 leaves the table
vpetriu: folds 
ImaPeppaPig: raises $1.50 to $2.50
Unipoker11 joins the table at seat #3 
BumHuntKing: folds 
Rdalonso: folds 
Nazareno1999: folds 
Uncalled bet ($1.50) returned to ImaPeppaPig
ImaPeppaPig collected $2.50 from pot
ImaPeppaPig: doesn't show hand 
*** SUMMARY ***
Total pot $2.50 | Rake $0 
Seat 3: JEWlvl1
Seat 1: ImaPeppaPig collected ($2.50)
Seat 2: BumHuntKing (button) folded before Flop (didn't bet)
Seat 4: Rdalonso (small blind) folded before Flop
Seat 5: Nazareno1999 (big blind) folded before Flop
Seat 6: vpetriu folded before Flop (didn't bet)



PokerStars Hand #254389523017:  Hold'em No Limit ($0.50/$1.00 USD) - 2025/01/15 21:44:59 WET [2025/01/15 16:44:59 ET]
Table 'Marceline III' 6-max Seat #4 is the button
Seat 3: Unipoker11 ($100 in chips) is sitting out
Seat 1: ImaPeppaPig ($103.70 in chips) 
Seat 2: BumHuntKing ($157.48 in chips) 
Seat 4: Rdalonso ($135.76 in chips) 
Seat 5: Nazareno1999 ($100 in chips) 
Seat 6: vpetriu ($100 in chips) 
Nazareno1999: posts small blind $0.50
vpetriu: posts big blind $1
Unipoker11: sits out 
*** HOLE CARDS ***
ImaPeppaPig: folds 
Unipoker11 leaves the table
Inoue19 joins the table at seat #3 
Inoue19 is disconnected 
BumHuntKing: raises $1.20 to $2.20
Rdalonso: folds 
Nazareno1999: folds 
vpetriu: folds 
Uncalled bet ($1.20) returned to BumHuntKing
BumHuntKing collected $2.50 from pot
BumHuntKing: doesn't show hand 
*** SUMMARY ***
Total pot $2.50 | Rake $0 
Seat 3: Unipoker11
Seat 1: ImaPeppaPig folded before Flop (didn't bet)
Seat 2: BumHuntKing collected ($2.50)
Seat 4: Rdalonso (button) folded before Flop (didn't bet)
Seat 5: Nazareno1999 (small blind) folded before Flop
Seat 6: vpetriu (big blind) folded before Flop



PokerStars Hand #254389538009:  Hold'em No Limit ($0.50/$1.00 USD) - 2025/01/15 21:45:47 WET [2025/01/15 16:45:47 ET]
Table 'Marceline III' 6-max Seat #5 is the button
Seat 3: Inoue19 ($100 in chips) is sitting out
Seat 1: ImaPeppaPig ($103.70 in chips) 
Seat 2: BumHuntKing ($158.98 in chips) 
Seat 4: Rdalonso ($135.76 in chips) 
Seat 5: Nazareno1999 ($100 in chips) 
Seat 6: vpetriu ($100 in chips) 
vpetriu: posts small blind $0.50
ImaPeppaPig: posts big blind $1
Inoue19: sits out 
*** HOLE CARDS ***
BumHuntKing: folds 
Rdalonso: folds 
Nazareno1999: folds 
vpetriu: folds 
Uncalled bet ($0.50) returned to ImaPeppaPig
ImaPeppaPig collected $1 from pot
ImaPeppaPig: doesn't show hand 
*** SUMMARY ***
Total pot $1 | Rake $0 
Seat 3: Inoue19
Seat 1: ImaPeppaPig (big blind) collected ($1)
Seat 2: BumHuntKing folded before Flop (didn't bet)
Seat 4: Rdalonso folded before Flop (didn't bet)
Seat 5: Nazareno1999 (button) folded before Flop (didn't bet)
Seat 6: vpetriu (small blind) folded before Flop



PokerStars Hand #254389544665:  Hold'em No Limit ($0.50/$1.00 USD) - 2025/01/15 21:46:09 WET [2025/01/15 16:46:09 ET]
Table 'Marceline III' 6-max Seat #6 is the button
Seat 3: Inoue19 ($100 in chips) is sitting out
Seat 1: ImaPeppaPig ($104.20 in chips) 
Seat 2: BumHuntKing ($158.98 in chips) 
Seat 4: Rdalonso ($135.76 in chips) 
Seat 5: Nazareno1999 ($100 in chips) 
Seat 6: vpetriu ($100 in chips) 
ImaPeppaPig: posts small blind $0.50
BumHuntKing: posts big blind $1
Inoue19: sits out 
*** HOLE CARDS ***
Rdalonso: folds 
Nazareno1999: folds 
vpetriu: folds 
ImaPeppaPig: folds 
Uncalled bet ($0.50) returned to BumHuntKing
BumHuntKing collected $1 from pot
BumHuntKing: doesn't show hand 
*** SUMMARY ***
Total pot $1 | Rake $0 
Seat 3: Inoue19
Seat 1: ImaPeppaPig (small blind) folded before Flop
Seat 2: BumHuntKing (big blind) collected ($1)
Seat 4: Rdalonso folded before Flop (didn't bet)
Seat 5: Nazareno1999 folded before Flop (didn't bet)
Seat 6: vpetriu (button) folded before Flop (didn't bet)



PokerStars Hand #254389547988:  Hold'em No Limit ($0.50/$1.00 USD) - 2025/01/15 21:46:20 WET [2025/01/15 16:46:20 ET]
Table 'Marceline III' 6-max Seat #1 is the button
Seat 1: ImaPeppaPig ($103.70 in chips) 
Seat 2: BumHuntKing ($159.48 in chips) 
Seat 3: Inoue19 ($100 in chips) 
Seat 4: Rdalonso ($135.76 in chips) 
Seat 5: Nazareno1999 ($100 in chips) 
Seat 6: vpetriu ($100 in chips) 
BumHuntKing: posts small blind $0.50
Inoue19: posts big blind $1
*** HOLE CARDS ***
Rdalonso: folds 
Nazareno1999: folds 
vpetriu: folds 
ImaPeppaPig: folds 
BumHuntKing: folds 
Uncalled bet ($0.50) returned to Inoue19
Inoue19 collected $1 from pot
*** SUMMARY ***
Total pot $1 | Rake $0 
Seat 1: ImaPeppaPig (button) folded before Flop (didn't bet)
Seat 2: BumHuntKing (small blind) folded before Flop
Seat 3: Inoue19 (big blind) collected ($1)
Seat 4: Rdalonso folded before Flop (didn't bet)
Seat 5: Nazareno1999 folded before Flop (didn't bet)
Seat 6: vpetriu folded before Flop (didn't bet)



PokerStars Hand #254389553740:  Hold'em No Limit ($0.50/$1.00 USD) - 2025/01/15 21:46:38 WET [2025/01/15 16:46:38 ET]
Table 'Marceline III' 6-max Seat #2 is the button
Seat 4: Rdalonso ($135.76 in chips) is sitting out
Seat 1: ImaPeppaPig ($103.70 in chips) 
Seat 2: BumHuntKing ($158.98 in chips) 
Seat 3: Inoue19 ($100.50 in chips) 
Seat 5: Nazareno1999 ($100 in chips) 
Seat 6: vpetriu ($100 in chips) 
Inoue19: posts small blind $0.50
Rdalonso: is sitting out 
Nazareno1999: posts big blind $1
*** HOLE CARDS ***
vpetriu: folds 
ImaPeppaPig: raises $1.50 to $2.50
Rdalonso leaves the table
BumHuntKing: folds 
Inoue19: calls $2
Nazareno1999: raises $11.50 to $14
ImaPeppaPig: raises $89.70 to $103.70 and is all-in
Inoue19: folds 
Nazareno1999: folds 
Uncalled bet ($89.70) returned to ImaPeppaPig
ImaPeppaPig collected $30.50 from pot
ImaPeppaPig: doesn't show hand 
*** SUMMARY ***
Total pot $30.50 | Rake $0 
Seat 4: Rdalonso
Seat 1: ImaPeppaPig collected ($30.50)
Seat 2: BumHuntKing (button) folded before Flop (didn't bet)
Seat 3: Inoue19 (small blind) folded before Flop
Seat 5: Nazareno1999 (big blind) folded before Flop
Seat 6: vpetriu folded before Flop (didn't bet)



PokerStars Hand #254389563600:  Hold'em No Limit ($0.50/$1.00 USD) - 2025/01/15 21:47:10 WET [2025/01/15 16:47:10 ET]
Table 'Marceline III' 6-max Seat #3 is the button
Seat 1: ImaPeppaPig ($120.20 in chips) 
Seat 2: BumHuntKing ($158.98 in chips) 
Seat 3: Inoue19 ($98 in chips) 
Seat 5: Nazareno1999 ($100 in chips) 
Seat 6: vpetriu ($100 in chips) 
Nazareno1999: posts small blind $0.50
vpetriu: posts big blind $1
*** HOLE CARDS ***
ImaPeppaPig: folds 
BumHuntKing: folds 
Inoue19: folds 
Nazareno1999: folds 
Uncalled bet ($0.50) returned to vpetriu
vpetriu collected $1 from pot
vpetriu: doesn't show hand 
*** SUMMARY ***
Total pot $1 | Rake $0 
Seat 1: ImaPeppaPig folded before Flop (didn't bet)
Seat 2: BumHuntKing folded before Flop (didn't bet)
Seat 3: Inoue19 (button) folded before Flop (didn't bet)
Seat 5: Nazareno1999 (small blind) folded before Flop
Seat 6: vpetriu (big blind) collected ($1)



PokerStars Hand #254389566756:  Hold'em No Limit ($0.50/$1.00 USD) - 2025/01/15 21:47:21 WET [2025/01/15 16:47:21 ET]
Table 'Marceline III' 6-max Seat #5 is the button
Seat 1: ImaPeppaPig ($120.20 in chips) 
Seat 2: BumHuntKing ($158.98 in chips) 
Seat 3: Inoue19 ($98 in chips) 
Seat 5: Nazareno1999 ($100 in chips) 
Seat 6: vpetriu ($100.50 in chips) 
vpetriu: posts small blind $0.50
ImaPeppaPig: posts big blind $1
*** HOLE CARDS ***
BumHuntKing: raises $1.20 to $2.20
Inoue19: folds 
Inoue19 leaves the table
Nazareno1999: folds 
vpetriu: folds 
ImaPeppaPig: folds 
Uncalled bet ($1.20) returned to BumHuntKing
BumHuntKing collected $2.50 from pot
BumHuntKing: doesn't show hand 
*** SUMMARY ***
Total pot $2.50 | Rake $0 
Seat 1: ImaPeppaPig (big blind) folded before Flop
Seat 2: BumHuntKing collected ($2.50)
Seat 3: Inoue19 folded before Flop (didn't bet)
Seat 5: Nazareno1999 (button) folded before Flop (didn't bet)
Seat 6: vpetriu (small blind) folded before Flop



PokerStars Hand #254389570789:  Hold'em No Limit ($0.50/$1.00 USD) - 2025/01/15 21:47:34 WET [2025/01/15 16:47:34 ET]
Table 'Marceline III' 6-max Seat #6 is the button
Seat 1: ImaPeppaPig ($119.20 in chips) 
Seat 2: BumHuntKing ($160.48 in chips) 
Seat 5: Nazareno1999 ($100 in chips) 
Seat 6: vpetriu ($100 in chips) 
ImaPeppaPig: posts small blind $0.50
BumHuntKing: posts big blind $1
*** HOLE CARDS ***
Nazareno1999: raises $1.20 to $2.20
vpetriu: folds 
ImaPeppaPig: folds 
BumHuntKing: raises $9.80 to $12
Nazareno1999: folds 
Uncalled bet ($9.80) returned to BumHuntKing
BumHuntKing collected $4.90 from pot
BumHuntKing: doesn't show hand 
*** SUMMARY ***
Total pot $4.90 | Rake $0 
Seat 1: ImaPeppaPig (small blind) folded before Flop
Seat 2: BumHuntKing (big blind) collected ($4.90)
Seat 5: Nazareno1999 folded before Flop
Seat 6: vpetriu (button) folded before Flop (didn't bet)



PokerStars Hand #254389575731:  Hold'em No Limit ($0.50/$1.00 USD) - 2025/01/15 21:47:50 WET [2025/01/15 16:47:50 ET]
Table 'Marceline III' 6-max Seat #1 is the button
Seat 5: Nazareno1999 ($100 in chips) is sitting out
Seat 1: ImaPeppaPig ($118.70 in chips) 
Seat 2: BumHuntKing ($163.18 in chips) 
Seat 6: vpetriu ($100 in chips) 
BumHuntKing: posts small blind $0.50
Nazareno1999: is sitting out 
vpetriu: posts big blind $1
*** HOLE CARDS ***
ImaPeppaPig: raises $1.50 to $2.50
BumHuntKing: folds 
vpetriu: folds 
Uncalled bet ($1.50) returned to ImaPeppaPig
ImaPeppaPig collected $2.50 from pot
ImaPeppaPig: doesn't show hand 
*** SUMMARY ***
Total pot $2.50 | Rake $0 
Seat 5: Nazareno1999
Seat 1: ImaPeppaPig (button) collected ($2.50)
Seat 2: BumHuntKing (small blind) folded before Flop
Seat 6: vpetriu (big blind) folded before Flop



