PokerStars Hand #254393417903:  Hold'em No Limit ($0.50/$1.00 USD) - 2025/01/15 2:43:15 WET [2025/01/15 21:43:15 ET]
Table 'Fraternitas III' 6-max Seat #5 is the button
Seat 3: LulusFinest ($67.52 in chips) is sitting out
Seat 1: Manifestorr ($100 in chips) 
Seat 4: rostickkin ($100 in chips) 
Seat 5: CEPTT ($100 in chips) 
Seat 6: steelNike ($10 in chips) 
steelNike: posts small blind $0.50
Manifestorr: posts big blind $1
*** HOLE CARDS ***
rostickkin: folds 
CEPTT: folds 
steelNike: folds 
Uncalled bet ($0.50) returned to Manifestorr
LulusFinest leaves the table
Manifestorr collected $1 from pot
*** SUMMARY ***
Total pot $1 | Rake $0 
Seat 3: LulusFinest
Seat 1: Manifestorr (big blind) collected ($1)
Seat 4: rostickkin folded before Flop (didn't bet)
Seat 5: CEPTT (button) folded before Flop (didn't bet)
Seat 6: steelNike (small blind) folded before Flop



PokerStars Hand #254393419396:  Hold'em No Limit ($0.50/$1.00 USD) - 2025/01/15 2:43:26 WET [2025/01/15 21:43:26 ET]
Table 'Fraternitas III' 6-max Seat #6 is the button
Seat 1: Manifestorr ($100.50 in chips) 
Seat 4: rostickkin ($100 in chips) 
Seat 5: CEPTT ($100 in chips) 
Seat 6: steelNike ($9.50 in chips) 
Manifestorr: posts small blind $0.50
rostickkin: posts big blind $1
*** HOLE CARDS ***
CEPTT: folds 
steelNike: raises $8.50 to $9.50 and is all-in
Manifestorr: folds 
rostickkin: folds 
Uncalled bet ($8.50) returned to steelNike
Mariuoos joins the table at seat #2 
steelNike collected $2.50 from pot
*** SUMMARY ***
Total pot $2.50 | Rake $0 
Seat 1: Manifestorr (small blind) folded before Flop
Seat 4: rostickkin (big blind) folded before Flop
Seat 5: CEPTT folded before Flop (didn't bet)
Seat 6: steelNike (button) collected ($2.50)



PokerStars Hand #254393457998:  Hold'em No Limit ($0.50/$1.00 USD) - 2025/01/15 2:47:48 WET [2025/01/15 21:47:48 ET]
Table 'Fraternitas III' 6-max Seat #2 is the button
Seat 1: Manifestorr ($124.50 in chips) 
Seat 2: Mariuoos ($100 in chips) 
Mariuoos: posts small blind $0.50
Manifestorr: posts big blind $1
*** HOLE CARDS ***
Mariuoos: raises $1.50 to $2.50
Manifestorr: folds 
Uncalled bet ($1.50) returned to Mariuoos
Mariuoos collected $2 from pot
Mariuoos: doesn't show hand 
Manifestorr leaves the table
*** SUMMARY ***
Total pot $2 | Rake $0 
Seat 1: Manifestorr (big blind) folded before Flop
Seat 2: Mariuoos (button) (small blind) collected ($2)



PokerStars Hand #254393483965:  Hold'em No Limit ($0.50/$1.00 USD) - 2025/01/15 2:50:46 WET [2025/01/15 21:50:46 ET]
Table 'Fraternitas III' 6-max Seat #3 is the button
Seat 1: Tibibacsi ($10 in chips) 
Seat 2: Mariuoos ($101 in chips) 
Seat 3: gutterbean ($67.60 in chips) 
Seat 4: rostickkin ($111 in chips) 
Seat 5: Timonessb ($100 in chips) 
Seat 6: Supermegopro ($100 in chips) 
rostickkin: posts small blind $0.50
Timonessb: posts big blind $1
*** HOLE CARDS ***
Supermegopro: folds 
Tibibacsi: folds 
Mariuoos: folds 
gutterbean: folds 
rostickkin: folds 
Uncalled bet ($0.50) returned to Timonessb
Timonessb collected $1 from pot
Timonessb: doesn't show hand 
*** SUMMARY ***
Total pot $1 | Rake $0 
Seat 1: Tibibacsi folded before Flop (didn't bet)
Seat 2: Mariuoos folded before Flop (didn't bet)
Seat 3: gutterbean (button) folded before Flop (didn't bet)
Seat 4: rostickkin (small blind) folded before Flop
Seat 5: Timonessb (big blind) collected ($1)
Seat 6: Supermegopro folded before Flop (didn't bet)



PokerStars Hand #254393485608:  Hold'em No Limit ($0.50/$1.00 USD) - 2025/01/15 2:50:57 WET [2025/01/15 21:50:57 ET]
Table 'Fraternitas III' 6-max Seat #4 is the button
Seat 1: Tibibacsi ($100 in chips) 
Seat 2: Mariuoos ($101 in chips) 
Seat 3: gutterbean ($67.60 in chips) 
Seat 4: rostickkin ($110.50 in chips) 
Seat 5: Timonessb ($100.50 in chips) 
Seat 6: Supermegopro ($100 in chips) 
Timonessb: posts small blind $0.50
Supermegopro: posts big blind $1
*** HOLE CARDS ***
Tibibacsi: folds 
Mariuoos: folds 
gutterbean: raises $1 to $2
rostickkin: folds 
Timonessb: raises $6.50 to $8.50
Supermegopro: folds 
gutterbean: calls $6.50
*** FLOP *** [8d 4d 5d]
Timonessb: checks 
gutterbean: bets $4
Timonessb: raises $88 to $92 and is all-in
gutterbean: folds 
Uncalled bet ($88) returned to Timonessb
Timonessb collected $24.70 from pot
Timonessb: doesn't show hand 
*** SUMMARY ***
Total pot $26 | Rake $1.30 
Board [8d 4d 5d]
Seat 1: Tibibacsi folded before Flop (didn't bet)
Seat 2: Mariuoos folded before Flop (didn't bet)
Seat 3: gutterbean folded on the Flop
Seat 4: rostickkin (button) folded before Flop (didn't bet)
Seat 5: Timonessb (small blind) collected ($24.70)
Seat 6: Supermegopro (big blind) folded before Flop



PokerStars Hand #254393492291:  Hold'em No Limit ($0.50/$1.00 USD) - 2025/01/15 2:51:43 WET [2025/01/15 21:51:43 ET]
Table 'Fraternitas III' 6-max Seat #5 is the button
Seat 1: Tibibacsi ($100 in chips) 
Seat 2: Mariuoos ($101 in chips) 
Seat 3: gutterbean ($55.10 in chips) 
Seat 4: rostickkin ($110.50 in chips) 
Seat 5: Timonessb ($112.70 in chips) 
Seat 6: Supermegopro ($100 in chips) 
Supermegopro: posts small blind $0.50
Tibibacsi: posts big blind $1
*** HOLE CARDS ***
Mariuoos: raises $1 to $2
gutterbean: folds 
rostickkin: folds 
Timonessb: raises $5.50 to $7.50
Supermegopro: folds 
Tibibacsi: folds 
Mariuoos: folds 
Uncalled bet ($5.50) returned to Timonessb
Timonessb collected $5.50 from pot
Timonessb: doesn't show hand 
*** SUMMARY ***
Total pot $5.50 | Rake $0 
Seat 1: Tibibacsi (big blind) folded before Flop
Seat 2: Mariuoos folded before Flop
Seat 3: gutterbean folded before Flop (didn't bet)
Seat 4: rostickkin folded before Flop (didn't bet)
Seat 5: Timonessb (button) collected ($5.50)
Seat 6: Supermegopro (small blind) folded before Flop



PokerStars Hand #254393494701:  Hold'em No Limit ($0.50/$1.00 USD) - 2025/01/15 2:52:00 WET [2025/01/15 21:52:00 ET]
Table 'Fraternitas III' 6-max Seat #6 is the button
Seat 1: Tibibacsi ($100 in chips) 
Seat 2: Mariuoos ($100 in chips) 
Seat 3: gutterbean ($55.10 in chips) 
Seat 4: rostickkin ($110.50 in chips) 
Seat 5: Timonessb ($116.20 in chips) 
Seat 6: Supermegopro ($100 in chips) 
Tibibacsi: posts small blind $0.50
Mariuoos: posts big blind $1
*** HOLE CARDS ***
gutterbean has timed out
gutterbean: folds 
rostickkin: raises $1.20 to $2.20
Timonessb: folds 
Supermegopro: folds 
Tibibacsi: folds 
Mariuoos: calls $1.20
*** FLOP *** [Td 2c Kh]
Mariuoos: checks 
rostickkin: bets $2.38
Mariuoos: folds 
Uncalled bet ($2.38) returned to rostickkin
rostickkin collected $4.66 from pot
rostickkin: doesn't show hand 
*** SUMMARY ***
Total pot $4.90 | Rake $0.24 
Board [Td 2c Kh]
Seat 1: Tibibacsi (small blind) folded before Flop
Seat 2: Mariuoos (big blind) folded on the Flop
Seat 3: gutterbean folded before Flop (didn't bet)
Seat 4: rostickkin collected ($4.66)
Seat 5: Timonessb folded before Flop (didn't bet)
Seat 6: Supermegopro (button) folded before Flop (didn't bet)



PokerStars Hand #254393504725:  Hold'em No Limit ($0.50/$1.00 USD) - 2025/01/15 2:53:10 WET [2025/01/15 21:53:10 ET]
Table 'Fraternitas III' 6-max Seat #1 is the button
Seat 3: gutterbean ($55.10 in chips) is sitting out
Seat 1: Tibibacsi ($100 in chips) 
Seat 2: Mariuoos ($100 in chips) 
Seat 4: rostickkin ($112.96 in chips) 
Seat 5: Timonessb ($116.20 in chips) 
Seat 6: Supermegopro ($100 in chips) 
Mariuoos: posts small blind $0.50
rostickkin: posts big blind $1
*** HOLE CARDS ***
Timonessb: folds 
Supermegopro: folds 
Tibibacsi: folds 
Mariuoos: folds 
Uncalled bet ($0.50) returned to rostickkin
rostickkin collected $1 from pot
rostickkin: doesn't show hand 
*** SUMMARY ***
Total pot $1 | Rake $0 
Seat 3: gutterbean
Seat 1: Tibibacsi (button) folded before Flop (didn't bet)
Seat 2: Mariuoos (small blind) folded before Flop
Seat 4: rostickkin (big blind) collected ($1)
Seat 5: Timonessb folded before Flop (didn't bet)
Seat 6: Supermegopro folded before Flop (didn't bet)



PokerStars Hand #254393507172:  Hold'em No Limit ($0.50/$1.00 USD) - 2025/01/15 2:53:27 WET [2025/01/15 21:53:27 ET]
Table 'Fraternitas III' 6-max Seat #2 is the button
Seat 3: gutterbean ($55.10 in chips) is sitting out
Seat 1: Tibibacsi ($100 in chips) 
Seat 2: Mariuoos ($100 in chips) 
Seat 4: rostickkin ($113.46 in chips) 
Seat 5: Timonessb ($116.20 in chips) 
Seat 6: Supermegopro ($100 in chips) 
rostickkin: posts small blind $0.50
Timonessb: posts big blind $1
*** HOLE CARDS ***
Supermegopro: folds 
Tibibacsi: folds 
Mariuoos: folds 
rostickkin: folds 
Uncalled bet ($0.50) returned to Timonessb
Timonessb collected $1 from pot
Timonessb: doesn't show hand 
*** SUMMARY ***
Total pot $1 | Rake $0 
Seat 3: gutterbean
Seat 1: Tibibacsi folded before Flop (didn't bet)
Seat 2: Mariuoos (button) folded before Flop (didn't bet)
Seat 4: rostickkin (small blind) folded before Flop
Seat 5: Timonessb (big blind) collected ($1)
Seat 6: Supermegopro folded before Flop (didn't bet)



PokerStars Hand #254393509583:  Hold'em No Limit ($0.50/$1.00 USD) - 2025/01/15 2:53:43 WET [2025/01/15 21:53:43 ET]
Table 'Fraternitas III' 6-max Seat #4 is the button
Seat 3: gutterbean ($55.10 in chips) is sitting out
Seat 1: Tibibacsi ($100 in chips) 
Seat 2: Mariuoos ($100 in chips) 
Seat 4: rostickkin ($112.96 in chips) 
Seat 5: Timonessb ($116.70 in chips) 
Seat 6: Supermegopro ($100 in chips) 
Timonessb: posts small blind $0.50
Supermegopro: posts big blind $1
*** HOLE CARDS ***
Tibibacsi: folds 
Mariuoos: raises $1 to $2
rostickkin: folds 
Timonessb: folds 
Supermegopro: raises $10 to $12
Mariuoos: folds 
Uncalled bet ($10) returned to Supermegopro
Supermegopro collected $4.50 from pot
Supermegopro: doesn't show hand 
*** SUMMARY ***
Total pot $4.50 | Rake $0 
Seat 3: gutterbean
Seat 1: Tibibacsi folded before Flop (didn't bet)
Seat 2: Mariuoos folded before Flop
Seat 4: rostickkin (button) folded before Flop (didn't bet)
Seat 5: Timonessb (small blind) folded before Flop
Seat 6: Supermegopro (big blind) collected ($4.50)



PokerStars Hand #254393512058:  Hold'em No Limit ($0.50/$1.00 USD) - 2025/01/15 2:54:01 WET [2025/01/15 21:54:01 ET]
Table 'Fraternitas III' 6-max Seat #5 is the button
Seat 1: Tibibacsi ($100 in chips) is sitting out
Seat 3: gutterbean ($55.10 in chips) is sitting out
Seat 2: Mariuoos ($100 in chips) 
Seat 4: rostickkin ($112.96 in chips) 
Seat 5: Timonessb ($116.20 in chips) 
Seat 6: Supermegopro ($102.50 in chips) 
Supermegopro: posts small blind $0.50
Tibibacsi: is sitting out 
Mariuoos: posts big blind $1
*** HOLE CARDS ***
rostickkin: folds 
Tibibacsi leaves the table
Timonessb: folds 
Supermegopro: folds 
Uncalled bet ($0.50) returned to Mariuoos
Mariuoos collected $1 from pot
Mariuoos: doesn't show hand 
gutterbean is disconnected 
*** SUMMARY ***
Total pot $1 | Rake $0 
Seat 1: Tibibacsi
Seat 3: gutterbean
Seat 2: Mariuoos (big blind) collected ($1)
Seat 4: rostickkin folded before Flop (didn't bet)
Seat 5: Timonessb (button) folded before Flop (didn't bet)
Seat 6: Supermegopro (small blind) folded before Flop



PokerStars Hand #254393513240:  Hold'em No Limit ($0.50/$1.00 USD) - 2025/01/15 2:54:09 WET [2025/01/15 21:54:09 ET]
Table 'Fraternitas III' 6-max Seat #6 is the button
Seat 3: gutterbean ($55.10 in chips) is sitting out
Seat 2: Mariuoos ($100.50 in chips) 
Seat 4: rostickkin ($112.96 in chips) 
Seat 5: Timonessb ($116.20 in chips) 
Seat 6: Supermegopro ($102 in chips) 
Mariuoos: posts small blind $0.50
rostickkin: posts big blind $1
*** HOLE CARDS ***
50CandyJoe joins the table at seat #1 
Timonessb: folds 
Supermegopro: raises $1.50 to $2.50
Mariuoos: folds 
rostickkin: folds 
Uncalled bet ($1.50) returned to Supermegopro
Supermegopro collected $2.50 from pot
Supermegopro: doesn't show hand 
*** SUMMARY ***
Total pot $2.50 | Rake $0 
Seat 3: gutterbean
Seat 2: Mariuoos (small blind) folded before Flop
Seat 4: rostickkin (big blind) folded before Flop
Seat 5: Timonessb folded before Flop (didn't bet)
Seat 6: Supermegopro (button) collected ($2.50)



PokerStars Hand #254393515219:  Hold'em No Limit ($0.50/$1.00 USD) - 2025/01/15 2:54:23 WET [2025/01/15 21:54:23 ET]
Table 'Fraternitas III' 6-max Seat #2 is the button
Seat 1: 50CandyJoe ($100 in chips) is sitting out
Seat 3: gutterbean ($55.10 in chips) is sitting out
Seat 2: Mariuoos ($100 in chips) 
Seat 4: rostickkin ($111.96 in chips) 
Seat 5: Timonessb ($116.20 in chips) 
Seat 6: Supermegopro ($103.50 in chips) 
rostickkin: posts small blind $0.50
Timonessb: posts big blind $1
50CandyJoe: sits out 
*** HOLE CARDS ***
Supermegopro: raises $1.50 to $2.50
Mariuoos: folds 
rostickkin: folds 
Timonessb: folds 
Uncalled bet ($1.50) returned to Supermegopro
Supermegopro collected $2.50 from pot
Supermegopro: doesn't show hand 
*** SUMMARY ***
Total pot $2.50 | Rake $0 
Seat 1: 50CandyJoe
Seat 3: gutterbean
Seat 2: Mariuoos (button) folded before Flop (didn't bet)
Seat 4: rostickkin (small blind) folded before Flop
Seat 5: Timonessb (big blind) folded before Flop
Seat 6: Supermegopro collected ($2.50)



PokerStars Hand #254393516795:  Hold'em No Limit ($0.50/$1.00 USD) - 2025/01/15 2:54:34 WET [2025/01/15 21:54:34 ET]
Table 'Fraternitas III' 6-max Seat #4 is the button
Seat 1: 50CandyJoe ($100 in chips) is sitting out
Seat 3: gutterbean ($55.10 in chips) is sitting out
Seat 2: Mariuoos ($100 in chips) 
Seat 4: rostickkin ($111.46 in chips) 
Seat 5: Timonessb ($115.20 in chips) 
Seat 6: Supermegopro ($105 in chips) 
Timonessb: posts small blind $0.50
Supermegopro: posts big blind $1
*** HOLE CARDS ***
Mariuoos: folds 
rostickkin: raises $1.50 to $2.50
Timonessb: folds 
Supermegopro: folds 
Uncalled bet ($1.50) returned to rostickkin
rostickkin collected $2.50 from pot
rostickkin: doesn't show hand 
*** SUMMARY ***
Total pot $2.50 | Rake $0 
Seat 1: 50CandyJoe
Seat 3: gutterbean
Seat 2: Mariuoos folded before Flop (didn't bet)
Seat 4: rostickkin (button) collected ($2.50)
Seat 5: Timonessb (small blind) folded before Flop
Seat 6: Supermegopro (big blind) folded before Flop



PokerStars Hand #254393519114:  Hold'em No Limit ($0.50/$1.00 USD) - 2025/01/15 2:54:50 WET [2025/01/15 21:54:50 ET]
Table 'Fraternitas III' 6-max Seat #5 is the button
Seat 1: 50CandyJoe ($100 in chips) is sitting out
Seat 3: gutterbean ($55.10 in chips) is sitting out
Seat 2: Mariuoos ($100 in chips) 
Seat 4: rostickkin ($112.96 in chips) 
Seat 5: Timonessb ($114.70 in chips) 
Seat 6: Supermegopro ($104 in chips) 
Supermegopro: posts small blind $0.50
Mariuoos: posts big blind $1
*** HOLE CARDS ***
rostickkin: raises $1.50 to $2.50
Timonessb: folds 
Supermegopro: folds 
Mariuoos: folds 
Uncalled bet ($1.50) returned to rostickkin
rostickkin collected $2.50 from pot
rostickkin: doesn't show hand 
*** SUMMARY ***
Total pot $2.50 | Rake $0 
Seat 1: 50CandyJoe
Seat 3: gutterbean
Seat 2: Mariuoos (big blind) folded before Flop
Seat 4: rostickkin collected ($2.50)
Seat 5: Timonessb (button) folded before Flop (didn't bet)
Seat 6: Supermegopro (small blind) folded before Flop



PokerStars Hand #254393522144:  Hold'em No Limit ($0.50/$1.00 USD) - 2025/01/15 2:55:12 WET [2025/01/15 21:55:12 ET]
Table 'Fraternitas III' 6-max Seat #6 is the button
Seat 1: 50CandyJoe ($100 in chips) is sitting out
Seat 3: gutterbean ($55.10 in chips) is sitting out
Seat 2: Mariuoos ($100 in chips) 
Seat 4: rostickkin ($114.46 in chips) 
Seat 5: Timonessb ($114.70 in chips) 
Seat 6: Supermegopro ($103.50 in chips) 
Mariuoos: posts small blind $0.50
rostickkin: posts big blind $1
*** HOLE CARDS ***
Timonessb: raises $1.30 to $2.30
Supermegopro: folds 
Mariuoos: folds 
rostickkin: folds 
Uncalled bet ($1.30) returned to Timonessb
Timonessb collected $2.50 from pot
Timonessb: doesn't show hand 
*** SUMMARY ***
Total pot $2.50 | Rake $0 
Seat 1: 50CandyJoe
Seat 3: gutterbean
Seat 2: Mariuoos (small blind) folded before Flop
Seat 4: rostickkin (big blind) folded before Flop
Seat 5: Timonessb collected ($2.50)
Seat 6: Supermegopro (button) folded before Flop (didn't bet)



PokerStars Hand #254393523445:  Hold'em No Limit ($0.50/$1.00 USD) - 2025/01/15 2:55:23 WET [2025/01/15 21:55:23 ET]
Table 'Fraternitas III' 6-max Seat #2 is the button
Seat 1: 50CandyJoe ($100 in chips) is sitting out
Seat 3: gutterbean ($55.10 in chips) is sitting out
Seat 2: Mariuoos ($100 in chips) 
Seat 4: rostickkin ($113.46 in chips) 
Seat 5: Timonessb ($116.20 in chips) 
Seat 6: Supermegopro ($103.50 in chips) 
rostickkin: posts small blind $0.50
Timonessb: posts big blind $1
*** HOLE CARDS ***
Supermegopro: folds 
Mariuoos: raises $1.50 to $2.50
rostickkin: folds 
Timonessb: calls $1.50
*** FLOP *** [9h 4h 6s]
Timonessb: checks 
Mariuoos: checks 
*** TURN *** [9h 4h 6s] [8d]
Timonessb: bets $6.75
Mariuoos: folds 
Uncalled bet ($6.75) returned to Timonessb
Timonessb collected $5.22 from pot
Timonessb: doesn't show hand 
*** SUMMARY ***
Total pot $5.50 | Rake $0.28 
Board [9h 4h 6s 8d]
Seat 1: 50CandyJoe
Seat 3: gutterbean
Seat 2: Mariuoos (button) folded on the Turn
Seat 4: rostickkin (small blind) folded before Flop
Seat 5: Timonessb (big blind) collected ($5.22)
Seat 6: Supermegopro folded before Flop (didn't bet)



PokerStars Hand #254393529591:  Hold'em No Limit ($0.50/$1.00 USD) - 2025/01/15 2:56:19 WET [2025/01/15 21:56:19 ET]
Table 'Fraternitas III' 6-max Seat #4 is the button
Seat 1: 50CandyJoe ($100 in chips) is sitting out
Seat 3: gutterbean ($55.10 in chips) is sitting out
Seat 2: Mariuoos ($100 in chips) 
Seat 4: rostickkin ($112.96 in chips) 
Seat 5: Timonessb ($118.92 in chips) 
Seat 6: Supermegopro ($103.50 in chips) 
Timonessb: posts small blind $0.50
Supermegopro: posts big blind $1
*** HOLE CARDS ***
Mariuoos: folds 
rostickkin: raises $1.50 to $2.50
Timonessb: raises $9.50 to $12
Supermegopro: folds 
rostickkin: folds 
Uncalled bet ($9.50) returned to Timonessb
Timonessb collected $6 from pot
Timonessb: doesn't show hand 
*** SUMMARY ***
Total pot $6 | Rake $0 
Seat 1: 50CandyJoe
Seat 3: gutterbean
Seat 2: Mariuoos folded before Flop (didn't bet)
Seat 4: rostickkin (button) folded before Flop
Seat 5: Timonessb (small blind) collected ($6)
Seat 6: Supermegopro (big blind) folded before Flop



PokerStars Hand #254393531202:  Hold'em No Limit ($0.50/$1.00 USD) - 2025/01/15 2:56:33 WET [2025/01/15 21:56:33 ET]
Table 'Fraternitas III' 6-max Seat #5 is the button
Seat 1: 50CandyJoe ($100 in chips) is sitting out
Seat 3: gutterbean ($55.10 in chips) is sitting out
Seat 2: Mariuoos ($100 in chips) 
Seat 4: rostickkin ($110.46 in chips) 
Seat 5: Timonessb ($122.42 in chips) 
Seat 6: Supermegopro ($102.50 in chips) 
Supermegopro: posts small blind $0.50
Mariuoos: posts big blind $1
*** HOLE CARDS ***
rostickkin: folds 
Timonessb: raises $1.50 to $2.50
Supermegopro: folds 
Mariuoos: raises $8.50 to $11
Timonessb: raises $12.50 to $23.50
Mariuoos: calls $12.50
*** FLOP *** [3h Kd As]
Mariuoos: checks 
Timonessb: bets $6.58
Mariuoos: folds 
Uncalled bet ($6.58) returned to Timonessb
Timonessb collected $46.50 from pot
Timonessb: doesn't show hand 
*** SUMMARY ***
Total pot $47.50 | Rake $1 
Board [3h Kd As]
Seat 1: 50CandyJoe
Seat 3: gutterbean
Seat 2: Mariuoos (big blind) folded on the Flop
Seat 4: rostickkin folded before Flop (didn't bet)
Seat 5: Timonessb (button) collected ($46.50)
Seat 6: Supermegopro (small blind) folded before Flop



PokerStars Hand #254393537863:  Hold'em No Limit ($0.50/$1.00 USD) - 2025/01/15 2:57:31 WET [2025/01/15 21:57:31 ET]
Table 'Fraternitas III' 6-max Seat #6 is the button
Seat 1: 50CandyJoe ($100 in chips) is sitting out
Seat 3: gutterbean ($55.10 in chips) is sitting out
Seat 2: Mariuoos ($100 in chips) 
Seat 4: rostickkin ($110.46 in chips) 
Seat 5: Timonessb ($145.42 in chips) 
Seat 6: Supermegopro ($102 in chips) 
Mariuoos: posts small blind $0.50
rostickkin: posts big blind $1
*** HOLE CARDS ***
Timonessb: folds 
Supermegopro: raises $1.50 to $2.50
Mariuoos: folds 
rostickkin: raises $9.50 to $12
Supermegopro: calls $9.50
*** FLOP *** [7d Ah Ac]
rostickkin: bets $7.99
Supermegopro: folds 
Uncalled bet ($7.99) returned to rostickkin
rostickkin collected $23.50 from pot
gutterbean leaves the table
rostickkin: doesn't show hand 
*** SUMMARY ***
Total pot $24.50 | Rake $1 
Board [7d Ah Ac]
Seat 1: 50CandyJoe
Seat 3: gutterbean
Seat 2: Mariuoos (small blind) folded before Flop
Seat 4: rostickkin (big blind) collected ($23.50)
Seat 5: Timonessb folded before Flop (didn't bet)
Seat 6: Supermegopro (button) folded on the Flop



PokerStars Hand #254393540930:  Hold'em No Limit ($0.50/$1.00 USD) - 2025/01/15 2:57:58 WET [2025/01/15 21:57:58 ET]
Table 'Fraternitas III' 6-max Seat #2 is the button
Seat 1: 50CandyJoe ($100 in chips) is sitting out
Seat 2: Mariuoos ($100 in chips) 
Seat 4: rostickkin ($121.96 in chips) 
Seat 5: Timonessb ($145.42 in chips) 
Seat 6: Supermegopro ($100 in chips) 
rostickkin: posts small blind $0.50
Timonessb: posts big blind $1
*** HOLE CARDS ***
Supermegopro: folds 
Supermegopro leaves the table
Mariuoos: raises $1.50 to $2.50
rostickkin: folds 
Timonessb: folds 
Uncalled bet ($1.50) returned to Mariuoos
Mariuoos collected $2.50 from pot
Mariuoos: doesn't show hand 
*** SUMMARY ***
Total pot $2.50 | Rake $0 
Seat 1: 50CandyJoe
Seat 2: Mariuoos (button) collected ($2.50)
Seat 4: rostickkin (small blind) folded before Flop
Seat 5: Timonessb (big blind) folded before Flop
Seat 6: Supermegopro folded before Flop (didn't bet)



PokerStars Hand #254393542383:  Hold'em No Limit ($0.50/$1.00 USD) - 2025/01/15 2:58:10 WET [2025/01/15 21:58:10 ET]
Table 'Fraternitas III' 6-max Seat #4 is the button
Seat 1: 50CandyJoe ($100 in chips) is sitting out
Seat 2: Mariuoos ($101.50 in chips) 
Seat 4: rostickkin ($121.46 in chips) 
Seat 5: Timonessb ($144.42 in chips) 
Timonessb: posts small blind $0.50
Mariuoos: posts big blind $1
*** HOLE CARDS ***
rostickkin: folds 
Timonessb: raises $2 to $3
Mariuoos: folds 
Uncalled bet ($2) returned to Timonessb
Timonessb collected $2 from pot
Timonessb: doesn't show hand 
*** SUMMARY ***
Total pot $2 | Rake $0 
Seat 1: 50CandyJoe
Seat 2: Mariuoos (big blind) folded before Flop
Seat 4: rostickkin (button) folded before Flop (didn't bet)
Seat 5: Timonessb (small blind) collected ($2)



PokerStars Hand #254393567965:  Hold'em No Limit ($0.50/$1.00 USD) - 2025/01/15 3:01:39 WET [2025/01/15 22:01:39 ET]
Table 'Fraternitas III' 6-max Seat #1 is the button
Seat 1: 50CandyJoe ($100 in chips) 
Seat 2: willko999 ($15.99 in chips) 
Seat 3: rostickkin ($121.46 in chips) 
willko999: posts small blind $0.50
rostickkin: posts big blind $1
*** HOLE CARDS ***
50CandyJoe: raises $1.50 to $2.50
willko999: folds 
rostickkin: raises $9.50 to $12
50CandyJoe: folds 
Uncalled bet ($9.50) returned to rostickkin
rostickkin collected $5.50 from pot
rostickkin: doesn't show hand 
*** SUMMARY ***
Total pot $5.50 | Rake $0 
Seat 1: 50CandyJoe (button) folded before Flop
Seat 2: willko999 (small blind) folded before Flop
Seat 3: rostickkin (big blind) collected ($5.50)



PokerStars Hand #254393570132:  Hold'em No Limit ($0.50/$1.00 USD) - 2025/01/15 3:01:55 WET [2025/01/15 22:01:55 ET]
Table 'Fraternitas III' 6-max Seat #2 is the button
Seat 1: 50CandyJoe ($100 in chips) 
Seat 2: willko999 ($15.49 in chips) 
Seat 3: rostickkin ($124.46 in chips) 
rostickkin: posts small blind $0.50
50CandyJoe: posts big blind $1
*** HOLE CARDS ***
willko999: folds 
rostickkin: raises $2 to $3
50CandyJoe: calls $2
*** FLOP *** [4c Jd Qc]
MaRKiToScoK joins the table at seat #4 
rostickkin: bets $1.94
50CandyJoe: raises $5.06 to $7
rostickkin: folds 
Uncalled bet ($5.06) returned to 50CandyJoe
50CandyJoe collected $9.39 from pot
50CandyJoe: doesn't show hand 
*** SUMMARY ***
Total pot $9.88 | Rake $0.49 
Board [4c Jd Qc]
Seat 1: 50CandyJoe (big blind) collected ($9.39)
Seat 2: willko999 (button) folded before Flop (didn't bet)
Seat 3: rostickkin (small blind) folded on the Flop



PokerStars Hand #254393573769:  Hold'em No Limit ($0.50/$1.00 USD) - 2025/01/15 3:02:21 WET [2025/01/15 22:02:21 ET]
Table 'Fraternitas III' 6-max Seat #3 is the button
Seat 4: MaRKiToScoK ($100 in chips) is sitting out
Seat 1: 50CandyJoe ($104.45 in chips) 
Seat 2: willko999 ($15.49 in chips) 
Seat 3: rostickkin ($119.52 in chips) 
50CandyJoe: posts small blind $0.50
willko999: posts big blind $1
*** HOLE CARDS ***
rostickkin: folds 
MaRKiToScoK leaves the table
50CandyJoe: raises $1.50 to $2.50
willko999: calls $1.50
*** FLOP *** [3h 2c 4c]
50CandyJoe: checks 
willko999: bets $4.75
50CandyJoe: raises $19.24 to $23.99
willko999: calls $8.24 and is all-in
Uncalled bet ($11) returned to 50CandyJoe
*** FIRST TURN *** [3h 2c 4c] [As]
*** FIRST RIVER *** [3h 2c 4c As] [Ts]
*** SECOND TURN *** [3h 2c 4c] [Jc]
*** SECOND RIVER *** [3h 2c 4c Jc] [Ks]
*** FIRST SHOW DOWN ***
50CandyJoe: shows [6c Qc] (high card Ace)
willko999: shows [8c Tc] (a pair of Tens)
willko999 collected $14.99 from pot
*** SECOND SHOW DOWN ***
50CandyJoe: shows [6c Qc] (a flush, Queen high)
willko999: shows [8c Tc] (a flush, Jack high)
50CandyJoe collected $14.99 from pot
*** SUMMARY ***
Total pot $30.98 | Rake $1 
Hand was run twice
FIRST Board [3h 2c 4c As Ts]
SECOND Board [3h 2c 4c Jc Ks]
Seat 4: MaRKiToScoK
Seat 1: 50CandyJoe (small blind) showed [6c Qc] and lost with high card Ace, and won ($14.99) with a flush, Queen high
Seat 2: willko999 (big blind) showed [8c Tc] and won ($14.99) with a pair of Tens, and lost with a flush, Jack high
Seat 3: rostickkin (button) folded before Flop (didn't bet)



PokerStars Hand #254393577789:  Hold'em No Limit ($0.50/$1.00 USD) - 2025/01/15 3:02:49 WET [2025/01/15 22:02:49 ET]
Table 'Fraternitas III' 6-max Seat #2 is the button
Seat 3: rostickkin ($119.52 in chips) is sitting out
Seat 1: 50CandyJoe ($103.95 in chips) 
Seat 2: willko999 ($14.99 in chips) 
willko999: posts small blind $0.50
rostickkin: is sitting out 
50CandyJoe: posts big blind $1
*** HOLE CARDS ***
willko999: calls $0.50
rostickkin leaves the table
50CandyJoe: raises $102.95 to $103.95 and is all-in
willko999: calls $13.99 and is all-in
Uncalled bet ($88.96) returned to 50CandyJoe
*** FLOP *** [Qc 5s 9h]
*** TURN *** [Qc 5s 9h] [9d]
*** RIVER *** [Qc 5s 9h 9d] [2s]
*** SHOW DOWN ***
50CandyJoe: shows [Ad Jh] (a pair of Nines)
willko999: shows [Qs Jc] (two pair, Queens and Nines)
willko999 cashed out the hand for $7.83 | Cash Out Fee $0.16
*** SUMMARY ***
Total pot $29.98 | Rake $1 
Board [Qc 5s 9h 9d 2s]
Seat 3: rostickkin
Seat 1: 50CandyJoe (big blind) showed [Ad Jh] and lost with a pair of Nines
Seat 2: willko999 (button) (small blind) showed [Qs Jc] and won ($28.98) with two pair, Queens and Nines (pot not awarded as player cashed out)



PokerStars Hand #254393580697:  Hold'em No Limit ($0.50/$1.00 USD) - 2025/01/15 3:03:10 WET [2025/01/15 22:03:10 ET]
Table 'Fraternitas III' 6-max Seat #1 is the button
Seat 1: 50CandyJoe ($100 in chips) 
Seat 2: willko999 ($7.83 in chips) 
50CandyJoe: posts small blind $0.50
willko999: posts big blind $1
*** HOLE CARDS ***
50CandyJoe: folds 
Uncalled bet ($0.50) returned to willko999
willko999 collected $1 from pot
*** SUMMARY ***
Total pot $1 | Rake $0 
Seat 1: 50CandyJoe (button) (small blind) folded before Flop
Seat 2: willko999 (big blind) collected ($1)



PokerStars Hand #254393582097:  Hold'em No Limit ($0.50/$1.00 USD) - 2025/01/15 3:03:20 WET [2025/01/15 22:03:20 ET]
Table 'Fraternitas III' 6-max Seat #2 is the button
Seat 1: 50CandyJoe ($100 in chips) 
Seat 2: willko999 ($8.33 in chips) 
willko999: posts small blind $0.50
50CandyJoe: posts big blind $1
*** HOLE CARDS ***
willko999: folds 
Uncalled bet ($0.50) returned to 50CandyJoe
50CandyJoe collected $1 from pot
50CandyJoe: doesn't show hand 
*** SUMMARY ***
Total pot $1 | Rake $0 
Seat 1: 50CandyJoe (big blind) collected ($1)
Seat 2: willko999 (button) (small blind) folded before Flop



PokerStars Hand #254393583023:  Hold'em No Limit ($0.50/$1.00 USD) - 2025/01/15 3:03:26 WET [2025/01/15 22:03:26 ET]
Table 'Fraternitas III' 6-max Seat #1 is the button
Seat 1: 50CandyJoe ($100.50 in chips) 
Seat 2: willko999 ($7.83 in chips) 
50CandyJoe: posts small blind $0.50
willko999: posts big blind $1
*** HOLE CARDS ***
50CandyJoe: folds 
Uncalled bet ($0.50) returned to willko999
willko999 collected $1 from pot
*** SUMMARY ***
Total pot $1 | Rake $0 
Seat 1: 50CandyJoe (button) (small blind) folded before Flop
Seat 2: willko999 (big blind) collected ($1)



PokerStars Hand #254393584359:  Hold'em No Limit ($0.50/$1.00 USD) - 2025/01/15 3:03:36 WET [2025/01/15 22:03:36 ET]
Table 'Fraternitas III' 6-max Seat #2 is the button
Seat 1: 50CandyJoe ($100 in chips) 
Seat 2: willko999 ($8.33 in chips) 
willko999: posts small blind $0.50
50CandyJoe: posts big blind $1
*** HOLE CARDS ***
willko999: folds 
Uncalled bet ($0.50) returned to 50CandyJoe
50CandyJoe collected $1 from pot
50CandyJoe: doesn't show hand 
*** SUMMARY ***
Total pot $1 | Rake $0 
Seat 1: 50CandyJoe (big blind) collected ($1)
Seat 2: willko999 (button) (small blind) folded before Flop



PokerStars Hand #254393585294:  Hold'em No Limit ($0.50/$1.00 USD) - 2025/01/15 3:03:42 WET [2025/01/15 22:03:42 ET]
Table 'Fraternitas III' 6-max Seat #1 is the button
Seat 1: 50CandyJoe ($100.50 in chips) 
Seat 2: willko999 ($7.83 in chips) 
50CandyJoe: posts small blind $0.50
willko999: posts big blind $1
*** HOLE CARDS ***
50CandyJoe: raises $99.50 to $100.50 and is all-in
willko999: folds 
Uncalled bet ($99.50) returned to 50CandyJoe
50CandyJoe collected $2 from pot
50CandyJoe: doesn't show hand 
*** SUMMARY ***
Total pot $2 | Rake $0 
Seat 1: 50CandyJoe (button) (small blind) collected ($2)
Seat 2: willko999 (big blind) folded before Flop



PokerStars Hand #254393586476:  Hold'em No Limit ($0.50/$1.00 USD) - 2025/01/15 3:03:51 WET [2025/01/15 22:03:51 ET]
Table 'Fraternitas III' 6-max Seat #2 is the button
Seat 1: 50CandyJoe ($101.50 in chips) 
Seat 2: willko999 ($6.83 in chips) 
willko999: posts small blind $0.50
50CandyJoe: posts big blind $1
*** HOLE CARDS ***
willko999: folds 
Uncalled bet ($0.50) returned to 50CandyJoe
50CandyJoe collected $1 from pot
50CandyJoe: doesn't show hand 
*** SUMMARY ***
Total pot $1 | Rake $0 
Seat 1: 50CandyJoe (big blind) collected ($1)
Seat 2: willko999 (button) (small blind) folded before Flop



PokerStars Hand #254393587422:  Hold'em No Limit ($0.50/$1.00 USD) - 2025/01/15 3:03:58 WET [2025/01/15 22:03:58 ET]
Table 'Fraternitas III' 6-max Seat #1 is the button
Seat 1: 50CandyJoe ($102 in chips) 
Seat 2: willko999 ($6.33 in chips) 
50CandyJoe: posts small blind $0.50
willko999: posts big blind $1
*** HOLE CARDS ***
50CandyJoe: folds 
Uncalled bet ($0.50) returned to willko999
willko999 collected $1 from pot
*** SUMMARY ***
Total pot $1 | Rake $0 
Seat 1: 50CandyJoe (button) (small blind) folded before Flop
Seat 2: willko999 (big blind) collected ($1)



PokerStars Hand #254393588218:  Hold'em No Limit ($0.50/$1.00 USD) - 2025/01/15 3:04:04 WET [2025/01/15 22:04:04 ET]
Table 'Fraternitas III' 6-max Seat #2 is the button
Seat 1: 50CandyJoe ($101.50 in chips) 
Seat 2: willko999 ($6.83 in chips) 
willko999: posts small blind $0.50
50CandyJoe: posts big blind $1
*** HOLE CARDS ***
willko999: folds 
Uncalled bet ($0.50) returned to 50CandyJoe
50CandyJoe collected $1 from pot
50CandyJoe: doesn't show hand 
*** SUMMARY ***
Total pot $1 | Rake $0 
Seat 1: 50CandyJoe (big blind) collected ($1)
Seat 2: willko999 (button) (small blind) folded before Flop



PokerStars Hand #254393738212:  Hold'em No Limit ($0.50/$1.00 USD) - 2025/01/15 3:22:45 WET [2025/01/15 22:22:45 ET]
Table 'Fraternitas III' 6-max Seat #1 is the button
Seat 1: BeauParleur ($100 in chips) 
Seat 2: CashfishT ($100 in chips) 
BeauParleur: posts small blind $0.50
CashfishT: posts big blind $1
*** HOLE CARDS ***
BeauParleur: raises $1 to $2
CashfishT: raises $8 to $10
BeauParleur: folds 
Uncalled bet ($8) returned to CashfishT
CashfishT collected $4 from pot
CashfishT: doesn't show hand 
*** SUMMARY ***
Total pot $4 | Rake $0 
Seat 1: BeauParleur (button) (small blind) folded before Flop
Seat 2: CashfishT (big blind) collected ($4)



PokerStars Hand #254393740631:  Hold'em No Limit ($0.50/$1.00 USD) - 2025/01/15 3:23:03 WET [2025/01/15 22:23:03 ET]
Table 'Fraternitas III' 6-max Seat #2 is the button
Seat 1: BeauParleur ($100 in chips) 
Seat 2: CashfishT ($102 in chips) 
CashfishT: posts small blind $0.50
BeauParleur: posts big blind $1
*** HOLE CARDS ***
CashfishT: raises $1.20 to $2.20
BeauParleur: raises $8.80 to $11
CashfishT: folds 
Uncalled bet ($8.80) returned to BeauParleur
BeauParleur collected $4.40 from pot
BeauParleur: doesn't show hand 
*** SUMMARY ***
Total pot $4.40 | Rake $0 
Seat 1: BeauParleur (big blind) collected ($4.40)
Seat 2: CashfishT (button) (small blind) folded before Flop



PokerStars Hand #254393827300:  Hold'em No Limit ($0.50/$1.00 USD) - 2025/01/15 3:34:16 WET [2025/01/15 22:34:16 ET]
Table 'Fraternitas III' 6-max Seat #5 is the button
Seat 1: BeauParleur ($102.20 in chips) 
Seat 5: Mo13656 ($10 in chips) 
Seat 6: steepfell ($100 in chips) 
steepfell: posts small blind $0.50
BeauParleur: posts big blind $1
*** HOLE CARDS ***
Mo13656: folds 
steepfell: folds 
Uncalled bet ($0.50) returned to BeauParleur
BeauParleur collected $1 from pot
BeauParleur: doesn't show hand 
*** SUMMARY ***
Total pot $1 | Rake $0 
Seat 1: BeauParleur (big blind) collected ($1)
Seat 5: Mo13656 (button) folded before Flop (didn't bet)
Seat 6: steepfell (small blind) folded before Flop



PokerStars Hand #254393828759:  Hold'em No Limit ($0.50/$1.00 USD) - 2025/01/15 3:34:27 WET [2025/01/15 22:34:27 ET]
Table 'Fraternitas III' 6-max Seat #6 is the button
Seat 1: BeauParleur ($102.70 in chips) 
Seat 5: Mo13656 ($10 in chips) 
Seat 6: steepfell ($100 in chips) 
BeauParleur: posts small blind $0.50
Mo13656: posts big blind $1
*** HOLE CARDS ***
steepfell: folds 
BeauParleur: raises $10.50 to $11.50
Mo13656: folds 
Uncalled bet ($10.50) returned to BeauParleur
BeauParleur collected $2 from pot
BeauParleur: doesn't show hand 
*** SUMMARY ***
Total pot $2 | Rake $0 
Seat 1: BeauParleur (small blind) collected ($2)
Seat 5: Mo13656 (big blind) folded before Flop
Seat 6: steepfell (button) folded before Flop (didn't bet)



PokerStars Hand #254393830715:  Hold'em No Limit ($0.50/$1.00 USD) - 2025/01/15 3:34:43 WET [2025/01/15 22:34:43 ET]
Table 'Fraternitas III' 6-max Seat #1 is the button
Seat 1: BeauParleur ($103.70 in chips) 
Seat 5: Mo13656 ($9 in chips) 
Seat 6: steepfell ($100 in chips) 
Mo13656: posts small blind $0.50
steepfell: posts big blind $1
*** HOLE CARDS ***
BeauParleur: raises $1.50 to $2.50
Mo13656: folds 
steepfell: folds 
Uncalled bet ($1.50) returned to BeauParleur
BeauParleur collected $2.50 from pot
BeauParleur: doesn't show hand 
*** SUMMARY ***
Total pot $2.50 | Rake $0 
Seat 1: BeauParleur (button) collected ($2.50)
Seat 5: Mo13656 (small blind) folded before Flop
Seat 6: steepfell (big blind) folded before Flop



PokerStars Hand #254393832016:  Hold'em No Limit ($0.50/$1.00 USD) - 2025/01/15 3:34:54 WET [2025/01/15 22:34:54 ET]
Table 'Fraternitas III' 6-max Seat #5 is the button
Seat 1: BeauParleur ($105.20 in chips) 
Seat 5: Mo13656 ($8.50 in chips) 
Seat 6: steepfell ($100 in chips) 
steepfell: posts small blind $0.50
BeauParleur: posts big blind $1
*** HOLE CARDS ***
Mo13656: folds 
steepfell: folds 
Uncalled bet ($0.50) returned to BeauParleur
BeauParleur collected $1 from pot
BeauParleur: doesn't show hand 
*** SUMMARY ***
Total pot $1 | Rake $0 
Seat 1: BeauParleur (big blind) collected ($1)
Seat 5: Mo13656 (button) folded before Flop (didn't bet)
Seat 6: steepfell (small blind) folded before Flop



PokerStars Hand #254393832975:  Hold'em No Limit ($0.50/$1.00 USD) - 2025/01/15 3:35:02 WET [2025/01/15 22:35:02 ET]
Table 'Fraternitas III' 6-max Seat #6 is the button
Seat 1: BeauParleur ($105.70 in chips) 
Seat 5: Mo13656 ($8.50 in chips) 
Seat 6: steepfell ($100 in chips) 
BeauParleur: posts small blind $0.50
Mo13656: posts big blind $1
*** HOLE CARDS ***
steepfell: folds 
BeauParleur: folds 
Uncalled bet ($0.50) returned to Mo13656
Mo13656 collected $1 from pot
*** SUMMARY ***
Total pot $1 | Rake $0 
Seat 1: BeauParleur (small blind) folded before Flop
Seat 5: Mo13656 (big blind) collected ($1)
Seat 6: steepfell (button) folded before Flop (didn't bet)



PokerStars Hand #254393835089:  Hold'em No Limit ($0.50/$1.00 USD) - 2025/01/15 3:35:19 WET [2025/01/15 22:35:19 ET]
Table 'Fraternitas III' 6-max Seat #1 is the button
Seat 1: BeauParleur ($105.20 in chips) 
Seat 5: Mo13656 ($9 in chips) 
Seat 6: steepfell ($100 in chips) 
Mo13656: posts small blind $0.50
steepfell: posts big blind $1
*** HOLE CARDS ***
BeauParleur: raises $1.50 to $2.50
Mo13656: folds 
1fudihara joins the table at seat #4 
steepfell: folds 
Uncalled bet ($1.50) returned to BeauParleur
BeauParleur collected $2.50 from pot
BeauParleur: doesn't show hand 
*** SUMMARY ***
Total pot $2.50 | Rake $0 
Seat 1: BeauParleur (button) collected ($2.50)
Seat 5: Mo13656 (small blind) folded before Flop
Seat 6: steepfell (big blind) folded before Flop



PokerStars Hand #254393836551:  Hold'em No Limit ($0.50/$1.00 USD) - 2025/01/15 3:35:30 WET [2025/01/15 22:35:30 ET]
Table 'Fraternitas III' 6-max Seat #5 is the button
Seat 4: 1fudihara ($100 in chips) is sitting out
Seat 1: BeauParleur ($106.70 in chips) 
Seat 5: Mo13656 ($8.50 in chips) 
Seat 6: steepfell ($100 in chips) 
steepfell: posts small blind $0.50
BeauParleur: posts big blind $1
1fudihara: sits out 
*** HOLE CARDS ***
B1GBankroll joins the table at seat #2 
Mo13656: folds 
steepfell: folds 
Uncalled bet ($0.50) returned to BeauParleur
BeauParleur collected $1 from pot
BeauParleur: doesn't show hand 
*** SUMMARY ***
Total pot $1 | Rake $0 
Seat 4: 1fudihara
Seat 1: BeauParleur (big blind) collected ($1)
Seat 5: Mo13656 (button) folded before Flop (didn't bet)
Seat 6: steepfell (small blind) folded before Flop



PokerStars Hand #254393838180:  Hold'em No Limit ($0.50/$1.00 USD) - 2025/01/15 3:35:43 WET [2025/01/15 22:35:43 ET]
Table 'Fraternitas III' 6-max Seat #6 is the button
Seat 4: 1fudihara ($100 in chips) is sitting out
Seat 1: BeauParleur ($107.20 in chips) 
Seat 2: B1GBankroll ($100 in chips) 
Seat 5: Mo13656 ($8.50 in chips) 
Seat 6: steepfell ($100 in chips) 
BeauParleur: posts small blind $0.50
B1GBankroll: posts big blind $1
1fudihara: sits out 
*** HOLE CARDS ***
Mo13656: folds 
steepfell: raises $1.50 to $2.50
BeauParleur: folds 
B1GBankroll: calls $1.50
*** FLOP *** [8c Td Kc]
4ihKZ joins the table at seat #3 
B1GBankroll: bets $2.56
steepfell: raises $7.44 to $10
B1GBankroll: folds 
Uncalled bet ($7.44) returned to steepfell
steepfell collected $10.09 from pot
steepfell: doesn't show hand 
*** SUMMARY ***
Total pot $10.62 | Rake $0.53 
Board [8c Td Kc]
Seat 4: 1fudihara
Seat 1: BeauParleur (small blind) folded before Flop
Seat 2: B1GBankroll (big blind) folded on the Flop
Seat 5: Mo13656 folded before Flop (didn't bet)
Seat 6: steepfell (button) collected ($10.09)



PokerStars Hand #254393844578:  Hold'em No Limit ($0.50/$1.00 USD) - 2025/01/15 3:36:38 WET [2025/01/15 22:36:38 ET]
Table 'Fraternitas III' 6-max Seat #1 is the button
Seat 4: 1fudihara ($100 in chips) is sitting out
Seat 1: BeauParleur ($106.70 in chips) 
Seat 2: B1GBankroll ($100 in chips) 
Seat 3: 4ihKZ ($100 in chips) 
Seat 5: Mo13656 ($8.50 in chips) 
Seat 6: steepfell ($105.03 in chips) 
B1GBankroll: posts small blind $0.50
4ihKZ: posts big blind $1
1fudihara: sits out 
*** HOLE CARDS ***
Mo13656: raises $1 to $2
steepfell: raises $7 to $9
BeauParleur: folds 
B1GBankroll: folds 
4ihKZ: folds 
Mo13656: calls $6.50 and is all-in
Uncalled bet ($0.50) returned to steepfell
*** FLOP *** [4s 3s Th]
*** TURN *** [4s 3s Th] [4d]
*** RIVER *** [4s 3s Th 4d] [Kh]
*** SHOW DOWN ***
Mo13656: shows [As Qs] (a pair of Fours)
steepfell: shows [Kc Ah] (two pair, Kings and Fours)
steepfell collected $17.58 from pot
*** SUMMARY ***
Total pot $18.50 | Rake $0.92 
Board [4s 3s Th 4d Kh]
Seat 4: 1fudihara
Seat 1: BeauParleur (button) folded before Flop (didn't bet)
Seat 2: B1GBankroll (small blind) folded before Flop
Seat 3: 4ihKZ (big blind) folded before Flop
Seat 5: Mo13656 showed [As Qs] and lost with a pair of Fours
Seat 6: steepfell showed [Kc Ah] and won ($17.58) with two pair, Kings and Fours



PokerStars Hand #254393848760:  Hold'em No Limit ($0.50/$1.00 USD) - 2025/01/15 3:37:10 WET [2025/01/15 22:37:10 ET]
Table 'Fraternitas III' 6-max Seat #2 is the button
Seat 5: Mo13656 ($0 in chips) is sitting out
Seat 1: BeauParleur ($106.70 in chips) 
Seat 2: B1GBankroll ($100 in chips) 
Seat 3: 4ihKZ ($100 in chips) 
Seat 4: 1fudihara ($100 in chips) 
Seat 6: steepfell ($114.11 in chips) 
4ihKZ: posts small blind $0.50
1fudihara: posts big blind $1
*** HOLE CARDS ***
steepfell: raises $1.50 to $2.50
BeauParleur: folds 
Mo13656 leaves the table
B1GBankroll: calls $2.50
4ihKZ: folds 
1fudihara: folds 
*** FLOP *** [3s 8c 7h]
steepfell: checks 
B1GBankroll: bets $4.57
steepfell: folds 
Uncalled bet ($4.57) returned to B1GBankroll
B1GBankroll collected $6.18 from pot
B1GBankroll: doesn't show hand 
*** SUMMARY ***
Total pot $6.50 | Rake $0.32 
Board [3s 8c 7h]
Seat 5: Mo13656
Seat 1: BeauParleur folded before Flop (didn't bet)
Seat 2: B1GBankroll (button) collected ($6.18)
Seat 3: 4ihKZ (small blind) folded before Flop
Seat 4: 1fudihara (big blind) folded before Flop
Seat 6: steepfell folded on the Flop



PokerStars Hand #254393855253:  Hold'em No Limit ($0.50/$1.00 USD) - 2025/01/15 3:38:02 WET [2025/01/15 22:38:02 ET]
Table 'Fraternitas III' 6-max Seat #3 is the button
Seat 1: BeauParleur ($106.70 in chips) 
Seat 2: B1GBankroll ($103.68 in chips) 
Seat 3: 4ihKZ ($100 in chips) 
Seat 4: 1fudihara ($99 in chips) 
Seat 6: steepfell ($111.61 in chips) 
1fudihara: posts small blind $0.50
steepfell: posts big blind $1
*** HOLE CARDS ***
BeauParleur: folds 
B1GBankroll: folds 
4ihKZ: folds 
1fudihara: calls $0.50
steepfell: checks 
*** FLOP *** [Ah 8d 9d]
1fudihara: checks 
steepfell: checks 
*** TURN *** [Ah 8d 9d] [2s]
1fudihara: checks 
steepfell: bets $4.50
1fudihara: folds 
Uncalled bet ($4.50) returned to steepfell
steepfell collected $1.90 from pot
steepfell: doesn't show hand 
B1GBankroll leaves the table
*** SUMMARY ***
Total pot $2 | Rake $0.10 
Board [Ah 8d 9d 2s]
Seat 1: BeauParleur folded before Flop (didn't bet)
Seat 2: B1GBankroll folded before Flop (didn't bet)
Seat 3: 4ihKZ (button) folded before Flop (didn't bet)
Seat 4: 1fudihara (small blind) folded on the Turn
Seat 6: steepfell (big blind) collected ($1.90)



PokerStars Hand #254393860365:  Hold'em No Limit ($0.50/$1.00 USD) - 2025/01/15 3:38:44 WET [2025/01/15 22:38:44 ET]
Table 'Fraternitas III' 6-max Seat #4 is the button
Seat 1: BeauParleur ($106.70 in chips) 
Seat 3: 4ihKZ ($100 in chips) 
Seat 4: 1fudihara ($98 in chips) 
Seat 6: steepfell ($112.51 in chips) 
steepfell: posts small blind $0.50
BeauParleur: posts big blind $1
*** HOLE CARDS ***
B1GBankroll joins the table at seat #5 
4ihKZ: raises $1.30 to $2.30
1fudihara: folds 
steepfell: raises $8.70 to $11
BeauParleur: folds 
4ihKZ: folds 
Uncalled bet ($8.70) returned to steepfell
steepfell collected $5.60 from pot
steepfell: doesn't show hand 
*** SUMMARY ***
Total pot $5.60 | Rake $0 
Seat 1: BeauParleur (big blind) folded before Flop
Seat 3: 4ihKZ folded before Flop
Seat 4: 1fudihara (button) folded before Flop (didn't bet)
Seat 6: steepfell (small blind) collected ($5.60)



PokerStars Hand #254393866384:  Hold'em No Limit ($0.50/$1.00 USD) - 2025/01/15 3:39:33 WET [2025/01/15 22:39:33 ET]
Table 'Fraternitas III' 6-max Seat #6 is the button
Seat 3: 4ihKZ ($100 in chips) is sitting out
Seat 5: B1GBankroll ($103.68 in chips) is sitting out
Seat 1: BeauParleur ($105.70 in chips) 
Seat 4: 1fudihara ($98 in chips) 
Seat 6: steepfell ($115.81 in chips) 
BeauParleur: posts small blind $0.50
4ihKZ: is sitting out 
1fudihara: posts big blind $1
B1GBankroll: sits out 
*** HOLE CARDS ***
steepfell: raises $1.50 to $2.50
BeauParleur: folds 
4ihKZ leaves the table
1fudihara: raises $7.50 to $10
steepfell: raises $16 to $26
1fudihara: folds 
Uncalled bet ($16) returned to steepfell
steepfell collected $20.50 from pot
steepfell: doesn't show hand 
*** SUMMARY ***
Total pot $20.50 | Rake $0 
Seat 3: 4ihKZ
Seat 5: B1GBankroll
Seat 1: BeauParleur (small blind) folded before Flop
Seat 4: 1fudihara (big blind) folded before Flop
Seat 6: steepfell (button) collected ($20.50)



PokerStars Hand #254393871156:  Hold'em No Limit ($0.50/$1.00 USD) - 2025/01/15 3:40:12 WET [2025/01/15 22:40:12 ET]
Table 'Fraternitas III' 6-max Seat #1 is the button
Seat 1: BeauParleur ($105.20 in chips) 
Seat 4: 1fudihara ($100 in chips) 
Seat 5: B1GBankroll ($103.68 in chips) 
Seat 6: steepfell ($126.31 in chips) 
1fudihara: posts small blind $0.50
B1GBankroll: posts big blind $1
*** HOLE CARDS ***
steepfell: folds 
BeauParleur: raises $1.50 to $2.50
1fudihara: folds 
B1GBankroll: folds 
Uncalled bet ($1.50) returned to BeauParleur
BeauParleur collected $2.50 from pot
BeauParleur: doesn't show hand 
*** SUMMARY ***
Total pot $2.50 | Rake $0 
Seat 1: BeauParleur (button) collected ($2.50)
Seat 4: 1fudihara (small blind) folded before Flop
Seat 5: B1GBankroll (big blind) folded before Flop
Seat 6: steepfell folded before Flop (didn't bet)



PokerStars Hand #254393873072:  Hold'em No Limit ($0.50/$1.00 USD) - 2025/01/15 3:40:28 WET [2025/01/15 22:40:28 ET]
Table 'Fraternitas III' 6-max Seat #4 is the button
Seat 1: BeauParleur ($106.70 in chips) 
Seat 4: 1fudihara ($100 in chips) 
Seat 5: B1GBankroll ($102.68 in chips) 
Seat 6: steepfell ($126.31 in chips) 
B1GBankroll: posts small blind $0.50
steepfell: posts big blind $1
*** HOLE CARDS ***
BeauParleur: raises $1.25 to $2.25
1fudihara: raises $6.75 to $9
B1GBankroll: folds 
steepfell: folds 
pr0tecto joins the table at seat #2 
BeauParleur: raises $13 to $22
1fudihara: calls $13
*** FLOP *** [9h 2d 3s]
BeauParleur: bets $22.25
1fudihara: calls $22.25
*** TURN *** [9h 2d 3s] [Kc]
BeauParleur: bets $21
1fudihara: folds 
Uncalled bet ($21) returned to BeauParleur
BeauParleur collected $89 from pot
BeauParleur: doesn't show hand 
*** SUMMARY ***
Total pot $90 | Rake $1 
Board [9h 2d 3s Kc]
Seat 1: BeauParleur collected ($89)
Seat 4: 1fudihara (button) folded on the Turn
Seat 5: B1GBankroll (small blind) folded before Flop
Seat 6: steepfell (big blind) folded before Flop



PokerStars Hand #254393883173:  Hold'em No Limit ($0.50/$1.00 USD) - 2025/01/15 3:41:52 WET [2025/01/15 22:41:52 ET]
Table 'Fraternitas III' 6-max Seat #5 is the button
Seat 2: pr0tecto ($100 in chips) is sitting out
Seat 1: BeauParleur ($151.45 in chips) 
Seat 4: 1fudihara ($69.59 in chips) 
Seat 5: B1GBankroll ($102.18 in chips) 
Seat 6: steepfell ($125.31 in chips) 
steepfell: posts small blind $0.50
BeauParleur: posts big blind $1
pr0tecto: sits out 
*** HOLE CARDS ***
1fudihara: folds 
B1GBankroll: folds 
steepfell: raises $2 to $3
BeauParleur: folds 
Uncalled bet ($2) returned to steepfell
steepfell collected $2 from pot
steepfell: doesn't show hand 
*** SUMMARY ***
Total pot $2 | Rake $0 
Seat 2: pr0tecto
Seat 1: BeauParleur (big blind) folded before Flop
Seat 4: 1fudihara folded before Flop (didn't bet)
Seat 5: B1GBankroll (button) folded before Flop (didn't bet)
Seat 6: steepfell (small blind) collected ($2)



PokerStars Hand #254393887799:  Hold'em No Limit ($0.50/$1.00 USD) - 2025/01/15 3:42:29 WET [2025/01/15 22:42:29 ET]
Table 'Fraternitas III' 6-max Seat #6 is the button
Seat 1: BeauParleur ($150.45 in chips) 
Seat 2: pr0tecto ($100 in chips) 
Seat 4: 1fudihara ($69.59 in chips) 
Seat 5: B1GBankroll ($102.18 in chips) 
Seat 6: steepfell ($126.31 in chips) 
BeauParleur: posts small blind $0.50
pr0tecto: posts big blind $1
*** HOLE CARDS ***
1fudihara: raises $1.50 to $2.50
B1GBankroll: folds 
steepfell: raises $5.50 to $8
BeauParleur: folds 
pr0tecto: folds 
1fudihara: calls $5.50
*** FLOP *** [Ah Qs 7h]
1fudihara: checks 
CashfishT joins the table at seat #3 
steepfell: bets $12.47
1fudihara: raises $13.53 to $26
steepfell: calls $13.53
*** TURN *** [Ah Qs 7h] [7s]
1fudihara: bets $35.59 and is all-in
steepfell: calls $35.59
*** FIRST RIVER *** [Ah Qs 7h 7s] [Td]
*** SECOND RIVER *** [Ah Qs 7h 7s] [4d]
*** FIRST SHOW DOWN ***
1fudihara: shows [6s As] (two pair, Aces and Sevens)
steepfell: shows [Kd Ac] (two pair, Aces and Sevens - King kicker)
steepfell collected $69.09 from pot
*** SECOND SHOW DOWN ***
1fudihara: shows [6s As] (two pair, Aces and Sevens)
steepfell: shows [Kd Ac] (two pair, Aces and Sevens - King kicker)
steepfell collected $69.09 from pot
*** SUMMARY ***
Total pot $140.68 | Rake $2.50 
Hand was run twice
FIRST Board [Ah Qs 7h 7s Td]
SECOND Board [Ah Qs 7h 7s 4d]
Seat 1: BeauParleur (small blind) folded before Flop
Seat 2: pr0tecto (big blind) folded before Flop
Seat 4: 1fudihara showed [6s As] and lost with two pair, Aces and Sevens, and lost with two pair, Aces and Sevens
Seat 5: B1GBankroll folded before Flop (didn't bet)
Seat 6: steepfell (button) showed [Kd Ac] and won ($69.09) with two pair, Aces and Sevens, and won ($69.09) with two pair, Aces and Sevens



PokerStars Hand #254393895373:  Hold'em No Limit ($0.50/$1.00 USD) - 2025/01/15 3:43:31 WET [2025/01/15 22:43:31 ET]
Table 'Fraternitas III' 6-max Seat #1 is the button
Seat 4: 1fudihara ($0 in chips) is sitting out
Seat 1: BeauParleur ($149.95 in chips) 
Seat 2: pr0tecto ($99 in chips) 
Seat 3: CashfishT ($100 in chips) 
Seat 5: B1GBankroll ($102.18 in chips) 
Seat 6: steepfell ($194.90 in chips) 
pr0tecto: posts small blind $0.50
CashfishT: posts big blind $1
*** HOLE CARDS ***
B1GBankroll: folds 
1fudihara leaves the table
steepfell: raises $1.50 to $2.50
BeauParleur: folds 
pr0tecto: calls $2
CashfishT: calls $1.50
*** FLOP *** [6s 4s 7d]
pr0tecto: checks 
CashfishT: checks 
steepfell: checks 
*** TURN *** [6s 4s 7d] [Qc]
pr0tecto: bets $3.63
CashfishT: folds 
steepfell: raises $10.87 to $14.50
pr0tecto: calls $10.87
*** RIVER *** [6s 4s 7d Qc] [7c]
pr0tecto: checks 
steepfell: checks 
*** SHOW DOWN ***
pr0tecto: shows [6d 6h] (a full house, Sixes full of Sevens)
steepfell: mucks hand 
pr0tecto collected $34.68 from pot
*** SUMMARY ***
Total pot $36.50 | Rake $1.82 
Board [6s 4s 7d Qc 7c]
Seat 4: 1fudihara
Seat 1: BeauParleur (button) folded before Flop (didn't bet)
Seat 2: pr0tecto (small blind) showed [6d 6h] and won ($34.68) with a full house, Sixes full of Sevens
Seat 3: CashfishT (big blind) folded on the Turn
Seat 5: B1GBankroll folded before Flop (didn't bet)
Seat 6: steepfell mucked



PokerStars Hand #254393908361:  Hold'em No Limit ($0.50/$1.00 USD) - 2025/01/15 3:45:20 WET [2025/01/15 22:45:20 ET]
Table 'Fraternitas III' 6-max Seat #2 is the button
Seat 1: BeauParleur ($149.95 in chips) 
Seat 2: pr0tecto ($116.68 in chips) 
Seat 3: CashfishT ($100 in chips) 
Seat 5: B1GBankroll ($102.18 in chips) 
Seat 6: steepfell ($177.90 in chips) 
CashfishT: posts small blind $0.50
B1GBankroll: posts big blind $1
*** HOLE CARDS ***
steepfell: folds 
BeauParleur: folds 
pr0tecto: folds 
CashfishT: raises $2 to $3
B1GBankroll: calls $2
*** FLOP *** [Ah As Td]
CashfishT: bets $1.43
B1GBankroll: calls $1.43
*** TURN *** [Ah As Td] [5d]
CashfishT: checks 
B1GBankroll: bets $4.13
CashfishT: folds 
Uncalled bet ($4.13) returned to B1GBankroll
B1GBankroll collected $8.42 from pot
B1GBankroll: doesn't show hand 
*** SUMMARY ***
Total pot $8.86 | Rake $0.44 
Board [Ah As Td 5d]
Seat 1: BeauParleur folded before Flop (didn't bet)
Seat 2: pr0tecto (button) folded before Flop (didn't bet)
Seat 3: CashfishT (small blind) folded on the Turn
Seat 5: B1GBankroll (big blind) collected ($8.42)
Seat 6: steepfell folded before Flop (didn't bet)



PokerStars Hand #254393915755:  Hold'em No Limit ($0.50/$1.00 USD) - 2025/01/15 3:46:23 WET [2025/01/15 22:46:23 ET]
Table 'Fraternitas III' 6-max Seat #3 is the button
Seat 6: steepfell ($177.90 in chips) is sitting out
Seat 1: BeauParleur ($149.95 in chips) 
Seat 2: pr0tecto ($116.68 in chips) 
Seat 3: CashfishT ($100 in chips) 
Seat 5: B1GBankroll ($106.17 in chips) 
B1GBankroll: posts small blind $0.50
steepfell: is sitting out 
BeauParleur: posts big blind $1
*** HOLE CARDS ***
pr0tecto: raises $1.20 to $2.20
steepfell leaves the table
CashfishT: raises $4.80 to $7
B1GBankroll: folds 
BeauParleur: folds 
pr0tecto: folds 
Uncalled bet ($4.80) returned to CashfishT
CashfishT collected $5.90 from pot
CashfishT: doesn't show hand 
*** SUMMARY ***
Total pot $5.90 | Rake $0 
Seat 6: steepfell
Seat 1: BeauParleur (big blind) folded before Flop
Seat 2: pr0tecto folded before Flop
Seat 3: CashfishT (button) collected ($5.90)
Seat 5: B1GBankroll (small blind) folded before Flop



PokerStars Hand #254393918793:  Hold'em No Limit ($0.50/$1.00 USD) - 2025/01/15 3:46:48 WET [2025/01/15 22:46:48 ET]
Table 'Fraternitas III' 6-max Seat #1 is the button
Seat 2: pr0tecto ($114.48 in chips) is sitting out
Seat 3: CashfishT ($103.70 in chips) is sitting out
Seat 1: BeauParleur ($148.95 in chips) 
Seat 5: B1GBankroll ($105.67 in chips) 
BeauParleur: posts small blind $0.50
pr0tecto: is sitting out 
CashfishT: is sitting out 
B1GBankroll: posts big blind $1
*** HOLE CARDS ***
BeauParleur: raises $1 to $2
B1GBankroll: folds 
Uncalled bet ($1) returned to BeauParleur
BeauParleur collected $2 from pot
pr0tecto leaves the table
BeauParleur: doesn't show hand 
*** SUMMARY ***
Total pot $2 | Rake $0 
Seat 2: pr0tecto
Seat 3: CashfishT
Seat 1: BeauParleur (button) (small blind) collected ($2)
Seat 5: B1GBankroll (big blind) folded before Flop



