PokerStars Hand #254382378980:  Hold'em No Limit ($0.50/$1.00 USD) - 2025/01/15 14:41:11 WET [2025/01/15 9:41:11 ET]
Table 'Kobolda II' 6-max Seat #2 is the button
Seat 5: NikoPale ($100 in chips) is sitting out
Seat 6: xcinaz ($100 in chips) is sitting out
Seat 1: max7812915 ($96 in chips) 
Seat 2: Supermegopro ($100 in chips) 
Seat 3: whlzor ($105.03 in chips) 
Seat 4: MauriFierro27 ($100 in chips) 
whlzor: posts small blind $0.50
MauriFierro27: posts big blind $1
NikoPale: sits out 
xcinaz: sits out 
*** HOLE CARDS ***
max7812915: calls $1
Supermegopro: raises $3 to $4
whlzor: folds 
MauriFierro27 has timed out
MauriFierro27: folds 
max7812915: calls $3
*** FLOP *** [Jh 6s 9d]
max7812915: checks 
Supermegopro: bets $3.61
max7812915: calls $3.61
*** TURN *** [Jh 6s 9d] [8d]
max7812915: checks 
Supermegopro: checks 
*** RIVER *** [Jh 6s 9d 8d] [3s]
max7812915: checks 
Supermegopro: checks 
*** SHOW DOWN ***
max7812915: shows [Kd Td] (high card King)
Supermegopro: shows [Th Kc] (high card King)
max7812915 collected $7.94 from pot
Supermegopro collected $7.94 from pot
*** SUMMARY ***
Total pot $16.72 | Rake $0.84 
Board [Jh 6s 9d 8d 3s]
Seat 5: NikoPale
Seat 6: xcinaz
Seat 1: max7812915 showed [Kd Td] and won ($7.94) with high card King
Seat 2: Supermegopro (button) showed [Th Kc] and won ($7.94) with high card King
Seat 3: whlzor (small blind) folded before Flop
Seat 4: MauriFierro27 (big blind) folded before Flop



PokerStars Hand #254382393269:  Hold'em No Limit ($0.50/$1.00 USD) - 2025/01/15 14:42:23 WET [2025/01/15 9:42:23 ET]
Table 'Kobolda II' 6-max Seat #3 is the button
Seat 6: xcinaz ($100 in chips) is sitting out
Seat 1: max7812915 ($96.33 in chips) 
Seat 2: Supermegopro ($100.33 in chips) 
Seat 3: whlzor ($104.53 in chips) 
Seat 4: MauriFierro27 ($100 in chips) 
Seat 5: NikoPale ($100 in chips) 
MauriFierro27: posts small blind $0.50
NikoPale: posts big blind $1
xcinaz: sits out 
*** HOLE CARDS ***
max7812915: folds 
Supermegopro: folds 
whlzor: raises $2 to $3
MauriFierro27: folds 
NikoPale: folds 
Uncalled bet ($2) returned to whlzor
whlzor collected $2.50 from pot
whlzor: doesn't show hand 
*** SUMMARY ***
Total pot $2.50 | Rake $0 
Seat 6: xcinaz
Seat 1: max7812915 folded before Flop (didn't bet)
Seat 2: Supermegopro folded before Flop (didn't bet)
Seat 3: whlzor (button) collected ($2.50)
Seat 4: MauriFierro27 (small blind) folded before Flop
Seat 5: NikoPale (big blind) folded before Flop



PokerStars Hand #254382396732:  Hold'em No Limit ($0.50/$1.00 USD) - 2025/01/15 14:42:40 WET [2025/01/15 9:42:40 ET]
Table 'Kobolda II' 6-max Seat #4 is the button
Seat 1: max7812915 ($96.33 in chips) 
Seat 2: Supermegopro ($100.33 in chips) 
Seat 3: whlzor ($106.03 in chips) 
Seat 4: MauriFierro27 ($100 in chips) 
Seat 5: NikoPale ($100 in chips) 
Seat 6: xcinaz ($100 in chips) 
NikoPale: posts small blind $0.50
xcinaz: posts big blind $1
*** HOLE CARDS ***
max7812915: calls $1
Supermegopro: folds 
whlzor: folds 
MauriFierro27 has timed out
MauriFierro27: folds 
NikoPale: calls $0.50
xcinaz: checks 
*** FLOP *** [6d 7s Ks]
NikoPale: checks 
xcinaz: checks 
max7812915: checks 
*** TURN *** [6d 7s Ks] [8d]
NikoPale: checks 
xcinaz: bets $3.85
max7812915: calls $3.85
NikoPale: folds 
*** RIVER *** [6d 7s Ks 8d] [8c]
xcinaz: bets $7.62
max7812915: calls $7.62
*** SHOW DOWN ***
xcinaz: shows [2s 5s] (a pair of Eights)
max7812915: shows [Ac 8h] (three of a kind, Eights)
max7812915 collected $24.64 from pot
*** SUMMARY ***
Total pot $25.94 | Rake $1.30 
Board [6d 7s Ks 8d 8c]
Seat 1: max7812915 showed [Ac 8h] and won ($24.64) with three of a kind, Eights
Seat 2: Supermegopro folded before Flop (didn't bet)
Seat 3: whlzor folded before Flop (didn't bet)
Seat 4: MauriFierro27 (button) folded before Flop (didn't bet)
Seat 5: NikoPale (small blind) folded on the Turn
Seat 6: xcinaz (big blind) showed [2s 5s] and lost with a pair of Eights



PokerStars Hand #254382411310:  Hold'em No Limit ($0.50/$1.00 USD) - 2025/01/15 14:43:53 WET [2025/01/15 9:43:53 ET]
Table 'Kobolda II' 6-max Seat #5 is the button
Seat 1: max7812915 ($108.50 in chips) 
Seat 2: Supermegopro ($100.33 in chips) 
Seat 3: whlzor ($106.03 in chips) 
Seat 4: MauriFierro27 ($100 in chips) 
Seat 5: NikoPale ($100 in chips) 
Seat 6: xcinaz ($100 in chips) 
xcinaz: posts small blind $0.50
max7812915: posts big blind $1
*** HOLE CARDS ***
Supermegopro: folds 
whlzor: folds 
Supermegopro leaves the table
ponchua joins the table at seat #2 
MauriFierro27 has timed out
MauriFierro27: folds 
NikoPale: folds 
xcinaz: folds 
Uncalled bet ($0.50) returned to max7812915
max7812915 collected $1 from pot
*** SUMMARY ***
Total pot $1 | Rake $0 
Seat 1: max7812915 (big blind) collected ($1)
Seat 2: Supermegopro folded before Flop (didn't bet)
Seat 3: whlzor folded before Flop (didn't bet)
Seat 4: MauriFierro27 folded before Flop (didn't bet)
Seat 5: NikoPale (button) folded before Flop (didn't bet)
Seat 6: xcinaz (small blind) folded before Flop



PokerStars Hand #254382414868:  Hold'em No Limit ($0.50/$1.00 USD) - 2025/01/15 14:44:11 WET [2025/01/15 9:44:11 ET]
Table 'Kobolda II' 6-max Seat #6 is the button
Seat 4: MauriFierro27 ($100 in chips) is sitting out
Seat 1: max7812915 ($109 in chips) 
Seat 2: ponchua ($100 in chips) 
Seat 3: whlzor ($106.03 in chips) 
Seat 5: NikoPale ($100 in chips) 
Seat 6: xcinaz ($100 in chips) 
max7812915: posts small blind $0.50
ponchua: posts big blind $1
*** HOLE CARDS ***
whlzor: folds 
NikoPale: folds 
xcinaz: folds 
max7812915: calls $0.50
ponchua: checks 
*** FLOP *** [Ts 5h Jh]
max7812915: checks 
ponchua: bets $1.27
max7812915: folds 
Uncalled bet ($1.27) returned to ponchua
ponchua collected $1.90 from pot
ponchua: doesn't show hand 
*** SUMMARY ***
Total pot $2 | Rake $0.10 
Board [Ts 5h Jh]
Seat 4: MauriFierro27
Seat 1: max7812915 (small blind) folded on the Flop
Seat 2: ponchua (big blind) collected ($1.90)
Seat 3: whlzor folded before Flop (didn't bet)
Seat 5: NikoPale folded before Flop (didn't bet)
Seat 6: xcinaz (button) folded before Flop (didn't bet)



PokerStars Hand #254382423739:  Hold'em No Limit ($0.50/$1.00 USD) - 2025/01/15 14:44:55 WET [2025/01/15 9:44:55 ET]
Table 'Kobolda II' 6-max Seat #1 is the button
Seat 1: max7812915 ($108 in chips) 
Seat 2: ponchua ($100.90 in chips) 
Seat 3: whlzor ($106.03 in chips) 
Seat 4: MauriFierro27 ($100 in chips) 
Seat 5: NikoPale ($100 in chips) 
Seat 6: xcinaz ($100 in chips) 
ponchua: posts small blind $0.50
whlzor: posts big blind $1
*** HOLE CARDS ***
MauriFierro27: folds 
NikoPale: folds 
xcinaz: folds 
max7812915: calls $1
ponchua: folds 
whlzor: checks 
*** FLOP *** [6h 9d 2c]
whlzor: checks 
max7812915: checks 
*** TURN *** [6h 9d 2c] [4h]
whlzor: checks 
max7812915: checks 
*** RIVER *** [6h 9d 2c 4h] [Ad]
whlzor: checks 
max7812915: checks 
*** SHOW DOWN ***
whlzor: shows [4d Ts] (a pair of Fours)
max7812915: mucks hand 
whlzor collected $2.38 from pot
*** SUMMARY ***
Total pot $2.50 | Rake $0.12 
Board [6h 9d 2c 4h Ad]
Seat 1: max7812915 (button) mucked
Seat 2: ponchua (small blind) folded before Flop
Seat 3: whlzor (big blind) showed [4d Ts] and won ($2.38) with a pair of Fours
Seat 4: MauriFierro27 folded before Flop (didn't bet)
Seat 5: NikoPale folded before Flop (didn't bet)
Seat 6: xcinaz folded before Flop (didn't bet)



PokerStars Hand #254382431478:  Hold'em No Limit ($0.50/$1.00 USD) - 2025/01/15 14:45:34 WET [2025/01/15 9:45:34 ET]
Table 'Kobolda II' 6-max Seat #2 is the button
Seat 1: max7812915 ($107 in chips) 
Seat 2: ponchua ($100.40 in chips) 
Seat 3: whlzor ($107.41 in chips) 
Seat 4: MauriFierro27 ($100 in chips) 
Seat 5: NikoPale ($100 in chips) 
Seat 6: xcinaz ($100 in chips) 
whlzor: posts small blind $0.50
MauriFierro27: posts big blind $1
*** HOLE CARDS ***
NikoPale: folds 
xcinaz: folds 
max7812915: folds 
ponchua: raises $1.50 to $2.50
whlzor: folds 
MauriFierro27: folds 
Uncalled bet ($1.50) returned to ponchua
ponchua collected $2.50 from pot
ponchua: doesn't show hand 
*** SUMMARY ***
Total pot $2.50 | Rake $0 
Seat 1: max7812915 folded before Flop (didn't bet)
Seat 2: ponchua (button) collected ($2.50)
Seat 3: whlzor (small blind) folded before Flop
Seat 4: MauriFierro27 (big blind) folded before Flop
Seat 5: NikoPale folded before Flop (didn't bet)
Seat 6: xcinaz folded before Flop (didn't bet)



PokerStars Hand #254382435166:  Hold'em No Limit ($0.50/$1.00 USD) - 2025/01/15 14:45:53 WET [2025/01/15 9:45:53 ET]
Table 'Kobolda II' 6-max Seat #3 is the button
Seat 1: max7812915 ($107 in chips) 
Seat 2: ponchua ($101.90 in chips) 
Seat 3: whlzor ($106.91 in chips) 
Seat 4: MauriFierro27 ($100 in chips) 
Seat 5: NikoPale ($100 in chips) 
Seat 6: xcinaz ($100 in chips) 
MauriFierro27: posts small blind $0.50
NikoPale: posts big blind $1
*** HOLE CARDS ***
xcinaz: folds 
max7812915: calls $1
ponchua: raises $1.50 to $2.50
whlzor: folds 
MauriFierro27: folds 
NikoPale: folds 
max7812915: calls $1.50
*** FLOP *** [Jc 2h 8h]
max7812915: checks 
ponchua: bets $4.14
max7812915: calls $4.14
*** TURN *** [Jc 2h 8h] [Tc]
max7812915: bets $14.04
ponchua: calls $14.04
*** RIVER *** [Jc 2h 8h Tc] [5s]
max7812915: bets $40.72
ponchua: folds 
Uncalled bet ($40.72) returned to max7812915
max7812915 collected $40.72 from pot
*** SUMMARY ***
Total pot $42.86 | Rake $2.14 
Board [Jc 2h 8h Tc 5s]
Seat 1: max7812915 collected ($40.72)
Seat 2: ponchua folded on the River
Seat 3: whlzor (button) folded before Flop (didn't bet)
Seat 4: MauriFierro27 (small blind) folded before Flop
Seat 5: NikoPale (big blind) folded before Flop
Seat 6: xcinaz folded before Flop (didn't bet)



PokerStars Hand #254382450942:  Hold'em No Limit ($0.50/$1.00 USD) - 2025/01/15 14:47:12 WET [2025/01/15 9:47:12 ET]
Table 'Kobolda II' 6-max Seat #4 is the button
Seat 1: max7812915 ($127.04 in chips) 
Seat 2: ponchua ($100 in chips) 
Seat 3: whlzor ($106.91 in chips) 
Seat 4: MauriFierro27 ($100 in chips) 
Seat 5: NikoPale ($100 in chips) 
Seat 6: xcinaz ($100 in chips) 
NikoPale: posts small blind $0.50
xcinaz: posts big blind $1
*** HOLE CARDS ***
max7812915: calls $1
ponchua: folds 
whlzor: folds 
MauriFierro27: raises $3.50 to $4.50
NikoPale: folds 
xcinaz: folds 
max7812915: calls $3.50
*** FLOP *** [2s 8h 9s]
max7812915: checks 
MauriFierro27: bets $4.99
max7812915: calls $4.99
*** TURN *** [2s 8h 9s] [Qh]
max7812915: bets $19.46
MauriFierro27: folds 
Uncalled bet ($19.46) returned to max7812915
max7812915 collected $19.46 from pot
*** SUMMARY ***
Total pot $20.48 | Rake $1.02 
Board [2s 8h 9s Qh]
Seat 1: max7812915 collected ($19.46)
Seat 2: ponchua folded before Flop (didn't bet)
Seat 3: whlzor folded before Flop (didn't bet)
Seat 4: MauriFierro27 (button) folded on the Turn
Seat 5: NikoPale (small blind) folded before Flop
Seat 6: xcinaz (big blind) folded before Flop



PokerStars Hand #254382459496:  Hold'em No Limit ($0.50/$1.00 USD) - 2025/01/15 14:47:54 WET [2025/01/15 9:47:54 ET]
Table 'Kobolda II' 6-max Seat #5 is the button
Seat 1: max7812915 ($137.01 in chips) 
Seat 2: ponchua ($100 in chips) 
Seat 3: whlzor ($106.91 in chips) 
Seat 4: MauriFierro27 ($100 in chips) 
Seat 5: NikoPale ($100 in chips) 
Seat 6: xcinaz ($100 in chips) 
xcinaz: posts small blind $0.50
max7812915: posts big blind $1
*** HOLE CARDS ***
ponchua: folds 
whlzor: raises $1.50 to $2.50
MauriFierro27: folds 
NikoPale: folds 
xcinaz: folds 
max7812915: calls $1.50
*** FLOP *** [2c 3s 5d]
max7812915: checks 
whlzor: bets $1.72
max7812915: folds 
Uncalled bet ($1.72) returned to whlzor
whlzor collected $5.22 from pot
whlzor: doesn't show hand 
*** SUMMARY ***
Total pot $5.50 | Rake $0.28 
Board [2c 3s 5d]
Seat 1: max7812915 (big blind) folded on the Flop
Seat 2: ponchua folded before Flop (didn't bet)
Seat 3: whlzor collected ($5.22)
Seat 4: MauriFierro27 folded before Flop (didn't bet)
Seat 5: NikoPale (button) folded before Flop (didn't bet)
Seat 6: xcinaz (small blind) folded before Flop



PokerStars Hand #254382465874:  Hold'em No Limit ($0.50/$1.00 USD) - 2025/01/15 14:48:25 WET [2025/01/15 9:48:25 ET]
Table 'Kobolda II' 6-max Seat #6 is the button
Seat 1: max7812915 ($134.51 in chips) 
Seat 2: ponchua ($100 in chips) 
Seat 3: whlzor ($109.63 in chips) 
Seat 4: MauriFierro27 ($100 in chips) 
Seat 5: NikoPale ($100 in chips) 
Seat 6: xcinaz ($100 in chips) 
max7812915: posts small blind $0.50
ponchua: posts big blind $1
*** HOLE CARDS ***
whlzor: folds 
MauriFierro27: folds 
NikoPale: folds 
xcinaz: folds 
max7812915: calls $0.50
ponchua: checks 
*** FLOP *** [3h 2h Ad]
max7812915: checks 
ponchua: bets $1
max7812915: calls $1
*** TURN *** [3h 2h Ad] [Jh]
max7812915: bets $1.90
ponchua: folds 
Uncalled bet ($1.90) returned to max7812915
max7812915 collected $3.80 from pot
*** SUMMARY ***
Total pot $4 | Rake $0.20 
Board [3h 2h Ad Jh]
Seat 1: max7812915 (small blind) collected ($3.80)
Seat 2: ponchua (big blind) folded on the Turn
Seat 3: whlzor folded before Flop (didn't bet)
Seat 4: MauriFierro27 folded before Flop (didn't bet)
Seat 5: NikoPale folded before Flop (didn't bet)
Seat 6: xcinaz (button) folded before Flop (didn't bet)



PokerStars Hand #254382474539:  Hold'em No Limit ($0.50/$1.00 USD) - 2025/01/15 14:49:09 WET [2025/01/15 9:49:09 ET]
Table 'Kobolda II' 6-max Seat #1 is the button
Seat 1: max7812915 ($136.31 in chips) 
Seat 2: ponchua ($100 in chips) 
Seat 3: whlzor ($109.63 in chips) 
Seat 4: MauriFierro27 ($100 in chips) 
Seat 5: NikoPale ($100 in chips) 
Seat 6: xcinaz ($100 in chips) 
ponchua: posts small blind $0.50
whlzor: posts big blind $1
*** HOLE CARDS ***
MauriFierro27: folds 
NikoPale: folds 
xcinaz: raises $1.20 to $2.20
max7812915: folds 
ponchua: raises $8.80 to $11
whlzor: folds 
xcinaz: folds 
Uncalled bet ($8.80) returned to ponchua
ponchua collected $5.40 from pot
ponchua: doesn't show hand 
*** SUMMARY ***
Total pot $5.40 | Rake $0 
Seat 1: max7812915 (button) folded before Flop (didn't bet)
Seat 2: ponchua (small blind) collected ($5.40)
Seat 3: whlzor (big blind) folded before Flop
Seat 4: MauriFierro27 folded before Flop (didn't bet)
Seat 5: NikoPale folded before Flop (didn't bet)
Seat 6: xcinaz folded before Flop



PokerStars Hand #254382483225:  Hold'em No Limit ($0.50/$1.00 USD) - 2025/01/15 14:49:52 WET [2025/01/15 9:49:52 ET]
Table 'Kobolda II' 6-max Seat #2 is the button
Seat 1: max7812915 ($136.31 in chips) 
Seat 2: ponchua ($103.20 in chips) 
Seat 3: whlzor ($108.63 in chips) 
Seat 4: MauriFierro27 ($100 in chips) 
Seat 5: NikoPale ($100 in chips) 
Seat 6: xcinaz ($100 in chips) 
whlzor: posts small blind $0.50
MauriFierro27: posts big blind $1
*** HOLE CARDS ***
NikoPale: folds 
xcinaz: folds 
max7812915: calls $1
ponchua: folds 
whlzor: folds 
MauriFierro27: checks 
*** FLOP *** [7s Jc 4h]
MauriFierro27: checks 
max7812915: checks 
*** TURN *** [7s Jc 4h] [8c]
MauriFierro27: checks 
max7812915: checks 
*** RIVER *** [7s Jc 4h 8c] [Js]
MauriFierro27: checks 
max7812915: checks 
*** SHOW DOWN ***
MauriFierro27: shows [Ah 6h] (a pair of Jacks)
max7812915: shows [Ac 9d] (a pair of Jacks - Ace+Nine kicker)
max7812915 collected $2.38 from pot
*** SUMMARY ***
Total pot $2.50 | Rake $0.12 
Board [7s Jc 4h 8c Js]
Seat 1: max7812915 showed [Ac 9d] and won ($2.38) with a pair of Jacks
Seat 2: ponchua (button) folded before Flop (didn't bet)
Seat 3: whlzor (small blind) folded before Flop
Seat 4: MauriFierro27 (big blind) showed [Ah 6h] and lost with a pair of Jacks
Seat 5: NikoPale folded before Flop (didn't bet)
Seat 6: xcinaz folded before Flop (didn't bet)



PokerStars Hand #254382488825:  Hold'em No Limit ($0.50/$1.00 USD) - 2025/01/15 14:50:20 WET [2025/01/15 9:50:20 ET]
Table 'Kobolda II' 6-max Seat #3 is the button
Seat 1: max7812915 ($137.69 in chips) 
Seat 2: ponchua ($103.20 in chips) 
Seat 3: whlzor ($108.13 in chips) 
Seat 4: MauriFierro27 ($100 in chips) 
Seat 5: NikoPale ($100 in chips) 
Seat 6: xcinaz ($100 in chips) 
MauriFierro27: posts small blind $0.50
NikoPale: posts big blind $1
*** HOLE CARDS ***
xcinaz: folds 
max7812915: calls $1
ponchua: folds 
whlzor: folds 
MauriFierro27: folds 
NikoPale: checks 
*** FLOP *** [Jh Jd 2s]
NikoPale: checks 
max7812915: checks 
*** TURN *** [Jh Jd 2s] [Js]
NikoPale: checks 
max7812915: checks 
*** RIVER *** [Jh Jd 2s Js] [4d]
NikoPale: checks 
max7812915: checks 
*** SHOW DOWN ***
NikoPale: shows [3d Kh] (three of a kind, Jacks)
max7812915: mucks hand 
NikoPale collected $2.38 from pot
*** SUMMARY ***
Total pot $2.50 | Rake $0.12 
Board [Jh Jd 2s Js 4d]
Seat 1: max7812915 mucked
Seat 2: ponchua folded before Flop (didn't bet)
Seat 3: whlzor (button) folded before Flop (didn't bet)
Seat 4: MauriFierro27 (small blind) folded before Flop
Seat 5: NikoPale (big blind) showed [3d Kh] and won ($2.38) with three of a kind, Jacks
Seat 6: xcinaz folded before Flop (didn't bet)



PokerStars Hand #254382495197:  Hold'em No Limit ($0.50/$1.00 USD) - 2025/01/15 14:50:51 WET [2025/01/15 9:50:51 ET]
Table 'Kobolda II' 6-max Seat #4 is the button
Seat 1: max7812915 ($136.69 in chips) 
Seat 2: ponchua ($103.20 in chips) 
Seat 3: whlzor ($108.13 in chips) 
Seat 4: MauriFierro27 ($100 in chips) 
Seat 5: NikoPale ($101.38 in chips) 
Seat 6: xcinaz ($100 in chips) 
NikoPale: posts small blind $0.50
xcinaz: posts big blind $1
*** HOLE CARDS ***
max7812915: folds 
ponchua: folds 
whlzor: folds 
MauriFierro27: raises $1.20 to $2.20
NikoPale: folds 
xcinaz: folds 
Uncalled bet ($1.20) returned to MauriFierro27
MauriFierro27 collected $2.50 from pot
MauriFierro27: doesn't show hand 
*** SUMMARY ***
Total pot $2.50 | Rake $0 
Seat 1: max7812915 folded before Flop (didn't bet)
Seat 2: ponchua folded before Flop (didn't bet)
Seat 3: whlzor folded before Flop (didn't bet)
Seat 4: MauriFierro27 (button) collected ($2.50)
Seat 5: NikoPale (small blind) folded before Flop
Seat 6: xcinaz (big blind) folded before Flop



PokerStars Hand #254382498492:  Hold'em No Limit ($0.50/$1.00 USD) - 2025/01/15 14:51:07 WET [2025/01/15 9:51:07 ET]
Table 'Kobolda II' 6-max Seat #5 is the button
Seat 1: max7812915 ($136.69 in chips) 
Seat 2: ponchua ($103.20 in chips) 
Seat 3: whlzor ($108.13 in chips) 
Seat 4: MauriFierro27 ($101.50 in chips) 
Seat 5: NikoPale ($100.88 in chips) 
Seat 6: xcinaz ($100 in chips) 
xcinaz: posts small blind $0.50
max7812915: posts big blind $1
*** HOLE CARDS ***
ponchua: folds 
whlzor: raises $1.50 to $2.50
MauriFierro27: folds 
NikoPale: folds 
xcinaz: folds 
max7812915: calls $1.50
*** FLOP *** [3s 6c 2d]
max7812915: checks 
whlzor: bets $1.72
max7812915: folds 
Uncalled bet ($1.72) returned to whlzor
whlzor collected $5.22 from pot
whlzor: doesn't show hand 
*** SUMMARY ***
Total pot $5.50 | Rake $0.28 
Board [3s 6c 2d]
Seat 1: max7812915 (big blind) folded on the Flop
Seat 2: ponchua folded before Flop (didn't bet)
Seat 3: whlzor collected ($5.22)
Seat 4: MauriFierro27 folded before Flop (didn't bet)
Seat 5: NikoPale (button) folded before Flop (didn't bet)
Seat 6: xcinaz (small blind) folded before Flop



PokerStars Hand #254382503694:  Hold'em No Limit ($0.50/$1.00 USD) - 2025/01/15 14:51:33 WET [2025/01/15 9:51:33 ET]
Table 'Kobolda II' 6-max Seat #6 is the button
Seat 1: max7812915 ($134.19 in chips) 
Seat 2: ponchua ($103.20 in chips) 
Seat 3: whlzor ($110.85 in chips) 
Seat 4: MauriFierro27 ($101.50 in chips) 
Seat 5: NikoPale ($100.88 in chips) 
Seat 6: xcinaz ($100 in chips) 
max7812915: posts small blind $0.50
ponchua: posts big blind $1
*** HOLE CARDS ***
whlzor: folds 
MauriFierro27: folds 
NikoPale: folds 
xcinaz: folds 
max7812915: calls $0.50
ponchua: raises $3 to $4
max7812915: folds 
Uncalled bet ($3) returned to ponchua
ponchua collected $2 from pot
ponchua: doesn't show hand 
*** SUMMARY ***
Total pot $2 | Rake $0 
Seat 1: max7812915 (small blind) folded before Flop
Seat 2: ponchua (big blind) collected ($2)
Seat 3: whlzor folded before Flop (didn't bet)
Seat 4: MauriFierro27 folded before Flop (didn't bet)
Seat 5: NikoPale folded before Flop (didn't bet)
Seat 6: xcinaz (button) folded before Flop (didn't bet)



PokerStars Hand #254382508636:  Hold'em No Limit ($0.50/$1.00 USD) - 2025/01/15 14:51:58 WET [2025/01/15 9:51:58 ET]
Table 'Kobolda II' 6-max Seat #1 is the button
Seat 1: max7812915 ($133.19 in chips) 
Seat 2: ponchua ($104.20 in chips) 
Seat 3: whlzor ($110.85 in chips) 
Seat 4: MauriFierro27 ($101.50 in chips) 
Seat 5: NikoPale ($100.88 in chips) 
Seat 6: xcinaz ($100 in chips) 
ponchua: posts small blind $0.50
whlzor: posts big blind $1
*** HOLE CARDS ***
MauriFierro27: folds 
NikoPale: raises $1.50 to $2.50
xcinaz: folds 
max7812915: calls $2.50
ponchua: folds 
whlzor: folds 
*** FLOP *** [9s Ac Tc]
NikoPale: checks 
max7812915: checks 
*** TURN *** [9s Ac Tc] [Ah]
NikoPale: bets $2.04
max7812915: folds 
Uncalled bet ($2.04) returned to NikoPale
NikoPale collected $6.18 from pot
NikoPale: doesn't show hand 
*** SUMMARY ***
Total pot $6.50 | Rake $0.32 
Board [9s Ac Tc Ah]
Seat 1: max7812915 (button) folded on the Turn
Seat 2: ponchua (small blind) folded before Flop
Seat 3: whlzor (big blind) folded before Flop
Seat 4: MauriFierro27 folded before Flop (didn't bet)
Seat 5: NikoPale collected ($6.18)
Seat 6: xcinaz folded before Flop (didn't bet)



PokerStars Hand #254382515122:  Hold'em No Limit ($0.50/$1.00 USD) - 2025/01/15 14:52:29 WET [2025/01/15 9:52:29 ET]
Table 'Kobolda II' 6-max Seat #2 is the button
Seat 1: max7812915 ($130.69 in chips) 
Seat 2: ponchua ($103.70 in chips) 
Seat 3: whlzor ($109.85 in chips) 
Seat 4: MauriFierro27 ($101.50 in chips) 
Seat 5: NikoPale ($104.56 in chips) 
Seat 6: xcinaz ($100 in chips) 
whlzor: posts small blind $0.50
MauriFierro27: posts big blind $1
*** HOLE CARDS ***
NikoPale: raises $1.50 to $2.50
xcinaz: folds 
max7812915: calls $2.50
ponchua: folds 
whlzor: folds 
MauriFierro27: calls $1.50
*** FLOP *** [Jh 4c 6d]
MauriFierro27: checks 
NikoPale: checks 
max7812915: checks 
*** TURN *** [Jh 4c 6d] [5s]
MauriFierro27: checks 
NikoPale: checks 
max7812915: checks 
*** RIVER *** [Jh 4c 6d 5s] [3s]
MauriFierro27: checks 
NikoPale: checks 
max7812915: bets $7.60
MauriFierro27: folds 
NikoPale: folds 
Uncalled bet ($7.60) returned to max7812915
max7812915 collected $7.60 from pot
max7812915: doesn't show hand 
*** SUMMARY ***
Total pot $8 | Rake $0.40 
Board [Jh 4c 6d 5s 3s]
Seat 1: max7812915 collected ($7.60)
Seat 2: ponchua (button) folded before Flop (didn't bet)
Seat 3: whlzor (small blind) folded before Flop
Seat 4: MauriFierro27 (big blind) folded on the River
Seat 5: NikoPale folded on the River
Seat 6: xcinaz folded before Flop (didn't bet)



PokerStars Hand #254382526998:  Hold'em No Limit ($0.50/$1.00 USD) - 2025/01/15 14:53:27 WET [2025/01/15 9:53:27 ET]
Table 'Kobolda II' 6-max Seat #3 is the button
Seat 1: max7812915 ($135.79 in chips) 
Seat 2: ponchua ($103.70 in chips) 
Seat 3: whlzor ($109.35 in chips) 
Seat 4: MauriFierro27 ($100 in chips) 
Seat 5: NikoPale ($102.06 in chips) 
Seat 6: xcinaz ($100 in chips) 
MauriFierro27: posts small blind $0.50
NikoPale: posts big blind $1
*** HOLE CARDS ***
xcinaz: folds 
max7812915: calls $1
ponchua: raises $1.50 to $2.50
whlzor: folds 
MauriFierro27: folds 
NikoPale: folds 
max7812915: calls $1.50
*** FLOP *** [Ts 2h Qd]
max7812915: checks 
ponchua: bets $4.14
max7812915: calls $4.14
*** TURN *** [Ts 2h Qd] [7s]
max7812915: checks 
ponchua: bets $10.25
max7812915: folds 
Uncalled bet ($10.25) returned to ponchua
ponchua collected $14.04 from pot
ponchua: doesn't show hand 
*** SUMMARY ***
Total pot $14.78 | Rake $0.74 
Board [Ts 2h Qd 7s]
Seat 1: max7812915 folded on the Turn
Seat 2: ponchua collected ($14.04)
Seat 3: whlzor (button) folded before Flop (didn't bet)
Seat 4: MauriFierro27 (small blind) folded before Flop
Seat 5: NikoPale (big blind) folded before Flop
Seat 6: xcinaz folded before Flop (didn't bet)



PokerStars Hand #254382535974:  Hold'em No Limit ($0.50/$1.00 USD) - 2025/01/15 14:54:11 WET [2025/01/15 9:54:11 ET]
Table 'Kobolda II' 6-max Seat #4 is the button
Seat 1: max7812915 ($129.15 in chips) 
Seat 2: ponchua ($111.10 in chips) 
Seat 3: whlzor ($109.35 in chips) 
Seat 4: MauriFierro27 ($100 in chips) 
Seat 5: NikoPale ($101.06 in chips) 
Seat 6: xcinaz ($100 in chips) 
NikoPale: posts small blind $0.50
xcinaz: posts big blind $1
*** HOLE CARDS ***
max7812915: calls $1
ponchua: folds 
whlzor: folds 
MauriFierro27: raises $3.50 to $4.50
NikoPale: folds 
xcinaz: folds 
max7812915: folds 
Uncalled bet ($3.50) returned to MauriFierro27
MauriFierro27 collected $3.50 from pot
MauriFierro27: doesn't show hand 
*** SUMMARY ***
Total pot $3.50 | Rake $0 
Seat 1: max7812915 folded before Flop
Seat 2: ponchua folded before Flop (didn't bet)
Seat 3: whlzor folded before Flop (didn't bet)
Seat 4: MauriFierro27 (button) collected ($3.50)
Seat 5: NikoPale (small blind) folded before Flop
Seat 6: xcinaz (big blind) folded before Flop



PokerStars Hand #254382539999:  Hold'em No Limit ($0.50/$1.00 USD) - 2025/01/15 14:54:31 WET [2025/01/15 9:54:31 ET]
Table 'Kobolda II' 6-max Seat #5 is the button
Seat 1: max7812915 ($128.15 in chips) 
Seat 2: ponchua ($111.10 in chips) 
Seat 3: whlzor ($109.35 in chips) 
Seat 4: MauriFierro27 ($102.50 in chips) 
Seat 5: NikoPale ($100.56 in chips) 
Seat 6: xcinaz ($100 in chips) 
xcinaz: posts small blind $0.50
max7812915: posts big blind $1
*** HOLE CARDS ***
ponchua: folds 
whlzor: folds 
MauriFierro27: folds 
NikoPale: raises $2 to $3
xcinaz: calls $2.50
max7812915: calls $2
*** FLOP *** [Qc 8d 4h]
xcinaz: checks 
max7812915: checks 
NikoPale: bets $4.28
xcinaz: folds 
max7812915: folds 
Uncalled bet ($4.28) returned to NikoPale
NikoPale collected $8.55 from pot
NikoPale: doesn't show hand 
*** SUMMARY ***
Total pot $9 | Rake $0.45 
Board [Qc 8d 4h]
Seat 1: max7812915 (big blind) folded on the Flop
Seat 2: ponchua folded before Flop (didn't bet)
Seat 3: whlzor folded before Flop (didn't bet)
Seat 4: MauriFierro27 folded before Flop (didn't bet)
Seat 5: NikoPale (button) collected ($8.55)
Seat 6: xcinaz (small blind) folded on the Flop



PokerStars Hand #254382547548:  Hold'em No Limit ($0.50/$1.00 USD) - 2025/01/15 14:55:07 WET [2025/01/15 9:55:07 ET]
Table 'Kobolda II' 6-max Seat #6 is the button
Seat 1: max7812915 ($125.15 in chips) 
Seat 2: ponchua ($111.10 in chips) 
Seat 3: whlzor ($109.35 in chips) 
Seat 4: MauriFierro27 ($102.50 in chips) 
Seat 5: NikoPale ($106.11 in chips) 
Seat 6: xcinaz ($100 in chips) 
max7812915: posts small blind $0.50
ponchua: posts big blind $1
*** HOLE CARDS ***
whlzor: folds 
MauriFierro27: folds 
NikoPale: raises $2 to $3
xcinaz: folds 
max7812915: folds 
ponchua: folds 
Uncalled bet ($2) returned to NikoPale
NikoPale collected $2.50 from pot
NikoPale: doesn't show hand 
*** SUMMARY ***
Total pot $2.50 | Rake $0 
Seat 1: max7812915 (small blind) folded before Flop
Seat 2: ponchua (big blind) folded before Flop
Seat 3: whlzor folded before Flop (didn't bet)
Seat 4: MauriFierro27 folded before Flop (didn't bet)
Seat 5: NikoPale collected ($2.50)
Seat 6: xcinaz (button) folded before Flop (didn't bet)



PokerStars Hand #254382552071:  Hold'em No Limit ($0.50/$1.00 USD) - 2025/01/15 14:55:34 WET [2025/01/15 9:55:34 ET]
Table 'Kobolda II' 6-max Seat #1 is the button
Seat 1: max7812915 ($124.65 in chips) 
Seat 2: ponchua ($110.10 in chips) 
Seat 3: whlzor ($109.35 in chips) 
Seat 4: MauriFierro27 ($102.50 in chips) 
Seat 5: NikoPale ($107.61 in chips) 
Seat 6: xcinaz ($100 in chips) 
ponchua: posts small blind $0.50
whlzor: posts big blind $1
*** HOLE CARDS ***
MauriFierro27: raises $1.20 to $2.20
NikoPale: folds 
xcinaz: folds 
max7812915: folds 
max7812915 leaves the table
ponchua: folds 
whlzor: folds 
Uncalled bet ($1.20) returned to MauriFierro27
MauriFierro27 collected $2.50 from pot
MauriFierro27: doesn't show hand 
*** SUMMARY ***
Total pot $2.50 | Rake $0 
Seat 1: max7812915 (button) folded before Flop (didn't bet)
Seat 2: ponchua (small blind) folded before Flop
Seat 3: whlzor (big blind) folded before Flop
Seat 4: MauriFierro27 collected ($2.50)
Seat 5: NikoPale folded before Flop (didn't bet)
Seat 6: xcinaz folded before Flop (didn't bet)



PokerStars Hand #254382554249:  Hold'em No Limit ($0.50/$1.00 USD) - 2025/01/15 14:55:47 WET [2025/01/15 9:55:47 ET]
Table 'Kobolda II' 6-max Seat #2 is the button
Seat 4: MauriFierro27 ($104 in chips) is sitting out
Seat 2: ponchua ($109.60 in chips) 
Seat 3: whlzor ($108.35 in chips) 
Seat 5: NikoPale ($107.61 in chips) 
Seat 6: xcinaz ($100 in chips) 
whlzor: posts small blind $0.50
NikoPale: posts big blind $1
*** HOLE CARDS ***
xcinaz: folds 
MauriFierro27 leaves the table
ponchua: raises $1.50 to $2.50
whlzor: folds 
NikoPale: folds 
Uncalled bet ($1.50) returned to ponchua
ponchua collected $2.50 from pot
ponchua: doesn't show hand 
*** SUMMARY ***
Total pot $2.50 | Rake $0 
Seat 4: MauriFierro27
Seat 2: ponchua (button) collected ($2.50)
Seat 3: whlzor (small blind) folded before Flop
Seat 5: NikoPale (big blind) folded before Flop
Seat 6: xcinaz folded before Flop (didn't bet)



PokerStars Hand #254382556389:  Hold'em No Limit ($0.50/$1.00 USD) - 2025/01/15 14:56:00 WET [2025/01/15 9:56:00 ET]
Table 'Kobolda II' 6-max Seat #3 is the button
Seat 2: ponchua ($111.10 in chips) 
Seat 3: whlzor ($107.85 in chips) 
Seat 5: NikoPale ($106.61 in chips) 
Seat 6: xcinaz ($100 in chips) 
NikoPale: posts small blind $0.50
xcinaz: posts big blind $1
*** HOLE CARDS ***
ponchua: folds 
whlzor: folds 
NikoPale: folds 
Uncalled bet ($0.50) returned to xcinaz
xcinaz collected $1 from pot
xcinaz: doesn't show hand 
*** SUMMARY ***
Total pot $1 | Rake $0 
Seat 2: ponchua folded before Flop (didn't bet)
Seat 3: whlzor (button) folded before Flop (didn't bet)
Seat 5: NikoPale (small blind) folded before Flop
Seat 6: xcinaz (big blind) collected ($1)



