PokerStars Hand #254379116458:  Hold'em No Limit ($0.50/$1.00 USD) - 2025/01/15 9:03:08 WET [2025/01/15 4:03:08 ET]
Table 'Euryanthe III' 6-max Seat #1 is the button
Seat 1: ChuckNorrisQ ($100 in chips) 
Seat 2: NoonTime1991 ($100 in chips) 
Seat 3: KarP93 ($100 in chips) 
Seat 4: DEMONGOD9 ($97 in chips) 
Seat 5: Poker9803 ($117.33 in chips) 
Seat 6: SeEevg ($104.22 in chips) 
NoonTime1991: posts small blind $0.50
KarP93: posts big blind $1
*** HOLE CARDS ***
DEMONGOD9: folds 
Poker9803: folds 
SeEevg: raises $1.50 to $2.50
ChuckNorrisQ: raises $5 to $7.50
NoonTime1991: folds 
KarP93: folds 
SeEevg: raises $12.50 to $20
ChuckNorrisQ: calls $12.50
*** FLOP *** [7d 4c 3h]
Poker9803 leaves the table
SeEevg: bets $19.71
ChuckNorrisQ: folds 
Uncalled bet ($19.71) returned to SeEevg
SeEevg collected $39.42 from pot
SeEevg: doesn't show hand 
*** SUMMARY ***
Total pot $41.50 | Rake $2.08 
Board [7d 4c 3h]
Seat 1: ChuckNorrisQ (button) folded on the Flop
Seat 2: NoonTime1991 (small blind) folded before Flop
Seat 3: KarP93 (big blind) folded before Flop
Seat 4: DEMONGOD9 folded before Flop (didn't bet)
Seat 5: Poker9803 folded before Flop (didn't bet)
Seat 6: SeEevg collected ($39.42)



PokerStars Hand #254379122886:  Hold'em No Limit ($0.50/$1.00 USD) - 2025/01/15 9:04:20 WET [2025/01/15 4:04:20 ET]
Table 'Euryanthe III' 6-max Seat #2 is the button
Seat 1: ChuckNorrisQ ($100 in chips) 
Seat 2: NoonTime1991 ($100 in chips) 
Seat 3: KarP93 ($100 in chips) 
Seat 4: DEMONGOD9 ($97 in chips) 
Seat 6: SeEevg ($123.64 in chips) 
KarP93: posts small blind $0.50
DEMONGOD9: posts big blind $1
*** HOLE CARDS ***
SeEevg: folds 
ChuckNorrisQ: raises $1.30 to $2.30
NoonTime1991: folds 
KarP93: folds 
DEMONGOD9: folds 
Uncalled bet ($1.30) returned to ChuckNorrisQ
mironchikvld joins the table at seat #5 
ChuckNorrisQ collected $2.50 from pot
ChuckNorrisQ: doesn't show hand 
*** SUMMARY ***
Total pot $2.50 | Rake $0 
Seat 1: ChuckNorrisQ collected ($2.50)
Seat 2: NoonTime1991 (button) folded before Flop (didn't bet)
Seat 3: KarP93 (small blind) folded before Flop
Seat 4: DEMONGOD9 (big blind) folded before Flop
Seat 6: SeEevg folded before Flop (didn't bet)



PokerStars Hand #254379124593:  Hold'em No Limit ($0.50/$1.00 USD) - 2025/01/15 9:04:39 WET [2025/01/15 4:04:39 ET]
Table 'Euryanthe III' 6-max Seat #3 is the button
Seat 1: ChuckNorrisQ ($101.50 in chips) 
Seat 2: NoonTime1991 ($100 in chips) 
Seat 3: KarP93 ($100 in chips) 
Seat 4: DEMONGOD9 ($96 in chips) 
Seat 5: mironchikvld ($100 in chips) 
Seat 6: SeEevg ($123.64 in chips) 
DEMONGOD9: posts small blind $0.50
mironchikvld: posts big blind $1
*** HOLE CARDS ***
SeEevg: folds 
ChuckNorrisQ: folds 
NoonTime1991: folds 
KarP93: folds 
DEMONGOD9: raises $2 to $3
mironchikvld: folds 
Uncalled bet ($2) returned to DEMONGOD9
DEMONGOD9 collected $2 from pot
DEMONGOD9: doesn't show hand 
*** SUMMARY ***
Total pot $2 | Rake $0 
Seat 1: ChuckNorrisQ folded before Flop (didn't bet)
Seat 2: NoonTime1991 folded before Flop (didn't bet)
Seat 3: KarP93 (button) folded before Flop (didn't bet)
Seat 4: DEMONGOD9 (small blind) collected ($2)
Seat 5: mironchikvld (big blind) folded before Flop
Seat 6: SeEevg folded before Flop (didn't bet)



PokerStars Hand #254379126163:  Hold'em No Limit ($0.50/$1.00 USD) - 2025/01/15 9:04:58 WET [2025/01/15 4:04:58 ET]
Table 'Euryanthe III' 6-max Seat #4 is the button
Seat 1: ChuckNorrisQ ($101.50 in chips) 
Seat 2: NoonTime1991 ($100 in chips) 
Seat 3: KarP93 ($100 in chips) 
Seat 4: DEMONGOD9 ($97 in chips) 
Seat 5: mironchikvld ($100 in chips) 
Seat 6: SeEevg ($123.64 in chips) 
mironchikvld: posts small blind $0.50
SeEevg: posts big blind $1
*** HOLE CARDS ***
ChuckNorrisQ: raises $1 to $2
NoonTime1991: folds 
KarP93: folds 
DEMONGOD9: calls $2
mironchikvld: folds 
SeEevg: folds 
*** FLOP *** [7c 4s 3c]
ChuckNorrisQ: bets $3.92
DEMONGOD9: folds 
Uncalled bet ($3.92) returned to ChuckNorrisQ
ChuckNorrisQ collected $5.22 from pot
ChuckNorrisQ: doesn't show hand 
*** SUMMARY ***
Total pot $5.50 | Rake $0.28 
Board [7c 4s 3c]
Seat 1: ChuckNorrisQ collected ($5.22)
Seat 2: NoonTime1991 folded before Flop (didn't bet)
Seat 3: KarP93 folded before Flop (didn't bet)
Seat 4: DEMONGOD9 (button) folded on the Flop
Seat 5: mironchikvld (small blind) folded before Flop
Seat 6: SeEevg (big blind) folded before Flop



PokerStars Hand #254379128575:  Hold'em No Limit ($0.50/$1.00 USD) - 2025/01/15 9:05:25 WET [2025/01/15 4:05:25 ET]
Table 'Euryanthe III' 6-max Seat #5 is the button
Seat 1: ChuckNorrisQ ($104.72 in chips) 
Seat 2: NoonTime1991 ($100 in chips) 
Seat 3: KarP93 ($100 in chips) 
Seat 4: DEMONGOD9 ($95 in chips) 
Seat 5: mironchikvld ($100 in chips) 
Seat 6: SeEevg ($122.64 in chips) 
SeEevg: posts small blind $0.50
ChuckNorrisQ: posts big blind $1
*** HOLE CARDS ***
NoonTime1991: raises $1 to $2
KarP93: folds 
DEMONGOD9: calls $2
mironchikvld: folds 
SeEevg: folds 
ChuckNorrisQ: calls $1
*** FLOP *** [Th Jh Js]
ChuckNorrisQ: checks 
NoonTime1991: checks 
DEMONGOD9: checks 
*** TURN *** [Th Jh Js] [Kc]
ChuckNorrisQ: checks 
NoonTime1991: checks 
DEMONGOD9: checks 
*** RIVER *** [Th Jh Js Kc] [Ac]
ChuckNorrisQ: checks 
NoonTime1991: bets $5.64
DEMONGOD9: folds 
ChuckNorrisQ: folds 
Uncalled bet ($5.64) returned to NoonTime1991
NoonTime1991 collected $6.18 from pot
NoonTime1991: doesn't show hand 
*** SUMMARY ***
Total pot $6.50 | Rake $0.32 
Board [Th Jh Js Kc Ac]
Seat 1: ChuckNorrisQ (big blind) folded on the River
Seat 2: NoonTime1991 collected ($6.18)
Seat 3: KarP93 folded before Flop (didn't bet)
Seat 4: DEMONGOD9 folded on the River
Seat 5: mironchikvld (button) folded before Flop (didn't bet)
Seat 6: SeEevg (small blind) folded before Flop



PokerStars Hand #254379134214:  Hold'em No Limit ($0.50/$1.00 USD) - 2025/01/15 9:06:32 WET [2025/01/15 4:06:32 ET]
Table 'Euryanthe III' 6-max Seat #6 is the button
Seat 1: ChuckNorrisQ ($102.72 in chips) 
Seat 2: NoonTime1991 ($104.18 in chips) 
Seat 3: KarP93 ($100 in chips) 
Seat 4: DEMONGOD9 ($93 in chips) 
Seat 5: mironchikvld ($100 in chips) 
Seat 6: SeEevg ($122.14 in chips) 
ChuckNorrisQ: posts small blind $0.50
NoonTime1991: posts big blind $1
*** HOLE CARDS ***
KarP93: folds 
DEMONGOD9: folds 
mironchikvld: folds 
SeEevg: folds 
ChuckNorrisQ: raises $2 to $3
NoonTime1991: raises $6 to $9
ChuckNorrisQ: folds 
Uncalled bet ($6) returned to NoonTime1991
NoonTime1991 collected $6 from pot
NoonTime1991: doesn't show hand 
*** SUMMARY ***
Total pot $6 | Rake $0 
Seat 1: ChuckNorrisQ (small blind) folded before Flop
Seat 2: NoonTime1991 (big blind) collected ($6)
Seat 3: KarP93 folded before Flop (didn't bet)
Seat 4: DEMONGOD9 folded before Flop (didn't bet)
Seat 5: mironchikvld folded before Flop (didn't bet)
Seat 6: SeEevg (button) folded before Flop (didn't bet)



PokerStars Hand #254379137458:  Hold'em No Limit ($0.50/$1.00 USD) - 2025/01/15 9:07:09 WET [2025/01/15 4:07:09 ET]
Table 'Euryanthe III' 6-max Seat #1 is the button
Seat 1: ChuckNorrisQ ($100 in chips) 
Seat 2: NoonTime1991 ($107.18 in chips) 
Seat 3: KarP93 ($100 in chips) 
Seat 4: DEMONGOD9 ($93 in chips) 
Seat 5: mironchikvld ($100 in chips) 
Seat 6: SeEevg ($122.14 in chips) 
NoonTime1991: posts small blind $0.50
KarP93: posts big blind $1
*** HOLE CARDS ***
DEMONGOD9: folds 
mironchikvld: folds 
SeEevg: folds 
ChuckNorrisQ: folds 
NoonTime1991: folds 
Uncalled bet ($0.50) returned to KarP93
KarP93 collected $1 from pot
KarP93: doesn't show hand 
*** SUMMARY ***
Total pot $1 | Rake $0 
Seat 1: ChuckNorrisQ (button) folded before Flop (didn't bet)
Seat 2: NoonTime1991 (small blind) folded before Flop
Seat 3: KarP93 (big blind) collected ($1)
Seat 4: DEMONGOD9 folded before Flop (didn't bet)
Seat 5: mironchikvld folded before Flop (didn't bet)
Seat 6: SeEevg folded before Flop (didn't bet)



PokerStars Hand #254379139641:  Hold'em No Limit ($0.50/$1.00 USD) - 2025/01/15 9:07:34 WET [2025/01/15 4:07:34 ET]
Table 'Euryanthe III' 6-max Seat #2 is the button
Seat 1: ChuckNorrisQ ($100 in chips) 
Seat 2: NoonTime1991 ($106.68 in chips) 
Seat 3: KarP93 ($100.50 in chips) 
Seat 4: DEMONGOD9 ($93 in chips) 
Seat 5: mironchikvld ($100 in chips) 
Seat 6: SeEevg ($122.14 in chips) 
KarP93: posts small blind $0.50
DEMONGOD9: posts big blind $1
*** HOLE CARDS ***
mironchikvld: folds 
SeEevg: folds 
ChuckNorrisQ: folds 
NoonTime1991: folds 
KarP93: raises $2.50 to $3.50
DEMONGOD9: folds 
Uncalled bet ($2.50) returned to KarP93
KarP93 collected $2 from pot
KarP93: doesn't show hand 
*** SUMMARY ***
Total pot $2 | Rake $0 
Seat 1: ChuckNorrisQ folded before Flop (didn't bet)
Seat 2: NoonTime1991 (button) folded before Flop (didn't bet)
Seat 3: KarP93 (small blind) collected ($2)
Seat 4: DEMONGOD9 (big blind) folded before Flop
Seat 5: mironchikvld folded before Flop (didn't bet)
Seat 6: SeEevg folded before Flop (didn't bet)



PokerStars Hand #254379141336:  Hold'em No Limit ($0.50/$1.00 USD) - 2025/01/15 9:07:53 WET [2025/01/15 4:07:53 ET]
Table 'Euryanthe III' 6-max Seat #3 is the button
Seat 1: ChuckNorrisQ ($100 in chips) 
Seat 2: NoonTime1991 ($106.68 in chips) 
Seat 3: KarP93 ($101.50 in chips) 
Seat 4: DEMONGOD9 ($92 in chips) 
Seat 5: mironchikvld ($100 in chips) 
Seat 6: SeEevg ($122.14 in chips) 
DEMONGOD9: posts small blind $0.50
mironchikvld: posts big blind $1
*** HOLE CARDS ***
SeEevg: folds 
ChuckNorrisQ: folds 
NoonTime1991: raises $2 to $3
KarP93: folds 
DEMONGOD9: calls $2.50
mironchikvld: folds 
*** FLOP *** [Ad 4s Ac]
DEMONGOD9: checks 
NoonTime1991: bets $1.66
DEMONGOD9: calls $1.66
*** TURN *** [Ad 4s Ac] [2h]
DEMONGOD9: checks 
NoonTime1991: bets $5.90
DEMONGOD9: calls $5.90
*** RIVER *** [Ad 4s Ac 2h] [3s]
DEMONGOD9: checks 
NoonTime1991: checks 
*** SHOW DOWN ***
DEMONGOD9: shows [Jc As] (three of a kind, Aces)
NoonTime1991: mucks hand 
DEMONGOD9 collected $21.01 from pot
*** SUMMARY ***
Total pot $22.12 | Rake $1.11 
Board [Ad 4s Ac 2h 3s]
Seat 1: ChuckNorrisQ folded before Flop (didn't bet)
Seat 2: NoonTime1991 mucked
Seat 3: KarP93 (button) folded before Flop (didn't bet)
Seat 4: DEMONGOD9 (small blind) showed [Jc As] and won ($21.01) with three of a kind, Aces
Seat 5: mironchikvld (big blind) folded before Flop
Seat 6: SeEevg folded before Flop (didn't bet)



PokerStars Hand #254379145749:  Hold'em No Limit ($0.50/$1.00 USD) - 2025/01/15 9:08:43 WET [2025/01/15 4:08:43 ET]
Table 'Euryanthe III' 6-max Seat #4 is the button
Seat 1: ChuckNorrisQ ($100 in chips) 
Seat 2: NoonTime1991 ($100 in chips) 
Seat 3: KarP93 ($101.50 in chips) 
Seat 4: DEMONGOD9 ($102.45 in chips) 
Seat 5: mironchikvld ($100 in chips) 
Seat 6: SeEevg ($122.14 in chips) 
mironchikvld: posts small blind $0.50
SeEevg: posts big blind $1
*** HOLE CARDS ***
ChuckNorrisQ: raises $1 to $2
NoonTime1991: folds 
KarP93: folds 
DEMONGOD9: folds 
mironchikvld: folds 
SeEevg: calls $1
*** FLOP *** [8d 3d Th]
SeEevg: checks 
ChuckNorrisQ: checks 
*** TURN *** [8d 3d Th] [4d]
SeEevg: bets $1.41
ChuckNorrisQ: calls $1.41
*** RIVER *** [8d 3d Th 4d] [9s]
SeEevg: bets $8.69
ChuckNorrisQ: folds 
Uncalled bet ($8.69) returned to SeEevg
SeEevg collected $6.95 from pot
SeEevg: doesn't show hand 
*** SUMMARY ***
Total pot $7.32 | Rake $0.37 
Board [8d 3d Th 4d 9s]
Seat 1: ChuckNorrisQ folded on the River
Seat 2: NoonTime1991 folded before Flop (didn't bet)
Seat 3: KarP93 folded before Flop (didn't bet)
Seat 4: DEMONGOD9 (button) folded before Flop (didn't bet)
Seat 5: mironchikvld (small blind) folded before Flop
Seat 6: SeEevg (big blind) collected ($6.95)



PokerStars Hand #254379153291:  Hold'em No Limit ($0.50/$1.00 USD) - 2025/01/15 9:10:07 WET [2025/01/15 4:10:07 ET]
Table 'Euryanthe III' 6-max Seat #5 is the button
Seat 1: ChuckNorrisQ ($100 in chips) 
Seat 2: NoonTime1991 ($100 in chips) 
Seat 3: KarP93 ($101.50 in chips) 
Seat 4: DEMONGOD9 ($102.45 in chips) 
Seat 5: mironchikvld ($100 in chips) 
Seat 6: SeEevg ($125.68 in chips) 
SeEevg: posts small blind $0.50
ChuckNorrisQ: posts big blind $1
*** HOLE CARDS ***
NoonTime1991: raises $1 to $2
KarP93: folds 
DEMONGOD9: calls $2
mironchikvld: folds 
SeEevg: folds 
ChuckNorrisQ: calls $1
*** FLOP *** [7h 3h Jh]
ChuckNorrisQ: checks 
NoonTime1991: bets $1.55
DEMONGOD9: folds 
ChuckNorrisQ: folds 
Uncalled bet ($1.55) returned to NoonTime1991
NoonTime1991 collected $6.18 from pot
NoonTime1991: doesn't show hand 
*** SUMMARY ***
Total pot $6.50 | Rake $0.32 
Board [7h 3h Jh]
Seat 1: ChuckNorrisQ (big blind) folded on the Flop
Seat 2: NoonTime1991 collected ($6.18)
Seat 3: KarP93 folded before Flop (didn't bet)
Seat 4: DEMONGOD9 folded on the Flop
Seat 5: mironchikvld (button) folded before Flop (didn't bet)
Seat 6: SeEevg (small blind) folded before Flop



PokerStars Hand #254379156036:  Hold'em No Limit ($0.50/$1.00 USD) - 2025/01/15 9:10:38 WET [2025/01/15 4:10:38 ET]
Table 'Euryanthe III' 6-max Seat #6 is the button
Seat 1: ChuckNorrisQ ($100 in chips) 
Seat 2: NoonTime1991 ($104.18 in chips) 
Seat 3: KarP93 ($101.50 in chips) 
Seat 4: DEMONGOD9 ($100.45 in chips) 
Seat 5: mironchikvld ($100 in chips) 
Seat 6: SeEevg ($125.18 in chips) 
ChuckNorrisQ: posts small blind $0.50
NoonTime1991: posts big blind $1
*** HOLE CARDS ***
KarP93: folds 
DEMONGOD9: folds 
mironchikvld: folds 
SeEevg: raises $1.50 to $2.50
ChuckNorrisQ: folds 
NoonTime1991: folds 
Uncalled bet ($1.50) returned to SeEevg
SeEevg collected $2.50 from pot
SeEevg: doesn't show hand 
*** SUMMARY ***
Total pot $2.50 | Rake $0 
Seat 1: ChuckNorrisQ (small blind) folded before Flop
Seat 2: NoonTime1991 (big blind) folded before Flop
Seat 3: KarP93 folded before Flop (didn't bet)
Seat 4: DEMONGOD9 folded before Flop (didn't bet)
Seat 5: mironchikvld folded before Flop (didn't bet)
Seat 6: SeEevg (button) collected ($2.50)



PokerStars Hand #254379158365:  Hold'em No Limit ($0.50/$1.00 USD) - 2025/01/15 9:11:04 WET [2025/01/15 4:11:04 ET]
Table 'Euryanthe III' 6-max Seat #1 is the button
Seat 1: ChuckNorrisQ ($100 in chips) 
Seat 2: NoonTime1991 ($103.18 in chips) 
Seat 3: KarP93 ($101.50 in chips) 
Seat 4: DEMONGOD9 ($100.45 in chips) 
Seat 5: mironchikvld ($100 in chips) 
Seat 6: SeEevg ($126.68 in chips) 
NoonTime1991: posts small blind $0.50
KarP93: posts big blind $1
*** HOLE CARDS ***
DEMONGOD9: folds 
mironchikvld: folds 
SeEevg: folds 
ChuckNorrisQ: folds 
NoonTime1991: raises $2 to $3
KarP93: calls $2
*** FLOP *** [Jc 6c 8c]
NoonTime1991: bets $1.43
KarP93: calls $1.43
*** TURN *** [Jc 6c 8c] [6h]
NoonTime1991: bets $6.32
KarP93: calls $6.32
*** RIVER *** [Jc 6c 8c 6h] [2c]
NoonTime1991: checks 
KarP93: checks 
*** SHOW DOWN ***
NoonTime1991: shows [Th Qc] (a flush, Queen high)
KarP93: mucks hand 
NoonTime1991 collected $20.42 from pot
*** SUMMARY ***
Total pot $21.50 | Rake $1.08 
Board [Jc 6c 8c 6h 2c]
Seat 1: ChuckNorrisQ (button) folded before Flop (didn't bet)
Seat 2: NoonTime1991 (small blind) showed [Th Qc] and won ($20.42) with a flush, Queen high
Seat 3: KarP93 (big blind) mucked
Seat 4: DEMONGOD9 folded before Flop (didn't bet)
Seat 5: mironchikvld folded before Flop (didn't bet)
Seat 6: SeEevg folded before Flop (didn't bet)



PokerStars Hand #254379162918:  Hold'em No Limit ($0.50/$1.00 USD) - 2025/01/15 9:11:53 WET [2025/01/15 4:11:53 ET]
Table 'Euryanthe III' 6-max Seat #2 is the button
Seat 1: ChuckNorrisQ ($100 in chips) 
Seat 2: NoonTime1991 ($112.85 in chips) 
Seat 3: KarP93 ($100 in chips) 
Seat 4: DEMONGOD9 ($100.45 in chips) 
Seat 5: mironchikvld ($100 in chips) 
Seat 6: SeEevg ($126.68 in chips) 
KarP93: posts small blind $0.50
DEMONGOD9: posts big blind $1
*** HOLE CARDS ***
mironchikvld: folds 
SeEevg: folds 
ChuckNorrisQ: raises $1.30 to $2.30
NoonTime1991: folds 
KarP93: raises $8.20 to $10.50
DEMONGOD9: folds 
ChuckNorrisQ: folds 
Uncalled bet ($8.20) returned to KarP93
KarP93 collected $5.60 from pot
KarP93: doesn't show hand 
*** SUMMARY ***
Total pot $5.60 | Rake $0 
Seat 1: ChuckNorrisQ folded before Flop
Seat 2: NoonTime1991 (button) folded before Flop (didn't bet)
Seat 3: KarP93 (small blind) collected ($5.60)
Seat 4: DEMONGOD9 (big blind) folded before Flop
Seat 5: mironchikvld folded before Flop (didn't bet)
Seat 6: SeEevg folded before Flop (didn't bet)



PokerStars Hand #254379166534:  Hold'em No Limit ($0.50/$1.00 USD) - 2025/01/15 9:12:33 WET [2025/01/15 4:12:33 ET]
Table 'Euryanthe III' 6-max Seat #3 is the button
Seat 1: ChuckNorrisQ ($100 in chips) 
Seat 2: NoonTime1991 ($112.85 in chips) 
Seat 3: KarP93 ($103.30 in chips) 
Seat 4: DEMONGOD9 ($99.45 in chips) 
Seat 5: mironchikvld ($100 in chips) 
Seat 6: SeEevg ($126.68 in chips) 
DEMONGOD9: posts small blind $0.50
mironchikvld: posts big blind $1
*** HOLE CARDS ***
SeEevg: folds 
ChuckNorrisQ: raises $1 to $2
NoonTime1991: folds 
KarP93: calls $2
DEMONGOD9: folds 
mironchikvld: calls $1
*** FLOP *** [7d 6h 6d]
mironchikvld: checks 
ChuckNorrisQ: checks 
KarP93: checks 
*** TURN *** [7d 6h 6d] [9s]
mironchikvld: checks 
ChuckNorrisQ: checks 
KarP93: checks 
*** RIVER *** [7d 6h 6d 9s] [2d]
mironchikvld: checks 
ChuckNorrisQ: checks 
KarP93: bets $4.64
mironchikvld: calls $4.64
ChuckNorrisQ: folds 
*** SHOW DOWN ***
KarP93: shows [Js Qs] (a pair of Sixes)
mironchikvld: shows [5c 7c] (two pair, Sevens and Sixes)
mironchikvld collected $14.99 from pot
*** SUMMARY ***
Total pot $15.78 | Rake $0.79 
Board [7d 6h 6d 9s 2d]
Seat 1: ChuckNorrisQ folded on the River
Seat 2: NoonTime1991 folded before Flop (didn't bet)
Seat 3: KarP93 (button) showed [Js Qs] and lost with a pair of Sixes
Seat 4: DEMONGOD9 (small blind) folded before Flop
Seat 5: mironchikvld (big blind) showed [5c 7c] and won ($14.99) with two pair, Sevens and Sixes
Seat 6: SeEevg folded before Flop (didn't bet)



PokerStars Hand #254379181415:  Hold'em No Limit ($0.50/$1.00 USD) - 2025/01/15 9:15:18 WET [2025/01/15 4:15:18 ET]
Table 'Euryanthe III' 6-max Seat #1 is the button
Seat 1: ChuckNorrisQ ($101 in chips) 
Seat 2: NoonTime1991 ($111.85 in chips) 
Seat 3: KarP93 ($100 in chips) 
Seat 4: DEMONGOD9 ($98.95 in chips) 
Seat 5: mironchikvld ($109.35 in chips) 
Seat 6: SeEevg ($126.68 in chips) 
NoonTime1991: posts small blind $0.50
KarP93: posts big blind $1
*** HOLE CARDS ***
DEMONGOD9: raises $1 to $2
mironchikvld: folds 
SeEevg: folds 
ChuckNorrisQ: raises $4 to $6
NoonTime1991: folds 
KarP93: folds 
DEMONGOD9: calls $4
*** FLOP *** [7h 9d Qc]
DEMONGOD9: checks 
ChuckNorrisQ: bets $4.23
DEMONGOD9: calls $4.23
*** TURN *** [7h 9d Qc] [5h]
DEMONGOD9: checks 
ChuckNorrisQ: checks 
*** RIVER *** [7h 9d Qc 5h] [Qh]
DEMONGOD9: checks 
ChuckNorrisQ: bets $31.29
DEMONGOD9: folds 
Uncalled bet ($31.29) returned to ChuckNorrisQ
ChuckNorrisQ collected $20.86 from pot
ChuckNorrisQ: doesn't show hand 
*** SUMMARY ***
Total pot $21.96 | Rake $1.10 
Board [7h 9d Qc 5h Qh]
Seat 1: ChuckNorrisQ (button) collected ($20.86)
Seat 2: NoonTime1991 (small blind) folded before Flop
Seat 3: KarP93 (big blind) folded before Flop
Seat 4: DEMONGOD9 folded on the River
Seat 5: mironchikvld folded before Flop (didn't bet)
Seat 6: SeEevg folded before Flop (didn't bet)



PokerStars Hand #254379186942:  Hold'em No Limit ($0.50/$1.00 USD) - 2025/01/15 9:16:19 WET [2025/01/15 4:16:19 ET]
Table 'Euryanthe III' 6-max Seat #2 is the button
Seat 1: ChuckNorrisQ ($111.63 in chips) 
Seat 2: NoonTime1991 ($111.35 in chips) 
Seat 3: KarP93 ($100 in chips) 
Seat 4: DEMONGOD9 ($88.72 in chips) 
Seat 5: mironchikvld ($109.35 in chips) 
Seat 6: SeEevg ($126.68 in chips) 
KarP93: posts small blind $0.50
DEMONGOD9: posts big blind $1
*** HOLE CARDS ***
mironchikvld: folds 
SeEevg: folds 
ChuckNorrisQ: folds 
NoonTime1991: raises $2 to $3
KarP93: folds 
DEMONGOD9: calls $2
*** FLOP *** [4c 8s 9s]
DEMONGOD9: checks 
NoonTime1991: checks 
*** TURN *** [4c 8s 9s] [Kh]
DEMONGOD9: checks 
NoonTime1991: bets $3.09
DEMONGOD9: folds 
Uncalled bet ($3.09) returned to NoonTime1991
NoonTime1991 collected $6.18 from pot
NoonTime1991: doesn't show hand 
*** SUMMARY ***
Total pot $6.50 | Rake $0.32 
Board [4c 8s 9s Kh]
Seat 1: ChuckNorrisQ folded before Flop (didn't bet)
Seat 2: NoonTime1991 (button) collected ($6.18)
Seat 3: KarP93 (small blind) folded before Flop
Seat 4: DEMONGOD9 (big blind) folded on the Turn
Seat 5: mironchikvld folded before Flop (didn't bet)
Seat 6: SeEevg folded before Flop (didn't bet)



PokerStars Hand #254379191621:  Hold'em No Limit ($0.50/$1.00 USD) - 2025/01/15 9:17:12 WET [2025/01/15 4:17:12 ET]
Table 'Euryanthe III' 6-max Seat #3 is the button
Seat 1: ChuckNorrisQ ($111.63 in chips) 
Seat 2: NoonTime1991 ($114.53 in chips) 
Seat 3: KarP93 ($100 in chips) 
Seat 4: DEMONGOD9 ($85.72 in chips) 
Seat 5: mironchikvld ($109.35 in chips) 
Seat 6: SeEevg ($126.68 in chips) 
DEMONGOD9: posts small blind $0.50
mironchikvld: posts big blind $1
*** HOLE CARDS ***
SeEevg: folds 
ChuckNorrisQ: raises $1 to $2
NoonTime1991: folds 
KarP93: folds 
DEMONGOD9: folds 
mironchikvld: calls $1
*** FLOP *** [8d 5d Ts]
mironchikvld: checks 
ChuckNorrisQ: checks 
*** TURN *** [8d 5d Ts] [Th]
mironchikvld: checks 
ChuckNorrisQ: bets $3.21
mironchikvld: folds 
Uncalled bet ($3.21) returned to ChuckNorrisQ
ChuckNorrisQ collected $4.28 from pot
ChuckNorrisQ: doesn't show hand 
*** SUMMARY ***
Total pot $4.50 | Rake $0.22 
Board [8d 5d Ts Th]
Seat 1: ChuckNorrisQ collected ($4.28)
Seat 2: NoonTime1991 folded before Flop (didn't bet)
Seat 3: KarP93 (button) folded before Flop (didn't bet)
Seat 4: DEMONGOD9 (small blind) folded before Flop
Seat 5: mironchikvld (big blind) folded on the Turn
Seat 6: SeEevg folded before Flop (didn't bet)



PokerStars Hand #254379200142:  Hold'em No Limit ($0.50/$1.00 USD) - 2025/01/15 9:18:46 WET [2025/01/15 4:18:46 ET]
Table 'Euryanthe III' 6-max Seat #4 is the button
Seat 1: ChuckNorrisQ ($113.91 in chips) 
Seat 2: NoonTime1991 ($114.53 in chips) 
Seat 3: KarP93 ($100 in chips) 
Seat 4: DEMONGOD9 ($85.22 in chips) 
Seat 5: mironchikvld ($107.35 in chips) 
Seat 6: SeEevg ($126.68 in chips) 
mironchikvld: posts small blind $0.50
SeEevg: posts big blind $1
*** HOLE CARDS ***
ChuckNorrisQ: raises $1 to $2
NoonTime1991: folds 
KarP93: folds 
DEMONGOD9: folds 
mironchikvld: folds 
SeEevg: folds 
Uncalled bet ($1) returned to ChuckNorrisQ
ChuckNorrisQ collected $2.50 from pot
ChuckNorrisQ: doesn't show hand 
*** SUMMARY ***
Total pot $2.50 | Rake $0 
Seat 1: ChuckNorrisQ collected ($2.50)
Seat 2: NoonTime1991 folded before Flop (didn't bet)
Seat 3: KarP93 folded before Flop (didn't bet)
Seat 4: DEMONGOD9 (button) folded before Flop (didn't bet)
Seat 5: mironchikvld (small blind) folded before Flop
Seat 6: SeEevg (big blind) folded before Flop



PokerStars Hand #254379202698:  Hold'em No Limit ($0.50/$1.00 USD) - 2025/01/15 9:19:15 WET [2025/01/15 4:19:15 ET]
Table 'Euryanthe III' 6-max Seat #5 is the button
Seat 1: ChuckNorrisQ ($115.41 in chips) 
Seat 2: NoonTime1991 ($114.53 in chips) 
Seat 3: KarP93 ($100 in chips) 
Seat 4: DEMONGOD9 ($85.22 in chips) 
Seat 5: mironchikvld ($106.85 in chips) 
Seat 6: SeEevg ($125.68 in chips) 
SeEevg: posts small blind $0.50
ChuckNorrisQ: posts big blind $1
*** HOLE CARDS ***
NoonTime1991: raises $1 to $2
KarP93: folds 
DEMONGOD9: raises $5.50 to $7.50
mironchikvld: folds 
SeEevg: folds 
ChuckNorrisQ: folds 
NoonTime1991: folds 
Uncalled bet ($5.50) returned to DEMONGOD9
DEMONGOD9 collected $5.50 from pot
DEMONGOD9: doesn't show hand 
*** SUMMARY ***
Total pot $5.50 | Rake $0 
Seat 1: ChuckNorrisQ (big blind) folded before Flop
Seat 2: NoonTime1991 folded before Flop
Seat 3: KarP93 folded before Flop (didn't bet)
Seat 4: DEMONGOD9 collected ($5.50)
Seat 5: mironchikvld (button) folded before Flop (didn't bet)
Seat 6: SeEevg (small blind) folded before Flop



PokerStars Hand #254379205661:  Hold'em No Limit ($0.50/$1.00 USD) - 2025/01/15 9:19:48 WET [2025/01/15 4:19:48 ET]
Table 'Euryanthe III' 6-max Seat #6 is the button
Seat 1: ChuckNorrisQ ($114.41 in chips) 
Seat 2: NoonTime1991 ($112.53 in chips) 
Seat 3: KarP93 ($100 in chips) 
Seat 4: DEMONGOD9 ($88.72 in chips) 
Seat 5: mironchikvld ($106.85 in chips) 
Seat 6: SeEevg ($125.18 in chips) 
ChuckNorrisQ: posts small blind $0.50
NoonTime1991: posts big blind $1
*** HOLE CARDS ***
KarP93: folds 
DEMONGOD9: folds 
mironchikvld: folds 
SeEevg: raises $1.50 to $2.50
ChuckNorrisQ: folds 
NoonTime1991: folds 
Uncalled bet ($1.50) returned to SeEevg
SeEevg collected $2.50 from pot
SeEevg: doesn't show hand 
*** SUMMARY ***
Total pot $2.50 | Rake $0 
Seat 1: ChuckNorrisQ (small blind) folded before Flop
Seat 2: NoonTime1991 (big blind) folded before Flop
Seat 3: KarP93 folded before Flop (didn't bet)
Seat 4: DEMONGOD9 folded before Flop (didn't bet)
Seat 5: mironchikvld folded before Flop (didn't bet)
Seat 6: SeEevg (button) collected ($2.50)



PokerStars Hand #254379208497:  Hold'em No Limit ($0.50/$1.00 USD) - 2025/01/15 9:20:19 WET [2025/01/15 4:20:19 ET]
Table 'Euryanthe III' 6-max Seat #1 is the button
Seat 1: ChuckNorrisQ ($113.91 in chips) 
Seat 2: NoonTime1991 ($111.53 in chips) 
Seat 3: KarP93 ($100 in chips) 
Seat 4: DEMONGOD9 ($88.72 in chips) 
Seat 5: mironchikvld ($106.85 in chips) 
Seat 6: SeEevg ($126.68 in chips) 
NoonTime1991: posts small blind $0.50
KarP93: posts big blind $1
*** HOLE CARDS ***
DEMONGOD9: raises $1 to $2
mironchikvld: folds 
SeEevg: calls $2
ChuckNorrisQ: folds 
NoonTime1991: folds 
KarP93: calls $1
*** FLOP *** [Tc 5s 6h]
KarP93: checks 
DEMONGOD9: checks 
SeEevg: checks 
*** TURN *** [Tc 5s 6h] [Ts]
KarP93: checks 
DEMONGOD9: checks 
SeEevg: bets $2.04
KarP93: folds 
DEMONGOD9: folds 
Uncalled bet ($2.04) returned to SeEevg
SeEevg collected $6.18 from pot
SeEevg: doesn't show hand 
*** SUMMARY ***
Total pot $6.50 | Rake $0.32 
Board [Tc 5s 6h Ts]
Seat 1: ChuckNorrisQ (button) folded before Flop (didn't bet)
Seat 2: NoonTime1991 (small blind) folded before Flop
Seat 3: KarP93 (big blind) folded on the Turn
Seat 4: DEMONGOD9 folded on the Turn
Seat 5: mironchikvld folded before Flop (didn't bet)
Seat 6: SeEevg collected ($6.18)



PokerStars Hand #254379213929:  Hold'em No Limit ($0.50/$1.00 USD) - 2025/01/15 9:21:19 WET [2025/01/15 4:21:19 ET]
Table 'Euryanthe III' 6-max Seat #2 is the button
Seat 1: ChuckNorrisQ ($113.91 in chips) 
Seat 2: NoonTime1991 ($111.03 in chips) 
Seat 3: KarP93 ($100 in chips) 
Seat 4: DEMONGOD9 ($86.72 in chips) 
Seat 5: mironchikvld ($106.85 in chips) 
Seat 6: SeEevg ($130.86 in chips) 
KarP93: posts small blind $0.50
DEMONGOD9: posts big blind $1
*** HOLE CARDS ***
mironchikvld: folds 
SeEevg: folds 
ChuckNorrisQ: raises $1.30 to $2.30
NoonTime1991: folds 
KarP93: folds 
DEMONGOD9: folds 
Uncalled bet ($1.30) returned to ChuckNorrisQ
ChuckNorrisQ collected $2.50 from pot
ChuckNorrisQ: doesn't show hand 
*** SUMMARY ***
Total pot $2.50 | Rake $0 
Seat 1: ChuckNorrisQ collected ($2.50)
Seat 2: NoonTime1991 (button) folded before Flop (didn't bet)
Seat 3: KarP93 (small blind) folded before Flop
Seat 4: DEMONGOD9 (big blind) folded before Flop
Seat 5: mironchikvld folded before Flop (didn't bet)
Seat 6: SeEevg folded before Flop (didn't bet)



PokerStars Hand #254379215833:  Hold'em No Limit ($0.50/$1.00 USD) - 2025/01/15 9:21:40 WET [2025/01/15 4:21:40 ET]
Table 'Euryanthe III' 6-max Seat #3 is the button
Seat 1: ChuckNorrisQ ($115.41 in chips) 
Seat 2: NoonTime1991 ($111.03 in chips) 
Seat 3: KarP93 ($100 in chips) 
Seat 4: DEMONGOD9 ($85.72 in chips) 
Seat 5: mironchikvld ($106.85 in chips) 
Seat 6: SeEevg ($130.86 in chips) 
DEMONGOD9: posts small blind $0.50
mironchikvld: posts big blind $1
*** HOLE CARDS ***
SeEevg: folds 
ChuckNorrisQ: folds 
NoonTime1991: folds 
KarP93: folds 
DEMONGOD9: raises $2 to $3
mironchikvld: folds 
Uncalled bet ($2) returned to DEMONGOD9
DEMONGOD9 collected $2 from pot
DEMONGOD9: doesn't show hand 
*** SUMMARY ***
Total pot $2 | Rake $0 
Seat 1: ChuckNorrisQ folded before Flop (didn't bet)
Seat 2: NoonTime1991 folded before Flop (didn't bet)
Seat 3: KarP93 (button) folded before Flop (didn't bet)
Seat 4: DEMONGOD9 (small blind) collected ($2)
Seat 5: mironchikvld (big blind) folded before Flop
Seat 6: SeEevg folded before Flop (didn't bet)



PokerStars Hand #254379217972:  Hold'em No Limit ($0.50/$1.00 USD) - 2025/01/15 9:22:02 WET [2025/01/15 4:22:02 ET]
Table 'Euryanthe III' 6-max Seat #4 is the button
Seat 1: ChuckNorrisQ ($115.41 in chips) 
Seat 2: NoonTime1991 ($111.03 in chips) 
Seat 3: KarP93 ($100 in chips) 
Seat 4: DEMONGOD9 ($86.72 in chips) 
Seat 5: mironchikvld ($105.85 in chips) 
Seat 6: SeEevg ($130.86 in chips) 
mironchikvld: posts small blind $0.50
SeEevg: posts big blind $1
*** HOLE CARDS ***
ChuckNorrisQ: folds 
NoonTime1991: folds 
KarP93: folds 
DEMONGOD9: raises $1 to $2
mironchikvld: folds 
SeEevg: folds 
Uncalled bet ($1) returned to DEMONGOD9
DEMONGOD9 collected $2.50 from pot
DEMONGOD9: doesn't show hand 
*** SUMMARY ***
Total pot $2.50 | Rake $0 
Seat 1: ChuckNorrisQ folded before Flop (didn't bet)
Seat 2: NoonTime1991 folded before Flop (didn't bet)
Seat 3: KarP93 folded before Flop (didn't bet)
Seat 4: DEMONGOD9 (button) collected ($2.50)
Seat 5: mironchikvld (small blind) folded before Flop
Seat 6: SeEevg (big blind) folded before Flop



PokerStars Hand #254379221240:  Hold'em No Limit ($0.50/$1.00 USD) - 2025/01/15 9:22:38 WET [2025/01/15 4:22:38 ET]
Table 'Euryanthe III' 6-max Seat #5 is the button
Seat 1: ChuckNorrisQ ($115.41 in chips) 
Seat 2: NoonTime1991 ($111.03 in chips) 
Seat 3: KarP93 ($100 in chips) 
Seat 4: DEMONGOD9 ($88.22 in chips) 
Seat 5: mironchikvld ($105.35 in chips) 
Seat 6: SeEevg ($129.86 in chips) 
SeEevg: posts small blind $0.50
ChuckNorrisQ: posts big blind $1
*** HOLE CARDS ***
NoonTime1991: folds 
KarP93: folds 
DEMONGOD9: raises $1 to $2
mironchikvld: folds 
SeEevg: raises $7 to $9
ChuckNorrisQ: folds 
DEMONGOD9: calls $7
*** FLOP *** [8h 5s 2c]
SeEevg: bets $11.91
DEMONGOD9: calls $11.91
*** TURN *** [8h 5s 2c] [5h]
SeEevg: checks 
DEMONGOD9: bets $16.34
SeEevg: calls $16.34
*** RIVER *** [8h 5s 2c 5h] [Jh]
SeEevg: checks 
DEMONGOD9: bets $38
SeEevg: calls $38
*** SHOW DOWN ***
DEMONGOD9: shows [Th Kh] (a flush, King high)
SeEevg: mucks hand 
DEMONGOD9 collected $149 from pot
*** SUMMARY ***
Total pot $151.50 | Rake $2.50 
Board [8h 5s 2c 5h Jh]
Seat 1: ChuckNorrisQ (big blind) folded before Flop
Seat 2: NoonTime1991 folded before Flop (didn't bet)
Seat 3: KarP93 folded before Flop (didn't bet)
Seat 4: DEMONGOD9 showed [Th Kh] and won ($149) with a flush, King high
Seat 5: mironchikvld (button) folded before Flop (didn't bet)
Seat 6: SeEevg (small blind) mucked



PokerStars Hand #254379230450:  Hold'em No Limit ($0.50/$1.00 USD) - 2025/01/15 9:24:16 WET [2025/01/15 4:24:16 ET]
Table 'Euryanthe III' 6-max Seat #6 is the button
Seat 1: ChuckNorrisQ ($114.41 in chips) 
Seat 2: NoonTime1991 ($111.03 in chips) 
Seat 3: KarP93 ($100 in chips) 
Seat 4: DEMONGOD9 ($161.97 in chips) 
Seat 5: mironchikvld ($105.35 in chips) 
Seat 6: SeEevg ($100 in chips) 
ChuckNorrisQ: posts small blind $0.50
NoonTime1991: posts big blind $1
*** HOLE CARDS ***
KarP93: folds 
DEMONGOD9: folds 
mironchikvld: folds 
SeEevg: raises $1.50 to $2.50
ChuckNorrisQ: folds 
NoonTime1991: folds 
Uncalled bet ($1.50) returned to SeEevg
SeEevg collected $2.50 from pot
SeEevg: doesn't show hand 
*** SUMMARY ***
Total pot $2.50 | Rake $0 
Seat 1: ChuckNorrisQ (small blind) folded before Flop
Seat 2: NoonTime1991 (big blind) folded before Flop
Seat 3: KarP93 folded before Flop (didn't bet)
Seat 4: DEMONGOD9 folded before Flop (didn't bet)
Seat 5: mironchikvld folded before Flop (didn't bet)
Seat 6: SeEevg (button) collected ($2.50)



PokerStars Hand #254379232172:  Hold'em No Limit ($0.50/$1.00 USD) - 2025/01/15 9:24:35 WET [2025/01/15 4:24:35 ET]
Table 'Euryanthe III' 6-max Seat #1 is the button
Seat 1: ChuckNorrisQ ($113.91 in chips) 
Seat 2: NoonTime1991 ($110.03 in chips) 
Seat 3: KarP93 ($100 in chips) 
Seat 4: DEMONGOD9 ($161.97 in chips) 
Seat 5: mironchikvld ($105.35 in chips) 
Seat 6: SeEevg ($101.50 in chips) 
NoonTime1991: posts small blind $0.50
KarP93: posts big blind $1
*** HOLE CARDS ***
DEMONGOD9: folds 
mironchikvld: folds 
SeEevg: folds 
ChuckNorrisQ: folds 
NoonTime1991: raises $2 to $3
KarP93: folds 
Uncalled bet ($2) returned to NoonTime1991
NoonTime1991 collected $2 from pot
NoonTime1991: doesn't show hand 
*** SUMMARY ***
Total pot $2 | Rake $0 
Seat 1: ChuckNorrisQ (button) folded before Flop (didn't bet)
Seat 2: NoonTime1991 (small blind) collected ($2)
Seat 3: KarP93 (big blind) folded before Flop
Seat 4: DEMONGOD9 folded before Flop (didn't bet)
Seat 5: mironchikvld folded before Flop (didn't bet)
Seat 6: SeEevg folded before Flop (didn't bet)



PokerStars Hand #254379234363:  Hold'em No Limit ($0.50/$1.00 USD) - 2025/01/15 9:24:59 WET [2025/01/15 4:24:59 ET]
Table 'Euryanthe III' 6-max Seat #2 is the button
Seat 1: ChuckNorrisQ ($113.91 in chips) 
Seat 2: NoonTime1991 ($111.03 in chips) 
Seat 3: KarP93 ($100 in chips) 
Seat 4: DEMONGOD9 ($161.97 in chips) 
Seat 5: mironchikvld ($105.35 in chips) 
Seat 6: SeEevg ($101.50 in chips) 
KarP93: posts small blind $0.50
DEMONGOD9: posts big blind $1
*** HOLE CARDS ***
mironchikvld: folds 
SeEevg: folds 
ChuckNorrisQ: folds 
NoonTime1991: folds 
KarP93: raises $2 to $3
DEMONGOD9: folds 
Uncalled bet ($2) returned to KarP93
KarP93 collected $2 from pot
KarP93: doesn't show hand 
*** SUMMARY ***
Total pot $2 | Rake $0 
Seat 1: ChuckNorrisQ folded before Flop (didn't bet)
Seat 2: NoonTime1991 (button) folded before Flop (didn't bet)
Seat 3: KarP93 (small blind) collected ($2)
Seat 4: DEMONGOD9 (big blind) folded before Flop
Seat 5: mironchikvld folded before Flop (didn't bet)
Seat 6: SeEevg folded before Flop (didn't bet)



PokerStars Hand #254379236452:  Hold'em No Limit ($0.50/$1.00 USD) - 2025/01/15 9:25:22 WET [2025/01/15 4:25:22 ET]
Table 'Euryanthe III' 6-max Seat #3 is the button
Seat 1: ChuckNorrisQ ($113.91 in chips) 
Seat 2: NoonTime1991 ($111.03 in chips) 
Seat 3: KarP93 ($101 in chips) 
Seat 4: DEMONGOD9 ($160.97 in chips) 
Seat 5: mironchikvld ($105.35 in chips) 
Seat 6: SeEevg ($101.50 in chips) 
DEMONGOD9: posts small blind $0.50
mironchikvld: posts big blind $1
*** HOLE CARDS ***
SeEevg: folds 
ChuckNorrisQ: folds 
NoonTime1991: folds 
KarP93: raises $1.50 to $2.50
DEMONGOD9: folds 
mironchikvld: folds 
Uncalled bet ($1.50) returned to KarP93
KarP93 collected $2.50 from pot
KarP93: doesn't show hand 
*** SUMMARY ***
Total pot $2.50 | Rake $0 
Seat 1: ChuckNorrisQ folded before Flop (didn't bet)
Seat 2: NoonTime1991 folded before Flop (didn't bet)
Seat 3: KarP93 (button) collected ($2.50)
Seat 4: DEMONGOD9 (small blind) folded before Flop
Seat 5: mironchikvld (big blind) folded before Flop
Seat 6: SeEevg folded before Flop (didn't bet)



PokerStars Hand #254379237938:  Hold'em No Limit ($0.50/$1.00 USD) - 2025/01/15 9:25:38 WET [2025/01/15 4:25:38 ET]
Table 'Euryanthe III' 6-max Seat #4 is the button
Seat 1: ChuckNorrisQ ($113.91 in chips) 
Seat 2: NoonTime1991 ($111.03 in chips) 
Seat 3: KarP93 ($102.50 in chips) 
Seat 4: DEMONGOD9 ($160.47 in chips) 
Seat 5: mironchikvld ($104.35 in chips) 
Seat 6: SeEevg ($101.50 in chips) 
mironchikvld: posts small blind $0.50
SeEevg: posts big blind $1
*** HOLE CARDS ***
ChuckNorrisQ: folds 
NoonTime1991: folds 
KarP93: folds 
DEMONGOD9: folds 
mironchikvld: folds 
Uncalled bet ($0.50) returned to SeEevg
SeEevg collected $1 from pot
SeEevg: doesn't show hand 
*** SUMMARY ***
Total pot $1 | Rake $0 
Seat 1: ChuckNorrisQ folded before Flop (didn't bet)
Seat 2: NoonTime1991 folded before Flop (didn't bet)
Seat 3: KarP93 folded before Flop (didn't bet)
Seat 4: DEMONGOD9 (button) folded before Flop (didn't bet)
Seat 5: mironchikvld (small blind) folded before Flop
Seat 6: SeEevg (big blind) collected ($1)



PokerStars Hand #254379239383:  Hold'em No Limit ($0.50/$1.00 USD) - 2025/01/15 9:25:54 WET [2025/01/15 4:25:54 ET]
Table 'Euryanthe III' 6-max Seat #5 is the button
Seat 1: ChuckNorrisQ ($113.91 in chips) 
Seat 2: NoonTime1991 ($111.03 in chips) 
Seat 3: KarP93 ($102.50 in chips) 
Seat 4: DEMONGOD9 ($160.47 in chips) 
Seat 5: mironchikvld ($103.85 in chips) 
Seat 6: SeEevg ($102 in chips) 
SeEevg: posts small blind $0.50
ChuckNorrisQ: posts big blind $1
*** HOLE CARDS ***
NoonTime1991: folds 
KarP93: folds 
DEMONGOD9: folds 
mironchikvld: raises $2 to $3
SeEevg: folds 
ChuckNorrisQ: raises $10 to $13
mironchikvld: folds 
Uncalled bet ($10) returned to ChuckNorrisQ
ChuckNorrisQ collected $6.50 from pot
ChuckNorrisQ: doesn't show hand 
*** SUMMARY ***
Total pot $6.50 | Rake $0 
Seat 1: ChuckNorrisQ (big blind) collected ($6.50)
Seat 2: NoonTime1991 folded before Flop (didn't bet)
Seat 3: KarP93 folded before Flop (didn't bet)
Seat 4: DEMONGOD9 folded before Flop (didn't bet)
Seat 5: mironchikvld (button) folded before Flop
Seat 6: SeEevg (small blind) folded before Flop



PokerStars Hand #254379243617:  Hold'em No Limit ($0.50/$1.00 USD) - 2025/01/15 9:26:41 WET [2025/01/15 4:26:41 ET]
Table 'Euryanthe III' 6-max Seat #6 is the button
Seat 1: ChuckNorrisQ ($117.41 in chips) 
Seat 2: NoonTime1991 ($111.03 in chips) 
Seat 3: KarP93 ($102.50 in chips) 
Seat 4: DEMONGOD9 ($160.47 in chips) 
Seat 5: mironchikvld ($100.85 in chips) 
Seat 6: SeEevg ($101.50 in chips) 
ChuckNorrisQ: posts small blind $0.50
NoonTime1991: posts big blind $1
*** HOLE CARDS ***
KarP93: folds 
DEMONGOD9: folds 
mironchikvld: folds 
SeEevg: raises $1.50 to $2.50
ChuckNorrisQ: folds 
NoonTime1991: folds 
Uncalled bet ($1.50) returned to SeEevg
SeEevg collected $2.50 from pot
SeEevg: doesn't show hand 
*** SUMMARY ***
Total pot $2.50 | Rake $0 
Seat 1: ChuckNorrisQ (small blind) folded before Flop
Seat 2: NoonTime1991 (big blind) folded before Flop
Seat 3: KarP93 folded before Flop (didn't bet)
Seat 4: DEMONGOD9 folded before Flop (didn't bet)
Seat 5: mironchikvld folded before Flop (didn't bet)
Seat 6: SeEevg (button) collected ($2.50)



PokerStars Hand #254379245323:  Hold'em No Limit ($0.50/$1.00 USD) - 2025/01/15 9:27:00 WET [2025/01/15 4:27:00 ET]
Table 'Euryanthe III' 6-max Seat #1 is the button
Seat 1: ChuckNorrisQ ($116.91 in chips) 
Seat 2: NoonTime1991 ($110.03 in chips) 
Seat 3: KarP93 ($102.50 in chips) 
Seat 4: DEMONGOD9 ($160.47 in chips) 
Seat 5: mironchikvld ($100.85 in chips) 
Seat 6: SeEevg ($103 in chips) 
NoonTime1991: posts small blind $0.50
KarP93: posts big blind $1
*** HOLE CARDS ***
DEMONGOD9: raises $1 to $2
mironchikvld: folds 
SeEevg: folds 
ChuckNorrisQ: folds 
NoonTime1991: folds 
KarP93: calls $1
*** FLOP *** [Qs Kc Td]
KarP93: checks 
DEMONGOD9: bets $2.14
KarP93: folds 
Uncalled bet ($2.14) returned to DEMONGOD9
DEMONGOD9 collected $4.28 from pot
DEMONGOD9: doesn't show hand 
*** SUMMARY ***
Total pot $4.50 | Rake $0.22 
Board [Qs Kc Td]
Seat 1: ChuckNorrisQ (button) folded before Flop (didn't bet)
Seat 2: NoonTime1991 (small blind) folded before Flop
Seat 3: KarP93 (big blind) folded on the Flop
Seat 4: DEMONGOD9 collected ($4.28)
Seat 5: mironchikvld folded before Flop (didn't bet)
Seat 6: SeEevg folded before Flop (didn't bet)



PokerStars Hand #254379248988:  Hold'em No Limit ($0.50/$1.00 USD) - 2025/01/15 9:27:41 WET [2025/01/15 4:27:41 ET]
Table 'Euryanthe III' 6-max Seat #2 is the button
Seat 1: ChuckNorrisQ ($116.91 in chips) 
Seat 2: NoonTime1991 ($109.53 in chips) 
Seat 3: KarP93 ($100.50 in chips) 
Seat 4: DEMONGOD9 ($162.75 in chips) 
Seat 5: mironchikvld ($100.85 in chips) 
Seat 6: SeEevg ($103 in chips) 
KarP93: posts small blind $0.50
DEMONGOD9: posts big blind $1
*** HOLE CARDS ***
mironchikvld: folds 
SeEevg: folds 
ChuckNorrisQ: raises $1.30 to $2.30
NoonTime1991: folds 
KarP93: folds 
DEMONGOD9: calls $1.30
*** FLOP *** [5h 3h 6c]
DEMONGOD9: checks 
ChuckNorrisQ: bets $3.63
DEMONGOD9: folds 
Uncalled bet ($3.63) returned to ChuckNorrisQ
ChuckNorrisQ collected $4.84 from pot
ChuckNorrisQ: doesn't show hand 
*** SUMMARY ***
Total pot $5.10 | Rake $0.26 
Board [5h 3h 6c]
Seat 1: ChuckNorrisQ collected ($4.84)
Seat 2: NoonTime1991 (button) folded before Flop (didn't bet)
Seat 3: KarP93 (small blind) folded before Flop
Seat 4: DEMONGOD9 (big blind) folded on the Flop
Seat 5: mironchikvld folded before Flop (didn't bet)
Seat 6: SeEevg folded before Flop (didn't bet)



PokerStars Hand #254379252350:  Hold'em No Limit ($0.50/$1.00 USD) - 2025/01/15 9:28:17 WET [2025/01/15 4:28:17 ET]
Table 'Euryanthe III' 6-max Seat #3 is the button
Seat 1: ChuckNorrisQ ($119.45 in chips) 
Seat 2: NoonTime1991 ($109.53 in chips) 
Seat 3: KarP93 ($100 in chips) 
Seat 4: DEMONGOD9 ($160.45 in chips) 
Seat 5: mironchikvld ($100.85 in chips) 
Seat 6: SeEevg ($103 in chips) 
DEMONGOD9: posts small blind $0.50
mironchikvld: posts big blind $1
*** HOLE CARDS ***
SeEevg: folds 
ChuckNorrisQ: folds 
NoonTime1991: folds 
KarP93: folds 
DEMONGOD9: raises $2 to $3
mironchikvld: folds 
Uncalled bet ($2) returned to DEMONGOD9
DEMONGOD9 collected $2 from pot
DEMONGOD9: doesn't show hand 
*** SUMMARY ***
Total pot $2 | Rake $0 
Seat 1: ChuckNorrisQ folded before Flop (didn't bet)
Seat 2: NoonTime1991 folded before Flop (didn't bet)
Seat 3: KarP93 (button) folded before Flop (didn't bet)
Seat 4: DEMONGOD9 (small blind) collected ($2)
Seat 5: mironchikvld (big blind) folded before Flop
Seat 6: SeEevg folded before Flop (didn't bet)



PokerStars Hand #254379254906:  Hold'em No Limit ($0.50/$1.00 USD) - 2025/01/15 9:28:45 WET [2025/01/15 4:28:45 ET]
Table 'Euryanthe III' 6-max Seat #4 is the button
Seat 1: ChuckNorrisQ ($119.45 in chips) 
Seat 2: NoonTime1991 ($109.53 in chips) 
Seat 3: KarP93 ($100 in chips) 
Seat 4: DEMONGOD9 ($161.45 in chips) 
Seat 5: mironchikvld ($100 in chips) 
Seat 6: SeEevg ($103 in chips) 
mironchikvld: posts small blind $0.50
SeEevg: posts big blind $1
*** HOLE CARDS ***
ChuckNorrisQ: folds 
NoonTime1991: folds 
KarP93: raises $1.50 to $2.50
DEMONGOD9: folds 
mironchikvld: folds 
SeEevg: folds 
Uncalled bet ($1.50) returned to KarP93
KarP93 collected $2.50 from pot
KarP93: doesn't show hand 
*** SUMMARY ***
Total pot $2.50 | Rake $0 
Seat 1: ChuckNorrisQ folded before Flop (didn't bet)
Seat 2: NoonTime1991 folded before Flop (didn't bet)
Seat 3: KarP93 collected ($2.50)
Seat 4: DEMONGOD9 (button) folded before Flop (didn't bet)
Seat 5: mironchikvld (small blind) folded before Flop
Seat 6: SeEevg (big blind) folded before Flop



PokerStars Hand #254379257683:  Hold'em No Limit ($0.50/$1.00 USD) - 2025/01/15 9:29:15 WET [2025/01/15 4:29:15 ET]
Table 'Euryanthe III' 6-max Seat #5 is the button
Seat 1: ChuckNorrisQ ($119.45 in chips) 
Seat 2: NoonTime1991 ($109.53 in chips) 
Seat 3: KarP93 ($101.50 in chips) 
Seat 4: DEMONGOD9 ($161.45 in chips) 
Seat 5: mironchikvld ($100 in chips) 
Seat 6: SeEevg ($102 in chips) 
SeEevg: posts small blind $0.50
ChuckNorrisQ: posts big blind $1
*** HOLE CARDS ***
NoonTime1991: folds 
KarP93: folds 
DEMONGOD9: raises $1 to $2
mironchikvld: folds 
SeEevg: folds 
ChuckNorrisQ: calls $1
*** FLOP *** [5c Qd 3s]
ChuckNorrisQ: checks 
DEMONGOD9: checks 
*** TURN *** [5c Qd 3s] [4d]
ChuckNorrisQ: checks 
DEMONGOD9: checks 
*** RIVER *** [5c Qd 3s 4d] [Kd]
ChuckNorrisQ has timed out
ChuckNorrisQ: checks 
DEMONGOD9: bets $3.28
ChuckNorrisQ: calls $3.28
*** SHOW DOWN ***
DEMONGOD9: shows [Kh As] (a pair of Kings)
ChuckNorrisQ: mucks hand 
DEMONGOD9 collected $10.51 from pot
*** SUMMARY ***
Total pot $11.06 | Rake $0.55 
Board [5c Qd 3s 4d Kd]
Seat 1: ChuckNorrisQ (big blind) mucked
Seat 2: NoonTime1991 folded before Flop (didn't bet)
Seat 3: KarP93 folded before Flop (didn't bet)
Seat 4: DEMONGOD9 showed [Kh As] and won ($10.51) with a pair of Kings
Seat 5: mironchikvld (button) folded before Flop (didn't bet)
Seat 6: SeEevg (small blind) folded before Flop



PokerStars Hand #254379266977:  Hold'em No Limit ($0.50/$1.00 USD) - 2025/01/15 9:30:55 WET [2025/01/15 4:30:55 ET]
Table 'Euryanthe III' 6-max Seat #6 is the button
Seat 1: ChuckNorrisQ ($114.17 in chips) 
Seat 2: NoonTime1991 ($109.53 in chips) 
Seat 3: KarP93 ($101.50 in chips) 
Seat 4: DEMONGOD9 ($166.68 in chips) 
Seat 5: mironchikvld ($100 in chips) 
Seat 6: SeEevg ($101.50 in chips) 
ChuckNorrisQ: posts small blind $0.50
NoonTime1991: posts big blind $1
*** HOLE CARDS ***
KarP93: folds 
DEMONGOD9: raises $1 to $2
mironchikvld: folds 
SeEevg: folds 
ChuckNorrisQ: calls $1.50
NoonTime1991: folds 
*** FLOP *** [Qh 7s As]
ChuckNorrisQ: checks 
DEMONGOD9: bets $2.38
ChuckNorrisQ: calls $2.38
*** TURN *** [Qh 7s As] [Js]
ChuckNorrisQ: checks 
DEMONGOD9: checks 
*** RIVER *** [Qh 7s As Js] [9c]
ChuckNorrisQ: bets $2
DEMONGOD9: folds 
Uncalled bet ($2) returned to ChuckNorrisQ
ChuckNorrisQ collected $9.27 from pot
ChuckNorrisQ: doesn't show hand 
*** SUMMARY ***
Total pot $9.76 | Rake $0.49 
Board [Qh 7s As Js 9c]
Seat 1: ChuckNorrisQ (small blind) collected ($9.27)
Seat 2: NoonTime1991 (big blind) folded before Flop
Seat 3: KarP93 folded before Flop (didn't bet)
Seat 4: DEMONGOD9 folded on the River
Seat 5: mironchikvld folded before Flop (didn't bet)
Seat 6: SeEevg (button) folded before Flop (didn't bet)



PokerStars Hand #254379270513:  Hold'em No Limit ($0.50/$1.00 USD) - 2025/01/15 9:31:33 WET [2025/01/15 4:31:33 ET]
Table 'Euryanthe III' 6-max Seat #1 is the button
Seat 1: ChuckNorrisQ ($119.06 in chips) 
Seat 2: NoonTime1991 ($108.53 in chips) 
Seat 3: KarP93 ($101.50 in chips) 
Seat 4: DEMONGOD9 ($162.30 in chips) 
Seat 5: mironchikvld ($100 in chips) 
Seat 6: SeEevg ($101.50 in chips) 
NoonTime1991: posts small blind $0.50
KarP93: posts big blind $1
*** HOLE CARDS ***
DEMONGOD9: raises $1 to $2
mironchikvld: folds 
SeEevg: folds 
ChuckNorrisQ: folds 
NoonTime1991: folds 
KarP93: calls $1
*** FLOP *** [Ks 9h Kh]
KarP93: checks 
DEMONGOD9: checks 
*** TURN *** [Ks 9h Kh] [7d]
KarP93: checks 
DEMONGOD9: checks 
*** RIVER *** [Ks 9h Kh 7d] [Qd]
KarP93: checks 
DEMONGOD9: checks 
*** SHOW DOWN ***
KarP93: shows [8c As] (a pair of Kings)
DEMONGOD9: shows [Ac Jh] (a pair of Kings - Ace+Queen+Jack kicker)
DEMONGOD9 collected $4.28 from pot
*** SUMMARY ***
Total pot $4.50 | Rake $0.22 
Board [Ks 9h Kh 7d Qd]
Seat 1: ChuckNorrisQ (button) folded before Flop (didn't bet)
Seat 2: NoonTime1991 (small blind) folded before Flop
Seat 3: KarP93 (big blind) showed [8c As] and lost with a pair of Kings
Seat 4: DEMONGOD9 showed [Ac Jh] and won ($4.28) with a pair of Kings
Seat 5: mironchikvld folded before Flop (didn't bet)
Seat 6: SeEevg folded before Flop (didn't bet)



PokerStars Hand #254379274200:  Hold'em No Limit ($0.50/$1.00 USD) - 2025/01/15 9:32:12 WET [2025/01/15 4:32:12 ET]
Table 'Euryanthe III' 6-max Seat #2 is the button
Seat 1: ChuckNorrisQ ($119.06 in chips) 
Seat 2: NoonTime1991 ($108.03 in chips) 
Seat 3: KarP93 ($100 in chips) 
Seat 4: DEMONGOD9 ($164.58 in chips) 
Seat 5: mironchikvld ($100 in chips) 
Seat 6: SeEevg ($101.50 in chips) 
KarP93: posts small blind $0.50
DEMONGOD9: posts big blind $1
*** HOLE CARDS ***
mironchikvld: folds 
SeEevg: folds 
ChuckNorrisQ: raises $1.30 to $2.30
NoonTime1991: folds 
KarP93: folds 
DEMONGOD9: raises $5.70 to $8
ChuckNorrisQ: calls $5.70
*** FLOP *** [8h 3s 9d]
DEMONGOD9: checks 
ChuckNorrisQ: bets $6
DEMONGOD9: calls $6
*** TURN *** [8h 3s 9d] [Js]
DEMONGOD9: checks 
ChuckNorrisQ: bets $20.31
DEMONGOD9: folds 
Uncalled bet ($20.31) returned to ChuckNorrisQ
ChuckNorrisQ collected $27.08 from pot
ChuckNorrisQ: doesn't show hand 
*** SUMMARY ***
Total pot $28.50 | Rake $1.42 
Board [8h 3s 9d Js]
Seat 1: ChuckNorrisQ collected ($27.08)
Seat 2: NoonTime1991 (button) folded before Flop (didn't bet)
Seat 3: KarP93 (small blind) folded before Flop
Seat 4: DEMONGOD9 (big blind) folded on the Turn
Seat 5: mironchikvld folded before Flop (didn't bet)
Seat 6: SeEevg folded before Flop (didn't bet)



PokerStars Hand #254379281388:  Hold'em No Limit ($0.50/$1.00 USD) - 2025/01/15 9:33:29 WET [2025/01/15 4:33:29 ET]
Table 'Euryanthe III' 6-max Seat #3 is the button
Seat 1: ChuckNorrisQ ($132.14 in chips) 
Seat 2: NoonTime1991 ($108.03 in chips) 
Seat 3: KarP93 ($100 in chips) 
Seat 4: DEMONGOD9 ($150.58 in chips) 
Seat 5: mironchikvld ($100 in chips) 
Seat 6: SeEevg ($101.50 in chips) 
DEMONGOD9: posts small blind $0.50
mironchikvld: posts big blind $1
*** HOLE CARDS ***
SeEevg: raises $1.50 to $2.50
ChuckNorrisQ: folds 
NoonTime1991: folds 
KarP93: calls $2.50
DEMONGOD9: calls $2
mironchikvld: folds 
*** FLOP *** [9d Td 7d]
DEMONGOD9: checks 
SeEevg: checks 
KarP93: checks 
*** TURN *** [9d Td 7d] [Kc]
DEMONGOD9: checks 
SeEevg: bets $6.06
KarP93: calls $6.06
DEMONGOD9: folds 
*** RIVER *** [9d Td 7d Kc] [3c]
SeEevg: bets $6.46
KarP93: raises $16.26 to $22.72
SeEevg: calls $16.26
*** SHOW DOWN ***
KarP93: shows [Ts As] (a pair of Tens)
SeEevg: shows [Kh Th] (two pair, Kings and Tens)
SeEevg collected $63.56 from pot
*** SUMMARY ***
Total pot $66.06 | Rake $2.50 
Board [9d Td 7d Kc 3c]
Seat 1: ChuckNorrisQ folded before Flop (didn't bet)
Seat 2: NoonTime1991 folded before Flop (didn't bet)
Seat 3: KarP93 (button) showed [Ts As] and lost with a pair of Tens
Seat 4: DEMONGOD9 (small blind) folded on the Turn
Seat 5: mironchikvld (big blind) folded before Flop
Seat 6: SeEevg showed [Kh Th] and won ($63.56) with two pair, Kings and Tens



PokerStars Hand #254379290607:  Hold'em No Limit ($0.50/$1.00 USD) - 2025/01/15 9:35:06 WET [2025/01/15 4:35:06 ET]
Table 'Euryanthe III' 6-max Seat #4 is the button
Seat 1: ChuckNorrisQ ($132.14 in chips) 
Seat 2: NoonTime1991 ($108.03 in chips) 
Seat 3: KarP93 ($100 in chips) 
Seat 4: DEMONGOD9 ($148.08 in chips) 
Seat 5: mironchikvld ($100 in chips) 
Seat 6: SeEevg ($133.78 in chips) 
mironchikvld: posts small blind $0.50
SeEevg: posts big blind $1
*** HOLE CARDS ***
ChuckNorrisQ: folds 
NoonTime1991: folds 
KarP93: raises $1.50 to $2.50
DEMONGOD9: calls $2.50
mironchikvld: folds 
SeEevg: calls $1.50
*** FLOP *** [9d 8s 9h]
SeEevg: checks 
KarP93: checks 
DEMONGOD9: checks 
*** TURN *** [9d 8s 9h] [7d]
SeEevg: checks 
KarP93: checks 
DEMONGOD9: checks 
*** RIVER *** [9d 8s 9h 7d] [8d]
SeEevg: bets $7.60
KarP93: folds 
DEMONGOD9: folds 
Uncalled bet ($7.60) returned to SeEevg
SeEevg collected $7.60 from pot
SeEevg: doesn't show hand 
*** SUMMARY ***
Total pot $8 | Rake $0.40 
Board [9d 8s 9h 7d 8d]
Seat 1: ChuckNorrisQ folded before Flop (didn't bet)
Seat 2: NoonTime1991 folded before Flop (didn't bet)
Seat 3: KarP93 folded on the River
Seat 4: DEMONGOD9 (button) folded on the River
Seat 5: mironchikvld (small blind) folded before Flop
Seat 6: SeEevg (big blind) collected ($7.60)



PokerStars Hand #254379301185:  Hold'em No Limit ($0.50/$1.00 USD) - 2025/01/15 9:36:56 WET [2025/01/15 4:36:56 ET]
Table 'Euryanthe III' 6-max Seat #5 is the button
Seat 1: ChuckNorrisQ ($132.14 in chips) is sitting out
Seat 2: NoonTime1991 ($108.03 in chips) 
Seat 3: KarP93 ($100 in chips) 
Seat 4: DEMONGOD9 ($145.58 in chips) 
Seat 5: mironchikvld ($100 in chips) 
Seat 6: SeEevg ($138.88 in chips) 
SeEevg: posts small blind $0.50
ChuckNorrisQ: is sitting out 
NoonTime1991: posts big blind $1
*** HOLE CARDS ***
KarP93: folds 
DEMONGOD9: raises $1 to $2
mironchikvld: folds 
SeEevg: folds 
NoonTime1991: folds 
Uncalled bet ($1) returned to DEMONGOD9
DEMONGOD9 collected $2.50 from pot
DEMONGOD9: doesn't show hand 
*** SUMMARY ***
Total pot $2.50 | Rake $0 
Seat 1: ChuckNorrisQ
Seat 2: NoonTime1991 (big blind) folded before Flop
Seat 3: KarP93 folded before Flop (didn't bet)
Seat 4: DEMONGOD9 collected ($2.50)
Seat 5: mironchikvld (button) folded before Flop (didn't bet)
Seat 6: SeEevg (small blind) folded before Flop



PokerStars Hand #254379302474:  Hold'em No Limit ($0.50/$1.00 USD) - 2025/01/15 9:37:10 WET [2025/01/15 4:37:10 ET]
Table 'Euryanthe III' 6-max Seat #6 is the button
Seat 1: ChuckNorrisQ ($132.14 in chips) is sitting out
Seat 3: KarP93 ($100 in chips) is sitting out
Seat 2: NoonTime1991 ($107.03 in chips) 
Seat 4: DEMONGOD9 ($147.08 in chips) 
Seat 5: mironchikvld ($100 in chips) 
Seat 6: SeEevg ($138.38 in chips) 
NoonTime1991: posts small blind $0.50
KarP93: is sitting out 
DEMONGOD9: posts big blind $1
*** HOLE CARDS ***
mironchikvld: folds 
KarP93 leaves the table
SeEevg: raises $1.50 to $2.50
NoonTime1991: raises $8.50 to $11
DEMONGOD9: folds 
Burlica2013 joins the table at seat #3 
SeEevg: folds 
Uncalled bet ($8.50) returned to NoonTime1991
NoonTime1991 collected $6 from pot
NoonTime1991: doesn't show hand 
*** SUMMARY ***
Total pot $6 | Rake $0 
Seat 1: ChuckNorrisQ
Seat 3: KarP93
Seat 2: NoonTime1991 (small blind) collected ($6)
Seat 4: DEMONGOD9 (big blind) folded before Flop
Seat 5: mironchikvld folded before Flop (didn't bet)
Seat 6: SeEevg (button) folded before Flop



PokerStars Hand #254379305272:  Hold'em No Limit ($0.50/$1.00 USD) - 2025/01/15 9:37:39 WET [2025/01/15 4:37:39 ET]
Table 'Euryanthe III' 6-max Seat #2 is the button
Seat 1: ChuckNorrisQ ($132.14 in chips) is sitting out
Seat 3: Burlica2013 ($100 in chips) is sitting out
Seat 2: NoonTime1991 ($110.53 in chips) 
Seat 4: DEMONGOD9 ($146.08 in chips) 
Seat 5: mironchikvld ($100 in chips) 
Seat 6: SeEevg ($135.88 in chips) 
DEMONGOD9: posts small blind $0.50
mironchikvld: posts big blind $1
ChuckNorrisQ: sits out 
*** HOLE CARDS ***
SeEevg: raises $1.50 to $2.50
NoonTime1991: folds 
DEMONGOD9: folds 
mironchikvld: folds 
Uncalled bet ($1.50) returned to SeEevg
SeEevg collected $2.50 from pot
SeEevg: doesn't show hand 
*** SUMMARY ***
Total pot $2.50 | Rake $0 
Seat 1: ChuckNorrisQ
Seat 3: Burlica2013
Seat 2: NoonTime1991 (button) folded before Flop (didn't bet)
Seat 4: DEMONGOD9 (small blind) folded before Flop
Seat 5: mironchikvld (big blind) folded before Flop
Seat 6: SeEevg collected ($2.50)



PokerStars Hand #254379308702:  Hold'em No Limit ($0.50/$1.00 USD) - 2025/01/15 9:38:14 WET [2025/01/15 4:38:14 ET]
Table 'Euryanthe III' 6-max Seat #4 is the button
Seat 1: ChuckNorrisQ ($132.14 in chips) is sitting out
Seat 3: Burlica2013 ($100 in chips) is sitting out
Seat 2: NoonTime1991 ($110.53 in chips) 
Seat 4: DEMONGOD9 ($145.58 in chips) 
Seat 5: mironchikvld ($100 in chips) 
Seat 6: SeEevg ($137.38 in chips) 
mironchikvld: posts small blind $0.50
SeEevg: posts big blind $1
ChuckNorrisQ: sits out 
Burlica2013: sits out 
*** HOLE CARDS ***
NoonTime1991: folds 
DEMONGOD9: raises $1 to $2
mironchikvld: folds 
SeEevg: folds 
Uncalled bet ($1) returned to DEMONGOD9
DEMONGOD9 collected $2.50 from pot
DEMONGOD9: doesn't show hand 
*** SUMMARY ***
Total pot $2.50 | Rake $0 
Seat 1: ChuckNorrisQ
Seat 3: Burlica2013
Seat 2: NoonTime1991 folded before Flop (didn't bet)
Seat 4: DEMONGOD9 (button) collected ($2.50)
Seat 5: mironchikvld (small blind) folded before Flop
Seat 6: SeEevg (big blind) folded before Flop



PokerStars Hand #254379310348:  Hold'em No Limit ($0.50/$1.00 USD) - 2025/01/15 9:38:30 WET [2025/01/15 4:38:30 ET]
Table 'Euryanthe III' 6-max Seat #5 is the button
Seat 3: Burlica2013 ($100 in chips) is sitting out
Seat 1: ChuckNorrisQ ($132.14 in chips) 
Seat 2: NoonTime1991 ($110.53 in chips) 
Seat 4: DEMONGOD9 ($147.08 in chips) 
Seat 5: mironchikvld ($100 in chips) 
Seat 6: SeEevg ($136.38 in chips) 
SeEevg: posts small blind $0.50
ChuckNorrisQ: posts big blind $1
Burlica2013: sits out 
*** HOLE CARDS ***
NoonTime1991: folds 
DEMONGOD9: folds 
mironchikvld: raises $2 to $3
SeEevg: raises $8 to $11
ChuckNorrisQ: folds 
mironchikvld: calls $8
*** FLOP *** [8d 3d 3h]
SeEevg: bets $14.42
mironchikvld: calls $14.42
*** TURN *** [8d 3d 3h] [Kd]
SeEevg: checks 
mironchikvld: checks 
*** RIVER *** [8d 3d 3h Kd] [Ac]
SeEevg: bets $5.92
mironchikvld: folds 
Uncalled bet ($5.92) returned to SeEevg
SeEevg collected $49.34 from pot
SeEevg: doesn't show hand 
*** SUMMARY ***
Total pot $51.84 | Rake $2.50 
Board [8d 3d 3h Kd Ac]
Seat 3: Burlica2013
Seat 1: ChuckNorrisQ (big blind) folded before Flop
Seat 2: NoonTime1991 folded before Flop (didn't bet)
Seat 4: DEMONGOD9 folded before Flop (didn't bet)
Seat 5: mironchikvld (button) folded on the River
Seat 6: SeEevg (small blind) collected ($49.34)



PokerStars Hand #254379321517:  Hold'em No Limit ($0.50/$1.00 USD) - 2025/01/15 9:40:25 WET [2025/01/15 4:40:25 ET]
Table 'Euryanthe III' 6-max Seat #6 is the button
Seat 3: Burlica2013 ($100 in chips) is sitting out
Seat 1: ChuckNorrisQ ($131.14 in chips) 
Seat 2: NoonTime1991 ($110.53 in chips) 
Seat 4: DEMONGOD9 ($147.08 in chips) 
Seat 5: mironchikvld ($100 in chips) 
Seat 6: SeEevg ($160.30 in chips) 
ChuckNorrisQ: posts small blind $0.50
NoonTime1991: posts big blind $1
Burlica2013: sits out 
*** HOLE CARDS ***
DEMONGOD9: folds 
mironchikvld: folds 
SeEevg: folds 
ChuckNorrisQ: raises $2 to $3
NoonTime1991: folds 
Uncalled bet ($2) returned to ChuckNorrisQ
ChuckNorrisQ collected $2 from pot
ChuckNorrisQ: doesn't show hand 
*** SUMMARY ***
Total pot $2 | Rake $0 
Seat 3: Burlica2013
Seat 1: ChuckNorrisQ (small blind) collected ($2)
Seat 2: NoonTime1991 (big blind) folded before Flop
Seat 4: DEMONGOD9 folded before Flop (didn't bet)
Seat 5: mironchikvld folded before Flop (didn't bet)
Seat 6: SeEevg (button) folded before Flop (didn't bet)



PokerStars Hand #254379322938:  Hold'em No Limit ($0.50/$1.00 USD) - 2025/01/15 9:40:40 WET [2025/01/15 4:40:40 ET]
Table 'Euryanthe III' 6-max Seat #1 is the button
Seat 1: ChuckNorrisQ ($132.14 in chips) 
Seat 2: NoonTime1991 ($109.53 in chips) 
Seat 3: Burlica2013 ($100 in chips) 
Seat 4: DEMONGOD9 ($147.08 in chips) 
Seat 5: mironchikvld ($100 in chips) 
Seat 6: SeEevg ($160.30 in chips) 
NoonTime1991: posts small blind $0.50
Burlica2013: posts big blind $1
*** HOLE CARDS ***
DEMONGOD9: folds 
mironchikvld: folds 
SeEevg: raises $1.50 to $2.50
ChuckNorrisQ: folds 
NoonTime1991: folds 
Burlica2013: folds 
Uncalled bet ($1.50) returned to SeEevg
SeEevg collected $2.50 from pot
SeEevg: doesn't show hand 
*** SUMMARY ***
Total pot $2.50 | Rake $0 
Seat 1: ChuckNorrisQ (button) folded before Flop (didn't bet)
Seat 2: NoonTime1991 (small blind) folded before Flop
Seat 3: Burlica2013 (big blind) folded before Flop
Seat 4: DEMONGOD9 folded before Flop (didn't bet)
Seat 5: mironchikvld folded before Flop (didn't bet)
Seat 6: SeEevg collected ($2.50)



PokerStars Hand #254379325690:  Hold'em No Limit ($0.50/$1.00 USD) - 2025/01/15 9:41:07 WET [2025/01/15 4:41:07 ET]
Table 'Euryanthe III' 6-max Seat #2 is the button
Seat 1: ChuckNorrisQ ($132.14 in chips) 
Seat 2: NoonTime1991 ($109.03 in chips) 
Seat 3: Burlica2013 ($100 in chips) 
Seat 4: DEMONGOD9 ($147.08 in chips) 
Seat 5: mironchikvld ($100 in chips) 
Seat 6: SeEevg ($161.80 in chips) 
Burlica2013: posts small blind $0.50
DEMONGOD9: posts big blind $1
*** HOLE CARDS ***
mironchikvld has timed out
mironchikvld: folds 
SeEevg: folds 
ChuckNorrisQ: raises $1.30 to $2.30
NoonTime1991: folds 
Burlica2013: folds 
DEMONGOD9: calls $1.30
*** FLOP *** [8c 6s 8s]
DEMONGOD9: checks 
ChuckNorrisQ has timed out
ChuckNorrisQ: checks 
*** TURN *** [8c 6s 8s] [Jc]
DEMONGOD9: checks 
ChuckNorrisQ: bets $3.63
DEMONGOD9: folds 
Uncalled bet ($3.63) returned to ChuckNorrisQ
ChuckNorrisQ collected $4.84 from pot
ChuckNorrisQ: doesn't show hand 
*** SUMMARY ***
Total pot $5.10 | Rake $0.26 
Board [8c 6s 8s Jc]
Seat 1: ChuckNorrisQ collected ($4.84)
Seat 2: NoonTime1991 (button) folded before Flop (didn't bet)
Seat 3: Burlica2013 (small blind) folded before Flop
Seat 4: DEMONGOD9 (big blind) folded on the Turn
Seat 5: mironchikvld folded before Flop (didn't bet)
Seat 6: SeEevg folded before Flop (didn't bet)



PokerStars Hand #254379333066:  Hold'em No Limit ($0.50/$1.00 USD) - 2025/01/15 9:42:19 WET [2025/01/15 4:42:19 ET]
Table 'Euryanthe III' 6-max Seat #3 is the button
Seat 5: mironchikvld ($100 in chips) is sitting out
Seat 1: ChuckNorrisQ ($134.68 in chips) 
Seat 2: NoonTime1991 ($109.03 in chips) 
Seat 3: Burlica2013 ($100 in chips) 
Seat 4: DEMONGOD9 ($144.78 in chips) 
Seat 6: SeEevg ($161.80 in chips) 
DEMONGOD9: posts small blind $0.50
SeEevg: posts big blind $1
*** HOLE CARDS ***
ChuckNorrisQ: folds 
NoonTime1991: raises $2 to $3
Burlica2013: folds 
DEMONGOD9: folds 
SeEevg: folds 
Uncalled bet ($2) returned to NoonTime1991
NoonTime1991 collected $2.50 from pot
NoonTime1991: doesn't show hand 
*** SUMMARY ***
Total pot $2.50 | Rake $0 
Seat 5: mironchikvld
Seat 1: ChuckNorrisQ folded before Flop (didn't bet)
Seat 2: NoonTime1991 collected ($2.50)
Seat 3: Burlica2013 (button) folded before Flop (didn't bet)
Seat 4: DEMONGOD9 (small blind) folded before Flop
Seat 6: SeEevg (big blind) folded before Flop



PokerStars Hand #254379335903:  Hold'em No Limit ($0.50/$1.00 USD) - 2025/01/15 9:42:47 WET [2025/01/15 4:42:47 ET]
Table 'Euryanthe III' 6-max Seat #4 is the button
Seat 1: ChuckNorrisQ ($134.68 in chips) is sitting out
Seat 5: mironchikvld ($100 in chips) is sitting out
Seat 2: NoonTime1991 ($110.53 in chips) 
Seat 3: Burlica2013 ($100 in chips) 
Seat 4: DEMONGOD9 ($144.28 in chips) 
Seat 6: SeEevg ($160.80 in chips) 
SeEevg: posts small blind $0.50
ChuckNorrisQ: is sitting out 
NoonTime1991: posts big blind $1
*** HOLE CARDS ***
Burlica2013: folds 
DEMONGOD9: folds 
SeEevg: folds 
Uncalled bet ($0.50) returned to NoonTime1991
NoonTime1991 collected $1 from pot
NoonTime1991: doesn't show hand 
*** SUMMARY ***
Total pot $1 | Rake $0 
Seat 1: ChuckNorrisQ
Seat 5: mironchikvld
Seat 2: NoonTime1991 (big blind) collected ($1)
Seat 3: Burlica2013 folded before Flop (didn't bet)
Seat 4: DEMONGOD9 (button) folded before Flop (didn't bet)
Seat 6: SeEevg (small blind) folded before Flop



PokerStars Hand #254379336993:  Hold'em No Limit ($0.50/$1.00 USD) - 2025/01/15 9:42:57 WET [2025/01/15 4:42:57 ET]
Table 'Euryanthe III' 6-max Seat #6 is the button
Seat 1: ChuckNorrisQ ($134.68 in chips) is sitting out
Seat 5: mironchikvld ($100 in chips) is sitting out
Seat 2: NoonTime1991 ($111.03 in chips) 
Seat 3: Burlica2013 ($100 in chips) 
Seat 4: DEMONGOD9 ($144.28 in chips) 
Seat 6: SeEevg ($160.30 in chips) 
NoonTime1991: posts small blind $0.50
Burlica2013: posts big blind $1
mironchikvld: sits out 
*** HOLE CARDS ***
DEMONGOD9: raises $1 to $2
SeEevg: folds 
NoonTime1991: folds 
Burlica2013: calls $1
*** FLOP *** [4s Kc 6c]
Burlica2013: checks 
DEMONGOD9: bets $2.14
Burlica2013: folds 
Uncalled bet ($2.14) returned to DEMONGOD9
DEMONGOD9 collected $4.28 from pot
DEMONGOD9: doesn't show hand 
*** SUMMARY ***
Total pot $4.50 | Rake $0.22 
Board [4s Kc 6c]
Seat 1: ChuckNorrisQ
Seat 5: mironchikvld
Seat 2: NoonTime1991 (small blind) folded before Flop
Seat 3: Burlica2013 (big blind) folded on the Flop
Seat 4: DEMONGOD9 collected ($4.28)
Seat 6: SeEevg (button) folded before Flop (didn't bet)



PokerStars Hand #254379341116:  Hold'em No Limit ($0.50/$1.00 USD) - 2025/01/15 9:43:37 WET [2025/01/15 4:43:37 ET]
Table 'Euryanthe III' 6-max Seat #2 is the button
Seat 1: ChuckNorrisQ ($134.68 in chips) is sitting out
Seat 5: mironchikvld ($100 in chips) is sitting out
Seat 2: NoonTime1991 ($110.53 in chips) 
Seat 3: Burlica2013 ($100 in chips) 
Seat 4: DEMONGOD9 ($146.56 in chips) 
Seat 6: SeEevg ($160.30 in chips) 
Burlica2013: posts small blind $0.50
DEMONGOD9: posts big blind $1
mironchikvld: sits out 
ChuckNorrisQ: sits out 
*** HOLE CARDS ***
SeEevg: folds 
NoonTime1991: raises $1 to $2
Burlica2013: folds 
DEMONGOD9: calls $1
*** FLOP *** [4h 7s 2d]
DEMONGOD9: checks 
NoonTime1991: checks 
*** TURN *** [4h 7s 2d] [7h]
DEMONGOD9: checks 
NoonTime1991: checks 
*** RIVER *** [4h 7s 2d 7h] [Qc]
DEMONGOD9: bets $3
NoonTime1991: folds 
Uncalled bet ($3) returned to DEMONGOD9
DEMONGOD9 collected $4.28 from pot
DEMONGOD9: doesn't show hand 
*** SUMMARY ***
Total pot $4.50 | Rake $0.22 
Board [4h 7s 2d 7h Qc]
Seat 1: ChuckNorrisQ
Seat 5: mironchikvld
Seat 2: NoonTime1991 (button) folded on the River
Seat 3: Burlica2013 (small blind) folded before Flop
Seat 4: DEMONGOD9 (big blind) collected ($4.28)
Seat 6: SeEevg folded before Flop (didn't bet)



PokerStars Hand #254379344726:  Hold'em No Limit ($0.50/$1.00 USD) - 2025/01/15 9:44:12 WET [2025/01/15 4:44:12 ET]
Table 'Euryanthe III' 6-max Seat #4 is the button
Seat 3: Burlica2013 ($100 in chips) is sitting out
Seat 5: mironchikvld ($100 in chips) is sitting out
Seat 1: ChuckNorrisQ ($134.68 in chips) 
Seat 2: NoonTime1991 ($108.53 in chips) 
Seat 4: DEMONGOD9 ($148.84 in chips) 
Seat 6: SeEevg ($160.30 in chips) 
SeEevg: posts small blind $0.50
ChuckNorrisQ: posts big blind $1
*** HOLE CARDS ***
NoonTime1991: raises $1 to $2
DEMONGOD9: calls $2
SeEevg: folds 
ChuckNorrisQ: folds 
*** FLOP *** [6h Kh 7d]
NoonTime1991: bets $3.45
DEMONGOD9: calls $3.45
*** TURN *** [6h Kh 7d] [7h]
NoonTime1991: checks 
DEMONGOD9: bets $3.89
NoonTime1991: calls $3.89
*** RIVER *** [6h Kh 7d 7h] [7c]
NoonTime1991: bets $9.59
DEMONGOD9: calls $9.59
*** SHOW DOWN ***
NoonTime1991: shows [9c Kc] (a full house, Sevens full of Kings)
DEMONGOD9: mucks hand 
NoonTime1991 collected $38.36 from pot
*** SUMMARY ***
Total pot $39.36 | Rake $1 
Board [6h Kh 7d 7h 7c]
Seat 3: Burlica2013
Seat 5: mironchikvld
Seat 1: ChuckNorrisQ (big blind) folded before Flop
Seat 2: NoonTime1991 showed [9c Kc] and won ($38.36) with a full house, Sevens full of Kings
Seat 4: DEMONGOD9 (button) mucked
Seat 6: SeEevg (small blind) folded before Flop



PokerStars Hand #254379352388:  Hold'em No Limit ($0.50/$1.00 USD) - 2025/01/15 9:45:24 WET [2025/01/15 4:45:24 ET]
Table 'Euryanthe III' 6-max Seat #6 is the button
Seat 3: Burlica2013 ($100 in chips) is sitting out
Seat 5: mironchikvld ($100 in chips) is sitting out
Seat 1: ChuckNorrisQ ($133.68 in chips) 
Seat 2: NoonTime1991 ($127.96 in chips) 
Seat 4: DEMONGOD9 ($129.91 in chips) 
Seat 6: SeEevg ($159.80 in chips) 
ChuckNorrisQ: posts small blind $0.50
NoonTime1991: posts big blind $1
mironchikvld: sits out 
*** HOLE CARDS ***
DEMONGOD9: folds 
SeEevg: raises $1.50 to $2.50
ChuckNorrisQ: folds 
NoonTime1991: folds 
Uncalled bet ($1.50) returned to SeEevg
SeEevg collected $2.50 from pot
SeEevg: doesn't show hand 
*** SUMMARY ***
Total pot $2.50 | Rake $0 
Seat 3: Burlica2013
Seat 5: mironchikvld
Seat 1: ChuckNorrisQ (small blind) folded before Flop
Seat 2: NoonTime1991 (big blind) folded before Flop
Seat 4: DEMONGOD9 folded before Flop (didn't bet)
Seat 6: SeEevg (button) collected ($2.50)



PokerStars Hand #254379353486:  Hold'em No Limit ($0.50/$1.00 USD) - 2025/01/15 9:45:34 WET [2025/01/15 4:45:34 ET]
Table 'Euryanthe III' 6-max Seat #1 is the button
Seat 3: Burlica2013 ($100 in chips) is sitting out
Seat 5: mironchikvld ($100 in chips) is sitting out
Seat 1: ChuckNorrisQ ($133.18 in chips) 
Seat 2: NoonTime1991 ($126.96 in chips) 
Seat 4: DEMONGOD9 ($129.91 in chips) 
Seat 6: SeEevg ($161.30 in chips) 
NoonTime1991: posts small blind $0.50
DEMONGOD9: posts big blind $1
mironchikvld: sits out 
*** HOLE CARDS ***
SeEevg: folds 
ChuckNorrisQ: folds 
NoonTime1991: folds 
Uncalled bet ($0.50) returned to DEMONGOD9
DEMONGOD9 collected $1 from pot
DEMONGOD9: doesn't show hand 
*** SUMMARY ***
Total pot $1 | Rake $0 
Seat 3: Burlica2013
Seat 5: mironchikvld
Seat 1: ChuckNorrisQ (button) folded before Flop (didn't bet)
Seat 2: NoonTime1991 (small blind) folded before Flop
Seat 4: DEMONGOD9 (big blind) collected ($1)
Seat 6: SeEevg folded before Flop (didn't bet)



PokerStars Hand #254379354909:  Hold'em No Limit ($0.50/$1.00 USD) - 2025/01/15 9:45:48 WET [2025/01/15 4:45:48 ET]
Table 'Euryanthe III' 6-max Seat #2 is the button
Seat 3: Burlica2013 ($100 in chips) is sitting out
Seat 1: ChuckNorrisQ ($133.18 in chips) 
Seat 2: NoonTime1991 ($126.46 in chips) 
Seat 4: DEMONGOD9 ($130.41 in chips) 
Seat 5: mironchikvld ($100 in chips) 
Seat 6: SeEevg ($161.30 in chips) 
DEMONGOD9: posts small blind $0.50
mironchikvld: posts big blind $1
*** HOLE CARDS ***
SeEevg: raises $1.50 to $2.50
ChuckNorrisQ: folds 
NoonTime1991: folds 
DEMONGOD9: calls $2
mironchikvld: calls $1.50
*** FLOP *** [Ah Kd Qd]
DEMONGOD9: checks 
mironchikvld: checks 
SeEevg: checks 
*** TURN *** [Ah Kd Qd] [9h]
DEMONGOD9: checks 
mironchikvld: checks 
SeEevg: checks 
*** RIVER *** [Ah Kd Qd 9h] [Jh]
DEMONGOD9: checks 
mironchikvld: checks 
SeEevg: bets $3.56
DEMONGOD9: folds 
mironchikvld: folds 
Uncalled bet ($3.56) returned to SeEevg
SeEevg collected $7.12 from pot
SeEevg: doesn't show hand 
*** SUMMARY ***
Total pot $7.50 | Rake $0.38 
Board [Ah Kd Qd 9h Jh]
Seat 3: Burlica2013
Seat 1: ChuckNorrisQ folded before Flop (didn't bet)
Seat 2: NoonTime1991 (button) folded before Flop (didn't bet)
Seat 4: DEMONGOD9 (small blind) folded on the River
Seat 5: mironchikvld (big blind) folded on the River
Seat 6: SeEevg collected ($7.12)



PokerStars Hand #254379365920:  Hold'em No Limit ($0.50/$1.00 USD) - 2025/01/15 9:47:33 WET [2025/01/15 4:47:33 ET]
Table 'Euryanthe III' 6-max Seat #4 is the button
Seat 3: Burlica2013 ($100 in chips) is sitting out
Seat 1: ChuckNorrisQ ($133.18 in chips) 
Seat 2: NoonTime1991 ($126.46 in chips) 
Seat 4: DEMONGOD9 ($127.91 in chips) 
Seat 5: mironchikvld ($100 in chips) 
Seat 6: SeEevg ($165.92 in chips) 
mironchikvld: posts small blind $0.50
SeEevg: posts big blind $1
*** HOLE CARDS ***
ChuckNorrisQ: folds 
NoonTime1991: raises $2 to $3
DEMONGOD9: calls $3
mironchikvld: folds 
SeEevg: calls $2
*** FLOP *** [8c 7s Ad]
SeEevg: checks 
NoonTime1991: checks 
DEMONGOD9: checks 
*** TURN *** [8c 7s Ad] [5s]
SeEevg: bets $6.77
NoonTime1991: folds 
DEMONGOD9: folds 
Uncalled bet ($6.77) returned to SeEevg
SeEevg collected $9.02 from pot
SeEevg: doesn't show hand 
*** SUMMARY ***
Total pot $9.50 | Rake $0.48 
Board [8c 7s Ad 5s]
Seat 3: Burlica2013
Seat 1: ChuckNorrisQ folded before Flop (didn't bet)
Seat 2: NoonTime1991 folded on the Turn
Seat 4: DEMONGOD9 (button) folded on the Turn
Seat 5: mironchikvld (small blind) folded before Flop
Seat 6: SeEevg (big blind) collected ($9.02)



PokerStars Hand #254379372731:  Hold'em No Limit ($0.50/$1.00 USD) - 2025/01/15 9:48:39 WET [2025/01/15 4:48:39 ET]
Table 'Euryanthe III' 6-max Seat #5 is the button
Seat 1: ChuckNorrisQ ($133.18 in chips) is sitting out
Seat 3: Burlica2013 ($100 in chips) is sitting out
Seat 2: NoonTime1991 ($123.46 in chips) 
Seat 4: DEMONGOD9 ($124.91 in chips) 
Seat 5: mironchikvld ($100 in chips) 
Seat 6: SeEevg ($171.94 in chips) 
SeEevg: posts small blind $0.50
ChuckNorrisQ: is sitting out 
NoonTime1991: posts big blind $1
*** HOLE CARDS ***
DEMONGOD9: folds 
mironchikvld: raises $2 to $3
SeEevg: folds 
NoonTime1991: folds 
Uncalled bet ($2) returned to mironchikvld
mironchikvld collected $2.50 from pot
mironchikvld: doesn't show hand 
*** SUMMARY ***
Total pot $2.50 | Rake $0 
Seat 1: ChuckNorrisQ
Seat 3: Burlica2013
Seat 2: NoonTime1991 (big blind) folded before Flop
Seat 4: DEMONGOD9 folded before Flop (didn't bet)
Seat 5: mironchikvld (button) collected ($2.50)
Seat 6: SeEevg (small blind) folded before Flop



PokerStars Hand #254379375087:  Hold'em No Limit ($0.50/$1.00 USD) - 2025/01/15 9:49:01 WET [2025/01/15 4:49:01 ET]
Table 'Euryanthe III' 6-max Seat #6 is the button
Seat 1: ChuckNorrisQ ($133.18 in chips) is sitting out
Seat 3: Burlica2013 ($100 in chips) is sitting out
Seat 2: NoonTime1991 ($122.46 in chips) 
Seat 4: DEMONGOD9 ($124.91 in chips) 
Seat 5: mironchikvld ($101.50 in chips) 
Seat 6: SeEevg ($171.44 in chips) 
NoonTime1991: posts small blind $0.50
DEMONGOD9: posts big blind $1
*** HOLE CARDS ***
mironchikvld: raises $2 to $3
SeEevg: folds 
NoonTime1991: folds 
DEMONGOD9: folds 
Uncalled bet ($2) returned to mironchikvld
mironchikvld collected $2.50 from pot
mironchikvld: doesn't show hand 
*** SUMMARY ***
Total pot $2.50 | Rake $0 
Seat 1: ChuckNorrisQ
Seat 3: Burlica2013
Seat 2: NoonTime1991 (small blind) folded before Flop
Seat 4: DEMONGOD9 (big blind) folded before Flop
Seat 5: mironchikvld collected ($2.50)
Seat 6: SeEevg (button) folded before Flop (didn't bet)



PokerStars Hand #254379376352:  Hold'em No Limit ($0.50/$1.00 USD) - 2025/01/15 9:49:13 WET [2025/01/15 4:49:13 ET]
Table 'Euryanthe III' 6-max Seat #2 is the button
Seat 1: ChuckNorrisQ ($133.18 in chips) is sitting out
Seat 3: Burlica2013 ($100 in chips) is sitting out
Seat 2: NoonTime1991 ($121.96 in chips) 
Seat 4: DEMONGOD9 ($123.91 in chips) 
Seat 5: mironchikvld ($103 in chips) 
Seat 6: SeEevg ($171.44 in chips) 
DEMONGOD9: posts small blind $0.50
mironchikvld: posts big blind $1
ChuckNorrisQ: sits out 
*** HOLE CARDS ***
SeEevg: folds 
NoonTime1991: folds 
DEMONGOD9: folds 
Uncalled bet ($0.50) returned to mironchikvld
mironchikvld collected $1 from pot
mironchikvld: doesn't show hand 
*** SUMMARY ***
Total pot $1 | Rake $0 
Seat 1: ChuckNorrisQ
Seat 3: Burlica2013
Seat 2: NoonTime1991 (button) folded before Flop (didn't bet)
Seat 4: DEMONGOD9 (small blind) folded before Flop
Seat 5: mironchikvld (big blind) collected ($1)
Seat 6: SeEevg folded before Flop (didn't bet)



PokerStars Hand #254379377294:  Hold'em No Limit ($0.50/$1.00 USD) - 2025/01/15 9:49:23 WET [2025/01/15 4:49:23 ET]
Table 'Euryanthe III' 6-max Seat #4 is the button
Seat 1: ChuckNorrisQ ($133.18 in chips) is sitting out
Seat 3: Burlica2013 ($100 in chips) is sitting out
Seat 2: NoonTime1991 ($121.96 in chips) 
Seat 4: DEMONGOD9 ($123.41 in chips) 
Seat 5: mironchikvld ($103.50 in chips) 
Seat 6: SeEevg ($171.44 in chips) 
mironchikvld: posts small blind $0.50
SeEevg: posts big blind $1
ChuckNorrisQ: sits out 
*** HOLE CARDS ***
NoonTime1991: raises $1 to $2
DEMONGOD9: calls $2
mironchikvld: folds 
SeEevg: folds 
*** FLOP *** [Td Ad 8h]
NoonTime1991: checks 
DEMONGOD9: checks 
*** TURN *** [Td Ad 8h] [Jc]
NoonTime1991: bets $1.31
DEMONGOD9: calls $1.31
*** RIVER *** [Td Ad 8h Jc] [As]
NoonTime1991: checks 
DEMONGOD9: checks 
*** SHOW DOWN ***
NoonTime1991: shows [7h 7c] (two pair, Aces and Sevens)
DEMONGOD9: shows [Kh Js] (two pair, Aces and Jacks)
DEMONGOD9 collected $7.71 from pot
*** SUMMARY ***
Total pot $8.12 | Rake $0.41 
Board [Td Ad 8h Jc As]
Seat 1: ChuckNorrisQ
Seat 3: Burlica2013
Seat 2: NoonTime1991 showed [7h 7c] and lost with two pair, Aces and Sevens
Seat 4: DEMONGOD9 (button) showed [Kh Js] and won ($7.71) with two pair, Aces and Jacks
Seat 5: mironchikvld (small blind) folded before Flop
Seat 6: SeEevg (big blind) folded before Flop



PokerStars Hand #254379382856:  Hold'em No Limit ($0.50/$1.00 USD) - 2025/01/15 9:50:15 WET [2025/01/15 4:50:15 ET]
Table 'Euryanthe III' 6-max Seat #5 is the button
Seat 3: Burlica2013 ($100 in chips) is sitting out
Seat 1: ChuckNorrisQ ($133.18 in chips) 
Seat 2: NoonTime1991 ($118.65 in chips) 
Seat 4: DEMONGOD9 ($127.81 in chips) 
Seat 5: mironchikvld ($103 in chips) 
Seat 6: SeEevg ($170.44 in chips) 
SeEevg: posts small blind $0.50
ChuckNorrisQ: posts big blind $1
*** HOLE CARDS ***
NoonTime1991: folds 
DEMONGOD9: folds 
mironchikvld: raises $2 to $3
SeEevg: folds 
ChuckNorrisQ: folds 
Uncalled bet ($2) returned to mironchikvld
mironchikvld collected $2.50 from pot
mironchikvld: doesn't show hand 
*** SUMMARY ***
Total pot $2.50 | Rake $0 
Seat 3: Burlica2013
Seat 1: ChuckNorrisQ (big blind) folded before Flop
Seat 2: NoonTime1991 folded before Flop (didn't bet)
Seat 4: DEMONGOD9 folded before Flop (didn't bet)
Seat 5: mironchikvld (button) collected ($2.50)
Seat 6: SeEevg (small blind) folded before Flop



PokerStars Hand #254379384929:  Hold'em No Limit ($0.50/$1.00 USD) - 2025/01/15 9:50:35 WET [2025/01/15 4:50:35 ET]
Table 'Euryanthe III' 6-max Seat #6 is the button
Seat 3: Burlica2013 ($100 in chips) is sitting out
Seat 1: ChuckNorrisQ ($132.18 in chips) 
Seat 2: NoonTime1991 ($118.65 in chips) 
Seat 4: DEMONGOD9 ($127.81 in chips) 
Seat 5: mironchikvld ($104.50 in chips) 
Seat 6: SeEevg ($169.94 in chips) 
ChuckNorrisQ: posts small blind $0.50
NoonTime1991: posts big blind $1
*** HOLE CARDS ***
DEMONGOD9: folds 
mironchikvld: folds 
SeEevg: folds 
ChuckNorrisQ: raises $2 to $3
NoonTime1991: calls $2
*** FLOP *** [4c 3s Ad]
ChuckNorrisQ: checks 
NoonTime1991: checks 
*** TURN *** [4c 3s Ad] [5h]
ChuckNorrisQ: checks 
NoonTime1991: checks 
*** RIVER *** [4c 3s Ad 5h] [3d]
ChuckNorrisQ: bets $2.85
NoonTime1991: folds 
Uncalled bet ($2.85) returned to ChuckNorrisQ
ChuckNorrisQ collected $5.70 from pot
ChuckNorrisQ: doesn't show hand 
*** SUMMARY ***
Total pot $6 | Rake $0.30 
Board [4c 3s Ad 5h 3d]
Seat 3: Burlica2013
Seat 1: ChuckNorrisQ (small blind) collected ($5.70)
Seat 2: NoonTime1991 (big blind) folded on the River
Seat 4: DEMONGOD9 folded before Flop (didn't bet)
Seat 5: mironchikvld folded before Flop (didn't bet)
Seat 6: SeEevg (button) folded before Flop (didn't bet)



PokerStars Hand #254379390332:  Hold'em No Limit ($0.50/$1.00 USD) - 2025/01/15 9:51:26 WET [2025/01/15 4:51:26 ET]
Table 'Euryanthe III' 6-max Seat #1 is the button
Seat 3: Burlica2013 ($100 in chips) is sitting out
Seat 1: ChuckNorrisQ ($134.88 in chips) 
Seat 2: NoonTime1991 ($115.65 in chips) 
Seat 4: DEMONGOD9 ($127.81 in chips) 
Seat 5: mironchikvld ($104.50 in chips) 
Seat 6: SeEevg ($169.94 in chips) 
NoonTime1991: posts small blind $0.50
DEMONGOD9: posts big blind $1
*** HOLE CARDS ***
mironchikvld has timed out
mironchikvld: folds 
SeEevg: folds 
ChuckNorrisQ: folds 
NoonTime1991: folds 
Uncalled bet ($0.50) returned to DEMONGOD9
DEMONGOD9 collected $1 from pot
DEMONGOD9: doesn't show hand 
*** SUMMARY ***
Total pot $1 | Rake $0 
Seat 3: Burlica2013
Seat 1: ChuckNorrisQ (button) folded before Flop (didn't bet)
Seat 2: NoonTime1991 (small blind) folded before Flop
Seat 4: DEMONGOD9 (big blind) collected ($1)
Seat 5: mironchikvld folded before Flop (didn't bet)
Seat 6: SeEevg folded before Flop (didn't bet)



PokerStars Hand #254379392119:  Hold'em No Limit ($0.50/$1.00 USD) - 2025/01/15 9:51:44 WET [2025/01/15 4:51:44 ET]
Table 'Euryanthe III' 6-max Seat #2 is the button
Seat 3: Burlica2013 ($100 in chips) is sitting out
Seat 1: ChuckNorrisQ ($134.88 in chips) 
Seat 2: NoonTime1991 ($115.15 in chips) 
Seat 4: DEMONGOD9 ($128.31 in chips) 
Seat 5: mironchikvld ($104.50 in chips) 
Seat 6: SeEevg ($169.94 in chips) 
DEMONGOD9: posts small blind $0.50
mironchikvld: posts big blind $1
*** HOLE CARDS ***
SeEevg: raises $1.50 to $2.50
ChuckNorrisQ: folds 
NoonTime1991: folds 
DEMONGOD9: calls $2
mironchikvld: folds 
*** FLOP *** [Jc 7d 6s]
DEMONGOD9: checks 
SeEevg: bets $1.88
DEMONGOD9: raises $4.73 to $6.61
SeEevg: folds 
Uncalled bet ($4.73) returned to DEMONGOD9
DEMONGOD9 collected $9.27 from pot
DEMONGOD9: doesn't show hand 
*** SUMMARY ***
Total pot $9.76 | Rake $0.49 
Board [Jc 7d 6s]
Seat 3: Burlica2013
Seat 1: ChuckNorrisQ folded before Flop (didn't bet)
Seat 2: NoonTime1991 (button) folded before Flop (didn't bet)
Seat 4: DEMONGOD9 (small blind) collected ($9.27)
Seat 5: mironchikvld (big blind) folded before Flop
Seat 6: SeEevg folded on the Flop



PokerStars Hand #254379396093:  Hold'em No Limit ($0.50/$1.00 USD) - 2025/01/15 9:52:22 WET [2025/01/15 4:52:22 ET]
Table 'Euryanthe III' 6-max Seat #4 is the button
Seat 3: Burlica2013 ($100 in chips) is sitting out
Seat 1: ChuckNorrisQ ($134.88 in chips) 
Seat 2: NoonTime1991 ($115.15 in chips) 
Seat 4: DEMONGOD9 ($133.20 in chips) 
Seat 5: mironchikvld ($103.50 in chips) 
Seat 6: SeEevg ($165.56 in chips) 
mironchikvld: posts small blind $0.50
SeEevg: posts big blind $1
*** HOLE CARDS ***
ChuckNorrisQ: folds 
NoonTime1991: folds 
DEMONGOD9: folds 
mironchikvld: folds 
Uncalled bet ($0.50) returned to SeEevg
SeEevg collected $1 from pot
SeEevg: doesn't show hand 
*** SUMMARY ***
Total pot $1 | Rake $0 
Seat 3: Burlica2013
Seat 1: ChuckNorrisQ folded before Flop (didn't bet)
Seat 2: NoonTime1991 folded before Flop (didn't bet)
Seat 4: DEMONGOD9 (button) folded before Flop (didn't bet)
Seat 5: mironchikvld (small blind) folded before Flop
Seat 6: SeEevg (big blind) collected ($1)



PokerStars Hand #254379397913:  Hold'em No Limit ($0.50/$1.00 USD) - 2025/01/15 9:52:40 WET [2025/01/15 4:52:40 ET]
Table 'Euryanthe III' 6-max Seat #5 is the button
Seat 3: Burlica2013 ($100 in chips) is sitting out
Seat 1: ChuckNorrisQ ($134.88 in chips) 
Seat 2: NoonTime1991 ($115.15 in chips) 
Seat 4: DEMONGOD9 ($133.20 in chips) 
Seat 5: mironchikvld ($103 in chips) 
Seat 6: SeEevg ($166.06 in chips) 
SeEevg: posts small blind $0.50
ChuckNorrisQ: posts big blind $1
*** HOLE CARDS ***
NoonTime1991: folds 
DEMONGOD9: folds 
mironchikvld: raises $2 to $3
SeEevg: raises $8 to $11
ChuckNorrisQ: folds 
mironchikvld: raises $12 to $23
SeEevg: folds 
Uncalled bet ($12) returned to mironchikvld
mironchikvld collected $23 from pot
mironchikvld: doesn't show hand 
*** SUMMARY ***
Total pot $23 | Rake $0 
Seat 3: Burlica2013
Seat 1: ChuckNorrisQ (big blind) folded before Flop
Seat 2: NoonTime1991 folded before Flop (didn't bet)
Seat 4: DEMONGOD9 folded before Flop (didn't bet)
Seat 5: mironchikvld (button) collected ($23)
Seat 6: SeEevg (small blind) folded before Flop



PokerStars Hand #254379401831:  Hold'em No Limit ($0.50/$1.00 USD) - 2025/01/15 9:53:18 WET [2025/01/15 4:53:18 ET]
Table 'Euryanthe III' 6-max Seat #6 is the button
Seat 3: Burlica2013 ($100 in chips) is sitting out
Seat 1: ChuckNorrisQ ($133.88 in chips) 
Seat 2: NoonTime1991 ($115.15 in chips) 
Seat 4: DEMONGOD9 ($133.20 in chips) 
Seat 5: mironchikvld ($115 in chips) 
Seat 6: SeEevg ($155.06 in chips) 
ChuckNorrisQ: posts small blind $0.50
NoonTime1991: posts big blind $1
*** HOLE CARDS ***
DEMONGOD9: folds 
mironchikvld: folds 
SeEevg: raises $1.50 to $2.50
ChuckNorrisQ: folds 
NoonTime1991: folds 
Uncalled bet ($1.50) returned to SeEevg
SeEevg collected $2.50 from pot
SeEevg: doesn't show hand 
*** SUMMARY ***
Total pot $2.50 | Rake $0 
Seat 3: Burlica2013
Seat 1: ChuckNorrisQ (small blind) folded before Flop
Seat 2: NoonTime1991 (big blind) folded before Flop
Seat 4: DEMONGOD9 folded before Flop (didn't bet)
Seat 5: mironchikvld folded before Flop (didn't bet)
Seat 6: SeEevg (button) collected ($2.50)



PokerStars Hand #254379403921:  Hold'em No Limit ($0.50/$1.00 USD) - 2025/01/15 9:53:38 WET [2025/01/15 4:53:38 ET]
Table 'Euryanthe III' 6-max Seat #1 is the button
Seat 1: ChuckNorrisQ ($133.38 in chips) 
Seat 2: NoonTime1991 ($114.15 in chips) 
Seat 3: Burlica2013 ($100 in chips) 
Seat 4: DEMONGOD9 ($133.20 in chips) 
Seat 5: mironchikvld ($115 in chips) 
Seat 6: SeEevg ($156.56 in chips) 
NoonTime1991: posts small blind $0.50
Burlica2013: posts big blind $1
*** HOLE CARDS ***
DEMONGOD9: raises $1 to $2
mironchikvld: raises $6 to $8
SeEevg: folds 
ChuckNorrisQ: folds 
NoonTime1991: folds 
Burlica2013: folds 
DEMONGOD9: calls $6
*** FLOP *** [Kd 7h Ad]
DEMONGOD9: checks 
mironchikvld: checks 
*** TURN *** [Kd 7h Ad] [2c]
DEMONGOD9: bets $7.31
mironchikvld: calls $7.31
*** RIVER *** [Kd 7h Ad 2c] [6c]
DEMONGOD9: bets $9.26
mironchikvld: calls $9.26
*** SHOW DOWN ***
DEMONGOD9: shows [Ah Jh] (a pair of Aces)
mironchikvld: mucks hand 
DEMONGOD9 collected $48.14 from pot
*** SUMMARY ***
Total pot $50.64 | Rake $2.50 
Board [Kd 7h Ad 2c 6c]
Seat 1: ChuckNorrisQ (button) folded before Flop (didn't bet)
Seat 2: NoonTime1991 (small blind) folded before Flop
Seat 3: Burlica2013 (big blind) folded before Flop
Seat 4: DEMONGOD9 showed [Ah Jh] and won ($48.14) with a pair of Aces
Seat 5: mironchikvld mucked
Seat 6: SeEevg folded before Flop (didn't bet)



PokerStars Hand #254379413208:  Hold'em No Limit ($0.50/$1.00 USD) - 2025/01/15 9:55:08 WET [2025/01/15 4:55:08 ET]
Table 'Euryanthe III' 6-max Seat #2 is the button
Seat 1: ChuckNorrisQ ($133.38 in chips) 
Seat 2: NoonTime1991 ($113.65 in chips) 
Seat 3: Burlica2013 ($100 in chips) 
Seat 4: DEMONGOD9 ($156.77 in chips) 
Seat 5: mironchikvld ($100 in chips) 
Seat 6: SeEevg ($156.56 in chips) 
Burlica2013: posts small blind $0.50
DEMONGOD9: posts big blind $1
*** HOLE CARDS ***
mironchikvld: folds 
SeEevg: folds 
ChuckNorrisQ: folds 
NoonTime1991: raises $1 to $2
Burlica2013: folds 
DEMONGOD9: calls $1
*** FLOP *** [Ks 3d Qd]
DEMONGOD9: checks 
NoonTime1991: bets $1.41
DEMONGOD9: calls $1.41
*** TURN *** [Ks 3d Qd] [6c]
DEMONGOD9: checks 
NoonTime1991: checks 
*** RIVER *** [Ks 3d Qd 6c] [5c]
DEMONGOD9: checks 
NoonTime1991: checks 
*** SHOW DOWN ***
DEMONGOD9: shows [Ts 9s] (high card King)
NoonTime1991: shows [Ad 8c] (high card Ace)
NoonTime1991 collected $6.95 from pot
*** SUMMARY ***
Total pot $7.32 | Rake $0.37 
Board [Ks 3d Qd 6c 5c]
Seat 1: ChuckNorrisQ folded before Flop (didn't bet)
Seat 2: NoonTime1991 (button) showed [Ad 8c] and won ($6.95) with high card Ace
Seat 3: Burlica2013 (small blind) folded before Flop
Seat 4: DEMONGOD9 (big blind) showed [Ts 9s] and lost with high card King
Seat 5: mironchikvld folded before Flop (didn't bet)
Seat 6: SeEevg folded before Flop (didn't bet)



PokerStars Hand #254379417815:  Hold'em No Limit ($0.50/$1.00 USD) - 2025/01/15 9:55:59 WET [2025/01/15 4:55:59 ET]
Table 'Euryanthe III' 6-max Seat #3 is the button
Seat 1: ChuckNorrisQ ($133.38 in chips) 
Seat 2: NoonTime1991 ($117.19 in chips) 
Seat 3: Burlica2013 ($100 in chips) 
Seat 4: DEMONGOD9 ($153.36 in chips) 
Seat 5: mironchikvld ($100 in chips) 
Seat 6: SeEevg ($156.56 in chips) 
DEMONGOD9: posts small blind $0.50
mironchikvld: posts big blind $1
*** HOLE CARDS ***
SeEevg: folds 
ChuckNorrisQ: folds 
NoonTime1991: folds 
Burlica2013: raises $1.45 to $2.45
DEMONGOD9: folds 
mironchikvld: calls $1.45
*** FLOP *** [Jc 2s Th]
mironchikvld: checks 
Burlica2013: bets $1.69
mironchikvld: folds 
Uncalled bet ($1.69) returned to Burlica2013
Burlica2013 collected $5.13 from pot
Burlica2013: doesn't show hand 
*** SUMMARY ***
Total pot $5.40 | Rake $0.27 
Board [Jc 2s Th]
Seat 1: ChuckNorrisQ folded before Flop (didn't bet)
Seat 2: NoonTime1991 folded before Flop (didn't bet)
Seat 3: Burlica2013 (button) collected ($5.13)
Seat 4: DEMONGOD9 (small blind) folded before Flop
Seat 5: mironchikvld (big blind) folded on the Flop
Seat 6: SeEevg folded before Flop (didn't bet)



PokerStars Hand #254379420745:  Hold'em No Limit ($0.50/$1.00 USD) - 2025/01/15 9:56:32 WET [2025/01/15 4:56:32 ET]
Table 'Euryanthe III' 6-max Seat #4 is the button
Seat 1: ChuckNorrisQ ($133.38 in chips) 
Seat 2: NoonTime1991 ($117.19 in chips) 
Seat 3: Burlica2013 ($102.68 in chips) 
Seat 4: DEMONGOD9 ($152.86 in chips) 
Seat 5: mironchikvld ($100 in chips) 
Seat 6: SeEevg ($156.56 in chips) 
mironchikvld: posts small blind $0.50
SeEevg: posts big blind $1
*** HOLE CARDS ***
ChuckNorrisQ: folds 
NoonTime1991: folds 
Burlica2013: folds 
DEMONGOD9: raises $2 to $3
mironchikvld: folds 
SeEevg: folds 
Uncalled bet ($2) returned to DEMONGOD9
DEMONGOD9 collected $2.50 from pot
DEMONGOD9: doesn't show hand 
*** SUMMARY ***
Total pot $2.50 | Rake $0 
Seat 1: ChuckNorrisQ folded before Flop (didn't bet)
Seat 2: NoonTime1991 folded before Flop (didn't bet)
Seat 3: Burlica2013 folded before Flop (didn't bet)
Seat 4: DEMONGOD9 (button) collected ($2.50)
Seat 5: mironchikvld (small blind) folded before Flop
Seat 6: SeEevg (big blind) folded before Flop



PokerStars Hand #254379423413:  Hold'em No Limit ($0.50/$1.00 USD) - 2025/01/15 9:57:02 WET [2025/01/15 4:57:02 ET]
Table 'Euryanthe III' 6-max Seat #5 is the button
Seat 1: ChuckNorrisQ ($133.38 in chips) 
Seat 2: NoonTime1991 ($117.19 in chips) 
Seat 3: Burlica2013 ($102.68 in chips) 
Seat 4: DEMONGOD9 ($154.36 in chips) 
Seat 5: mironchikvld ($100 in chips) 
Seat 6: SeEevg ($155.56 in chips) 
SeEevg: posts small blind $0.50
ChuckNorrisQ: posts big blind $1
*** HOLE CARDS ***
NoonTime1991: folds 
Burlica2013: raises $1.20 to $2.20
DEMONGOD9: folds 
mironchikvld: folds 
SeEevg: folds 
ChuckNorrisQ: raises $9.80 to $12
Burlica2013: folds 
Uncalled bet ($9.80) returned to ChuckNorrisQ
ChuckNorrisQ collected $4.90 from pot
ChuckNorrisQ: doesn't show hand 
*** SUMMARY ***
Total pot $4.90 | Rake $0 
Seat 1: ChuckNorrisQ (big blind) collected ($4.90)
Seat 2: NoonTime1991 folded before Flop (didn't bet)
Seat 3: Burlica2013 folded before Flop
Seat 4: DEMONGOD9 folded before Flop (didn't bet)
Seat 5: mironchikvld (button) folded before Flop (didn't bet)
Seat 6: SeEevg (small blind) folded before Flop



PokerStars Hand #254379427398:  Hold'em No Limit ($0.50/$1.00 USD) - 2025/01/15 9:57:47 WET [2025/01/15 4:57:47 ET]
Table 'Euryanthe III' 6-max Seat #6 is the button
Seat 1: ChuckNorrisQ ($136.08 in chips) 
Seat 2: NoonTime1991 ($117.19 in chips) 
Seat 3: Burlica2013 ($100.48 in chips) 
Seat 4: DEMONGOD9 ($154.36 in chips) 
Seat 5: mironchikvld ($100 in chips) 
Seat 6: SeEevg ($155.06 in chips) 
ChuckNorrisQ: posts small blind $0.50
NoonTime1991: posts big blind $1
*** HOLE CARDS ***
Burlica2013: folds 
DEMONGOD9: raises $1 to $2
mironchikvld: raises $7 to $9
SeEevg: raises $11 to $20
ChuckNorrisQ: folds 
NoonTime1991: folds 
DEMONGOD9: folds 
mironchikvld: calls $11
*** FLOP *** [5s 3h 9h]
mironchikvld: checks 
SeEevg: bets $10.33
mironchikvld: calls $10.33
*** TURN *** [5s 3h 9h] [2d]
mironchikvld: checks 
SeEevg: bets $15.42
mironchikvld: calls $15.42
*** RIVER *** [5s 3h 9h 2d] [2s]
mironchikvld: checks 
SeEevg: bets $109.31 and is all-in
mironchikvld: calls $54.25 and is all-in
Uncalled bet ($55.06) returned to SeEevg
*** SHOW DOWN ***
SeEevg: shows [Ac Ad] (two pair, Aces and Deuces)
mironchikvld: shows [Ks As] (a pair of Deuces)
SeEevg collected $201 from pot
*** SUMMARY ***
Total pot $203.50 | Rake $2.50 
Board [5s 3h 9h 2d 2s]
Seat 1: ChuckNorrisQ (small blind) folded before Flop
Seat 2: NoonTime1991 (big blind) folded before Flop
Seat 3: Burlica2013 folded before Flop (didn't bet)
Seat 4: DEMONGOD9 folded before Flop
Seat 5: mironchikvld showed [Ks As] and lost with a pair of Deuces
Seat 6: SeEevg (button) showed [Ac Ad] and won ($201) with two pair, Aces and Deuces



PokerStars Hand #254379440518:  Hold'em No Limit ($0.50/$1.00 USD) - 2025/01/15 10:00:15 WET [2025/01/15 5:00:15 ET]
Table 'Euryanthe III' 6-max Seat #1 is the button
Seat 1: ChuckNorrisQ ($135.58 in chips) 
Seat 2: NoonTime1991 ($116.19 in chips) 
Seat 3: Burlica2013 ($100.48 in chips) 
Seat 4: DEMONGOD9 ($152.36 in chips) 
Seat 5: mironchikvld ($100 in chips) 
Seat 6: SeEevg ($256.06 in chips) 
NoonTime1991: posts small blind $0.50
Burlica2013: posts big blind $1
*** HOLE CARDS ***
DEMONGOD9: folds 
mironchikvld: folds 
SeEevg: raises $1.50 to $2.50
ChuckNorrisQ: raises $6.50 to $9
NoonTime1991: raises $16 to $25
Burlica2013: folds 
SeEevg: folds 
ChuckNorrisQ: calls $16
*** FLOP *** [3c 5h Tc]
NoonTime1991: bets $16.83
ChuckNorrisQ: calls $16.83
*** TURN *** [3c 5h Tc] [Qd]
NoonTime1991: bets $26.94
ChuckNorrisQ: folds 
Uncalled bet ($26.94) returned to NoonTime1991
NoonTime1991 collected $84.66 from pot
NoonTime1991: doesn't show hand 
*** SUMMARY ***
Total pot $87.16 | Rake $2.50 
Board [3c 5h Tc Qd]
Seat 1: ChuckNorrisQ (button) folded on the Turn
Seat 2: NoonTime1991 (small blind) collected ($84.66)
Seat 3: Burlica2013 (big blind) folded before Flop
Seat 4: DEMONGOD9 folded before Flop (didn't bet)
Seat 5: mironchikvld folded before Flop (didn't bet)
Seat 6: SeEevg folded before Flop



PokerStars Hand #254379449103:  Hold'em No Limit ($0.50/$1.00 USD) - 2025/01/15 10:01:41 WET [2025/01/15 5:01:41 ET]
Table 'Euryanthe III' 6-max Seat #2 is the button
Seat 1: ChuckNorrisQ ($100 in chips) 
Seat 2: NoonTime1991 ($159.02 in chips) 
Seat 3: Burlica2013 ($100 in chips) 
Seat 4: DEMONGOD9 ($152.36 in chips) 
Seat 5: mironchikvld ($100 in chips) 
Seat 6: SeEevg ($253.56 in chips) 
Burlica2013: posts small blind $0.50
DEMONGOD9: posts big blind $1
*** HOLE CARDS ***
mironchikvld: folds 
SeEevg: folds 
ChuckNorrisQ: folds 
NoonTime1991: folds 
Burlica2013: folds 
Uncalled bet ($0.50) returned to DEMONGOD9
DEMONGOD9 collected $1 from pot
DEMONGOD9: doesn't show hand 
*** SUMMARY ***
Total pot $1 | Rake $0 
Seat 1: ChuckNorrisQ folded before Flop (didn't bet)
Seat 2: NoonTime1991 (button) folded before Flop (didn't bet)
Seat 3: Burlica2013 (small blind) folded before Flop
Seat 4: DEMONGOD9 (big blind) collected ($1)
Seat 5: mironchikvld folded before Flop (didn't bet)
Seat 6: SeEevg folded before Flop (didn't bet)



PokerStars Hand #254379450784:  Hold'em No Limit ($0.50/$1.00 USD) - 2025/01/15 10:01:56 WET [2025/01/15 5:01:56 ET]
Table 'Euryanthe III' 6-max Seat #3 is the button
Seat 5: mironchikvld ($100 in chips) is sitting out
Seat 1: ChuckNorrisQ ($100 in chips) 
Seat 2: NoonTime1991 ($159.02 in chips) 
Seat 3: Burlica2013 ($100 in chips) 
Seat 4: DEMONGOD9 ($152.86 in chips) 
Seat 6: SeEevg ($253.56 in chips) 
DEMONGOD9: posts small blind $0.50
mironchikvld: is sitting out 
SeEevg: posts big blind $1
*** HOLE CARDS ***
ChuckNorrisQ: folds 
NoonTime1991: folds 
Burlica2013: raises $1.45 to $2.45
DEMONGOD9: folds 
SeEevg: folds 
Uncalled bet ($1.45) returned to Burlica2013
Burlica2013 collected $2.50 from pot
Burlica2013: doesn't show hand 
*** SUMMARY ***
Total pot $2.50 | Rake $0 
Seat 5: mironchikvld
Seat 1: ChuckNorrisQ folded before Flop (didn't bet)
Seat 2: NoonTime1991 folded before Flop (didn't bet)
Seat 3: Burlica2013 (button) collected ($2.50)
Seat 4: DEMONGOD9 (small blind) folded before Flop
Seat 6: SeEevg (big blind) folded before Flop



PokerStars Hand #254379452810:  Hold'em No Limit ($0.50/$1.00 USD) - 2025/01/15 10:02:15 WET [2025/01/15 5:02:15 ET]
Table 'Euryanthe III' 6-max Seat #4 is the button
Seat 5: mironchikvld ($100 in chips) is sitting out
Seat 1: ChuckNorrisQ ($100 in chips) 
Seat 2: NoonTime1991 ($159.02 in chips) 
Seat 3: Burlica2013 ($101.50 in chips) 
Seat 4: DEMONGOD9 ($152.36 in chips) 
Seat 6: SeEevg ($252.56 in chips) 
SeEevg: posts small blind $0.50
ChuckNorrisQ: posts big blind $1
*** HOLE CARDS ***
NoonTime1991: folds 
Burlica2013: folds 
DEMONGOD9: folds 
SeEevg: raises $2 to $3
ChuckNorrisQ: calls $2
*** FLOP *** [4d Kc Td]
SeEevg: checks 
ChuckNorrisQ: checks 
*** TURN *** [4d Kc Td] [Ad]
SeEevg: checks 
ChuckNorrisQ: bets $4.28
SeEevg: folds 
Uncalled bet ($4.28) returned to ChuckNorrisQ
ChuckNorrisQ collected $5.70 from pot
ChuckNorrisQ: doesn't show hand 
*** SUMMARY ***
Total pot $6 | Rake $0.30 
Board [4d Kc Td Ad]
Seat 5: mironchikvld
Seat 1: ChuckNorrisQ (big blind) collected ($5.70)
Seat 2: NoonTime1991 folded before Flop (didn't bet)
Seat 3: Burlica2013 folded before Flop (didn't bet)
Seat 4: DEMONGOD9 (button) folded before Flop (didn't bet)
Seat 6: SeEevg (small blind) folded on the Turn



PokerStars Hand #254379459042:  Hold'em No Limit ($0.50/$1.00 USD) - 2025/01/15 10:03:12 WET [2025/01/15 5:03:12 ET]
Table 'Euryanthe III' 6-max Seat #6 is the button
Seat 5: mironchikvld ($100 in chips) is sitting out
Seat 1: ChuckNorrisQ ($102.70 in chips) 
Seat 2: NoonTime1991 ($159.02 in chips) 
Seat 3: Burlica2013 ($101.50 in chips) 
Seat 4: DEMONGOD9 ($152.36 in chips) 
Seat 6: SeEevg ($249.56 in chips) 
ChuckNorrisQ: posts small blind $0.50
NoonTime1991: posts big blind $1
mironchikvld: sits out 
*** HOLE CARDS ***
Burlica2013: folds 
DEMONGOD9: folds 
SeEevg: raises $1.50 to $2.50
ChuckNorrisQ: folds 
NoonTime1991: raises $9.50 to $12
SeEevg: folds 
Uncalled bet ($9.50) returned to NoonTime1991
NoonTime1991 collected $5.50 from pot
NoonTime1991: doesn't show hand 
*** SUMMARY ***
Total pot $5.50 | Rake $0 
Seat 5: mironchikvld
Seat 1: ChuckNorrisQ (small blind) folded before Flop
Seat 2: NoonTime1991 (big blind) collected ($5.50)
Seat 3: Burlica2013 folded before Flop (didn't bet)
Seat 4: DEMONGOD9 folded before Flop (didn't bet)
Seat 6: SeEevg (button) folded before Flop



PokerStars Hand #254379463914:  Hold'em No Limit ($0.50/$1.00 USD) - 2025/01/15 10:03:57 WET [2025/01/15 5:03:57 ET]
Table 'Euryanthe III' 6-max Seat #1 is the button
Seat 5: mironchikvld ($100 in chips) is sitting out
Seat 1: ChuckNorrisQ ($102.20 in chips) 
Seat 2: NoonTime1991 ($162.02 in chips) 
Seat 3: Burlica2013 ($101.50 in chips) 
Seat 4: DEMONGOD9 ($152.36 in chips) 
Seat 6: SeEevg ($247.06 in chips) 
NoonTime1991: posts small blind $0.50
Burlica2013: posts big blind $1
mironchikvld: sits out 
*** HOLE CARDS ***
DEMONGOD9: folds 
SeEevg: raises $1.50 to $2.50
ChuckNorrisQ: folds 
NoonTime1991: folds 
Burlica2013: folds 
Uncalled bet ($1.50) returned to SeEevg
SeEevg collected $2.50 from pot
SeEevg: doesn't show hand 
*** SUMMARY ***
Total pot $2.50 | Rake $0 
Seat 5: mironchikvld
Seat 1: ChuckNorrisQ (button) folded before Flop (didn't bet)
Seat 2: NoonTime1991 (small blind) folded before Flop
Seat 3: Burlica2013 (big blind) folded before Flop
Seat 4: DEMONGOD9 folded before Flop (didn't bet)
Seat 6: SeEevg collected ($2.50)



PokerStars Hand #254379465179:  Hold'em No Limit ($0.50/$1.00 USD) - 2025/01/15 10:04:09 WET [2025/01/15 5:04:09 ET]
Table 'Euryanthe III' 6-max Seat #2 is the button
Seat 5: mironchikvld ($100 in chips) is sitting out
Seat 1: ChuckNorrisQ ($102.20 in chips) 
Seat 2: NoonTime1991 ($161.52 in chips) 
Seat 3: Burlica2013 ($100.50 in chips) 
Seat 4: DEMONGOD9 ($152.36 in chips) 
Seat 6: SeEevg ($248.56 in chips) 
Burlica2013: posts small blind $0.50
DEMONGOD9: posts big blind $1
mironchikvld: sits out 
*** HOLE CARDS ***
SeEevg: folds 
ChuckNorrisQ: folds 
NoonTime1991: folds 
Burlica2013: folds 
Uncalled bet ($0.50) returned to DEMONGOD9
DEMONGOD9 collected $1 from pot
DEMONGOD9: doesn't show hand 
*** SUMMARY ***
Total pot $1 | Rake $0 
Seat 5: mironchikvld
Seat 1: ChuckNorrisQ folded before Flop (didn't bet)
Seat 2: NoonTime1991 (button) folded before Flop (didn't bet)
Seat 3: Burlica2013 (small blind) folded before Flop
Seat 4: DEMONGOD9 (big blind) collected ($1)
Seat 6: SeEevg folded before Flop (didn't bet)



PokerStars Hand #254379466409:  Hold'em No Limit ($0.50/$1.00 USD) - 2025/01/15 10:04:20 WET [2025/01/15 5:04:20 ET]
Table 'Euryanthe III' 6-max Seat #3 is the button
Seat 1: ChuckNorrisQ ($102.20 in chips) 
Seat 2: NoonTime1991 ($161.52 in chips) 
Seat 3: Burlica2013 ($100 in chips) 
Seat 4: DEMONGOD9 ($152.86 in chips) 
Seat 5: mironchikvld ($100 in chips) 
Seat 6: SeEevg ($248.56 in chips) 
DEMONGOD9: posts small blind $0.50
mironchikvld: posts big blind $1
*** HOLE CARDS ***
SeEevg: folds 
ChuckNorrisQ: folds 
NoonTime1991: folds 
Burlica2013: raises $1.45 to $2.45
DEMONGOD9: raises $5.90 to $8.35
mironchikvld: folds 
Burlica2013: calls $5.90
*** FLOP *** [7s 9c Ks]
DEMONGOD9: checks 
Burlica2013: checks 
*** TURN *** [7s 9c Ks] [2c]
DEMONGOD9: checks 
Burlica2013: checks 
*** RIVER *** [7s 9c Ks 2c] [Qd]
DEMONGOD9: checks 
Burlica2013: checks 
*** SHOW DOWN ***
DEMONGOD9: shows [Qs Ad] (a pair of Queens)
Burlica2013: mucks hand 
DEMONGOD9 collected $16.82 from pot
*** SUMMARY ***
Total pot $17.70 | Rake $0.88 
Board [7s 9c Ks 2c Qd]
Seat 1: ChuckNorrisQ folded before Flop (didn't bet)
Seat 2: NoonTime1991 folded before Flop (didn't bet)
Seat 3: Burlica2013 (button) mucked
Seat 4: DEMONGOD9 (small blind) showed [Qs Ad] and won ($16.82) with a pair of Queens
Seat 5: mironchikvld (big blind) folded before Flop
Seat 6: SeEevg folded before Flop (didn't bet)



PokerStars Hand #254379473226:  Hold'em No Limit ($0.50/$1.00 USD) - 2025/01/15 10:05:22 WET [2025/01/15 5:05:22 ET]
Table 'Euryanthe III' 6-max Seat #4 is the button
Seat 1: ChuckNorrisQ ($102.20 in chips) 
Seat 2: NoonTime1991 ($161.52 in chips) 
Seat 3: Burlica2013 ($100 in chips) 
Seat 4: DEMONGOD9 ($161.33 in chips) 
Seat 5: mironchikvld ($100 in chips) 
Seat 6: SeEevg ($248.56 in chips) 
mironchikvld: posts small blind $0.50
SeEevg: posts big blind $1
*** HOLE CARDS ***
ChuckNorrisQ: raises $1 to $2
NoonTime1991: folds 
Burlica2013: folds 
DEMONGOD9: folds 
mironchikvld: folds 
SeEevg: folds 
Uncalled bet ($1) returned to ChuckNorrisQ
ChuckNorrisQ collected $2.50 from pot
ChuckNorrisQ: doesn't show hand 
*** SUMMARY ***
Total pot $2.50 | Rake $0 
Seat 1: ChuckNorrisQ collected ($2.50)
Seat 2: NoonTime1991 folded before Flop (didn't bet)
Seat 3: Burlica2013 folded before Flop (didn't bet)
Seat 4: DEMONGOD9 (button) folded before Flop (didn't bet)
Seat 5: mironchikvld (small blind) folded before Flop
Seat 6: SeEevg (big blind) folded before Flop



PokerStars Hand #254379475494:  Hold'em No Limit ($0.50/$1.00 USD) - 2025/01/15 10:05:43 WET [2025/01/15 5:05:43 ET]
Table 'Euryanthe III' 6-max Seat #5 is the button
Seat 1: ChuckNorrisQ ($103.70 in chips) is sitting out
Seat 2: NoonTime1991 ($161.52 in chips) 
Seat 3: Burlica2013 ($100 in chips) 
Seat 4: DEMONGOD9 ($161.33 in chips) 
Seat 5: mironchikvld ($100 in chips) 
Seat 6: SeEevg ($247.56 in chips) 
SeEevg: posts small blind $0.50
ChuckNorrisQ: is sitting out 
NoonTime1991: posts big blind $1
*** HOLE CARDS ***
Burlica2013: raises $1.20 to $2.20
DEMONGOD9: folds 
mironchikvld: folds 
SeEevg: folds 
NoonTime1991: folds 
Uncalled bet ($1.20) returned to Burlica2013
Burlica2013 collected $2.50 from pot
Burlica2013: doesn't show hand 
*** SUMMARY ***
Total pot $2.50 | Rake $0 
Seat 1: ChuckNorrisQ
Seat 2: NoonTime1991 (big blind) folded before Flop
Seat 3: Burlica2013 collected ($2.50)
Seat 4: DEMONGOD9 folded before Flop (didn't bet)
Seat 5: mironchikvld (button) folded before Flop (didn't bet)
Seat 6: SeEevg (small blind) folded before Flop



PokerStars Hand #254379477834:  Hold'em No Limit ($0.50/$1.00 USD) - 2025/01/15 10:06:04 WET [2025/01/15 5:06:04 ET]
Table 'Euryanthe III' 6-max Seat #6 is the button
Seat 1: ChuckNorrisQ ($103.70 in chips) is sitting out
Seat 2: NoonTime1991 ($160.52 in chips) 
Seat 3: Burlica2013 ($101.50 in chips) 
Seat 4: DEMONGOD9 ($161.33 in chips) 
Seat 5: mironchikvld ($100 in chips) 
Seat 6: SeEevg ($247.06 in chips) 
NoonTime1991: posts small blind $0.50
Burlica2013: posts big blind $1
*** HOLE CARDS ***
DEMONGOD9: folds 
mironchikvld: folds 
ChuckNorrisQ leaves the table
SeEevg: raises $1.50 to $2.50
NoonTime1991: raises $9.50 to $12
Burlica2013: folds 
jeffy27dt1 joins the table at seat #1 
SeEevg: folds 
Uncalled bet ($9.50) returned to NoonTime1991
NoonTime1991 collected $6 from pot
NoonTime1991: doesn't show hand 
*** SUMMARY ***
Total pot $6 | Rake $0 
Seat 1: ChuckNorrisQ
Seat 2: NoonTime1991 (small blind) collected ($6)
Seat 3: Burlica2013 (big blind) folded before Flop
Seat 4: DEMONGOD9 folded before Flop (didn't bet)
Seat 5: mironchikvld folded before Flop (didn't bet)
Seat 6: SeEevg (button) folded before Flop



PokerStars Hand #254379481085:  Hold'em No Limit ($0.50/$1.00 USD) - 2025/01/15 10:06:33 WET [2025/01/15 5:06:33 ET]
Table 'Euryanthe III' 6-max Seat #2 is the button
Seat 1: jeffy27dt1 ($100 in chips) is sitting out
Seat 2: NoonTime1991 ($164.02 in chips) 
Seat 3: Burlica2013 ($100.50 in chips) 
Seat 4: DEMONGOD9 ($161.33 in chips) 
Seat 5: mironchikvld ($100 in chips) 
Seat 6: SeEevg ($244.56 in chips) 
Burlica2013: posts small blind $0.50
DEMONGOD9: posts big blind $1
jeffy27dt1: sits out 
*** HOLE CARDS ***
mironchikvld: folds 
SeEevg: folds 
NoonTime1991: raises $1 to $2
Burlica2013: folds 
DEMONGOD9: folds 
Uncalled bet ($1) returned to NoonTime1991
NoonTime1991 collected $2.50 from pot
NoonTime1991: doesn't show hand 
*** SUMMARY ***
Total pot $2.50 | Rake $0 
Seat 1: jeffy27dt1
Seat 2: NoonTime1991 (button) collected ($2.50)
Seat 3: Burlica2013 (small blind) folded before Flop
Seat 4: DEMONGOD9 (big blind) folded before Flop
Seat 5: mironchikvld folded before Flop (didn't bet)
Seat 6: SeEevg folded before Flop (didn't bet)



PokerStars Hand #254379483207:  Hold'em No Limit ($0.50/$1.00 USD) - 2025/01/15 10:06:53 WET [2025/01/15 5:06:53 ET]
Table 'Euryanthe III' 6-max Seat #3 is the button
Seat 1: jeffy27dt1 ($100 in chips) is sitting out
Seat 2: NoonTime1991 ($165.52 in chips) 
Seat 3: Burlica2013 ($100 in chips) 
Seat 4: DEMONGOD9 ($160.33 in chips) 
Seat 5: mironchikvld ($100 in chips) 
Seat 6: SeEevg ($244.56 in chips) 
DEMONGOD9: posts small blind $0.50
mironchikvld: posts big blind $1
jeffy27dt1: sits out 
*** HOLE CARDS ***
SeEevg: folds 
NoonTime1991: raises $2 to $3
Burlica2013: folds 
DEMONGOD9: calls $2.50
mironchikvld: folds 
*** FLOP *** [6c 9s 4s]
DEMONGOD9: checks 
NoonTime1991: bets $5.99
DEMONGOD9: calls $5.99
*** TURN *** [6c 9s 4s] [2c]
DEMONGOD9: checks 
NoonTime1991: bets $15.52
DEMONGOD9: calls $15.52
*** RIVER *** [6c 9s 4s 2c] [Jh]
DEMONGOD9: checks 
NoonTime1991: checks 
*** SHOW DOWN ***
DEMONGOD9: shows [9h 7h] (a pair of Nines)
NoonTime1991: shows [9c Ac] (a pair of Nines - Ace kicker)
NoonTime1991 collected $47.52 from pot
*** SUMMARY ***
Total pot $50.02 | Rake $2.50 
Board [6c 9s 4s 2c Jh]
Seat 1: jeffy27dt1
Seat 2: NoonTime1991 showed [9c Ac] and won ($47.52) with a pair of Nines
Seat 3: Burlica2013 (button) folded before Flop (didn't bet)
Seat 4: DEMONGOD9 (small blind) showed [9h 7h] and lost with a pair of Nines
Seat 5: mironchikvld (big blind) folded before Flop
Seat 6: SeEevg folded before Flop (didn't bet)



PokerStars Hand #254379490537:  Hold'em No Limit ($0.50/$1.00 USD) - 2025/01/15 10:08:00 WET [2025/01/15 5:08:00 ET]
Table 'Euryanthe III' 6-max Seat #4 is the button
Seat 1: jeffy27dt1 ($100 in chips) is sitting out
Seat 2: NoonTime1991 ($188.53 in chips) 
Seat 3: Burlica2013 ($100 in chips) 
Seat 4: DEMONGOD9 ($135.82 in chips) 
Seat 5: mironchikvld ($100 in chips) 
Seat 6: SeEevg ($244.56 in chips) 
mironchikvld: posts small blind $0.50
SeEevg: posts big blind $1
jeffy27dt1: sits out 
*** HOLE CARDS ***
NoonTime1991: folds 
Burlica2013: folds 
DEMONGOD9: raises $2 to $3
mironchikvld: folds 
SeEevg: calls $2
*** FLOP *** [Tc 4d 9h]
SeEevg: checks 
DEMONGOD9: bets $3.09
SeEevg: calls $3.09
*** TURN *** [Tc 4d 9h] [6h]
SeEevg: checks 
DEMONGOD9: bets $6.03
SeEevg: calls $6.03
*** RIVER *** [Tc 4d 9h 6h] [3c]
SeEevg: checks 
DEMONGOD9: checks 
*** SHOW DOWN ***
SeEevg: shows [Jc Qs] (high card Queen)
DEMONGOD9: mucks hand 
SeEevg collected $23.50 from pot
*** SUMMARY ***
Total pot $24.74 | Rake $1.24 
Board [Tc 4d 9h 6h 3c]
Seat 1: jeffy27dt1
Seat 2: NoonTime1991 folded before Flop (didn't bet)
Seat 3: Burlica2013 folded before Flop (didn't bet)
Seat 4: DEMONGOD9 (button) mucked
Seat 5: mironchikvld (small blind) folded before Flop
Seat 6: SeEevg (big blind) showed [Jc Qs] and won ($23.50) with high card Queen



PokerStars Hand #254379497258:  Hold'em No Limit ($0.50/$1.00 USD) - 2025/01/15 10:09:02 WET [2025/01/15 5:09:02 ET]
Table 'Euryanthe III' 6-max Seat #5 is the button
Seat 1: jeffy27dt1 ($100 in chips) 
Seat 2: NoonTime1991 ($188.53 in chips) 
Seat 3: Burlica2013 ($100 in chips) 
Seat 4: DEMONGOD9 ($123.70 in chips) 
Seat 5: mironchikvld ($100 in chips) 
Seat 6: SeEevg ($255.94 in chips) 
SeEevg: posts small blind $0.50
jeffy27dt1: posts big blind $1
*** HOLE CARDS ***
NoonTime1991: folds 
Burlica2013: folds 
Burlica2013 leaves the table
DEMONGOD9: folds 
mironchikvld: folds 
SeEevg: folds 
Uncalled bet ($0.50) returned to jeffy27dt1
DEMONGOD9 leaves the table
jeffy27dt1 collected $1 from pot
jeffy27dt1: doesn't show hand 
*** SUMMARY ***
Total pot $1 | Rake $0 
Seat 1: jeffy27dt1 (big blind) collected ($1)
Seat 2: NoonTime1991 folded before Flop (didn't bet)
Seat 3: Burlica2013 folded before Flop (didn't bet)
Seat 4: DEMONGOD9 folded before Flop (didn't bet)
Seat 5: mironchikvld (button) folded before Flop (didn't bet)
Seat 6: SeEevg (small blind) folded before Flop



PokerStars Hand #254379498369:  Hold'em No Limit ($0.50/$1.00 USD) - 2025/01/15 10:09:12 WET [2025/01/15 5:09:12 ET]
Table 'Euryanthe III' 6-max Seat #6 is the button
Seat 1: jeffy27dt1 ($100.50 in chips) 
Seat 2: NoonTime1991 ($188.53 in chips) 
Seat 5: mironchikvld ($100 in chips) 
Seat 6: SeEevg ($255.44 in chips) 
jeffy27dt1: posts small blind $0.50
NoonTime1991: posts big blind $1
*** HOLE CARDS ***
mironchikvld: folds 
SeEevg: raises $1.50 to $2.50
jeffy27dt1: folds 
NoonTime1991: folds 
Uncalled bet ($1.50) returned to SeEevg
SeEevg collected $2.50 from pot
SeEevg: doesn't show hand 
*** SUMMARY ***
Total pot $2.50 | Rake $0 
Seat 1: jeffy27dt1 (small blind) folded before Flop
Seat 2: NoonTime1991 (big blind) folded before Flop
Seat 5: mironchikvld folded before Flop (didn't bet)
Seat 6: SeEevg (button) collected ($2.50)



PokerStars Hand #254379499697:  Hold'em No Limit ($0.50/$1.00 USD) - 2025/01/15 10:09:24 WET [2025/01/15 5:09:24 ET]
Table 'Euryanthe III' 6-max Seat #1 is the button
Seat 1: jeffy27dt1 ($100 in chips) 
Seat 2: NoonTime1991 ($187.53 in chips) 
Seat 5: mironchikvld ($100 in chips) 
Seat 6: SeEevg ($256.94 in chips) 
NoonTime1991: posts small blind $0.50
mironchikvld: posts big blind $1
*** HOLE CARDS ***
SeEevg: folds 
jeffy27dt1: folds 
NoonTime1991: folds 
Uncalled bet ($0.50) returned to mironchikvld
mironchikvld collected $1 from pot
mironchikvld: doesn't show hand 
*** SUMMARY ***
Total pot $1 | Rake $0 
Seat 1: jeffy27dt1 (button) folded before Flop (didn't bet)
Seat 2: NoonTime1991 (small blind) folded before Flop
Seat 5: mironchikvld (big blind) collected ($1)
Seat 6: SeEevg folded before Flop (didn't bet)



PokerStars Hand #254379501120:  Hold'em No Limit ($0.50/$1.00 USD) - 2025/01/15 10:09:37 WET [2025/01/15 5:09:37 ET]
Table 'Euryanthe III' 6-max Seat #2 is the button
Seat 6: SeEevg ($256.94 in chips) is sitting out
Seat 1: jeffy27dt1 ($100 in chips) 
Seat 2: NoonTime1991 ($187.03 in chips) 
Seat 5: mironchikvld ($100.50 in chips) 
mironchikvld: posts small blind $0.50
SeEevg: is sitting out 
jeffy27dt1: posts big blind $1
*** HOLE CARDS ***
NoonTime1991: folds 
SeEevg leaves the table
mironchikvld: folds 
Uncalled bet ($0.50) returned to jeffy27dt1
jeffy27dt1 collected $1 from pot
jeffy27dt1: doesn't show hand 
*** SUMMARY ***
Total pot $1 | Rake $0 
Seat 6: SeEevg
Seat 1: jeffy27dt1 (big blind) collected ($1)
Seat 2: NoonTime1991 (button) folded before Flop (didn't bet)
Seat 5: mironchikvld (small blind) folded before Flop



