PokerStars Hand #254388613824:  Hold'em No Limit ($0.50/$1.00 USD) - 2025/01/15 20:54:41 WET [2025/01/15 15:54:41 ET]
Table 'Merlin III' 6-max Seat #5 is the button
Seat 1: YeeesMan ($100 in chips) 
Seat 2: easy_sarcasm ($100 in chips) 
Seat 3: NISIY ($100 in chips) 
Seat 4: Agri101 ($70.40 in chips) 
Seat 5: poker_soul11 ($100 in chips) 
Seat 6: IamShine1212 ($78.05 in chips) 
IamShine1212: posts small blind $0.50
YeeesMan: posts big blind $1
*** HOLE CARDS ***
easy_sarcasm: raises $2 to $3
NISIY: folds 
Agri101: folds 
poker_soul11: folds 
IamShine1212: folds 
YeeesMan: folds 
Uncalled bet ($2) returned to easy_sarcasm
easy_sarcasm collected $2.50 from pot
*** SUMMARY ***
Total pot $2.50 | Rake $0 
Seat 1: YeeesMan (big blind) folded before Flop
Seat 2: easy_sarcasm collected ($2.50)
Seat 3: NISIY folded before Flop (didn't bet)
Seat 4: Agri101 folded before Flop (didn't bet)
Seat 5: poker_soul11 (button) folded before Flop (didn't bet)
Seat 6: IamShine1212 (small blind) folded before Flop



PokerStars Hand #254388618428:  Hold'em No Limit ($0.50/$1.00 USD) - 2025/01/15 20:54:57 WET [2025/01/15 15:54:57 ET]
Table 'Merlin III' 6-max Seat #6 is the button
Seat 1: YeeesMan ($100 in chips) 
Seat 2: easy_sarcasm ($101.50 in chips) 
Seat 3: NISIY ($100 in chips) 
Seat 4: Agri101 ($70.40 in chips) 
Seat 5: poker_soul11 ($100 in chips) 
Seat 6: IamShine1212 ($77.55 in chips) 
YeeesMan: posts small blind $0.50
easy_sarcasm: posts big blind $1
*** HOLE CARDS ***
NISIY: folds 
Agri101: folds 
poker_soul11: raises $1.20 to $2.20
IamShine1212: calls $2.20
YeeesMan: folds 
easy_sarcasm: folds 
*** FLOP *** [Kh 8c 5d]
poker_soul11: checks 
IamShine1212: checks 
*** TURN *** [Kh 8c 5d] [4h]
poker_soul11: checks 
IamShine1212: checks 
*** RIVER *** [Kh 8c 5d 4h] [Kc]
poker_soul11: bets $4.20
IamShine1212: folds 
Uncalled bet ($4.20) returned to poker_soul11
poker_soul11 collected $5.60 from pot
poker_soul11: doesn't show hand 
*** SUMMARY ***
Total pot $5.90 | Rake $0.30 
Board [Kh 8c 5d 4h Kc]
Seat 1: YeeesMan (small blind) folded before Flop
Seat 2: easy_sarcasm (big blind) folded before Flop
Seat 3: NISIY folded before Flop (didn't bet)
Seat 4: Agri101 folded before Flop (didn't bet)
Seat 5: poker_soul11 collected ($5.60)
Seat 6: IamShine1212 (button) folded on the River



PokerStars Hand #254388634665:  Hold'em No Limit ($0.50/$1.00 USD) - 2025/01/15 20:56:06 WET [2025/01/15 15:56:06 ET]
Table 'Merlin III' 6-max Seat #1 is the button
Seat 1: YeeesMan ($100 in chips) 
Seat 2: easy_sarcasm ($100.50 in chips) 
Seat 3: NISIY ($100 in chips) 
Seat 4: Agri101 ($70.40 in chips) 
Seat 5: poker_soul11 ($103.40 in chips) 
Seat 6: IamShine1212 ($75.35 in chips) 
easy_sarcasm: posts small blind $0.50
NISIY: posts big blind $1
*** HOLE CARDS ***
Agri101: folds 
poker_soul11: folds 
IamShine1212: folds 
YeeesMan: folds 
easy_sarcasm: raises $2 to $3
NISIY: raises $6 to $9
easy_sarcasm: folds 
Uncalled bet ($6) returned to NISIY
NISIY collected $6 from pot
NISIY: doesn't show hand 
*** SUMMARY ***
Total pot $6 | Rake $0 
Seat 1: YeeesMan (button) folded before Flop (didn't bet)
Seat 2: easy_sarcasm (small blind) folded before Flop
Seat 3: NISIY (big blind) collected ($6)
Seat 4: Agri101 folded before Flop (didn't bet)
Seat 5: poker_soul11 folded before Flop (didn't bet)
Seat 6: IamShine1212 folded before Flop (didn't bet)



PokerStars Hand #254388639579:  Hold'em No Limit ($0.50/$1.00 USD) - 2025/01/15 20:56:29 WET [2025/01/15 15:56:29 ET]
Table 'Merlin III' 6-max Seat #2 is the button
Seat 1: YeeesMan ($100 in chips) 
Seat 2: easy_sarcasm ($100 in chips) 
Seat 3: NISIY ($103 in chips) 
Seat 4: Agri101 ($70.40 in chips) 
Seat 5: poker_soul11 ($103.40 in chips) 
Seat 6: IamShine1212 ($75.35 in chips) 
NISIY: posts small blind $0.50
Agri101: posts big blind $1
*** HOLE CARDS ***
poker_soul11: raises $1.20 to $2.20
IamShine1212: folds 
YeeesMan: folds 
easy_sarcasm: folds 
NISIY: folds 
Agri101: calls $1.20
*** FLOP *** [2d 3h Qs]
Agri101: checks 
poker_soul11: bets $1.17
Agri101: folds 
Uncalled bet ($1.17) returned to poker_soul11
poker_soul11 collected $4.66 from pot
poker_soul11: doesn't show hand 
*** SUMMARY ***
Total pot $4.90 | Rake $0.24 
Board [2d 3h Qs]
Seat 1: YeeesMan folded before Flop (didn't bet)
Seat 2: easy_sarcasm (button) folded before Flop (didn't bet)
Seat 3: NISIY (small blind) folded before Flop
Seat 4: Agri101 (big blind) folded on the Flop
Seat 5: poker_soul11 collected ($4.66)
Seat 6: IamShine1212 folded before Flop (didn't bet)



PokerStars Hand #254388647756:  Hold'em No Limit ($0.50/$1.00 USD) - 2025/01/15 20:57:06 WET [2025/01/15 15:57:06 ET]
Table 'Merlin III' 6-max Seat #3 is the button
Seat 1: YeeesMan ($100 in chips) 
Seat 2: easy_sarcasm ($100 in chips) 
Seat 3: NISIY ($102.50 in chips) 
Seat 4: Agri101 ($68.20 in chips) 
Seat 5: poker_soul11 ($105.86 in chips) 
Seat 6: IamShine1212 ($75.35 in chips) 
Agri101: posts small blind $0.50
poker_soul11: posts big blind $1
*** HOLE CARDS ***
IamShine1212: raises $2 to $3
YeeesMan: folds 
easy_sarcasm: folds 
NISIY: folds 
Agri101: folds 
poker_soul11: folds 
Uncalled bet ($2) returned to IamShine1212
IamShine1212 collected $2.50 from pot
*** SUMMARY ***
Total pot $2.50 | Rake $0 
Seat 1: YeeesMan folded before Flop (didn't bet)
Seat 2: easy_sarcasm folded before Flop (didn't bet)
Seat 3: NISIY (button) folded before Flop (didn't bet)
Seat 4: Agri101 (small blind) folded before Flop
Seat 5: poker_soul11 (big blind) folded before Flop
Seat 6: IamShine1212 collected ($2.50)



PokerStars Hand #254388657240:  Hold'em No Limit ($0.50/$1.00 USD) - 2025/01/15 20:57:49 WET [2025/01/15 15:57:49 ET]
Table 'Merlin III' 6-max Seat #4 is the button
Seat 1: YeeesMan ($100 in chips) 
Seat 2: easy_sarcasm ($100 in chips) 
Seat 3: NISIY ($102.50 in chips) 
Seat 4: Agri101 ($67.70 in chips) 
Seat 5: poker_soul11 ($104.86 in chips) 
Seat 6: IamShine1212 ($76.85 in chips) 
poker_soul11: posts small blind $0.50
IamShine1212: posts big blind $1
*** HOLE CARDS ***
YeeesMan: folds 
easy_sarcasm: folds 
NISIY: folds 
Agri101: raises $1.50 to $2.50
poker_soul11: folds 
IamShine1212: folds 
Uncalled bet ($1.50) returned to Agri101
Agri101 collected $2.50 from pot
Agri101: doesn't show hand 
*** SUMMARY ***
Total pot $2.50 | Rake $0 
Seat 1: YeeesMan folded before Flop (didn't bet)
Seat 2: easy_sarcasm folded before Flop (didn't bet)
Seat 3: NISIY folded before Flop (didn't bet)
Seat 4: Agri101 (button) collected ($2.50)
Seat 5: poker_soul11 (small blind) folded before Flop
Seat 6: IamShine1212 (big blind) folded before Flop



PokerStars Hand #254388663152:  Hold'em No Limit ($0.50/$1.00 USD) - 2025/01/15 20:58:16 WET [2025/01/15 15:58:16 ET]
Table 'Merlin III' 6-max Seat #5 is the button
Seat 1: YeeesMan ($100 in chips) 
Seat 2: easy_sarcasm ($100 in chips) 
Seat 3: NISIY ($102.50 in chips) 
Seat 4: Agri101 ($69.20 in chips) 
Seat 5: poker_soul11 ($104.36 in chips) 
Seat 6: IamShine1212 ($75.85 in chips) 
IamShine1212: posts small blind $0.50
YeeesMan: posts big blind $1
*** HOLE CARDS ***
easy_sarcasm: folds 
NISIY: folds 
Agri101: folds 
poker_soul11: folds 
IamShine1212: folds 
Uncalled bet ($0.50) returned to YeeesMan
YeeesMan collected $1 from pot
YeeesMan: doesn't show hand 
*** SUMMARY ***
Total pot $1 | Rake $0 
Seat 1: YeeesMan (big blind) collected ($1)
Seat 2: easy_sarcasm folded before Flop (didn't bet)
Seat 3: NISIY folded before Flop (didn't bet)
Seat 4: Agri101 folded before Flop (didn't bet)
Seat 5: poker_soul11 (button) folded before Flop (didn't bet)
Seat 6: IamShine1212 (small blind) folded before Flop



PokerStars Hand #254388665831:  Hold'em No Limit ($0.50/$1.00 USD) - 2025/01/15 20:58:28 WET [2025/01/15 15:58:28 ET]
Table 'Merlin III' 6-max Seat #6 is the button
Seat 1: YeeesMan ($100.50 in chips) 
Seat 2: easy_sarcasm ($100 in chips) 
Seat 3: NISIY ($102.50 in chips) 
Seat 4: Agri101 ($69.20 in chips) 
Seat 5: poker_soul11 ($104.36 in chips) 
Seat 6: IamShine1212 ($75.35 in chips) 
YeeesMan: posts small blind $0.50
easy_sarcasm: posts big blind $1
*** HOLE CARDS ***
NISIY: folds 
Agri101: folds 
poker_soul11: folds 
IamShine1212: folds 
YeeesMan: folds 
Uncalled bet ($0.50) returned to easy_sarcasm
easy_sarcasm collected $1 from pot
*** SUMMARY ***
Total pot $1 | Rake $0 
Seat 1: YeeesMan (small blind) folded before Flop
Seat 2: easy_sarcasm (big blind) collected ($1)
Seat 3: NISIY folded before Flop (didn't bet)
Seat 4: Agri101 folded before Flop (didn't bet)
Seat 5: poker_soul11 folded before Flop (didn't bet)
Seat 6: IamShine1212 (button) folded before Flop (didn't bet)



PokerStars Hand #254388668142:  Hold'em No Limit ($0.50/$1.00 USD) - 2025/01/15 20:58:39 WET [2025/01/15 15:58:39 ET]
Table 'Merlin III' 6-max Seat #1 is the button
Seat 1: YeeesMan ($100 in chips) 
Seat 2: easy_sarcasm ($100.50 in chips) 
Seat 3: NISIY ($102.50 in chips) 
Seat 4: Agri101 ($69.20 in chips) 
Seat 5: poker_soul11 ($104.36 in chips) 
Seat 6: IamShine1212 ($75.35 in chips) 
easy_sarcasm: posts small blind $0.50
NISIY: posts big blind $1
*** HOLE CARDS ***
Agri101: folds 
poker_soul11: folds 
IamShine1212: raises $2 to $3
YeeesMan: folds 
easy_sarcasm: folds 
NISIY: folds 
Uncalled bet ($2) returned to IamShine1212
IamShine1212 collected $2.50 from pot
*** SUMMARY ***
Total pot $2.50 | Rake $0 
Seat 1: YeeesMan (button) folded before Flop (didn't bet)
Seat 2: easy_sarcasm (small blind) folded before Flop
Seat 3: NISIY (big blind) folded before Flop
Seat 4: Agri101 folded before Flop (didn't bet)
Seat 5: poker_soul11 folded before Flop (didn't bet)
Seat 6: IamShine1212 collected ($2.50)



PokerStars Hand #254388673542:  Hold'em No Limit ($0.50/$1.00 USD) - 2025/01/15 20:59:03 WET [2025/01/15 15:59:03 ET]
Table 'Merlin III' 6-max Seat #2 is the button
Seat 1: YeeesMan ($100 in chips) 
Seat 2: easy_sarcasm ($100 in chips) 
Seat 3: NISIY ($101.50 in chips) 
Seat 4: Agri101 ($69.20 in chips) 
Seat 5: poker_soul11 ($104.36 in chips) 
Seat 6: IamShine1212 ($76.85 in chips) 
NISIY: posts small blind $0.50
Agri101: posts big blind $1
*** HOLE CARDS ***
poker_soul11: folds 
IamShine1212: folds 
YeeesMan: folds 
easy_sarcasm: raises $1.20 to $2.20
NISIY: folds 
Agri101: calls $1.20
*** FLOP *** [4h 2h 9s]
Agri101: checks 
easy_sarcasm: bets $3.50
Agri101: calls $3.50
*** TURN *** [4h 2h 9s] [3h]
Agri101: checks 
easy_sarcasm: bets $8.50
Agri101: folds 
Uncalled bet ($8.50) returned to easy_sarcasm
easy_sarcasm collected $11.30 from pot
*** SUMMARY ***
Total pot $11.90 | Rake $0.60 
Board [4h 2h 9s 3h]
Seat 1: YeeesMan folded before Flop (didn't bet)
Seat 2: easy_sarcasm (button) collected ($11.30)
Seat 3: NISIY (small blind) folded before Flop
Seat 4: Agri101 (big blind) folded on the Turn
Seat 5: poker_soul11 folded before Flop (didn't bet)
Seat 6: IamShine1212 folded before Flop (didn't bet)



PokerStars Hand #254388682597:  Hold'em No Limit ($0.50/$1.00 USD) - 2025/01/15 20:59:43 WET [2025/01/15 15:59:43 ET]
Table 'Merlin III' 6-max Seat #3 is the button
Seat 1: YeeesMan ($100 in chips) 
Seat 2: easy_sarcasm ($105.60 in chips) 
Seat 3: NISIY ($101 in chips) 
Seat 4: Agri101 ($63.50 in chips) 
Seat 5: poker_soul11 ($104.36 in chips) 
Seat 6: IamShine1212 ($76.85 in chips) 
Agri101: posts small blind $0.50
poker_soul11: posts big blind $1
*** HOLE CARDS ***
IamShine1212: folds 
YeeesMan: raises $1.50 to $2.50
easy_sarcasm: folds 
NISIY: folds 
Agri101: folds 
poker_soul11: calls $1.50
*** FLOP *** [6c Kd 9h]
poker_soul11: checks 
YeeesMan: bets $3.92
poker_soul11: folds 
Uncalled bet ($3.92) returned to YeeesMan
YeeesMan collected $5.22 from pot
YeeesMan: doesn't show hand 
*** SUMMARY ***
Total pot $5.50 | Rake $0.28 
Board [6c Kd 9h]
Seat 1: YeeesMan collected ($5.22)
Seat 2: easy_sarcasm folded before Flop (didn't bet)
Seat 3: NISIY (button) folded before Flop (didn't bet)
Seat 4: Agri101 (small blind) folded before Flop
Seat 5: poker_soul11 (big blind) folded on the Flop
Seat 6: IamShine1212 folded before Flop (didn't bet)



PokerStars Hand #254388697783:  Hold'em No Limit ($0.50/$1.00 USD) - 2025/01/15 21:00:48 WET [2025/01/15 16:00:48 ET]
Table 'Merlin III' 6-max Seat #4 is the button
Seat 1: YeeesMan ($102.72 in chips) 
Seat 2: easy_sarcasm ($105.60 in chips) 
Seat 3: NISIY ($101 in chips) 
Seat 4: Agri101 ($63 in chips) 
Seat 5: poker_soul11 ($101.86 in chips) 
Seat 6: IamShine1212 ($76.85 in chips) 
poker_soul11: posts small blind $0.50
IamShine1212: posts big blind $1
*** HOLE CARDS ***
YeeesMan: folds 
easy_sarcasm: folds 
NISIY: raises $1.50 to $2.50
Agri101: raises $6.50 to $9
poker_soul11: raises $92.86 to $101.86 and is all-in
IamShine1212: folds 
NISIY: folds 
Agri101: folds 
Uncalled bet ($92.86) returned to poker_soul11
poker_soul11 collected $21.50 from pot
poker_soul11: doesn't show hand 
*** SUMMARY ***
Total pot $21.50 | Rake $0 
Seat 1: YeeesMan folded before Flop (didn't bet)
Seat 2: easy_sarcasm folded before Flop (didn't bet)
Seat 3: NISIY folded before Flop
Seat 4: Agri101 (button) folded before Flop
Seat 5: poker_soul11 (small blind) collected ($21.50)
Seat 6: IamShine1212 (big blind) folded before Flop



PokerStars Hand #254388709529:  Hold'em No Limit ($0.50/$1.00 USD) - 2025/01/15 21:01:32 WET [2025/01/15 16:01:32 ET]
Table 'Merlin III' 6-max Seat #5 is the button
Seat 1: YeeesMan ($102.72 in chips) 
Seat 2: easy_sarcasm ($105.60 in chips) 
Seat 3: NISIY ($100 in chips) 
Seat 4: Agri101 ($54 in chips) 
Seat 5: poker_soul11 ($114.36 in chips) 
Seat 6: IamShine1212 ($75.85 in chips) 
IamShine1212: posts small blind $0.50
YeeesMan: posts big blind $1
*** HOLE CARDS ***
easy_sarcasm: folds 
NISIY: folds 
Agri101: folds 
poker_soul11: folds 
IamShine1212: folds 
Uncalled bet ($0.50) returned to YeeesMan
YeeesMan collected $1 from pot
YeeesMan: doesn't show hand 
*** SUMMARY ***
Total pot $1 | Rake $0 
Seat 1: YeeesMan (big blind) collected ($1)
Seat 2: easy_sarcasm folded before Flop (didn't bet)
Seat 3: NISIY folded before Flop (didn't bet)
Seat 4: Agri101 folded before Flop (didn't bet)
Seat 5: poker_soul11 (button) folded before Flop (didn't bet)
Seat 6: IamShine1212 (small blind) folded before Flop



PokerStars Hand #254388713723:  Hold'em No Limit ($0.50/$1.00 USD) - 2025/01/15 21:01:47 WET [2025/01/15 16:01:47 ET]
Table 'Merlin III' 6-max Seat #6 is the button
Seat 2: easy_sarcasm ($105.60 in chips) is sitting out
Seat 1: YeeesMan ($103.22 in chips) 
Seat 3: NISIY ($100 in chips) 
Seat 4: Agri101 ($54 in chips) 
Seat 5: poker_soul11 ($114.36 in chips) 
Seat 6: IamShine1212 ($75.35 in chips) 
YeeesMan: posts small blind $0.50
easy_sarcasm: is sitting out 
NISIY: posts big blind $1
*** HOLE CARDS ***
Agri101: folds 
poker_soul11: folds 
easy_sarcasm leaves the table
IamShine1212 has timed out
IamShine1212: folds 
YeeesMan: folds 
Uncalled bet ($0.50) returned to NISIY
IamShine1212 is disconnected 
NISIY collected $1 from pot
NISIY: doesn't show hand 
*** SUMMARY ***
Total pot $1 | Rake $0 
Seat 2: easy_sarcasm
Seat 1: YeeesMan (small blind) folded before Flop
Seat 3: NISIY (big blind) collected ($1)
Seat 4: Agri101 folded before Flop (didn't bet)
Seat 5: poker_soul11 folded before Flop (didn't bet)
Seat 6: IamShine1212 (button) folded before Flop (didn't bet)



PokerStars Hand #254388725935:  Hold'em No Limit ($0.50/$1.00 USD) - 2025/01/15 21:02:27 WET [2025/01/15 16:02:27 ET]
Table 'Merlin III' 6-max Seat #1 is the button
Seat 6: IamShine1212 ($75.35 in chips) is sitting out
Seat 1: YeeesMan ($102.72 in chips) 
Seat 3: NISIY ($100.50 in chips) 
Seat 4: Agri101 ($54 in chips) 
Seat 5: poker_soul11 ($114.36 in chips) 
NISIY: posts small blind $0.50
Agri101: posts big blind $1
*** HOLE CARDS ***
XneferX joins the table at seat #2 
poker_soul11: folds 
YeeesMan: folds 
NISIY: raises $2 to $3
Agri101: folds 
Uncalled bet ($2) returned to NISIY
NISIY collected $2 from pot
NISIY: doesn't show hand 
*** SUMMARY ***
Total pot $2 | Rake $0 
Seat 6: IamShine1212
Seat 1: YeeesMan (button) folded before Flop (didn't bet)
Seat 3: NISIY (small blind) collected ($2)
Seat 4: Agri101 (big blind) folded before Flop
Seat 5: poker_soul11 folded before Flop (didn't bet)



PokerStars Hand #254388733586:  Hold'em No Limit ($0.50/$1.00 USD) - 2025/01/15 21:02:53 WET [2025/01/15 16:02:53 ET]
Table 'Merlin III' 6-max Seat #3 is the button
Seat 2: XneferX ($100 in chips) is sitting out
Seat 6: IamShine1212 ($75.35 in chips) is sitting out
Seat 1: YeeesMan ($102.72 in chips) 
Seat 3: NISIY ($101.50 in chips) 
Seat 4: Agri101 ($53 in chips) 
Seat 5: poker_soul11 ($114.36 in chips) 
Agri101: posts small blind $0.50
poker_soul11: posts big blind $1
XneferX: sits out 
*** HOLE CARDS ***
YeeesMan: folds 
NISIY: raises $1.50 to $2.50
Agri101: folds 
poker_soul11: folds 
Uncalled bet ($1.50) returned to NISIY
NISIY collected $2.50 from pot
NISIY: doesn't show hand 
*** SUMMARY ***
Total pot $2.50 | Rake $0 
Seat 2: XneferX
Seat 6: IamShine1212
Seat 1: YeeesMan folded before Flop (didn't bet)
Seat 3: NISIY (button) collected ($2.50)
Seat 4: Agri101 (small blind) folded before Flop
Seat 5: poker_soul11 (big blind) folded before Flop



PokerStars Hand #254388737912:  Hold'em No Limit ($0.50/$1.00 USD) - 2025/01/15 21:03:07 WET [2025/01/15 16:03:07 ET]
Table 'Merlin III' 6-max Seat #4 is the button
Seat 2: XneferX ($100 in chips) is sitting out
Seat 6: IamShine1212 ($75.35 in chips) is sitting out
Seat 1: YeeesMan ($102.72 in chips) 
Seat 3: NISIY ($103 in chips) 
Seat 4: Agri101 ($52.50 in chips) 
Seat 5: poker_soul11 ($113.36 in chips) 
poker_soul11: posts small blind $0.50
YeeesMan: posts big blind $1
XneferX: sits out 
*** HOLE CARDS ***
NISIY: folds 
Agri101: folds 
poker_soul11: folds 
Uncalled bet ($0.50) returned to YeeesMan
YeeesMan collected $1 from pot
YeeesMan: doesn't show hand 
*** SUMMARY ***
Total pot $1 | Rake $0 
Seat 2: XneferX
Seat 6: IamShine1212
Seat 1: YeeesMan (big blind) collected ($1)
Seat 3: NISIY folded before Flop (didn't bet)
Seat 4: Agri101 (button) folded before Flop (didn't bet)
Seat 5: poker_soul11 (small blind) folded before Flop



PokerStars Hand #254388742188:  Hold'em No Limit ($0.50/$1.00 USD) - 2025/01/15 21:03:20 WET [2025/01/15 16:03:20 ET]
Table 'Merlin III' 6-max Seat #5 is the button
Seat 6: IamShine1212 ($75.35 in chips) is sitting out
Seat 1: YeeesMan ($103.22 in chips) 
Seat 2: XneferX ($100 in chips) 
Seat 3: NISIY ($103 in chips) 
Seat 4: Agri101 ($52.50 in chips) 
Seat 5: poker_soul11 ($112.86 in chips) 
YeeesMan: posts small blind $0.50
XneferX: posts big blind $1
*** HOLE CARDS ***
NISIY: raises $1.50 to $2.50
Agri101: folds 
poker_soul11: folds 
YeeesMan: folds 
XneferX: folds 
Uncalled bet ($1.50) returned to NISIY
NISIY collected $2.50 from pot
NISIY: doesn't show hand 
*** SUMMARY ***
Total pot $2.50 | Rake $0 
Seat 6: IamShine1212
Seat 1: YeeesMan (small blind) folded before Flop
Seat 2: XneferX (big blind) folded before Flop
Seat 3: NISIY collected ($2.50)
Seat 4: Agri101 folded before Flop (didn't bet)
Seat 5: poker_soul11 (button) folded before Flop (didn't bet)



PokerStars Hand #254388747397:  Hold'em No Limit ($0.50/$1.00 USD) - 2025/01/15 21:03:38 WET [2025/01/15 16:03:38 ET]
Table 'Merlin III' 6-max Seat #1 is the button
Seat 6: IamShine1212 ($75.35 in chips) is sitting out
Seat 1: YeeesMan ($102.72 in chips) 
Seat 2: XneferX ($100 in chips) 
Seat 3: NISIY ($104.50 in chips) 
Seat 4: Agri101 ($52.50 in chips) 
Seat 5: poker_soul11 ($112.86 in chips) 
XneferX: posts small blind $0.50
NISIY: posts big blind $1
*** HOLE CARDS ***
Agri101: folds 
poker_soul11: raises $1.20 to $2.20
YeeesMan: folds 
XneferX: folds 
NISIY: folds 
Uncalled bet ($1.20) returned to poker_soul11
poker_soul11 collected $2.50 from pot
poker_soul11: doesn't show hand 
*** SUMMARY ***
Total pot $2.50 | Rake $0 
Seat 6: IamShine1212
Seat 1: YeeesMan (button) folded before Flop (didn't bet)
Seat 2: XneferX (small blind) folded before Flop
Seat 3: NISIY (big blind) folded before Flop
Seat 4: Agri101 folded before Flop (didn't bet)
Seat 5: poker_soul11 collected ($2.50)



PokerStars Hand #254388755862:  Hold'em No Limit ($0.50/$1.00 USD) - 2025/01/15 21:04:05 WET [2025/01/15 16:04:05 ET]
Table 'Merlin III' 6-max Seat #2 is the button
Seat 6: IamShine1212 ($75.35 in chips) is sitting out
Seat 1: YeeesMan ($102.72 in chips) 
Seat 2: XneferX ($100 in chips) 
Seat 3: NISIY ($103.50 in chips) 
Seat 4: Agri101 ($52.50 in chips) 
Seat 5: poker_soul11 ($114.36 in chips) 
NISIY: posts small blind $0.50
Agri101: posts big blind $1
*** HOLE CARDS ***
poker_soul11: folds 
YeeesMan: folds 
XneferX: folds 
NISIY: raises $2 to $3
Agri101: calls $2
*** FLOP *** [Qs 7d 6d]
NISIY: checks 
Agri101: bets $3.14
NISIY: folds 
Uncalled bet ($3.14) returned to Agri101
NISIY leaves the table
Agri101 collected $5.70 from pot
Agri101: doesn't show hand 
*** SUMMARY ***
Total pot $6 | Rake $0.30 
Board [Qs 7d 6d]
Seat 6: IamShine1212
Seat 1: YeeesMan folded before Flop (didn't bet)
Seat 2: XneferX (button) folded before Flop (didn't bet)
Seat 3: NISIY (small blind) folded on the Flop
Seat 4: Agri101 (big blind) collected ($5.70)
Seat 5: poker_soul11 folded before Flop (didn't bet)



PokerStars Hand #254388771174:  Hold'em No Limit ($0.50/$1.00 USD) - 2025/01/15 21:04:55 WET [2025/01/15 16:04:55 ET]
Table 'Merlin III' 6-max Seat #4 is the button
Seat 6: IamShine1212 ($75.35 in chips) is sitting out
Seat 1: YeeesMan ($102.72 in chips) 
Seat 2: XneferX ($100 in chips) 
Seat 4: Agri101 ($55.20 in chips) 
Seat 5: poker_soul11 ($114.36 in chips) 
poker_soul11: posts small blind $0.50
YeeesMan: posts big blind $1
*** HOLE CARDS ***
XneferX: raises $1.30 to $2.30
Agri101: calls $2.30
poker_soul11: folds 
YeeesMan: folds 
*** FLOP *** [5d 2d 7s]
IREQO joins the table at seat #3 
XneferX: checks 
Agri101: checks 
*** TURN *** [5d 2d 7s] [6c]
XneferX: checks 
Agri101: bets $3.19
XneferX: folds 
Uncalled bet ($3.19) returned to Agri101
Agri101 collected $5.80 from pot
Agri101: doesn't show hand 
*** SUMMARY ***
Total pot $6.10 | Rake $0.30 
Board [5d 2d 7s 6c]
Seat 6: IamShine1212
Seat 1: YeeesMan (big blind) folded before Flop
Seat 2: XneferX folded on the Turn
Seat 4: Agri101 (button) collected ($5.80)
Seat 5: poker_soul11 (small blind) folded before Flop



PokerStars Hand #254388790007:  Hold'em No Limit ($0.50/$1.00 USD) - 2025/01/15 21:05:55 WET [2025/01/15 16:05:55 ET]
Table 'Merlin III' 6-max Seat #5 is the button
Seat 3: IREQO ($100 in chips) is sitting out
Seat 6: IamShine1212 ($75.35 in chips) is sitting out
Seat 1: YeeesMan ($101.72 in chips) 
Seat 2: XneferX ($100 in chips) 
Seat 4: Agri101 ($58.70 in chips) 
Seat 5: poker_soul11 ($113.86 in chips) 
YeeesMan: posts small blind $0.50
XneferX: posts big blind $1
IREQO: sits out 
*** HOLE CARDS ***
Agri101: folds 
poker_soul11: folds 
YeeesMan: raises $2 to $3
XneferX: folds 
Uncalled bet ($2) returned to YeeesMan
YeeesMan collected $2 from pot
YeeesMan: doesn't show hand 
*** SUMMARY ***
Total pot $2 | Rake $0 
Seat 3: IREQO
Seat 6: IamShine1212
Seat 1: YeeesMan (small blind) collected ($2)
Seat 2: XneferX (big blind) folded before Flop
Seat 4: Agri101 folded before Flop (didn't bet)
Seat 5: poker_soul11 (button) folded before Flop (didn't bet)



PokerStars Hand #254388794762:  Hold'em No Limit ($0.50/$1.00 USD) - 2025/01/15 21:06:11 WET [2025/01/15 16:06:11 ET]
Table 'Merlin III' 6-max Seat #1 is the button
Seat 6: IamShine1212 ($75.35 in chips) is sitting out
Seat 1: YeeesMan ($102.72 in chips) 
Seat 2: XneferX ($100 in chips) 
Seat 3: IREQO ($100 in chips) 
Seat 4: Agri101 ($58.70 in chips) 
Seat 5: poker_soul11 ($113.86 in chips) 
XneferX: posts small blind $0.50
IREQO: posts big blind $1
*** HOLE CARDS ***
Agri101: folds 
poker_soul11: raises $1.20 to $2.20
YeeesMan: raises $5.80 to $8
XneferX: folds 
IREQO: folds 
poker_soul11: raises $13 to $21
YeeesMan: raises $81.72 to $102.72 and is all-in
poker_soul11: folds 
Uncalled bet ($81.72) returned to YeeesMan
YeeesMan collected $43.50 from pot
YeeesMan: doesn't show hand 
*** SUMMARY ***
Total pot $43.50 | Rake $0 
Seat 6: IamShine1212
Seat 1: YeeesMan (button) collected ($43.50)
Seat 2: XneferX (small blind) folded before Flop
Seat 3: IREQO (big blind) folded before Flop
Seat 4: Agri101 folded before Flop (didn't bet)
Seat 5: poker_soul11 folded before Flop



PokerStars Hand #254388809013:  Hold'em No Limit ($0.50/$1.00 USD) - 2025/01/15 21:06:57 WET [2025/01/15 16:06:57 ET]
Table 'Merlin III' 6-max Seat #2 is the button
Seat 6: IamShine1212 ($75.35 in chips) is sitting out
Seat 1: YeeesMan ($125.22 in chips) 
Seat 2: XneferX ($100 in chips) 
Seat 3: IREQO ($100 in chips) 
Seat 4: Agri101 ($58.70 in chips) 
Seat 5: poker_soul11 ($100 in chips) 
IREQO: posts small blind $0.50
Agri101: posts big blind $1
*** HOLE CARDS ***
poker_soul11: folds 
YeeesMan: folds 
XneferX: raises $1.77 to $2.77
IREQO: raises $9.23 to $12
Agri101: calls $11
XneferX: calls $9.23
*** FLOP *** [3s Kh 9c]
IREQO: checks 
Agri101: checks 
XneferX: bets $11.63
IREQO: raises $15.37 to $27
Agri101: folds 
XneferX: folds 
Uncalled bet ($15.37) returned to IREQO
XneferX leaves the table
IREQO collected $56.76 from pot
IREQO: doesn't show hand 
*** SUMMARY ***
Total pot $59.26 | Rake $2.50 
Board [3s Kh 9c]
Seat 6: IamShine1212
Seat 1: YeeesMan folded before Flop (didn't bet)
Seat 2: XneferX (button) folded on the Flop
Seat 3: IREQO (small blind) collected ($56.76)
Seat 4: Agri101 (big blind) folded on the Flop
Seat 5: poker_soul11 folded before Flop (didn't bet)



PokerStars Hand #254388850492:  Hold'em No Limit ($0.50/$1.00 USD) - 2025/01/15 21:09:12 WET [2025/01/15 16:09:12 ET]
Table 'Merlin III' 6-max Seat #3 is the button
Seat 6: IamShine1212 ($75.35 in chips) is sitting out
Seat 1: YeeesMan ($125.22 in chips) 
Seat 3: IREQO ($133.13 in chips) 
Seat 4: Agri101 ($46.70 in chips) 
Seat 5: poker_soul11 ($100 in chips) 
Agri101: posts small blind $0.50
poker_soul11: posts big blind $1
*** HOLE CARDS ***
YeeesMan: folds 
IREQO: folds 
Agri101: raises $2.50 to $3.50
poker_soul11: calls $2.50
*** FLOP *** [2d 2h 9d]
Unipoker11 joins the table at seat #2 
Agri101: bets $3.66
poker_soul11: calls $3.66
*** TURN *** [2d 2h 9d] [5d]
Agri101: bets $7.48
poker_soul11: folds 
Uncalled bet ($7.48) returned to Agri101
Agri101 collected $13.60 from pot
Agri101: doesn't show hand 
*** SUMMARY ***
Total pot $14.32 | Rake $0.72 
Board [2d 2h 9d 5d]
Seat 6: IamShine1212
Seat 1: YeeesMan folded before Flop (didn't bet)
Seat 3: IREQO (button) folded before Flop (didn't bet)
Seat 4: Agri101 (small blind) collected ($13.60)
Seat 5: poker_soul11 (big blind) folded on the Turn



PokerStars Hand #254388862819:  Hold'em No Limit ($0.50/$1.00 USD) - 2025/01/15 21:09:53 WET [2025/01/15 16:09:53 ET]
Table 'Merlin III' 6-max Seat #4 is the button
Seat 1: YeeesMan ($125.22 in chips) is sitting out
Seat 6: IamShine1212 ($75.35 in chips) is sitting out
Seat 2: Unipoker11 ($100 in chips) 
Seat 3: IREQO ($133.13 in chips) 
Seat 4: Agri101 ($53.14 in chips) 
Seat 5: poker_soul11 ($100 in chips) 
poker_soul11: posts small blind $0.50
YeeesMan: is sitting out 
Unipoker11: posts big blind $1
*** HOLE CARDS ***
IREQO: folds 
Agri101: folds 
poker_soul11: raises $2 to $3
Unipoker11: folds 
Uncalled bet ($2) returned to poker_soul11
poker_soul11 collected $2 from pot
poker_soul11: doesn't show hand 
*** SUMMARY ***
Total pot $2 | Rake $0 
Seat 1: YeeesMan
Seat 6: IamShine1212
Seat 2: Unipoker11 (big blind) folded before Flop
Seat 3: IREQO folded before Flop (didn't bet)
Seat 4: Agri101 (button) folded before Flop (didn't bet)
Seat 5: poker_soul11 (small blind) collected ($2)



PokerStars Hand #254388867572:  Hold'em No Limit ($0.50/$1.00 USD) - 2025/01/15 21:10:08 WET [2025/01/15 16:10:08 ET]
Table 'Merlin III' 6-max Seat #2 is the button
Seat 1: YeeesMan ($125.22 in chips) is sitting out
Seat 3: IREQO ($133.13 in chips) is sitting out
Seat 4: Agri101 ($53.14 in chips) is sitting out
Seat 6: IamShine1212 ($75.35 in chips) is sitting out
Seat 2: Unipoker11 ($100 in chips) 
Seat 5: poker_soul11 ($101 in chips) 
Unipoker11: posts small blind $0.50
IREQO: is sitting out 
poker_soul11: posts big blind $1
*** HOLE CARDS ***
Unipoker11: folds 
Uncalled bet ($0.50) returned to poker_soul11
poker_soul11 collected $1 from pot
IamShine1212 leaves the table
poker_soul11: doesn't show hand 
*** SUMMARY ***
Total pot $1 | Rake $0 
Seat 1: YeeesMan
Seat 3: IREQO
Seat 4: Agri101
Seat 6: IamShine1212
Seat 2: Unipoker11 (button) (small blind) folded before Flop
Seat 5: poker_soul11 (big blind) collected ($1)



PokerStars Hand #254388869534:  Hold'em No Limit ($0.50/$1.00 USD) - 2025/01/15 21:10:14 WET [2025/01/15 16:10:14 ET]
Table 'Merlin III' 6-max Seat #5 is the button
Seat 1: YeeesMan ($125.22 in chips) is sitting out
Seat 3: IREQO ($133.13 in chips) is sitting out
Seat 4: Agri101 ($53.14 in chips) is sitting out
Seat 2: Unipoker11 ($100 in chips) 
Seat 5: poker_soul11 ($101.50 in chips) 
poker_soul11: posts small blind $0.50
Unipoker11: posts big blind $1
*** HOLE CARDS ***
IREQO leaves the table
poker_soul11: raises $1.50 to $2.50
Unipoker11: folds 
Uncalled bet ($1.50) returned to poker_soul11
poker_soul11 collected $2 from pot
poker_soul11: doesn't show hand 
*** SUMMARY ***
Total pot $2 | Rake $0 
Seat 1: YeeesMan
Seat 3: IREQO
Seat 4: Agri101
Seat 2: Unipoker11 (big blind) folded before Flop
Seat 5: poker_soul11 (button) (small blind) collected ($2)



PokerStars Hand #254388872672:  Hold'em No Limit ($0.50/$1.00 USD) - 2025/01/15 21:10:25 WET [2025/01/15 16:10:25 ET]
Table 'Merlin III' 6-max Seat #2 is the button
Seat 1: YeeesMan ($125.22 in chips) is sitting out
Seat 4: Agri101 ($53.14 in chips) is sitting out
Seat 2: Unipoker11 ($100 in chips) 
Seat 5: poker_soul11 ($102.50 in chips) 
Unipoker11: posts small blind $0.50
poker_soul11: posts big blind $1
*** HOLE CARDS ***
Unipoker11: folds 
Uncalled bet ($0.50) returned to poker_soul11
poker_soul11 collected $1 from pot
poker_soul11: doesn't show hand 
*** SUMMARY ***
Total pot $1 | Rake $0 
Seat 1: YeeesMan
Seat 4: Agri101
Seat 2: Unipoker11 (button) (small blind) folded before Flop
Seat 5: poker_soul11 (big blind) collected ($1)



