PokerStars Hand #254386174708:  Hold'em No Limit ($0.50/$1.00 USD) - 2025/01/15 18:35:02 WET [2025/01/15 13:35:02 ET]
Table 'Circinus III' 6-max Seat #1 is the button
Seat 6: plinio271 ($10 in chips) is sitting out
Seat 1: EvilReality ($100 in chips) 
Seat 2: nastja336 ($100 in chips) 
Seat 4: michasia ($104 in chips) 
Seat 5: blistein ($100 in chips) 
nastja336: posts small blind $0.50
michasia: posts big blind $1
*** HOLE CARDS ***
blistein: folds 
blistein leaves the table
EvilReality: raises $1.50 to $2.50
nastja336: folds 
michasia: folds 
Uncalled bet ($1.50) returned to EvilReality
EvilReality collected $2.50 from pot
EvilReality: doesn't show hand 
AndreaBsAs joins the table at seat #5 
*** SUMMARY ***
Total pot $2.50 | Rake $0 
Seat 6: plinio271
Seat 1: EvilReality (button) collected ($2.50)
Seat 2: nastja336 (small blind) folded before Flop
Seat 4: michasia (big blind) folded before Flop
Seat 5: blistein folded before Flop (didn't bet)



PokerStars Hand #254386180067:  Hold'em No Limit ($0.50/$1.00 USD) - 2025/01/15 18:35:20 WET [2025/01/15 13:35:20 ET]
Table 'Circinus III' 6-max Seat #2 is the button
Seat 6: plinio271 ($10 in chips) is sitting out
Seat 1: EvilReality ($101.50 in chips) 
Seat 2: nastja336 ($100 in chips) 
Seat 4: michasia ($103 in chips) 
Seat 5: AndreaBsAs ($100 in chips) 
michasia: posts small blind $0.50
AndreaBsAs is connected 
AndreaBsAs: posts big blind $1
*** HOLE CARDS ***
EvilReality: folds 
nastja336: folds 
michasia: folds 
Uncalled bet ($0.50) returned to AndreaBsAs
AndreaBsAs collected $1 from pot
*** SUMMARY ***
Total pot $1 | Rake $0 
Seat 6: plinio271
Seat 1: EvilReality folded before Flop (didn't bet)
Seat 2: nastja336 (button) folded before Flop (didn't bet)
Seat 4: michasia (small blind) folded before Flop
Seat 5: AndreaBsAs (big blind) collected ($1)



PokerStars Hand #254386190125:  Hold'em No Limit ($0.50/$1.00 USD) - 2025/01/15 18:35:54 WET [2025/01/15 13:35:54 ET]
Table 'Circinus III' 6-max Seat #5 is the button
Seat 1: EvilReality ($101.50 in chips) is sitting out
Seat 2: nastja336 ($100 in chips) is sitting out
Seat 6: plinio271 ($10 in chips) is sitting out
Seat 4: michasia ($102.50 in chips) 
Seat 5: AndreaBsAs ($100.50 in chips) 
AndreaBsAs: posts small blind $0.50
EvilReality: is sitting out 
nastja336: is sitting out 
michasia: posts big blind $1
*** HOLE CARDS ***
nastja336 leaves the table
EvilReality leaves the table
AndreaBsAs: raises $2 to $3
michasia: folds 
Uncalled bet ($2) returned to AndreaBsAs
AndreaBsAs collected $2 from pot
*** SUMMARY ***
Total pot $2 | Rake $0 
Seat 1: EvilReality
Seat 2: nastja336
Seat 6: plinio271
Seat 4: michasia (big blind) folded before Flop
Seat 5: AndreaBsAs (button) (small blind) collected ($2)



