PokerStars Hand #254377753172:  Hold'em No Limit ($0.50/$1.00 USD) - 2025/01/15 4:13:55 WET [2025/01/14 23:13:55 ET]
Table 'Shajna II' 6-max Seat #6 is the button
Seat 1: aceswild0002 ($9.51 in chips) 
Seat 2: XneferX ($101.50 in chips) 
Seat 3: CEPTT ($117.64 in chips) 
Seat 4: steepfell ($100 in chips) 
Seat 5: Manifestorr ($101.50 in chips) 
Seat 6: dukatt2 ($105.46 in chips) 
aceswild0002: posts small blind $0.50
XneferX: posts big blind $1
*** HOLE CARDS ***
CEPTT: folds 
steepfell: raises $1.50 to $2.50
Manifestorr: folds 
dukatt2: folds 
aceswild0002: calls $2
XneferX: folds 
*** FLOP *** [Qd 4s 9d]
aceswild0002: checks 
steepfell: bets $8
aceswild0002: calls $7.01 and is all-in
Uncalled bet ($0.99) returned to steepfell
*** TURN *** [Qd 4s 9d] [6d]
*** RIVER *** [Qd 4s 9d 6d] [Ad]
*** SHOW DOWN ***
aceswild0002: shows [As 9s] (two pair, Aces and Nines)
steepfell: shows [Ts Th] (a pair of Tens)
aceswild0002 collected $19.02 from pot
*** SUMMARY ***
Total pot $20.02 | Rake $1 
Board [Qd 4s 9d 6d Ad]
Seat 1: aceswild0002 (small blind) showed [As 9s] and won ($19.02) with two pair, Aces and Nines
Seat 2: XneferX (big blind) folded before Flop
Seat 3: CEPTT folded before Flop (didn't bet)
Seat 4: steepfell showed [Ts Th] and lost with a pair of Tens
Seat 5: Manifestorr folded before Flop (didn't bet)
Seat 6: dukatt2 (button) folded before Flop (didn't bet)



PokerStars Hand #254377758428:  Hold'em No Limit ($0.50/$1.00 USD) - 2025/01/15 4:14:46 WET [2025/01/14 23:14:46 ET]
Table 'Shajna II' 6-max Seat #1 is the button
Seat 1: aceswild0002 ($19.02 in chips) 
Seat 2: XneferX ($100.50 in chips) 
Seat 3: CEPTT ($117.64 in chips) 
Seat 4: steepfell ($100 in chips) 
Seat 5: Manifestorr ($101.50 in chips) 
Seat 6: dukatt2 ($105.46 in chips) 
XneferX: posts small blind $0.50
CEPTT: posts big blind $1
*** HOLE CARDS ***
steepfell: folds 
Manifestorr: raises $1.20 to $2.20
dukatt2: folds 
aceswild0002: folds 
XneferX: folds 
CEPTT: folds 
Uncalled bet ($1.20) returned to Manifestorr
Manifestorr collected $2.50 from pot
*** SUMMARY ***
Total pot $2.50 | Rake $0 
Seat 1: aceswild0002 (button) folded before Flop (didn't bet)
Seat 2: XneferX (small blind) folded before Flop
Seat 3: CEPTT (big blind) folded before Flop
Seat 4: steepfell folded before Flop (didn't bet)
Seat 5: Manifestorr collected ($2.50)
Seat 6: dukatt2 folded before Flop (didn't bet)



PokerStars Hand #254377761256:  Hold'em No Limit ($0.50/$1.00 USD) - 2025/01/15 4:15:14 WET [2025/01/14 23:15:14 ET]
Table 'Shajna II' 6-max Seat #2 is the button
Seat 1: aceswild0002 ($19.02 in chips) 
Seat 2: XneferX ($100 in chips) 
Seat 3: CEPTT ($116.64 in chips) 
Seat 4: steepfell ($100 in chips) 
Seat 5: Manifestorr ($103 in chips) 
Seat 6: dukatt2 ($105.46 in chips) 
CEPTT: posts small blind $0.50
steepfell: posts big blind $1
*** HOLE CARDS ***
Manifestorr: folds 
dukatt2: folds 
aceswild0002: raises $1 to $2
XneferX: folds 
CEPTT: folds 
steepfell: folds 
Uncalled bet ($1) returned to aceswild0002
aceswild0002 collected $2.50 from pot
*** SUMMARY ***
Total pot $2.50 | Rake $0 
Seat 1: aceswild0002 collected ($2.50)
Seat 2: XneferX (button) folded before Flop (didn't bet)
Seat 3: CEPTT (small blind) folded before Flop
Seat 4: steepfell (big blind) folded before Flop
Seat 5: Manifestorr folded before Flop (didn't bet)
Seat 6: dukatt2 folded before Flop (didn't bet)



PokerStars Hand #254377763043:  Hold'em No Limit ($0.50/$1.00 USD) - 2025/01/15 4:15:31 WET [2025/01/14 23:15:31 ET]
Table 'Shajna II' 6-max Seat #3 is the button
Seat 1: aceswild0002 ($20.52 in chips) 
Seat 2: XneferX ($100 in chips) 
Seat 3: CEPTT ($116.14 in chips) 
Seat 4: steepfell ($100 in chips) 
Seat 5: Manifestorr ($103 in chips) 
Seat 6: dukatt2 ($105.46 in chips) 
steepfell: posts small blind $0.50
Manifestorr: posts big blind $1
*** HOLE CARDS ***
dukatt2: folds 
aceswild0002: raises $3 to $4
XneferX: folds 
CEPTT: folds 
steepfell: folds 
Manifestorr: folds 
Uncalled bet ($3) returned to aceswild0002
aceswild0002 collected $2.50 from pot
*** SUMMARY ***
Total pot $2.50 | Rake $0 
Seat 1: aceswild0002 collected ($2.50)
Seat 2: XneferX folded before Flop (didn't bet)
Seat 3: CEPTT (button) folded before Flop (didn't bet)
Seat 4: steepfell (small blind) folded before Flop
Seat 5: Manifestorr (big blind) folded before Flop
Seat 6: dukatt2 folded before Flop (didn't bet)



PokerStars Hand #254377764861:  Hold'em No Limit ($0.50/$1.00 USD) - 2025/01/15 4:15:49 WET [2025/01/14 23:15:49 ET]
Table 'Shajna II' 6-max Seat #4 is the button
Seat 1: aceswild0002 ($22.02 in chips) 
Seat 2: XneferX ($100 in chips) 
Seat 3: CEPTT ($116.14 in chips) 
Seat 4: steepfell ($100 in chips) 
Seat 5: Manifestorr ($102 in chips) 
Seat 6: dukatt2 ($105.46 in chips) 
Manifestorr: posts small blind $0.50
dukatt2: posts big blind $1
*** HOLE CARDS ***
aceswild0002: folds 
XneferX: folds 
CEPTT: raises $1.25 to $2.25
steepfell: folds 
Manifestorr: folds 
dukatt2: calls $1.25
*** FLOP *** [As 2h 4h]
dukatt2: checks 
CEPTT: bets $3.56
dukatt2: calls $3.56
*** TURN *** [As 2h 4h] [2s]
dukatt2: checks 
CEPTT: bets $8.63
dukatt2: folds 
Uncalled bet ($8.63) returned to CEPTT
CEPTT collected $11.51 from pot
CEPTT: doesn't show hand 
*** SUMMARY ***
Total pot $12.12 | Rake $0.61 
Board [As 2h 4h 2s]
Seat 1: aceswild0002 folded before Flop (didn't bet)
Seat 2: XneferX folded before Flop (didn't bet)
Seat 3: CEPTT collected ($11.51)
Seat 4: steepfell (button) folded before Flop (didn't bet)
Seat 5: Manifestorr (small blind) folded before Flop
Seat 6: dukatt2 (big blind) folded on the Turn



PokerStars Hand #254377770346:  Hold'em No Limit ($0.50/$1.00 USD) - 2025/01/15 4:16:42 WET [2025/01/14 23:16:42 ET]
Table 'Shajna II' 6-max Seat #5 is the button
Seat 1: aceswild0002 ($22.02 in chips) 
Seat 2: XneferX ($100 in chips) 
Seat 3: CEPTT ($121.84 in chips) 
Seat 4: steepfell ($100 in chips) 
Seat 5: Manifestorr ($101.50 in chips) 
Seat 6: dukatt2 ($99.65 in chips) 
dukatt2: posts small blind $0.50
aceswild0002: posts big blind $1
*** HOLE CARDS ***
XneferX: folds 
CEPTT: raises $1.25 to $2.25
steepfell: folds 
Manifestorr: calls $2.25
dukatt2: calls $1.75
aceswild0002: folds 
*** FLOP *** [5h 4h 9c]
dukatt2: checks 
CEPTT: checks 
Manifestorr: checks 
*** TURN *** [5h 4h 9c] [Ks]
dukatt2: bets $3.68
CEPTT: calls $3.68
Manifestorr: folds 
*** RIVER *** [5h 4h 9c Ks] [Qh]
dukatt2: checks 
CEPTT: bets $10.76
dukatt2: folds 
Uncalled bet ($10.76) returned to CEPTT
CEPTT collected $14.35 from pot
CEPTT: doesn't show hand 
*** SUMMARY ***
Total pot $15.11 | Rake $0.76 
Board [5h 4h 9c Ks Qh]
Seat 1: aceswild0002 (big blind) folded before Flop
Seat 2: XneferX folded before Flop (didn't bet)
Seat 3: CEPTT collected ($14.35)
Seat 4: steepfell folded before Flop (didn't bet)
Seat 5: Manifestorr (button) folded on the Turn
Seat 6: dukatt2 (small blind) folded on the River



PokerStars Hand #254377777641:  Hold'em No Limit ($0.50/$1.00 USD) - 2025/01/15 4:17:53 WET [2025/01/14 23:17:53 ET]
Table 'Shajna II' 6-max Seat #6 is the button
Seat 1: aceswild0002 ($21.02 in chips) 
Seat 2: XneferX ($100 in chips) 
Seat 3: CEPTT ($130.26 in chips) 
Seat 4: steepfell ($100 in chips) 
Seat 5: Manifestorr ($100 in chips) 
Seat 6: dukatt2 ($93.72 in chips) 
aceswild0002: posts small blind $0.50
XneferX: posts big blind $1
*** HOLE CARDS ***
CEPTT: folds 
steepfell: folds 
Manifestorr: folds 
dukatt2: folds 
aceswild0002: folds 
Uncalled bet ($0.50) returned to XneferX
XneferX collected $1 from pot
XneferX: doesn't show hand 
*** SUMMARY ***
Total pot $1 | Rake $0 
Seat 1: aceswild0002 (small blind) folded before Flop
Seat 2: XneferX (big blind) collected ($1)
Seat 3: CEPTT folded before Flop (didn't bet)
Seat 4: steepfell folded before Flop (didn't bet)
Seat 5: Manifestorr folded before Flop (didn't bet)
Seat 6: dukatt2 (button) folded before Flop (didn't bet)



PokerStars Hand #254377778656:  Hold'em No Limit ($0.50/$1.00 USD) - 2025/01/15 4:18:03 WET [2025/01/14 23:18:03 ET]
Table 'Shajna II' 6-max Seat #1 is the button
Seat 1: aceswild0002 ($20.52 in chips) 
Seat 2: XneferX ($100.50 in chips) 
Seat 3: CEPTT ($130.26 in chips) 
Seat 4: steepfell ($100 in chips) 
Seat 5: Manifestorr ($100 in chips) 
Seat 6: dukatt2 ($93.72 in chips) 
XneferX: posts small blind $0.50
CEPTT: posts big blind $1
*** HOLE CARDS ***
steepfell: folds 
Manifestorr: folds 
dukatt2: folds 
aceswild0002: raises $2 to $3
XneferX: folds 
CEPTT: raises $70 to $73
aceswild0002: calls $17.52 and is all-in
Uncalled bet ($52.48) returned to CEPTT
*** FLOP *** [2d 6c Kh]
*** TURN *** [2d 6c Kh] [9s]
*** RIVER *** [2d 6c Kh 9s] [6d]
*** SHOW DOWN ***
CEPTT: shows [3c 3h] (two pair, Sixes and Threes)
aceswild0002: shows [Tc Ah] (a pair of Sixes)
CEPTT collected $39.46 from pot
*** SUMMARY ***
Total pot $41.54 | Rake $2.08 
Board [2d 6c Kh 9s 6d]
Seat 1: aceswild0002 (button) showed [Tc Ah] and lost with a pair of Sixes
Seat 2: XneferX (small blind) folded before Flop
Seat 3: CEPTT (big blind) showed [3c 3h] and won ($39.46) with two pair, Sixes and Threes
Seat 4: steepfell folded before Flop (didn't bet)
Seat 5: Manifestorr folded before Flop (didn't bet)
Seat 6: dukatt2 folded before Flop (didn't bet)



PokerStars Hand #254377784079:  Hold'em No Limit ($0.50/$1.00 USD) - 2025/01/15 4:18:56 WET [2025/01/14 23:18:56 ET]
Table 'Shajna II' 6-max Seat #2 is the button
Seat 1: aceswild0002 ($0 in chips) is sitting out
Seat 2: XneferX ($100 in chips) 
Seat 3: CEPTT ($149.20 in chips) 
Seat 4: steepfell ($100 in chips) 
Seat 5: Manifestorr ($100 in chips) 
Seat 6: dukatt2 ($93.72 in chips) 
CEPTT: posts small blind $0.50
steepfell: posts big blind $1
*** HOLE CARDS ***
Manifestorr: folds 
dukatt2: folds 
XneferX: folds 
CEPTT: folds 
Uncalled bet ($0.50) returned to steepfell
steepfell collected $1 from pot
steepfell: doesn't show hand 
aceswild0002 is disconnected 
*** SUMMARY ***
Total pot $1 | Rake $0 
Seat 1: aceswild0002
Seat 2: XneferX (button) folded before Flop (didn't bet)
Seat 3: CEPTT (small blind) folded before Flop
Seat 4: steepfell (big blind) collected ($1)
Seat 5: Manifestorr folded before Flop (didn't bet)
Seat 6: dukatt2 folded before Flop (didn't bet)



PokerStars Hand #254377785224:  Hold'em No Limit ($0.50/$1.00 USD) - 2025/01/15 4:19:08 WET [2025/01/14 23:19:08 ET]
Table 'Shajna II' 6-max Seat #3 is the button
Seat 1: aceswild0002 ($0 in chips) is sitting out
Seat 2: XneferX ($100 in chips) 
Seat 3: CEPTT ($148.70 in chips) 
Seat 4: steepfell ($100.50 in chips) 
Seat 5: Manifestorr ($100 in chips) 
Seat 6: dukatt2 ($93.72 in chips) 
steepfell: posts small blind $0.50
Manifestorr: posts big blind $1
*** HOLE CARDS ***
dukatt2: calls $1
XneferX: folds 
CEPTT: folds 
steepfell: folds 
Manifestorr: checks 
*** FLOP *** [Jc Ad 4h]
Manifestorr: checks 
dukatt2: bets $2.38
Manifestorr: folds 
Uncalled bet ($2.38) returned to dukatt2
dukatt2 collected $2.38 from pot
dukatt2: doesn't show hand 
*** SUMMARY ***
Total pot $2.50 | Rake $0.12 
Board [Jc Ad 4h]
Seat 1: aceswild0002
Seat 2: XneferX folded before Flop (didn't bet)
Seat 3: CEPTT (button) folded before Flop (didn't bet)
Seat 4: steepfell (small blind) folded before Flop
Seat 5: Manifestorr (big blind) folded on the Flop
Seat 6: dukatt2 collected ($2.38)



PokerStars Hand #254377787876:  Hold'em No Limit ($0.50/$1.00 USD) - 2025/01/15 4:19:34 WET [2025/01/14 23:19:34 ET]
Table 'Shajna II' 6-max Seat #4 is the button
Seat 1: aceswild0002 ($0 in chips) is sitting out
Seat 2: XneferX ($100 in chips) 
Seat 3: CEPTT ($148.70 in chips) 
Seat 4: steepfell ($100 in chips) 
Seat 5: Manifestorr ($100 in chips) 
Seat 6: dukatt2 ($95.10 in chips) 
Manifestorr: posts small blind $0.50
dukatt2: posts big blind $1
*** HOLE CARDS ***
XneferX: raises $1.10 to $2.10
CEPTT: folds 
steepfell: folds 
Manifestorr: folds 
dukatt2: calls $1.10
*** FLOP *** [Td 5d 4s]
dukatt2: checks 
XneferX: bets $2.27
dukatt2: calls $2.27
*** TURN *** [Td 5d 4s] [Kh]
dukatt2: checks 
XneferX: checks 
*** RIVER *** [Td 5d 4s Kh] [3d]
dukatt2: bets $8.78
XneferX: folds 
Uncalled bet ($8.78) returned to dukatt2
dukatt2 collected $8.78 from pot
dukatt2: doesn't show hand 
*** SUMMARY ***
Total pot $9.24 | Rake $0.46 
Board [Td 5d 4s Kh 3d]
Seat 1: aceswild0002
Seat 2: XneferX folded on the River
Seat 3: CEPTT folded before Flop (didn't bet)
Seat 4: steepfell (button) folded before Flop (didn't bet)
Seat 5: Manifestorr (small blind) folded before Flop
Seat 6: dukatt2 (big blind) collected ($8.78)



PokerStars Hand #254377793617:  Hold'em No Limit ($0.50/$1.00 USD) - 2025/01/15 4:20:32 WET [2025/01/14 23:20:32 ET]
Table 'Shajna II' 6-max Seat #5 is the button
Seat 1: aceswild0002 ($0 in chips) is sitting out
Seat 2: XneferX ($100 in chips) is sitting out
Seat 3: CEPTT ($148.70 in chips) is sitting out
Seat 4: steepfell ($100 in chips) 
Seat 5: Manifestorr ($100 in chips) 
Seat 6: dukatt2 ($99.51 in chips) 
dukatt2: posts small blind $0.50
CEPTT: is sitting out 
steepfell: posts big blind $1
*** HOLE CARDS ***
XneferX leaves the table
CEPTT leaves the table
Manifestorr: raises $1.20 to $2.20
dukatt2: folds 
steepfell: folds 
Uncalled bet ($1.20) returned to Manifestorr
Manifestorr collected $2.50 from pot
*** SUMMARY ***
Total pot $2.50 | Rake $0 
Seat 1: aceswild0002
Seat 2: XneferX
Seat 3: CEPTT
Seat 4: steepfell (big blind) folded before Flop
Seat 5: Manifestorr (button) collected ($2.50)
Seat 6: dukatt2 (small blind) folded before Flop



PokerStars Hand #254377794973:  Hold'em No Limit ($0.50/$1.00 USD) - 2025/01/15 4:20:46 WET [2025/01/14 23:20:46 ET]
Table 'Shajna II' 6-max Seat #4 is the button
Seat 1: aceswild0002 ($0 in chips) is sitting out
Seat 5: Manifestorr ($101.50 in chips) is sitting out
Seat 4: steepfell ($100 in chips) 
Seat 6: dukatt2 ($99.01 in chips) 
steepfell: posts small blind $0.50
Manifestorr: is sitting out 
dukatt2: posts big blind $1
*** HOLE CARDS ***
steepfell: raises $1.50 to $2.50
dukatt2: calls $1.50
*** FLOP *** [6s 6c Qc]
ponchua joins the table at seat #2 
dukatt2: checks 
steepfell: bets $1.57
dukatt2: folds 
Uncalled bet ($1.57) returned to steepfell
steepfell collected $4.75 from pot
steepfell: doesn't show hand 
*** SUMMARY ***
Total pot $5 | Rake $0.25 
Board [6s 6c Qc]
Seat 1: aceswild0002
Seat 5: Manifestorr
Seat 4: steepfell (button) (small blind) collected ($4.75)
Seat 6: dukatt2 (big blind) folded on the Flop



PokerStars Hand #254377796503:  Hold'em No Limit ($0.50/$1.00 USD) - 2025/01/15 4:21:01 WET [2025/01/14 23:21:01 ET]
Table 'Shajna II' 6-max Seat #4 is the button
Seat 1: aceswild0002 ($0 in chips) is sitting out
Seat 5: Manifestorr ($101.50 in chips) is sitting out
Seat 2: ponchua ($100 in chips) 
Seat 4: steepfell ($102.25 in chips) 
Seat 6: dukatt2 ($96.51 in chips) 
dukatt2: posts small blind $0.50
ponchua: posts big blind $1
*** HOLE CARDS ***
Hope2204 joins the table at seat #3 
Hope2204 is disconnected 
Manifestorr leaves the table
steepfell: raises $1.50 to $2.50
dukatt2: folds 
ponchua: folds 
Uncalled bet ($1.50) returned to steepfell
steepfell collected $2.50 from pot
steepfell: doesn't show hand 
*** SUMMARY ***
Total pot $2.50 | Rake $0 
Seat 1: aceswild0002
Seat 5: Manifestorr
Seat 2: ponchua (big blind) folded before Flop
Seat 4: steepfell (button) collected ($2.50)
Seat 6: dukatt2 (small blind) folded before Flop



PokerStars Hand #254377797879:  Hold'em No Limit ($0.50/$1.00 USD) - 2025/01/15 4:21:14 WET [2025/01/14 23:21:14 ET]
Table 'Shajna II' 6-max Seat #6 is the button
Seat 1: aceswild0002 ($0 in chips) is sitting out
Seat 2: ponchua ($100 in chips) 
Seat 3: Hope2204 ($100 in chips) 
Seat 4: steepfell ($103.75 in chips) 
Seat 6: dukatt2 ($96.01 in chips) 
ponchua: posts small blind $0.50
Hope2204: posts big blind $1
*** HOLE CARDS ***
steepfell: folds 
franbasualdo10 joins the table at seat #5 
franbasualdo10 is disconnected 
dukatt2: folds 
ponchua: folds 
Uncalled bet ($0.50) returned to Hope2204
Hope2204 collected $1 from pot
*** SUMMARY ***
Total pot $1 | Rake $0 
Seat 1: aceswild0002
Seat 2: ponchua (small blind) folded before Flop
Seat 3: Hope2204 (big blind) collected ($1)
Seat 4: steepfell folded before Flop (didn't bet)
Seat 6: dukatt2 (button) folded before Flop (didn't bet)



PokerStars Hand #254377799853:  Hold'em No Limit ($0.50/$1.00 USD) - 2025/01/15 4:21:34 WET [2025/01/14 23:21:34 ET]
Table 'Shajna II' 6-max Seat #2 is the button
Seat 1: aceswild0002 ($0 in chips) is sitting out
Seat 2: ponchua ($100 in chips) 
Seat 3: Hope2204 ($100.50 in chips) 
Seat 4: steepfell ($103.75 in chips) 
Seat 5: franbasualdo10 ($30.38 in chips) 
Seat 6: dukatt2 ($96.01 in chips) 
Hope2204: posts small blind $0.50
steepfell: posts big blind $1
franbasualdo10: posts big blind $1
*** HOLE CARDS ***
franbasualdo10: checks 
dukatt2: folds 
ponchua: raises $1.50 to $2.50
Hope2204: calls $2
steepfell: folds 
franbasualdo10: folds 
*** FLOP *** [6d 3h 7s]
Hope2204: checks 
ponchua: checks 
*** TURN *** [6d 3h 7s] [2s]
Hope2204: bets $3.33
ponchua: calls $3.33
*** RIVER *** [6d 3h 7s 2s] [5h]
Hope2204: bets $6.49
ponchua: folds 
Uncalled bet ($6.49) returned to Hope2204
Hope2204 collected $12.98 from pot
*** SUMMARY ***
Total pot $13.66 | Rake $0.68 
Board [6d 3h 7s 2s 5h]
Seat 1: aceswild0002
Seat 2: ponchua (button) folded on the River
Seat 3: Hope2204 (small blind) collected ($12.98)
Seat 4: steepfell (big blind) folded before Flop
Seat 5: franbasualdo10 folded before Flop (didn't bet)
Seat 6: dukatt2 folded before Flop (didn't bet)



PokerStars Hand #254377931111:  Hold'em No Limit ($0.50/$1.00 USD) - 2025/01/15 4:44:00 WET [2025/01/14 23:44:00 ET]
Table 'Shajna II' 6-max Seat #4 is the button
Seat 3: Hope2204 ($0 in chips) is sitting out
Seat 1: rostickkin ($259.56 in chips) 
Seat 2: ponchua ($100 in chips) 
Seat 4: steepfell ($134.99 in chips) 
Seat 5: CEPTT ($132.30 in chips) 
Seat 6: dukatt2 ($179.97 in chips) 
CEPTT: posts small blind $0.50
dukatt2: posts big blind $1
*** HOLE CARDS ***
rostickkin: folds 
ponchua: folds 
steepfell: folds 
CEPTT: folds 
Uncalled bet ($0.50) returned to dukatt2
dukatt2 collected $1 from pot
dukatt2: doesn't show hand 
Hope2204 leaves the table
*** SUMMARY ***
Total pot $1 | Rake $0 
Seat 3: Hope2204
Seat 1: rostickkin folded before Flop (didn't bet)
Seat 2: ponchua folded before Flop (didn't bet)
Seat 4: steepfell (button) folded before Flop (didn't bet)
Seat 5: CEPTT (small blind) folded before Flop
Seat 6: dukatt2 (big blind) collected ($1)



PokerStars Hand #254377932240:  Hold'em No Limit ($0.50/$1.00 USD) - 2025/01/15 4:44:12 WET [2025/01/14 23:44:12 ET]
Table 'Shajna II' 6-max Seat #5 is the button
Seat 1: rostickkin ($259.56 in chips) is sitting out
Seat 2: ponchua ($100 in chips) 
Seat 4: steepfell ($134.99 in chips) 
Seat 5: CEPTT ($131.80 in chips) 
Seat 6: dukatt2 ($180.47 in chips) 
dukatt2: posts small blind $0.50
rostickkin: is sitting out 
ponchua: posts big blind $1
*** HOLE CARDS ***
steepfell: raises $1.50 to $2.50
rostickkin leaves the table
vezis3 joins the table at seat #3 
CEPTT: folds 
dukatt2: folds 
ponchua: calls $1.50
*** FLOP *** [3d Ac Qs]
ponchua: checks 
steepfell: bets $2.61
ponchua: folds 
Uncalled bet ($2.61) returned to steepfell
steepfell collected $5.22 from pot
steepfell: doesn't show hand 
*** SUMMARY ***
Total pot $5.50 | Rake $0.28 
Board [3d Ac Qs]
Seat 1: rostickkin
Seat 2: ponchua (big blind) folded on the Flop
Seat 4: steepfell collected ($5.22)
Seat 5: CEPTT (button) folded before Flop (didn't bet)
Seat 6: dukatt2 (small blind) folded before Flop



PokerStars Hand #254377934864:  Hold'em No Limit ($0.50/$1.00 USD) - 2025/01/15 4:44:40 WET [2025/01/14 23:44:40 ET]
Table 'Shajna II' 6-max Seat #6 is the button
Seat 2: ponchua ($100 in chips) 
Seat 3: vezis3 ($100 in chips) 
Seat 4: steepfell ($137.71 in chips) 
Seat 5: CEPTT ($131.80 in chips) 
Seat 6: dukatt2 ($179.97 in chips) 
ponchua: posts small blind $0.50
vezis3: posts big blind $1
*** HOLE CARDS ***
steepfell: raises $1.50 to $2.50
CEPTT: folds 
dukatt2: folds 
ponchua: folds 
vezis3: calls $1.50
*** FLOP *** [2d 2h Kc]
vezis3: checks 
steepfell: bets $1.72
vezis3: folds 
Uncalled bet ($1.72) returned to steepfell
steepfell collected $5.22 from pot
steepfell: doesn't show hand 
*** SUMMARY ***
Total pot $5.50 | Rake $0.28 
Board [2d 2h Kc]
Seat 2: ponchua (small blind) folded before Flop
Seat 3: vezis3 (big blind) folded on the Flop
Seat 4: steepfell collected ($5.22)
Seat 5: CEPTT folded before Flop (didn't bet)
Seat 6: dukatt2 (button) folded before Flop (didn't bet)



PokerStars Hand #254377937308:  Hold'em No Limit ($0.50/$1.00 USD) - 2025/01/15 4:45:07 WET [2025/01/14 23:45:07 ET]
Table 'Shajna II' 6-max Seat #2 is the button
Seat 4: steepfell ($140.43 in chips) is sitting out
Seat 5: CEPTT ($131.80 in chips) is sitting out
Seat 2: ponchua ($100 in chips) 
Seat 3: vezis3 ($100 in chips) 
Seat 6: dukatt2 ($179.97 in chips) 
vezis3: posts small blind $0.50
steepfell: is sitting out 
CEPTT: is sitting out 
dukatt2: posts big blind $1
*** HOLE CARDS ***
ponchua: raises $1.50 to $2.50
steepfell leaves the table
vezis3: folds 
dukatt2: folds 
Uncalled bet ($1.50) returned to ponchua
ponchua collected $2.50 from pot
ponchua: doesn't show hand 
*** SUMMARY ***
Total pot $2.50 | Rake $0 
Seat 4: steepfell
Seat 5: CEPTT
Seat 2: ponchua (button) collected ($2.50)
Seat 3: vezis3 (small blind) folded before Flop
Seat 6: dukatt2 (big blind) folded before Flop



PokerStars Hand #254377938312:  Hold'em No Limit ($0.50/$1.00 USD) - 2025/01/15 4:45:18 WET [2025/01/14 23:45:18 ET]
Table 'Shajna II' 6-max Seat #3 is the button
Seat 5: CEPTT ($131.80 in chips) is sitting out
Seat 2: ponchua ($101.50 in chips) 
Seat 3: vezis3 ($100 in chips) 
Seat 6: dukatt2 ($178.97 in chips) 
dukatt2: posts small blind $0.50
ponchua: posts big blind $1
*** HOLE CARDS ***
CEPTT leaves the table
vezis3: folds 
dukatt2: raises $2 to $3
ponchua: folds 
Uncalled bet ($2) returned to dukatt2
dukatt2 collected $2 from pot
dukatt2: doesn't show hand 
*** SUMMARY ***
Total pot $2 | Rake $0 
Seat 5: CEPTT
Seat 2: ponchua (big blind) folded before Flop
Seat 3: vezis3 (button) folded before Flop (didn't bet)
Seat 6: dukatt2 (small blind) collected ($2)



PokerStars Hand #254377939711:  Hold'em No Limit ($0.50/$1.00 USD) - 2025/01/15 4:45:34 WET [2025/01/14 23:45:34 ET]
Table 'Shajna II' 6-max Seat #2 is the button
Seat 3: vezis3 ($100 in chips) is sitting out
Seat 2: ponchua ($100.50 in chips) 
Seat 6: dukatt2 ($179.97 in chips) 
ponchua: posts small blind $0.50
vezis3: is sitting out 
dukatt2: posts big blind $1
*** HOLE CARDS ***
vezis3 leaves the table
ponchua: folds 
Uncalled bet ($0.50) returned to dukatt2
dukatt2 collected $1 from pot
dukatt2: doesn't show hand 
*** SUMMARY ***
Total pot $1 | Rake $0 
Seat 3: vezis3
Seat 2: ponchua (button) (small blind) folded before Flop
Seat 6: dukatt2 (big blind) collected ($1)



PokerStars Hand #254377940541:  Hold'em No Limit ($0.50/$1.00 USD) - 2025/01/15 4:45:43 WET [2025/01/14 23:45:43 ET]
Table 'Shajna II' 6-max Seat #6 is the button
Seat 2: ponchua ($100 in chips) 
Seat 6: dukatt2 ($180.47 in chips) 
dukatt2: posts small blind $0.50
ponchua: posts big blind $1
*** HOLE CARDS ***
dukatt2: calls $0.50
ponchua: checks 
*** FLOP *** [Jd 6s 5d]
ponchua: checks 
dukatt2: bets $1.90
ponchua: folds 
Uncalled bet ($1.90) returned to dukatt2
dukatt2 collected $1.90 from pot
dukatt2: doesn't show hand 
*** SUMMARY ***
Total pot $2 | Rake $0.10 
Board [Jd 6s 5d]
Seat 2: ponchua (big blind) folded on the Flop
Seat 6: dukatt2 (button) (small blind) collected ($1.90)



PokerStars Hand #254377943565:  Hold'em No Limit ($0.50/$1.00 USD) - 2025/01/15 4:46:16 WET [2025/01/14 23:46:16 ET]
Table 'Shajna II' 6-max Seat #2 is the button
Seat 2: ponchua ($100 in chips) 
Seat 6: dukatt2 ($181.37 in chips) 
ponchua: posts small blind $0.50
dukatt2: posts big blind $1
*** HOLE CARDS ***
ponchua: raises $1.50 to $2.50
dukatt2: raises $5 to $7.50
ponchua: folds 
Uncalled bet ($5) returned to dukatt2
dukatt2 collected $5 from pot
dukatt2: doesn't show hand 
*** SUMMARY ***
Total pot $5 | Rake $0 
Seat 2: ponchua (button) (small blind) folded before Flop
Seat 6: dukatt2 (big blind) collected ($5)



PokerStars Hand #254377807865:  Hold'em No Limit ($0.50/$1.00 USD) - 2025/01/15 4:22:54 WET [2025/01/14 23:22:54 ET]
Table 'Shajna II' 6-max Seat #3 is the button
Seat 1: aceswild0002 ($0 in chips) is sitting out
Seat 2: ponchua ($100 in chips) 
Seat 3: Hope2204 ($107.65 in chips) 
Seat 4: steepfell ($102.75 in chips) 
Seat 5: franbasualdo10 ($29.38 in chips) 
Seat 6: dukatt2 ($96.01 in chips) 
steepfell: posts small blind $0.50
franbasualdo10: posts big blind $1
*** HOLE CARDS ***
dukatt2: folds 
ponchua: raises $1 to $2
Hope2204: folds 
steepfell: folds 
franbasualdo10: folds 
Uncalled bet ($1) returned to ponchua
ponchua collected $2.50 from pot
ponchua: doesn't show hand 
*** SUMMARY ***
Total pot $2.50 | Rake $0 
Seat 1: aceswild0002
Seat 2: ponchua collected ($2.50)
Seat 3: Hope2204 (button) folded before Flop (didn't bet)
Seat 4: steepfell (small blind) folded before Flop
Seat 5: franbasualdo10 (big blind) folded before Flop
Seat 6: dukatt2 folded before Flop (didn't bet)



PokerStars Hand #254377809526:  Hold'em No Limit ($0.50/$1.00 USD) - 2025/01/15 4:23:10 WET [2025/01/14 23:23:10 ET]
Table 'Shajna II' 6-max Seat #4 is the button
Seat 1: aceswild0002 ($0 in chips) is sitting out
Seat 2: ponchua ($101.50 in chips) 
Seat 3: Hope2204 ($107.65 in chips) 
Seat 4: steepfell ($102.25 in chips) 
Seat 5: franbasualdo10 ($28.38 in chips) 
Seat 6: dukatt2 ($96.01 in chips) 
franbasualdo10: posts small blind $0.50
dukatt2: posts big blind $1
*** HOLE CARDS ***
ponchua: raises $1.50 to $2.50
Hope2204: folds 
steepfell: folds 
franbasualdo10: calls $2
dukatt2: calls $1.50
*** FLOP *** [2c Jc 5h]
franbasualdo10: checks 
dukatt2: checks 
ponchua: bets $2.21
franbasualdo10 has timed out
franbasualdo10: folds 
dukatt2: folds 
Uncalled bet ($2.21) returned to ponchua
ponchua collected $7.12 from pot
ponchua: doesn't show hand 
*** SUMMARY ***
Total pot $7.50 | Rake $0.38 
Board [2c Jc 5h]
Seat 1: aceswild0002
Seat 2: ponchua collected ($7.12)
Seat 3: Hope2204 folded before Flop (didn't bet)
Seat 4: steepfell (button) folded before Flop (didn't bet)
Seat 5: franbasualdo10 (small blind) folded on the Flop
Seat 6: dukatt2 (big blind) folded on the Flop



PokerStars Hand #254377813312:  Hold'em No Limit ($0.50/$1.00 USD) - 2025/01/15 4:23:48 WET [2025/01/14 23:23:48 ET]
Table 'Shajna II' 6-max Seat #5 is the button
Seat 1: aceswild0002 ($0 in chips) is sitting out
Seat 2: ponchua ($106.12 in chips) 
Seat 3: Hope2204 ($107.65 in chips) 
Seat 4: steepfell ($102.25 in chips) 
Seat 5: franbasualdo10 ($25.88 in chips) 
Seat 6: dukatt2 ($93.51 in chips) 
dukatt2: posts small blind $0.50
ponchua: posts big blind $1
*** HOLE CARDS ***
Hope2204: calls $1
steepfell: raises $3 to $4
franbasualdo10: calls $4
dukatt2: folds 
ponchua: folds 
Hope2204: calls $3
*** FLOP *** [3h 4c Qd]
Hope2204: checks 
steepfell: checks 
franbasualdo10: bets $3
Hope2204: calls $3
steepfell: calls $3
*** TURN *** [3h 4c Qd] [4d]
Hope2204: checks 
steepfell: checks 
franbasualdo10: checks 
*** RIVER *** [3h 4c Qd 4d] [7s]
Hope2204: bets $21.38
steepfell: folds 
franbasualdo10: folds 
Uncalled bet ($21.38) returned to Hope2204
Hope2204 collected $21.38 from pot
*** SUMMARY ***
Total pot $22.50 | Rake $1.12 
Board [3h 4c Qd 4d 7s]
Seat 1: aceswild0002
Seat 2: ponchua (big blind) folded before Flop
Seat 3: Hope2204 collected ($21.38)
Seat 4: steepfell folded on the River
Seat 5: franbasualdo10 (button) folded on the River
Seat 6: dukatt2 (small blind) folded before Flop



PokerStars Hand #254377818791:  Hold'em No Limit ($0.50/$1.00 USD) - 2025/01/15 4:24:42 WET [2025/01/14 23:24:42 ET]
Table 'Shajna II' 6-max Seat #6 is the button
Seat 1: aceswild0002 ($0 in chips) is sitting out
Seat 2: ponchua ($105.12 in chips) 
Seat 3: Hope2204 ($122.03 in chips) 
Seat 4: steepfell ($100 in chips) 
Seat 5: franbasualdo10 ($18.88 in chips) 
Seat 6: dukatt2 ($93.01 in chips) 
ponchua: posts small blind $0.50
Hope2204: posts big blind $1
*** HOLE CARDS ***
steepfell: folds 
franbasualdo10: folds 
dukatt2: folds 
ponchua: raises $2 to $3
Hope2204: calls $2
*** FLOP *** [6c 3s Qd]
ponchua: checks 
Hope2204: bets $2.85
ponchua: raises $8.15 to $11
Hope2204: folds 
Uncalled bet ($8.15) returned to ponchua
ponchua collected $11.12 from pot
ponchua: doesn't show hand 
*** SUMMARY ***
Total pot $11.70 | Rake $0.58 
Board [6c 3s Qd]
Seat 1: aceswild0002
Seat 2: ponchua (small blind) collected ($11.12)
Seat 3: Hope2204 (big blind) folded on the Flop
Seat 4: steepfell folded before Flop (didn't bet)
Seat 5: franbasualdo10 folded before Flop (didn't bet)
Seat 6: dukatt2 (button) folded before Flop (didn't bet)



PokerStars Hand #254377821997:  Hold'em No Limit ($0.50/$1.00 USD) - 2025/01/15 4:25:13 WET [2025/01/14 23:25:13 ET]
Table 'Shajna II' 6-max Seat #2 is the button
Seat 1: aceswild0002 ($0 in chips) is sitting out
Seat 2: ponchua ($110.39 in chips) 
Seat 3: Hope2204 ($116.18 in chips) 
Seat 4: steepfell ($100 in chips) 
Seat 5: franbasualdo10 ($18.88 in chips) 
Seat 6: dukatt2 ($93.01 in chips) 
Hope2204: posts small blind $0.50
steepfell: posts big blind $1
*** HOLE CARDS ***
franbasualdo10: folds 
dukatt2: folds 
ponchua: raises $1.50 to $2.50
Hope2204: raises $6 to $8.50
steepfell: folds 
ponchua: calls $6
*** FLOP *** [Qc 2d Jc]
Hope2204: bets $8.55
ponchua: calls $8.55
*** TURN *** [Qc 2d Jc] [7c]
Hope2204: bets $33.34
ponchua: folds 
Uncalled bet ($33.34) returned to Hope2204
Hope2204 collected $33.34 from pot
*** SUMMARY ***
Total pot $35.10 | Rake $1.76 
Board [Qc 2d Jc 7c]
Seat 1: aceswild0002
Seat 2: ponchua (button) folded on the Turn
Seat 3: Hope2204 (small blind) collected ($33.34)
Seat 4: steepfell (big blind) folded before Flop
Seat 5: franbasualdo10 folded before Flop (didn't bet)
Seat 6: dukatt2 folded before Flop (didn't bet)



PokerStars Hand #254377826294:  Hold'em No Limit ($0.50/$1.00 USD) - 2025/01/15 4:25:56 WET [2025/01/14 23:25:56 ET]
Table 'Shajna II' 6-max Seat #3 is the button
Seat 1: aceswild0002 ($0 in chips) is sitting out
Seat 2: ponchua ($100 in chips) 
Seat 3: Hope2204 ($132.47 in chips) 
Seat 4: steepfell ($100 in chips) 
Seat 5: franbasualdo10 ($18.88 in chips) 
Seat 6: dukatt2 ($93.01 in chips) 
steepfell: posts small blind $0.50
franbasualdo10: posts big blind $1
*** HOLE CARDS ***
dukatt2: folds 
ponchua: folds 
Hope2204: folds 
steepfell: raises $2 to $3
franbasualdo10: calls $2
*** FLOP *** [8h Ad 5c]
steepfell: bets $1.88
franbasualdo10: calls $1.88
*** TURN *** [8h Ad 5c] [2h]
steepfell: bets $4.63
franbasualdo10: calls $4.63
*** RIVER *** [8h Ad 5c 2h] [Jc]
steepfell: bets $10.50
franbasualdo10: calls $9.37 and is all-in
Uncalled bet ($1.13) returned to steepfell
*** SHOW DOWN ***
steepfell: shows [8d Ac] (two pair, Aces and Eights)
franbasualdo10: shows [2c Ah] (two pair, Aces and Deuces)
steepfell collected $35.87 from pot
*** SUMMARY ***
Total pot $37.76 | Rake $1.89 
Board [8h Ad 5c 2h Jc]
Seat 1: aceswild0002
Seat 2: ponchua folded before Flop (didn't bet)
Seat 3: Hope2204 (button) folded before Flop (didn't bet)
Seat 4: steepfell (small blind) showed [8d Ac] and won ($35.87) with two pair, Aces and Eights
Seat 5: franbasualdo10 (big blind) showed [2c Ah] and lost with two pair, Aces and Deuces
Seat 6: dukatt2 folded before Flop (didn't bet)



PokerStars Hand #254377829023:  Hold'em No Limit ($0.50/$1.00 USD) - 2025/01/15 4:26:23 WET [2025/01/14 23:26:23 ET]
Table 'Shajna II' 6-max Seat #4 is the button
Seat 1: aceswild0002 ($0 in chips) is sitting out
Seat 5: franbasualdo10 ($0 in chips) is sitting out
Seat 2: ponchua ($100 in chips) 
Seat 3: Hope2204 ($132.47 in chips) 
Seat 4: steepfell ($116.99 in chips) 
Seat 6: dukatt2 ($93.01 in chips) 
dukatt2: posts small blind $0.50
ponchua: posts big blind $1
*** HOLE CARDS ***
Hope2204: folds 
franbasualdo10 leaves the table
steepfell: raises $1.50 to $2.50
dukatt2: folds 
ponchua: calls $1.50
*** FLOP *** [Tc 2s 4h]
ponchua: checks 
CEPTT joins the table at seat #5 
steepfell: bets $1.72
ponchua: folds 
Uncalled bet ($1.72) returned to steepfell
steepfell collected $5.22 from pot
aceswild0002 leaves the table
steepfell: doesn't show hand 
*** SUMMARY ***
Total pot $5.50 | Rake $0.28 
Board [Tc 2s 4h]
Seat 1: aceswild0002
Seat 5: franbasualdo10
Seat 2: ponchua (big blind) folded on the Flop
Seat 3: Hope2204 folded before Flop (didn't bet)
Seat 4: steepfell (button) collected ($5.22)
Seat 6: dukatt2 (small blind) folded before Flop



PokerStars Hand #254377831607:  Hold'em No Limit ($0.50/$1.00 USD) - 2025/01/15 4:26:49 WET [2025/01/14 23:26:49 ET]
Table 'Shajna II' 6-max Seat #6 is the button
Seat 5: CEPTT ($148.70 in chips) is sitting out
Seat 2: ponchua ($100 in chips) 
Seat 3: Hope2204 ($132.47 in chips) 
Seat 4: steepfell ($119.71 in chips) 
Seat 6: dukatt2 ($92.51 in chips) 
ponchua: posts small blind $0.50
Hope2204: posts big blind $1
CEPTT: sits out 
*** HOLE CARDS ***
steepfell: folds 
dukatt2: folds 
ponchua: raises $2 to $3
rostickkin joins the table at seat #1 
Hope2204: calls $2
*** FLOP *** [9d 3d 4c]
ponchua: checks 
Hope2204: checks 
*** TURN *** [9d 3d 4c] [Kh]
ponchua: checks 
Hope2204: bets $2.85
ponchua: folds 
Uncalled bet ($2.85) returned to Hope2204
Hope2204 collected $5.70 from pot
*** SUMMARY ***
Total pot $6 | Rake $0.30 
Board [9d 3d 4c Kh]
Seat 5: CEPTT
Seat 2: ponchua (small blind) folded on the Turn
Seat 3: Hope2204 (big blind) collected ($5.70)
Seat 4: steepfell folded before Flop (didn't bet)
Seat 6: dukatt2 (button) folded before Flop (didn't bet)



PokerStars Hand #254377835835:  Hold'em No Limit ($0.50/$1.00 USD) - 2025/01/15 4:27:32 WET [2025/01/14 23:27:32 ET]
Table 'Shajna II' 6-max Seat #2 is the button
Seat 1: rostickkin ($100 in chips) is sitting out
Seat 5: CEPTT ($148.70 in chips) is sitting out
Seat 2: ponchua ($100 in chips) 
Seat 3: Hope2204 ($135.17 in chips) 
Seat 4: steepfell ($119.71 in chips) 
Seat 6: dukatt2 ($92.51 in chips) 
Hope2204: posts small blind $0.50
steepfell: posts big blind $1
CEPTT: sits out 
rostickkin: sits out 
*** HOLE CARDS ***
dukatt2: calls $1
ponchua: folds 
Hope2204: calls $0.50
steepfell: checks 
*** FLOP *** [2c 7c 9c]
Hope2204: checks 
steepfell: checks 
dukatt2: checks 
*** TURN *** [2c 7c 9c] [Kh]
Hope2204: bets $1.43
steepfell: folds 
dukatt2: calls $1.43
*** RIVER *** [2c 7c 9c Kh] [6d]
Hope2204: bets $2.79
dukatt2: calls $2.79
*** SHOW DOWN ***
Hope2204: shows [Jd 3s] (high card King)
dukatt2: shows [Td Kd] (a pair of Kings)
dukatt2 collected $10.87 from pot
*** SUMMARY ***
Total pot $11.44 | Rake $0.57 
Board [2c 7c 9c Kh 6d]
Seat 1: rostickkin
Seat 5: CEPTT
Seat 2: ponchua (button) folded before Flop (didn't bet)
Seat 3: Hope2204 (small blind) showed [Jd 3s] and lost with high card King
Seat 4: steepfell (big blind) folded on the Turn
Seat 6: dukatt2 showed [Td Kd] and won ($10.87) with a pair of Kings



PokerStars Hand #254377839869:  Hold'em No Limit ($0.50/$1.00 USD) - 2025/01/15 4:28:13 WET [2025/01/14 23:28:13 ET]
Table 'Shajna II' 6-max Seat #3 is the button
Seat 1: rostickkin ($100 in chips) is sitting out
Seat 2: ponchua ($100 in chips) 
Seat 3: Hope2204 ($129.95 in chips) 
Seat 4: steepfell ($118.71 in chips) 
Seat 5: CEPTT ($148.70 in chips) 
Seat 6: dukatt2 ($98.16 in chips) 
steepfell: posts small blind $0.50
CEPTT: posts big blind $1
rostickkin: sits out 
*** HOLE CARDS ***
dukatt2: folds 
ponchua: folds 
Hope2204: raises $2 to $3
steepfell: folds 
CEPTT: calls $2
*** FLOP *** [Jc Qd Tc]
CEPTT: checks 
Hope2204: checks 
*** TURN *** [Jc Qd Tc] [2h]
CEPTT: checks 
Hope2204: checks 
*** RIVER *** [Jc Qd Tc 2h] [8h]
CEPTT: checks 
Hope2204: checks 
*** SHOW DOWN ***
CEPTT: shows [7d 8d] (a pair of Eights)
Hope2204: shows [8c Ac] (a pair of Eights - Ace kicker)
Hope2204 collected $6.18 from pot
*** SUMMARY ***
Total pot $6.50 | Rake $0.32 
Board [Jc Qd Tc 2h 8h]
Seat 1: rostickkin
Seat 2: ponchua folded before Flop (didn't bet)
Seat 3: Hope2204 (button) showed [8c Ac] and won ($6.18) with a pair of Eights
Seat 4: steepfell (small blind) folded before Flop
Seat 5: CEPTT (big blind) showed [7d 8d] and lost with a pair of Eights
Seat 6: dukatt2 folded before Flop (didn't bet)



PokerStars Hand #254377843575:  Hold'em No Limit ($0.50/$1.00 USD) - 2025/01/15 4:28:51 WET [2025/01/14 23:28:51 ET]
Table 'Shajna II' 6-max Seat #4 is the button
Seat 1: rostickkin ($100 in chips) is sitting out
Seat 2: ponchua ($100 in chips) 
Seat 3: Hope2204 ($133.13 in chips) 
Seat 4: steepfell ($118.21 in chips) 
Seat 5: CEPTT ($145.70 in chips) 
Seat 6: dukatt2 ($98.16 in chips) 
CEPTT: posts small blind $0.50
dukatt2: posts big blind $1
rostickkin: sits out 
*** HOLE CARDS ***
ponchua: folds 
Hope2204: folds 
steepfell: folds 
CEPTT: calls $0.50
dukatt2: checks 
*** FLOP *** [Ts 5c 5h]
CEPTT: checks 
dukatt2: checks 
*** TURN *** [Ts 5c 5h] [9d]
CEPTT: bets $1.27
dukatt2: folds 
Uncalled bet ($1.27) returned to CEPTT
CEPTT collected $1.90 from pot
CEPTT: doesn't show hand 
*** SUMMARY ***
Total pot $2 | Rake $0.10 
Board [Ts 5c 5h 9d]
Seat 1: rostickkin
Seat 2: ponchua folded before Flop (didn't bet)
Seat 3: Hope2204 folded before Flop (didn't bet)
Seat 4: steepfell (button) folded before Flop (didn't bet)
Seat 5: CEPTT (small blind) collected ($1.90)
Seat 6: dukatt2 (big blind) folded on the Turn



PokerStars Hand #254377846548:  Hold'em No Limit ($0.50/$1.00 USD) - 2025/01/15 4:29:21 WET [2025/01/14 23:29:21 ET]
Table 'Shajna II' 6-max Seat #5 is the button
Seat 1: rostickkin ($100 in chips) 
Seat 2: ponchua ($100 in chips) 
Seat 3: Hope2204 ($133.13 in chips) 
Seat 4: steepfell ($118.21 in chips) 
Seat 5: CEPTT ($146.60 in chips) 
Seat 6: dukatt2 ($97.16 in chips) 
dukatt2: posts small blind $0.50
rostickkin: posts big blind $1
*** HOLE CARDS ***
ponchua: raises $1.50 to $2.50
Hope2204: calls $2.50
steepfell: folds 
CEPTT: folds 
dukatt2: calls $2
rostickkin: folds 
*** FLOP *** [Js Ks 6c]
dukatt2: bets $8.08
ponchua: folds 
Hope2204: calls $8.08
*** TURN *** [Js Ks 6c] [2h]
dukatt2: bets $11.72
Hope2204: folds 
Uncalled bet ($11.72) returned to dukatt2
dukatt2 collected $23.43 from pot
dukatt2: doesn't show hand 
*** SUMMARY ***
Total pot $24.66 | Rake $1.23 
Board [Js Ks 6c 2h]
Seat 1: rostickkin (big blind) folded before Flop
Seat 2: ponchua folded on the Flop
Seat 3: Hope2204 folded on the Turn
Seat 4: steepfell folded before Flop (didn't bet)
Seat 5: CEPTT (button) folded before Flop (didn't bet)
Seat 6: dukatt2 (small blind) collected ($23.43)



PokerStars Hand #254377852283:  Hold'em No Limit ($0.50/$1.00 USD) - 2025/01/15 4:30:18 WET [2025/01/14 23:30:18 ET]
Table 'Shajna II' 6-max Seat #6 is the button
Seat 1: rostickkin ($100 in chips) 
Seat 2: ponchua ($100 in chips) 
Seat 3: Hope2204 ($122.55 in chips) 
Seat 4: steepfell ($118.21 in chips) 
Seat 5: CEPTT ($146.60 in chips) 
Seat 6: dukatt2 ($110.01 in chips) 
rostickkin: posts small blind $0.50
ponchua: posts big blind $1
*** HOLE CARDS ***
Hope2204: folds 
steepfell: folds 
CEPTT: folds 
dukatt2: folds 
rostickkin: folds 
Uncalled bet ($0.50) returned to ponchua
ponchua collected $1 from pot
ponchua: doesn't show hand 
*** SUMMARY ***
Total pot $1 | Rake $0 
Seat 1: rostickkin (small blind) folded before Flop
Seat 2: ponchua (big blind) collected ($1)
Seat 3: Hope2204 folded before Flop (didn't bet)
Seat 4: steepfell folded before Flop (didn't bet)
Seat 5: CEPTT folded before Flop (didn't bet)
Seat 6: dukatt2 (button) folded before Flop (didn't bet)



PokerStars Hand #254377853426:  Hold'em No Limit ($0.50/$1.00 USD) - 2025/01/15 4:30:30 WET [2025/01/14 23:30:30 ET]
Table 'Shajna II' 6-max Seat #1 is the button
Seat 1: rostickkin ($100 in chips) 
Seat 2: ponchua ($100.50 in chips) 
Seat 3: Hope2204 ($122.55 in chips) 
Seat 4: steepfell ($118.21 in chips) 
Seat 5: CEPTT ($146.60 in chips) 
Seat 6: dukatt2 ($110.01 in chips) 
ponchua: posts small blind $0.50
Hope2204: posts big blind $1
*** HOLE CARDS ***
steepfell: folds 
CEPTT: folds 
dukatt2: folds 
rostickkin: folds 
ponchua: raises $2 to $3
Hope2204: calls $2
*** FLOP *** [3c Ts 4c]
ponchua: checks 
Hope2204: bets $2.85
ponchua: raises $6.15 to $9
Hope2204: calls $6.15
*** TURN *** [3c Ts 4c] [6d]
ponchua: bets $16.64
Hope2204: calls $16.64
*** RIVER *** [3c Ts 4c 6d] [Qc]
ponchua: bets $71.86 and is all-in
Hope2204: folds 
Uncalled bet ($71.86) returned to ponchua
ponchua collected $54.78 from pot
ponchua: doesn't show hand 
*** SUMMARY ***
Total pot $57.28 | Rake $2.50 
Board [3c Ts 4c 6d Qc]
Seat 1: rostickkin (button) folded before Flop (didn't bet)
Seat 2: ponchua (small blind) collected ($54.78)
Seat 3: Hope2204 (big blind) folded on the River
Seat 4: steepfell folded before Flop (didn't bet)
Seat 5: CEPTT folded before Flop (didn't bet)
Seat 6: dukatt2 folded before Flop (didn't bet)



PokerStars Hand #254377859982:  Hold'em No Limit ($0.50/$1.00 USD) - 2025/01/15 4:31:36 WET [2025/01/14 23:31:36 ET]
Table 'Shajna II' 6-max Seat #2 is the button
Seat 1: rostickkin ($100 in chips) 
Seat 2: ponchua ($126.64 in chips) 
Seat 3: Hope2204 ($93.91 in chips) 
Seat 4: steepfell ($118.21 in chips) 
Seat 5: CEPTT ($146.60 in chips) 
Seat 6: dukatt2 ($110.01 in chips) 
Hope2204: posts small blind $0.50
steepfell: posts big blind $1
*** HOLE CARDS ***
CEPTT: folds 
dukatt2: raises $2.50 to $3.50
rostickkin: folds 
ponchua: folds 
Hope2204: folds 
steepfell: raises $8.50 to $12
dukatt2: calls $8.50
*** FLOP *** [Kd 3c Kc]
steepfell: bets $5.82
dukatt2: folds 
Uncalled bet ($5.82) returned to steepfell
steepfell collected $23.28 from pot
steepfell: doesn't show hand 
*** SUMMARY ***
Total pot $24.50 | Rake $1.22 
Board [Kd 3c Kc]
Seat 1: rostickkin folded before Flop (didn't bet)
Seat 2: ponchua (button) folded before Flop (didn't bet)
Seat 3: Hope2204 (small blind) folded before Flop
Seat 4: steepfell (big blind) collected ($23.28)
Seat 5: CEPTT folded before Flop (didn't bet)
Seat 6: dukatt2 folded on the Flop



PokerStars Hand #254377863414:  Hold'em No Limit ($0.50/$1.00 USD) - 2025/01/15 4:32:11 WET [2025/01/14 23:32:11 ET]
Table 'Shajna II' 6-max Seat #3 is the button
Seat 1: rostickkin ($100 in chips) 
Seat 2: ponchua ($126.64 in chips) 
Seat 3: Hope2204 ($93.41 in chips) 
Seat 4: steepfell ($129.49 in chips) 
Seat 5: CEPTT ($146.60 in chips) 
Seat 6: dukatt2 ($98.01 in chips) 
steepfell: posts small blind $0.50
CEPTT: posts big blind $1
*** HOLE CARDS ***
dukatt2: folds 
rostickkin: folds 
ponchua: folds 
Hope2204: folds 
steepfell: raises $2 to $3
CEPTT: raises $6 to $9
steepfell: raises $13 to $22
CEPTT: folds 
Uncalled bet ($13) returned to steepfell
steepfell collected $18 from pot
steepfell: doesn't show hand 
*** SUMMARY ***
Total pot $18 | Rake $0 
Seat 1: rostickkin folded before Flop (didn't bet)
Seat 2: ponchua folded before Flop (didn't bet)
Seat 3: Hope2204 (button) folded before Flop (didn't bet)
Seat 4: steepfell (small blind) collected ($18)
Seat 5: CEPTT (big blind) folded before Flop
Seat 6: dukatt2 folded before Flop (didn't bet)



PokerStars Hand #254377866364:  Hold'em No Limit ($0.50/$1.00 USD) - 2025/01/15 4:32:41 WET [2025/01/14 23:32:41 ET]
Table 'Shajna II' 6-max Seat #4 is the button
Seat 1: rostickkin ($100 in chips) 
Seat 2: ponchua ($126.64 in chips) 
Seat 3: Hope2204 ($93.41 in chips) 
Seat 4: steepfell ($138.49 in chips) 
Seat 5: CEPTT ($137.60 in chips) 
Seat 6: dukatt2 ($98.01 in chips) 
CEPTT: posts small blind $0.50
dukatt2: posts big blind $1
*** HOLE CARDS ***
rostickkin: folds 
ponchua: folds 
Hope2204: raises $2.50 to $3.50
steepfell: folds 
CEPTT: folds 
dukatt2: calls $2.50
*** FLOP *** [5h 5d 4h]
dukatt2: checks 
Hope2204: bets $3.56
dukatt2: calls $3.56
*** TURN *** [5h 5d 4h] [6c]
dukatt2: checks 
Hope2204: bets $13.89
dukatt2: raises $13.89 to $27.78
Hope2204: folds 
Uncalled bet ($13.89) returned to dukatt2
dukatt2 collected $40.28 from pot
dukatt2: doesn't show hand 
*** SUMMARY ***
Total pot $42.40 | Rake $2.12 
Board [5h 5d 4h 6c]
Seat 1: rostickkin folded before Flop (didn't bet)
Seat 2: ponchua folded before Flop (didn't bet)
Seat 3: Hope2204 folded on the Turn
Seat 4: steepfell (button) folded before Flop (didn't bet)
Seat 5: CEPTT (small blind) folded before Flop
Seat 6: dukatt2 (big blind) collected ($40.28)



PokerStars Hand #254377870562:  Hold'em No Limit ($0.50/$1.00 USD) - 2025/01/15 4:33:24 WET [2025/01/14 23:33:24 ET]
Table 'Shajna II' 6-max Seat #5 is the button
Seat 1: rostickkin ($100 in chips) 
Seat 2: ponchua ($126.64 in chips) 
Seat 3: Hope2204 ($72.46 in chips) 
Seat 4: steepfell ($138.49 in chips) 
Seat 5: CEPTT ($137.10 in chips) 
Seat 6: dukatt2 ($117.34 in chips) 
dukatt2: posts small blind $0.50
rostickkin: posts big blind $1
*** HOLE CARDS ***
ponchua: folds 
Hope2204: calls $1
steepfell: folds 
CEPTT: folds 
dukatt2: folds 
rostickkin: checks 
*** FLOP *** [Kd 3s 9c]
rostickkin: checks 
Hope2204: checks 
*** TURN *** [Kd 3s 9c] [9d]
rostickkin: bets $1.81
Hope2204: calls $1.81
*** RIVER *** [Kd 3s 9c 9d] [7c]
rostickkin: bets $4.42
Hope2204: calls $4.42
*** SHOW DOWN ***
rostickkin: shows [8h Ks] (two pair, Kings and Nines)
Hope2204: mucks hand 
rostickkin collected $14.21 from pot
*** SUMMARY ***
Total pot $14.96 | Rake $0.75 
Board [Kd 3s 9c 9d 7c]
Seat 1: rostickkin (big blind) showed [8h Ks] and won ($14.21) with two pair, Kings and Nines
Seat 2: ponchua folded before Flop (didn't bet)
Seat 3: Hope2204 mucked
Seat 4: steepfell folded before Flop (didn't bet)
Seat 5: CEPTT (button) folded before Flop (didn't bet)
Seat 6: dukatt2 (small blind) folded before Flop



PokerStars Hand #254377876136:  Hold'em No Limit ($0.50/$1.00 USD) - 2025/01/15 4:34:21 WET [2025/01/14 23:34:21 ET]
Table 'Shajna II' 6-max Seat #6 is the button
Seat 1: rostickkin ($106.98 in chips) 
Seat 2: ponchua ($126.64 in chips) 
Seat 3: Hope2204 ($65.23 in chips) 
Seat 4: steepfell ($138.49 in chips) 
Seat 5: CEPTT ($137.10 in chips) 
Seat 6: dukatt2 ($116.84 in chips) 
rostickkin: posts small blind $0.50
ponchua: posts big blind $1
*** HOLE CARDS ***
Hope2204: calls $1
steepfell: folds 
CEPTT: folds 
dukatt2: folds 
rostickkin: raises $4 to $5
ponchua: folds 
Hope2204: calls $4
*** FLOP *** [2d Qd 2h]
rostickkin: bets $3.55
Hope2204: calls $3.55
*** TURN *** [2d Qd 2h] [8c]
rostickkin: checks 
Hope2204: bets $56.68 and is all-in
rostickkin: folds 
Uncalled bet ($56.68) returned to Hope2204
Hope2204 collected $17.20 from pot
*** SUMMARY ***
Total pot $18.10 | Rake $0.90 
Board [2d Qd 2h 8c]
Seat 1: rostickkin (small blind) folded on the Turn
Seat 2: ponchua (big blind) folded before Flop
Seat 3: Hope2204 collected ($17.20)
Seat 4: steepfell folded before Flop (didn't bet)
Seat 5: CEPTT folded before Flop (didn't bet)
Seat 6: dukatt2 (button) folded before Flop (didn't bet)



PokerStars Hand #254377879123:  Hold'em No Limit ($0.50/$1.00 USD) - 2025/01/15 4:34:52 WET [2025/01/14 23:34:52 ET]
Table 'Shajna II' 6-max Seat #1 is the button
Seat 1: rostickkin ($100 in chips) 
Seat 2: ponchua ($125.64 in chips) 
Seat 3: Hope2204 ($73.88 in chips) 
Seat 4: steepfell ($138.49 in chips) 
Seat 5: CEPTT ($137.10 in chips) 
Seat 6: dukatt2 ($116.84 in chips) 
ponchua: posts small blind $0.50
Hope2204: posts big blind $1
*** HOLE CARDS ***
steepfell: folds 
CEPTT: folds 
dukatt2: raises $2 to $3
rostickkin: folds 
ponchua: folds 
Hope2204: calls $2
*** FLOP *** [Ks 5d 6d]
Hope2204: checks 
dukatt2: bets $6.18
Hope2204: calls $6.18
*** TURN *** [Ks 5d 6d] [3h]
Hope2204: checks 
dukatt2: bets $8.96
Hope2204: raises $17.92 to $26.88
dukatt2: raises $80.78 to $107.66 and is all-in
Hope2204: calls $37.82 and is all-in
Uncalled bet ($42.96) returned to dukatt2
*** RIVER *** [Ks 5d 6d 3h] [Jd]
*** SHOW DOWN ***
Hope2204: shows [9h As] (high card Ace)
dukatt2: shows [Ac Ah] (a pair of Aces)
dukatt2 collected $145.76 from pot
*** SUMMARY ***
Total pot $148.26 | Rake $2.50 
Board [Ks 5d 6d 3h Jd]
Seat 1: rostickkin (button) folded before Flop (didn't bet)
Seat 2: ponchua (small blind) folded before Flop
Seat 3: Hope2204 (big blind) showed [9h As] and lost with high card Ace
Seat 4: steepfell folded before Flop (didn't bet)
Seat 5: CEPTT folded before Flop (didn't bet)
Seat 6: dukatt2 showed [Ac Ah] and won ($145.76) with a pair of Aces



PokerStars Hand #254377883548:  Hold'em No Limit ($0.50/$1.00 USD) - 2025/01/15 4:35:38 WET [2025/01/14 23:35:38 ET]
Table 'Shajna II' 6-max Seat #2 is the button
Seat 3: Hope2204 ($0 in chips) is sitting out
Seat 1: rostickkin ($100 in chips) 
Seat 2: ponchua ($125.14 in chips) 
Seat 4: steepfell ($138.49 in chips) 
Seat 5: CEPTT ($137.10 in chips) 
Seat 6: dukatt2 ($188.72 in chips) 
steepfell: posts small blind $0.50
CEPTT: posts big blind $1
*** HOLE CARDS ***
dukatt2: folds 
rostickkin: folds 
ponchua: folds 
steepfell: folds 
Uncalled bet ($0.50) returned to CEPTT
CEPTT collected $1 from pot
CEPTT: doesn't show hand 
*** SUMMARY ***
Total pot $1 | Rake $0 
Seat 3: Hope2204
Seat 1: rostickkin folded before Flop (didn't bet)
Seat 2: ponchua (button) folded before Flop (didn't bet)
Seat 4: steepfell (small blind) folded before Flop
Seat 5: CEPTT (big blind) collected ($1)
Seat 6: dukatt2 folded before Flop (didn't bet)



PokerStars Hand #254377885262:  Hold'em No Limit ($0.50/$1.00 USD) - 2025/01/15 4:35:56 WET [2025/01/14 23:35:56 ET]
Table 'Shajna II' 6-max Seat #4 is the button
Seat 1: rostickkin ($100 in chips) 
Seat 2: ponchua ($125.14 in chips) 
Seat 3: Hope2204 ($47.24 in chips) 
Seat 4: steepfell ($137.99 in chips) 
Seat 5: CEPTT ($137.60 in chips) 
Seat 6: dukatt2 ($188.72 in chips) 
CEPTT: posts small blind $0.50
dukatt2: posts big blind $1
Hope2204: posts small blind $0.50
*** HOLE CARDS ***
rostickkin: folds 
ponchua: folds 
Hope2204: calls $1
steepfell: folds 
CEPTT: raises $4 to $5
dukatt2: folds 
Hope2204: calls $4
*** FLOP *** [5s Ac Js]
CEPTT: bets $8.19
Hope2204: calls $8.19
*** TURN *** [5s Ac Js] [Kc]
CEPTT: bets $19.87
Hope2204: folds 
Uncalled bet ($19.87) returned to CEPTT
CEPTT collected $26.49 from pot
CEPTT: doesn't show hand 
*** SUMMARY ***
Total pot $27.88 | Rake $1.39 
Board [5s Ac Js Kc]
Seat 1: rostickkin folded before Flop (didn't bet)
Seat 2: ponchua folded before Flop (didn't bet)
Seat 3: Hope2204 folded on the Turn
Seat 4: steepfell (button) folded before Flop (didn't bet)
Seat 5: CEPTT (small blind) collected ($26.49)
Seat 6: dukatt2 (big blind) folded before Flop



PokerStars Hand #254377889044:  Hold'em No Limit ($0.50/$1.00 USD) - 2025/01/15 4:36:35 WET [2025/01/14 23:36:35 ET]
Table 'Shajna II' 6-max Seat #5 is the button
Seat 1: rostickkin ($100 in chips) 
Seat 2: ponchua ($125.14 in chips) 
Seat 3: Hope2204 ($33.55 in chips) 
Seat 4: steepfell ($137.99 in chips) 
Seat 5: CEPTT ($150.90 in chips) 
Seat 6: dukatt2 ($187.72 in chips) 
dukatt2: posts small blind $0.50
rostickkin: posts big blind $1
*** HOLE CARDS ***
ponchua: folds 
Hope2204: raises $2.50 to $3.50
steepfell: folds 
CEPTT: folds 
dukatt2: folds 
rostickkin: folds 
Uncalled bet ($2.50) returned to Hope2204
Hope2204 collected $2.50 from pot
*** SUMMARY ***
Total pot $2.50 | Rake $0 
Seat 1: rostickkin (big blind) folded before Flop
Seat 2: ponchua folded before Flop (didn't bet)
Seat 3: Hope2204 collected ($2.50)
Seat 4: steepfell folded before Flop (didn't bet)
Seat 5: CEPTT (button) folded before Flop (didn't bet)
Seat 6: dukatt2 (small blind) folded before Flop



PokerStars Hand #254377891780:  Hold'em No Limit ($0.50/$1.00 USD) - 2025/01/15 4:37:03 WET [2025/01/14 23:37:03 ET]
Table 'Shajna II' 6-max Seat #6 is the button
Seat 1: rostickkin ($100 in chips) 
Seat 2: ponchua ($125.14 in chips) 
Seat 3: Hope2204 ($35.05 in chips) 
Seat 4: steepfell ($137.99 in chips) 
Seat 5: CEPTT ($150.90 in chips) 
Seat 6: dukatt2 ($187.22 in chips) 
rostickkin: posts small blind $0.50
ponchua: posts big blind $1
*** HOLE CARDS ***
Hope2204: calls $1
steepfell: folds 
CEPTT: raises $3 to $4
dukatt2: folds 
rostickkin: raises $8.50 to $12.50
ponchua: raises $12.50 to $25
Hope2204: folds 
CEPTT: folds 
rostickkin: calls $12.50
*** FLOP *** [5c Qs 5d]
rostickkin: checks 
ponchua: bets $11
rostickkin: calls $11
*** TURN *** [5c Qs 5d] [6s]
rostickkin: checks 
ponchua: bets $15
rostickkin: calls $15
*** RIVER *** [5c Qs 5d 6s] [2h]
rostickkin: checks 
ponchua: checks 
*** SHOW DOWN ***
rostickkin: shows [Qh Ah] (two pair, Queens and Fives)
ponchua: mucks hand 
rostickkin collected $104.50 from pot
*** SUMMARY ***
Total pot $107 | Rake $2.50 
Board [5c Qs 5d 6s 2h]
Seat 1: rostickkin (small blind) showed [Qh Ah] and won ($104.50) with two pair, Queens and Fives
Seat 2: ponchua (big blind) mucked
Seat 3: Hope2204 folded before Flop
Seat 4: steepfell folded before Flop (didn't bet)
Seat 5: CEPTT folded before Flop
Seat 6: dukatt2 (button) folded before Flop (didn't bet)



PokerStars Hand #254377901102:  Hold'em No Limit ($0.50/$1.00 USD) - 2025/01/15 4:38:41 WET [2025/01/14 23:38:41 ET]
Table 'Shajna II' 6-max Seat #1 is the button
Seat 1: rostickkin ($153.50 in chips) 
Seat 2: ponchua ($100 in chips) 
Seat 3: Hope2204 ($34.05 in chips) 
Seat 4: steepfell ($137.99 in chips) 
Seat 5: CEPTT ($146.90 in chips) 
Seat 6: dukatt2 ($187.22 in chips) 
ponchua: posts small blind $0.50
Hope2204: posts big blind $1
*** HOLE CARDS ***
steepfell: folds 
CEPTT: folds 
dukatt2: folds 
rostickkin: raises $1.50 to $2.50
ponchua: raises $8.50 to $11
Hope2204: folds 
rostickkin: calls $8.50
*** FLOP *** [4d Jd 7h]
ponchua: bets $14.64
rostickkin: raises $127.86 to $142.50 and is all-in
ponchua: folds 
Uncalled bet ($127.86) returned to rostickkin
rostickkin collected $49.78 from pot
rostickkin: doesn't show hand 
*** SUMMARY ***
Total pot $52.28 | Rake $2.50 
Board [4d Jd 7h]
Seat 1: rostickkin (button) collected ($49.78)
Seat 2: ponchua (small blind) folded on the Flop
Seat 3: Hope2204 (big blind) folded before Flop
Seat 4: steepfell folded before Flop (didn't bet)
Seat 5: CEPTT folded before Flop (didn't bet)
Seat 6: dukatt2 folded before Flop (didn't bet)



PokerStars Hand #254377905736:  Hold'em No Limit ($0.50/$1.00 USD) - 2025/01/15 4:39:30 WET [2025/01/14 23:39:30 ET]
Table 'Shajna II' 6-max Seat #2 is the button
Seat 1: rostickkin ($177.64 in chips) 
Seat 2: ponchua ($100 in chips) 
Seat 3: Hope2204 ($33.05 in chips) 
Seat 4: steepfell ($137.99 in chips) 
Seat 5: CEPTT ($146.90 in chips) 
Seat 6: dukatt2 ($187.22 in chips) 
Hope2204: posts small blind $0.50
steepfell: posts big blind $1
*** HOLE CARDS ***
CEPTT: folds 
dukatt2: folds 
rostickkin: folds 
ponchua: raises $1.50 to $2.50
Hope2204: calls $2
steepfell: folds 
*** FLOP *** [2d Th 2c]
Hope2204: checks 
ponchua: bets $1.77
Hope2204: calls $1.77
*** TURN *** [2d Th 2c] [5d]
Hope2204: checks 
ponchua: bets $6.07
Hope2204: calls $6.07
*** RIVER *** [2d Th 2c 5d] [Qc]
Hope2204: bets $22.71 and is all-in
ponchua: folds 
Uncalled bet ($22.71) returned to Hope2204
Hope2204 collected $20.60 from pot
*** SUMMARY ***
Total pot $21.68 | Rake $1.08 
Board [2d Th 2c 5d Qc]
Seat 1: rostickkin folded before Flop (didn't bet)
Seat 2: ponchua (button) folded on the River
Seat 3: Hope2204 (small blind) collected ($20.60)
Seat 4: steepfell (big blind) folded before Flop
Seat 5: CEPTT folded before Flop (didn't bet)
Seat 6: dukatt2 folded before Flop (didn't bet)



PokerStars Hand #254377910245:  Hold'em No Limit ($0.50/$1.00 USD) - 2025/01/15 4:40:18 WET [2025/01/14 23:40:18 ET]
Table 'Shajna II' 6-max Seat #3 is the button
Seat 1: rostickkin ($177.64 in chips) 
Seat 2: ponchua ($100 in chips) 
Seat 3: Hope2204 ($43.31 in chips) 
Seat 4: steepfell ($136.99 in chips) 
Seat 5: CEPTT ($146.90 in chips) 
Seat 6: dukatt2 ($187.22 in chips) 
steepfell: posts small blind $0.50
CEPTT: posts big blind $1
*** HOLE CARDS ***
dukatt2: folds 
rostickkin: folds 
ponchua: raises $1.50 to $2.50
Hope2204: calls $2.50
steepfell: folds 
CEPTT: calls $1.50
*** FLOP *** [7s Td 7d]
CEPTT: checks 
ponchua: checks 
Hope2204: bets $7.60
CEPTT: calls $7.60
ponchua: folds 
*** TURN *** [7s Td 7d] [Jc]
CEPTT: checks 
Hope2204: bets $22.04
CEPTT: folds 
Uncalled bet ($22.04) returned to Hope2204
Hope2204 collected $22.04 from pot
*** SUMMARY ***
Total pot $23.20 | Rake $1.16 
Board [7s Td 7d Jc]
Seat 1: rostickkin folded before Flop (didn't bet)
Seat 2: ponchua folded on the Flop
Seat 3: Hope2204 (button) collected ($22.04)
Seat 4: steepfell (small blind) folded before Flop
Seat 5: CEPTT (big blind) folded on the Turn
Seat 6: dukatt2 folded before Flop (didn't bet)



PokerStars Hand #254377914176:  Hold'em No Limit ($0.50/$1.00 USD) - 2025/01/15 4:41:00 WET [2025/01/14 23:41:00 ET]
Table 'Shajna II' 6-max Seat #4 is the button
Seat 1: rostickkin ($177.64 in chips) 
Seat 2: ponchua ($100 in chips) 
Seat 3: Hope2204 ($55.25 in chips) 
Seat 4: steepfell ($136.49 in chips) 
Seat 5: CEPTT ($136.80 in chips) 
Seat 6: dukatt2 ($187.22 in chips) 
CEPTT: posts small blind $0.50
dukatt2: posts big blind $1
*** HOLE CARDS ***
rostickkin: folds 
ponchua: folds 
Hope2204: folds 
steepfell: folds 
CEPTT: folds 
Uncalled bet ($0.50) returned to dukatt2
dukatt2 collected $1 from pot
dukatt2: doesn't show hand 
*** SUMMARY ***
Total pot $1 | Rake $0 
Seat 1: rostickkin folded before Flop (didn't bet)
Seat 2: ponchua folded before Flop (didn't bet)
Seat 3: Hope2204 folded before Flop (didn't bet)
Seat 4: steepfell (button) folded before Flop (didn't bet)
Seat 5: CEPTT (small blind) folded before Flop
Seat 6: dukatt2 (big blind) collected ($1)



PokerStars Hand #254377916457:  Hold'em No Limit ($0.50/$1.00 USD) - 2025/01/15 4:41:24 WET [2025/01/14 23:41:24 ET]
Table 'Shajna II' 6-max Seat #5 is the button
Seat 1: rostickkin ($177.64 in chips) 
Seat 2: ponchua ($100 in chips) 
Seat 3: Hope2204 ($55.25 in chips) 
Seat 4: steepfell ($136.49 in chips) 
Seat 5: CEPTT ($136.30 in chips) 
Seat 6: dukatt2 ($187.72 in chips) 
dukatt2: posts small blind $0.50
rostickkin: posts big blind $1
*** HOLE CARDS ***
ponchua: folds 
Hope2204: raises $2 to $3
steepfell: folds 
CEPTT: calls $3
dukatt2: calls $2.50
rostickkin: folds 
*** FLOP *** [5h Qs Qc]
dukatt2: checks 
Hope2204: checks 
CEPTT: checks 
*** TURN *** [5h Qs Qc] [8d]
dukatt2: bets $4.75
Hope2204: calls $4.75
CEPTT: folds 
*** RIVER *** [5h Qs Qc 8d] [Js]
dukatt2: checks 
Hope2204: checks 
*** SHOW DOWN ***
dukatt2: shows [Ac Ks] (a pair of Queens)
Hope2204: shows [4h 5d] (two pair, Queens and Fives)
Hope2204 collected $18.52 from pot
*** SUMMARY ***
Total pot $19.50 | Rake $0.98 
Board [5h Qs Qc 8d Js]
Seat 1: rostickkin (big blind) folded before Flop
Seat 2: ponchua folded before Flop (didn't bet)
Seat 3: Hope2204 showed [4h 5d] and won ($18.52) with two pair, Queens and Fives
Seat 4: steepfell folded before Flop (didn't bet)
Seat 5: CEPTT (button) folded on the Turn
Seat 6: dukatt2 (small blind) showed [Ac Ks] and lost with a pair of Queens



PokerStars Hand #254377920205:  Hold'em No Limit ($0.50/$1.00 USD) - 2025/01/15 4:42:04 WET [2025/01/14 23:42:04 ET]
Table 'Shajna II' 6-max Seat #6 is the button
Seat 1: rostickkin ($176.64 in chips) 
Seat 2: ponchua ($100 in chips) 
Seat 3: Hope2204 ($66.02 in chips) 
Seat 4: steepfell ($136.49 in chips) 
Seat 5: CEPTT ($133.30 in chips) 
Seat 6: dukatt2 ($179.97 in chips) 
rostickkin: posts small blind $0.50
ponchua: posts big blind $1
*** HOLE CARDS ***
Hope2204: folds 
steepfell: folds 
CEPTT: folds 
dukatt2: folds 
rostickkin: folds 
Uncalled bet ($0.50) returned to ponchua
ponchua collected $1 from pot
ponchua: doesn't show hand 
*** SUMMARY ***
Total pot $1 | Rake $0 
Seat 1: rostickkin (small blind) folded before Flop
Seat 2: ponchua (big blind) collected ($1)
Seat 3: Hope2204 folded before Flop (didn't bet)
Seat 4: steepfell folded before Flop (didn't bet)
Seat 5: CEPTT folded before Flop (didn't bet)
Seat 6: dukatt2 (button) folded before Flop (didn't bet)



PokerStars Hand #254377921508:  Hold'em No Limit ($0.50/$1.00 USD) - 2025/01/15 4:42:18 WET [2025/01/14 23:42:18 ET]
Table 'Shajna II' 6-max Seat #1 is the button
Seat 1: rostickkin ($176.14 in chips) 
Seat 2: ponchua ($100.50 in chips) 
Seat 3: Hope2204 ($66.02 in chips) 
Seat 4: steepfell ($136.49 in chips) 
Seat 5: CEPTT ($133.30 in chips) 
Seat 6: dukatt2 ($179.97 in chips) 
ponchua: posts small blind $0.50
Hope2204: posts big blind $1
*** HOLE CARDS ***
steepfell: folds 
CEPTT: folds 
dukatt2: folds 
rostickkin: folds 
ponchua: folds 
Uncalled bet ($0.50) returned to Hope2204
Hope2204 collected $1 from pot
*** SUMMARY ***
Total pot $1 | Rake $0 
Seat 1: rostickkin (button) folded before Flop (didn't bet)
Seat 2: ponchua (small blind) folded before Flop
Seat 3: Hope2204 (big blind) collected ($1)
Seat 4: steepfell folded before Flop (didn't bet)
Seat 5: CEPTT folded before Flop (didn't bet)
Seat 6: dukatt2 folded before Flop (didn't bet)



PokerStars Hand #254377922667:  Hold'em No Limit ($0.50/$1.00 USD) - 2025/01/15 4:42:30 WET [2025/01/14 23:42:30 ET]
Table 'Shajna II' 6-max Seat #2 is the button
Seat 1: rostickkin ($176.14 in chips) 
Seat 2: ponchua ($100 in chips) 
Seat 3: Hope2204 ($66.52 in chips) 
Seat 4: steepfell ($136.49 in chips) 
Seat 5: CEPTT ($133.30 in chips) 
Seat 6: dukatt2 ($179.97 in chips) 
Hope2204: posts small blind $0.50
steepfell: posts big blind $1
*** HOLE CARDS ***
CEPTT: folds 
dukatt2: folds 
rostickkin: folds 
ponchua: raises $1.50 to $2.50
Hope2204: calls $2
steepfell: folds 
*** FLOP *** [7s 9c 2d]
Hope2204: checks 
ponchua: bets $1.77
Hope2204: calls $1.77
*** TURN *** [7s 9c 2d] [6h]
Hope2204: checks 
ponchua: checks 
*** RIVER *** [7s 9c 2d 6h] [Th]
Hope2204: checks 
ponchua: bets $6.79
Hope2204: calls $6.79
*** SHOW DOWN ***
ponchua: shows [Qd Jd] (high card Queen)
Hope2204: shows [Qs 6s] (a pair of Sixes)
Hope2204 collected $21.96 from pot
*** SUMMARY ***
Total pot $23.12 | Rake $1.16 
Board [7s 9c 2d 6h Th]
Seat 1: rostickkin folded before Flop (didn't bet)
Seat 2: ponchua (button) showed [Qd Jd] and lost with high card Queen
Seat 3: Hope2204 (small blind) showed [Qs 6s] and won ($21.96) with a pair of Sixes
Seat 4: steepfell (big blind) folded before Flop
Seat 5: CEPTT folded before Flop (didn't bet)
Seat 6: dukatt2 folded before Flop (didn't bet)



PokerStars Hand #254377927489:  Hold'em No Limit ($0.50/$1.00 USD) - 2025/01/15 4:43:21 WET [2025/01/14 23:43:21 ET]
Table 'Shajna II' 6-max Seat #3 is the button
Seat 1: rostickkin ($176.14 in chips) 
Seat 2: ponchua ($100 in chips) 
Seat 3: Hope2204 ($77.42 in chips) 
Seat 4: steepfell ($135.49 in chips) 
Seat 5: CEPTT ($133.30 in chips) 
Seat 6: dukatt2 ($179.97 in chips) 
steepfell: posts small blind $0.50
CEPTT: posts big blind $1
*** HOLE CARDS ***
dukatt2: folds 
rostickkin: raises $1.20 to $2.20
ponchua: raises $4.80 to $7
Hope2204: calls $7
steepfell: folds 
CEPTT: folds 
rostickkin: raises $23 to $30
ponchua: folds 
Hope2204: raises $47.42 to $77.42 and is all-in
rostickkin: calls $47.42
*** FLOP *** [Kd 9h 3h]
*** TURN *** [Kd 9h 3h] [Td]
*** RIVER *** [Kd 9h 3h Td] [Qs]
*** SHOW DOWN ***
rostickkin: shows [Kh Ks] (three of a kind, Kings)
Hope2204: shows [Ac Qh] (a pair of Queens)
rostickkin collected $160.84 from pot
*** SUMMARY ***
Total pot $163.34 | Rake $2.50 
Board [Kd 9h 3h Td Qs]
Seat 1: rostickkin showed [Kh Ks] and won ($160.84) with three of a kind, Kings
Seat 2: ponchua folded before Flop
Seat 3: Hope2204 (button) showed [Ac Qh] and lost with a pair of Queens
Seat 4: steepfell (small blind) folded before Flop
Seat 5: CEPTT (big blind) folded before Flop
Seat 6: dukatt2 folded before Flop (didn't bet)



