PokerStars Hand #254382335778:  Hold'em No Limit ($0.50/$1.00 USD) - 2025/01/15 14:37:32 WET [2025/01/15 9:37:32 ET]
Table 'Herero III' 6-max Seat #1 is the button
Seat 1: Burlica2013 ($100 in chips) 
Seat 2: YeeesMan ($127.77 in chips) 
Seat 3: tintin641 ($100 in chips) 
Seat 4: ponchua ($100 in chips) 
Seat 5: CGL7811 ($89.88 in chips) 
Seat 6: Espada Fish ($100 in chips) 
YeeesMan: posts small blind $0.50
tintin641: posts big blind $1
*** HOLE CARDS ***
ponchua: folds 
CGL7811: calls $1
Espada Fish: folds 
Burlica2013: raises $2 to $3
YeeesMan: folds 
tintin641: folds 
CGL7811: calls $2
*** FLOP *** [2d Jd Kc]
CGL7811: bets $1
Burlica2013: folds 
Uncalled bet ($1) returned to CGL7811
CGL7811 collected $7.12 from pot
*** SUMMARY ***
Total pot $7.50 | Rake $0.38 
Board [2d Jd Kc]
Seat 1: Burlica2013 (button) folded on the Flop
Seat 2: YeeesMan (small blind) folded before Flop
Seat 3: tintin641 (big blind) folded before Flop
Seat 4: ponchua folded before Flop (didn't bet)
Seat 5: CGL7811 collected ($7.12)
Seat 6: Espada Fish folded before Flop (didn't bet)



PokerStars Hand #254382342181:  Hold'em No Limit ($0.50/$1.00 USD) - 2025/01/15 14:38:04 WET [2025/01/15 9:38:04 ET]
Table 'Herero III' 6-max Seat #2 is the button
Seat 1: Burlica2013 ($100 in chips) 
Seat 2: YeeesMan ($127.27 in chips) 
Seat 3: tintin641 ($100 in chips) 
Seat 4: ponchua ($100 in chips) 
Seat 5: CGL7811 ($94 in chips) 
Seat 6: Espada Fish ($100 in chips) 
tintin641: posts small blind $0.50
ponchua: posts big blind $1
*** HOLE CARDS ***
CGL7811: folds 
Espada Fish: folds 
Burlica2013: folds 
YeeesMan: folds 
CGL7811 is disconnected 
tintin641: folds 
Uncalled bet ($0.50) returned to ponchua
ponchua collected $1 from pot
ponchua: doesn't show hand 
*** SUMMARY ***
Total pot $1 | Rake $0 
Seat 1: Burlica2013 folded before Flop (didn't bet)
Seat 2: YeeesMan (button) folded before Flop (didn't bet)
Seat 3: tintin641 (small blind) folded before Flop
Seat 4: ponchua (big blind) collected ($1)
Seat 5: CGL7811 folded before Flop (didn't bet)
Seat 6: Espada Fish folded before Flop (didn't bet)



PokerStars Hand #254382345046:  Hold'em No Limit ($0.50/$1.00 USD) - 2025/01/15 14:38:19 WET [2025/01/15 9:38:19 ET]
Table 'Herero III' 6-max Seat #3 is the button
Seat 5: CGL7811 ($94 in chips) is sitting out
Seat 1: Burlica2013 ($100 in chips) 
Seat 2: YeeesMan ($127.27 in chips) 
Seat 3: tintin641 ($100 in chips) 
Seat 4: ponchua ($100.50 in chips) 
Seat 6: Espada Fish ($100 in chips) 
ponchua: posts small blind $0.50
CGL7811 has timed out while disconnected
CGL7811: is sitting out 
Espada Fish: posts big blind $1
*** HOLE CARDS ***
Burlica2013: folds 
YeeesMan: raises $1.50 to $2.50
tintin641: folds 
ponchua: folds 
Espada Fish: folds 
Uncalled bet ($1.50) returned to YeeesMan
YeeesMan collected $2.50 from pot
YeeesMan: doesn't show hand 
*** SUMMARY ***
Total pot $2.50 | Rake $0 
Seat 5: CGL7811
Seat 1: Burlica2013 folded before Flop (didn't bet)
Seat 2: YeeesMan collected ($2.50)
Seat 3: tintin641 (button) folded before Flop (didn't bet)
Seat 4: ponchua (small blind) folded before Flop
Seat 6: Espada Fish (big blind) folded before Flop



PokerStars Hand #254382354370:  Hold'em No Limit ($0.50/$1.00 USD) - 2025/01/15 14:39:07 WET [2025/01/15 9:39:07 ET]
Table 'Herero III' 6-max Seat #4 is the button
Seat 5: CGL7811 ($94 in chips) is sitting out
Seat 1: Burlica2013 ($100 in chips) 
Seat 2: YeeesMan ($128.77 in chips) 
Seat 3: tintin641 ($100 in chips) 
Seat 4: ponchua ($100 in chips) 
Seat 6: Espada Fish ($100 in chips) 
Espada Fish: posts small blind $0.50
Burlica2013: posts big blind $1
*** HOLE CARDS ***
YeeesMan: folds 
tintin641: folds 
ponchua: raises $1.50 to $2.50
Espada Fish: raises $8.50 to $11
Burlica2013: folds 
ponchua: folds 
Uncalled bet ($8.50) returned to Espada Fish
Espada Fish collected $6 from pot
Espada Fish: doesn't show hand 
*** SUMMARY ***
Total pot $6 | Rake $0 
Seat 5: CGL7811
Seat 1: Burlica2013 (big blind) folded before Flop
Seat 2: YeeesMan folded before Flop (didn't bet)
Seat 3: tintin641 folded before Flop (didn't bet)
Seat 4: ponchua (button) folded before Flop
Seat 6: Espada Fish (small blind) collected ($6)



PokerStars Hand #254382361256:  Hold'em No Limit ($0.50/$1.00 USD) - 2025/01/15 14:39:42 WET [2025/01/15 9:39:42 ET]
Table 'Herero III' 6-max Seat #6 is the button
Seat 5: CGL7811 ($94 in chips) is sitting out
Seat 1: Burlica2013 ($100 in chips) 
Seat 2: YeeesMan ($128.77 in chips) 
Seat 3: tintin641 ($100 in chips) 
Seat 4: ponchua ($100 in chips) 
Seat 6: Espada Fish ($103.50 in chips) 
Burlica2013: posts small blind $0.50
YeeesMan: posts big blind $1
*** HOLE CARDS ***
tintin641: folds 
ponchua: folds 
Espada Fish: raises $1.50 to $2.50
Burlica2013: calls $2
YeeesMan: raises $10.50 to $13
Espada Fish: folds 
Burlica2013: folds 
Uncalled bet ($10.50) returned to YeeesMan
YeeesMan collected $7.50 from pot
YeeesMan: doesn't show hand 
*** SUMMARY ***
Total pot $7.50 | Rake $0 
Seat 5: CGL7811
Seat 1: Burlica2013 (small blind) folded before Flop
Seat 2: YeeesMan (big blind) collected ($7.50)
Seat 3: tintin641 folded before Flop (didn't bet)
Seat 4: ponchua folded before Flop (didn't bet)
Seat 6: Espada Fish (button) folded before Flop



PokerStars Hand #254382373907:  Hold'em No Limit ($0.50/$1.00 USD) - 2025/01/15 14:40:46 WET [2025/01/15 9:40:46 ET]
Table 'Herero III' 6-max Seat #1 is the button
Seat 5: CGL7811 ($94 in chips) is sitting out
Seat 1: Burlica2013 ($100 in chips) 
Seat 2: YeeesMan ($133.77 in chips) 
Seat 3: tintin641 ($100 in chips) 
Seat 4: ponchua ($100 in chips) 
Seat 6: Espada Fish ($101 in chips) 
YeeesMan: posts small blind $0.50
tintin641: posts big blind $1
*** HOLE CARDS ***
ponchua: folds 
Espada Fish: raises $1.20 to $2.20
Burlica2013: folds 
YeeesMan: folds 
tintin641: calls $1.20
*** FLOP *** [Ad 9s Qs]
tintin641: checks 
Espada Fish: checks 
*** TURN *** [Ad 9s Qs] [Qh]
tintin641: checks 
Espada Fish: checks 
*** RIVER *** [Ad 9s Qs Qh] [9c]
tintin641: bets $3.50
Espada Fish: calls $3.50
*** SHOW DOWN ***
tintin641: shows [Ah Jd] (two pair, Aces and Queens)
Espada Fish: mucks hand 
tintin641 collected $11.30 from pot
*** SUMMARY ***
Total pot $11.90 | Rake $0.60 
Board [Ad 9s Qs Qh 9c]
Seat 5: CGL7811
Seat 1: Burlica2013 (button) folded before Flop (didn't bet)
Seat 2: YeeesMan (small blind) folded before Flop
Seat 3: tintin641 (big blind) showed [Ah Jd] and won ($11.30) with two pair, Aces and Queens
Seat 4: ponchua folded before Flop (didn't bet)
Seat 6: Espada Fish mucked



PokerStars Hand #254382387385:  Hold'em No Limit ($0.50/$1.00 USD) - 2025/01/15 14:41:53 WET [2025/01/15 9:41:53 ET]
Table 'Herero III' 6-max Seat #2 is the button
Seat 5: CGL7811 ($94 in chips) is sitting out
Seat 1: Burlica2013 ($100 in chips) 
Seat 2: YeeesMan ($133.27 in chips) 
Seat 3: tintin641 ($105.60 in chips) 
Seat 4: ponchua ($100 in chips) 
Seat 6: Espada Fish ($100 in chips) 
tintin641: posts small blind $0.50
ponchua: posts big blind $1
*** HOLE CARDS ***
Espada Fish: folds 
Burlica2013: folds 
YeeesMan: folds 
tintin641: folds 
Uncalled bet ($0.50) returned to ponchua
ponchua collected $1 from pot
ponchua: doesn't show hand 
*** SUMMARY ***
Total pot $1 | Rake $0 
Seat 5: CGL7811
Seat 1: Burlica2013 folded before Flop (didn't bet)
Seat 2: YeeesMan (button) folded before Flop (didn't bet)
Seat 3: tintin641 (small blind) folded before Flop
Seat 4: ponchua (big blind) collected ($1)
Seat 6: Espada Fish folded before Flop (didn't bet)



PokerStars Hand #254382390414:  Hold'em No Limit ($0.50/$1.00 USD) - 2025/01/15 14:42:09 WET [2025/01/15 9:42:09 ET]
Table 'Herero III' 6-max Seat #3 is the button
Seat 5: CGL7811 ($94 in chips) is sitting out
Seat 1: Burlica2013 ($100 in chips) 
Seat 2: YeeesMan ($133.27 in chips) 
Seat 3: tintin641 ($105.10 in chips) 
Seat 4: ponchua ($100.50 in chips) 
Seat 6: Espada Fish ($100 in chips) 
ponchua: posts small blind $0.50
Espada Fish: posts big blind $1
*** HOLE CARDS ***
Burlica2013: folds 
YeeesMan: folds 
tintin641: folds 
ponchua: raises $2 to $3
Espada Fish: folds 
Uncalled bet ($2) returned to ponchua
ponchua collected $2 from pot
ponchua: doesn't show hand 
*** SUMMARY ***
Total pot $2 | Rake $0 
Seat 5: CGL7811
Seat 1: Burlica2013 folded before Flop (didn't bet)
Seat 2: YeeesMan folded before Flop (didn't bet)
Seat 3: tintin641 (button) folded before Flop (didn't bet)
Seat 4: ponchua (small blind) collected ($2)
Seat 6: Espada Fish (big blind) folded before Flop



PokerStars Hand #254382393482:  Hold'em No Limit ($0.50/$1.00 USD) - 2025/01/15 14:42:24 WET [2025/01/15 9:42:24 ET]
Table 'Herero III' 6-max Seat #4 is the button
Seat 5: CGL7811 ($94 in chips) is sitting out
Seat 1: Burlica2013 ($100 in chips) 
Seat 2: YeeesMan ($133.27 in chips) 
Seat 3: tintin641 ($105.10 in chips) 
Seat 4: ponchua ($101.50 in chips) 
Seat 6: Espada Fish ($100 in chips) 
Espada Fish: posts small blind $0.50
Burlica2013: posts big blind $1
*** HOLE CARDS ***
YeeesMan: folds 
tintin641: folds 
ponchua: folds 
Espada Fish: raises $2 to $3
Burlica2013: folds 
Uncalled bet ($2) returned to Espada Fish
Espada Fish collected $2 from pot
Espada Fish: doesn't show hand 
*** SUMMARY ***
Total pot $2 | Rake $0 
Seat 5: CGL7811
Seat 1: Burlica2013 (big blind) folded before Flop
Seat 2: YeeesMan folded before Flop (didn't bet)
Seat 3: tintin641 folded before Flop (didn't bet)
Seat 4: ponchua (button) folded before Flop (didn't bet)
Seat 6: Espada Fish (small blind) collected ($2)



PokerStars Hand #254382399230:  Hold'em No Limit ($0.50/$1.00 USD) - 2025/01/15 14:42:52 WET [2025/01/15 9:42:52 ET]
Table 'Herero III' 6-max Seat #6 is the button
Seat 5: CGL7811 ($94 in chips) is sitting out
Seat 1: Burlica2013 ($100 in chips) 
Seat 2: YeeesMan ($133.27 in chips) 
Seat 3: tintin641 ($105.10 in chips) 
Seat 4: ponchua ($101.50 in chips) 
Seat 6: Espada Fish ($101 in chips) 
Burlica2013: posts small blind $0.50
YeeesMan: posts big blind $1
*** HOLE CARDS ***
tintin641: folds 
ponchua: folds 
Espada Fish: folds 
Burlica2013: raises $2 to $3
YeeesMan: calls $2
*** FLOP *** [4c Jd Qs]
Burlica2013: bets $1.88
YeeesMan: calls $1.88
*** TURN *** [4c Jd Qs] [6s]
Burlica2013: checks 
YeeesMan: checks 
*** RIVER *** [4c Jd Qs 6s] [9s]
Burlica2013: bets $3.06
YeeesMan: raises $12.12 to $15.18
Burlica2013: folds 
Uncalled bet ($12.12) returned to YeeesMan
YeeesMan collected $15.09 from pot
YeeesMan: doesn't show hand 
*** SUMMARY ***
Total pot $15.88 | Rake $0.79 
Board [4c Jd Qs 6s 9s]
Seat 5: CGL7811
Seat 1: Burlica2013 (small blind) folded on the River
Seat 2: YeeesMan (big blind) collected ($15.09)
Seat 3: tintin641 folded before Flop (didn't bet)
Seat 4: ponchua folded before Flop (didn't bet)
Seat 6: Espada Fish (button) folded before Flop (didn't bet)



PokerStars Hand #254382413763:  Hold'em No Limit ($0.50/$1.00 USD) - 2025/01/15 14:44:06 WET [2025/01/15 9:44:06 ET]
Table 'Herero III' 6-max Seat #1 is the button
Seat 5: CGL7811 ($94 in chips) is sitting out
Seat 1: Burlica2013 ($100 in chips) 
Seat 2: YeeesMan ($140.42 in chips) 
Seat 3: tintin641 ($105.10 in chips) 
Seat 4: ponchua ($101.50 in chips) 
Seat 6: Espada Fish ($101 in chips) 
YeeesMan: posts small blind $0.50
tintin641: posts big blind $1
*** HOLE CARDS ***
ponchua: folds 
Espada Fish: folds 
Burlica2013: raises $1.45 to $2.45
YeeesMan: folds 
tintin641: calls $1.45
*** FLOP *** [5d 6s 3h]
tintin641: checks 
Burlica2013: checks 
*** TURN *** [5d 6s 3h] [9c]
tintin641: bets $3.85
Burlica2013: folds 
Uncalled bet ($3.85) returned to tintin641
tintin641 collected $5.13 from pot
tintin641: doesn't show hand 
*** SUMMARY ***
Total pot $5.40 | Rake $0.27 
Board [5d 6s 3h 9c]
Seat 5: CGL7811
Seat 1: Burlica2013 (button) folded on the Turn
Seat 2: YeeesMan (small blind) folded before Flop
Seat 3: tintin641 (big blind) collected ($5.13)
Seat 4: ponchua folded before Flop (didn't bet)
Seat 6: Espada Fish folded before Flop (didn't bet)



PokerStars Hand #254382422183:  Hold'em No Limit ($0.50/$1.00 USD) - 2025/01/15 14:44:48 WET [2025/01/15 9:44:48 ET]
Table 'Herero III' 6-max Seat #2 is the button
Seat 5: CGL7811 ($94 in chips) is sitting out
Seat 1: Burlica2013 ($100 in chips) 
Seat 2: YeeesMan ($139.92 in chips) 
Seat 3: tintin641 ($107.78 in chips) 
Seat 4: ponchua ($101.50 in chips) 
Seat 6: Espada Fish ($101 in chips) 
tintin641: posts small blind $0.50
ponchua: posts big blind $1
*** HOLE CARDS ***
Espada Fish: folds 
Burlica2013: folds 
YeeesMan: raises $1.50 to $2.50
tintin641: folds 
ponchua: folds 
Uncalled bet ($1.50) returned to YeeesMan
YeeesMan collected $2.50 from pot
YeeesMan: doesn't show hand 
*** SUMMARY ***
Total pot $2.50 | Rake $0 
Seat 5: CGL7811
Seat 1: Burlica2013 folded before Flop (didn't bet)
Seat 2: YeeesMan (button) collected ($2.50)
Seat 3: tintin641 (small blind) folded before Flop
Seat 4: ponchua (big blind) folded before Flop
Seat 6: Espada Fish folded before Flop (didn't bet)



PokerStars Hand #254382425689:  Hold'em No Limit ($0.50/$1.00 USD) - 2025/01/15 14:45:05 WET [2025/01/15 9:45:05 ET]
Table 'Herero III' 6-max Seat #3 is the button
Seat 5: CGL7811 ($94 in chips) is sitting out
Seat 1: Burlica2013 ($100 in chips) 
Seat 2: YeeesMan ($141.42 in chips) 
Seat 3: tintin641 ($107.28 in chips) 
Seat 4: ponchua ($100.50 in chips) 
Seat 6: Espada Fish ($101 in chips) 
ponchua: posts small blind $0.50
Espada Fish: posts big blind $1
*** HOLE CARDS ***
Burlica2013: folds 
YeeesMan: folds 
tintin641: raises $1.50 to $2.50
ponchua: folds 
Espada Fish: calls $1.50
*** FLOP *** [Jc 4s 2h]
Espada Fish: checks 
tintin641: bets $1.72
Espada Fish: calls $1.72
*** TURN *** [Jc 4s 2h] [Qc]
Espada Fish: checks 
tintin641: bets $12.74
Espada Fish: folds 
Uncalled bet ($12.74) returned to tintin641
tintin641 collected $8.49 from pot
tintin641: doesn't show hand 
*** SUMMARY ***
Total pot $8.94 | Rake $0.45 
Board [Jc 4s 2h Qc]
Seat 5: CGL7811
Seat 1: Burlica2013 folded before Flop (didn't bet)
Seat 2: YeeesMan folded before Flop (didn't bet)
Seat 3: tintin641 (button) collected ($8.49)
Seat 4: ponchua (small blind) folded before Flop
Seat 6: Espada Fish (big blind) folded on the Turn



PokerStars Hand #254382444079:  Hold'em No Limit ($0.50/$1.00 USD) - 2025/01/15 14:46:37 WET [2025/01/15 9:46:37 ET]
Table 'Herero III' 6-max Seat #4 is the button
Seat 5: CGL7811 ($94 in chips) is sitting out
Seat 1: Burlica2013 ($100 in chips) 
Seat 2: YeeesMan ($141.42 in chips) 
Seat 3: tintin641 ($111.55 in chips) 
Seat 4: ponchua ($100 in chips) 
Seat 6: Espada Fish ($100 in chips) 
Espada Fish: posts small blind $0.50
Burlica2013: posts big blind $1
*** HOLE CARDS ***
YeeesMan: folds 
tintin641: folds 
ponchua: folds 
Espada Fish: raises $2 to $3
Burlica2013: calls $2
*** FLOP *** [5c 2d 8c]
Espada Fish: bets $4.28
Burlica2013: raises $10.70 to $14.98
Espada Fish: raises $17.83 to $32.81
Burlica2013: raises $64.19 to $97 and is all-in
Espada Fish: calls $64.19 and is all-in
*** TURN *** [5c 2d 8c] [3d]
*** RIVER *** [5c 2d 8c 3d] [9s]
*** SHOW DOWN ***
Espada Fish: shows [2h 2c] (three of a kind, Deuces)
Burlica2013: shows [7c 6c] (a straight, Five to Nine)
Burlica2013 collected $197.50 from pot
Espada Fish cashed out the hand for $112.03 | Cash Out Fee $2.29
*** SUMMARY ***
Total pot $200 | Rake $2.50 
Board [5c 2d 8c 3d 9s]
Seat 5: CGL7811
Seat 1: Burlica2013 (big blind) showed [7c 6c] and won ($197.50) with a straight, Five to Nine
Seat 2: YeeesMan folded before Flop (didn't bet)
Seat 3: tintin641 folded before Flop (didn't bet)
Seat 4: ponchua (button) folded before Flop (didn't bet)
Seat 6: Espada Fish (small blind) showed [2h 2c] and lost with three of a kind, Deuces (cashed out).



PokerStars Hand #254382458300:  Hold'em No Limit ($0.50/$1.00 USD) - 2025/01/15 14:47:48 WET [2025/01/15 9:47:48 ET]
Table 'Herero III' 6-max Seat #6 is the button
Seat 2: YeeesMan ($141.42 in chips) is sitting out
Seat 5: CGL7811 ($94 in chips) is sitting out
Seat 1: Burlica2013 ($197.50 in chips) 
Seat 3: tintin641 ($111.55 in chips) 
Seat 4: ponchua ($100 in chips) 
Seat 6: Espada Fish ($112.03 in chips) 
Burlica2013: posts small blind $0.50
YeeesMan: is sitting out 
tintin641: posts big blind $1
*** HOLE CARDS ***
ponchua: folds 
Espada Fish: raises $1.50 to $2.50
Burlica2013: folds 
tintin641: folds 
Uncalled bet ($1.50) returned to Espada Fish
YeeesMan leaves the table
Espada Fish collected $2.50 from pot
Espada Fish: doesn't show hand 
*** SUMMARY ***
Total pot $2.50 | Rake $0 
Seat 2: YeeesMan
Seat 5: CGL7811
Seat 1: Burlica2013 (small blind) folded before Flop
Seat 3: tintin641 (big blind) folded before Flop
Seat 4: ponchua folded before Flop (didn't bet)
Seat 6: Espada Fish (button) collected ($2.50)



PokerStars Hand #254382460534:  Hold'em No Limit ($0.50/$1.00 USD) - 2025/01/15 14:47:59 WET [2025/01/15 9:47:59 ET]
Table 'Herero III' 6-max Seat #1 is the button
Seat 5: CGL7811 ($94 in chips) is sitting out
Seat 1: Burlica2013 ($197 in chips) 
Seat 3: tintin641 ($110.55 in chips) 
Seat 4: ponchua ($100 in chips) 
Seat 6: Espada Fish ($113.53 in chips) 
tintin641: posts small blind $0.50
ponchua: posts big blind $1
*** HOLE CARDS ***
Espada Fish: folds 
Burlica2013: folds 
tintin641: folds 
Uncalled bet ($0.50) returned to ponchua
ponchua collected $1 from pot
ponchua: doesn't show hand 
*** SUMMARY ***
Total pot $1 | Rake $0 
Seat 5: CGL7811
Seat 1: Burlica2013 (button) folded before Flop (didn't bet)
Seat 3: tintin641 (small blind) folded before Flop
Seat 4: ponchua (big blind) collected ($1)
Seat 6: Espada Fish folded before Flop (didn't bet)



PokerStars Hand #254382462706:  Hold'em No Limit ($0.50/$1.00 USD) - 2025/01/15 14:48:10 WET [2025/01/15 9:48:10 ET]
Table 'Herero III' 6-max Seat #3 is the button
Seat 5: CGL7811 ($94 in chips) is sitting out
Seat 1: Burlica2013 ($197 in chips) 
Seat 3: tintin641 ($110.05 in chips) 
Seat 4: ponchua ($100.50 in chips) 
Seat 6: Espada Fish ($113.53 in chips) 
ponchua: posts small blind $0.50
Espada Fish: posts big blind $1
*** HOLE CARDS ***
Burlica2013: folds 
tintin641: folds 
CGL7811 leaves the table
ponchua: folds 
Uncalled bet ($0.50) returned to Espada Fish
Espada Fish collected $1 from pot
Espada Fish: doesn't show hand 
*** SUMMARY ***
Total pot $1 | Rake $0 
Seat 5: CGL7811
Seat 1: Burlica2013 folded before Flop (didn't bet)
Seat 3: tintin641 (button) folded before Flop (didn't bet)
Seat 4: ponchua (small blind) folded before Flop
Seat 6: Espada Fish (big blind) collected ($1)



PokerStars Hand #254382464658:  Hold'em No Limit ($0.50/$1.00 USD) - 2025/01/15 14:48:20 WET [2025/01/15 9:48:20 ET]
Table 'Herero III' 6-max Seat #4 is the button
Seat 1: Burlica2013 ($197 in chips) 
Seat 3: tintin641 ($110.05 in chips) 
Seat 4: ponchua ($100 in chips) 
Seat 6: Espada Fish ($114.03 in chips) 
Espada Fish: posts small blind $0.50
Burlica2013: posts big blind $1
*** HOLE CARDS ***
tintin641: raises $1.50 to $2.50
ponchua: folds 
Espada Fish: folds 
Burlica2013: folds 
Uncalled bet ($1.50) returned to tintin641
tintin641 collected $2.50 from pot
tintin641: doesn't show hand 
*** SUMMARY ***
Total pot $2.50 | Rake $0 
Seat 1: Burlica2013 (big blind) folded before Flop
Seat 3: tintin641 collected ($2.50)
Seat 4: ponchua (button) folded before Flop (didn't bet)
Seat 6: Espada Fish (small blind) folded before Flop



