PokerStars Hand #254390176669:  Hold'em No Limit ($0.50/$1.00 USD) - 2025/01/15 22:22:36 WET [2025/01/15 17:22:36 ET]
Table 'Probitas III' 6-max Seat #4 is the button
Seat 1: ImaPeppaPig ($103 in chips) 
Seat 4: URL02T ($7.50 in chips) 
URL02T: posts small blind $0.50
ImaPeppaPig: posts big blind $1
*** HOLE CARDS ***
URL02T: folds 
Uncalled bet ($0.50) returned to ImaPeppaPig
ImaPeppaPig collected $1 from pot
ImaPeppaPig: doesn't show hand 
*** SUMMARY ***
Total pot $1 | Rake $0 
Seat 1: ImaPeppaPig (big blind) collected ($1)
Seat 4: URL02T (button) (small blind) folded before Flop



PokerStars Hand #254390178817:  Hold'em No Limit ($0.50/$1.00 USD) - 2025/01/15 22:22:44 WET [2025/01/15 17:22:44 ET]
Table 'Probitas III' 6-max Seat #1 is the button
Seat 1: ImaPeppaPig ($103.50 in chips) 
Seat 4: URL02T ($7 in chips) 
ImaPeppaPig: posts small blind $0.50
URL02T: posts big blind $1
*** HOLE CARDS ***
ImaPeppaPig: folds 
Uncalled bet ($0.50) returned to URL02T
URL02T collected $1 from pot
URL02T: doesn't show hand 
*** SUMMARY ***
Total pot $1 | Rake $0 
Seat 1: ImaPeppaPig (button) (small blind) folded before Flop
Seat 4: URL02T (big blind) collected ($1)



PokerStars Hand #254390181086:  Hold'em No Limit ($0.50/$1.00 USD) - 2025/01/15 22:22:51 WET [2025/01/15 17:22:51 ET]
Table 'Probitas III' 6-max Seat #4 is the button
Seat 1: ImaPeppaPig ($103 in chips) 
Seat 4: URL02T ($7.50 in chips) 
URL02T: posts small blind $0.50
ImaPeppaPig: posts big blind $1
*** HOLE CARDS ***
URL02T: folds 
Uncalled bet ($0.50) returned to ImaPeppaPig
ImaPeppaPig collected $1 from pot
ImaPeppaPig: doesn't show hand 
*** SUMMARY ***
Total pot $1 | Rake $0 
Seat 1: ImaPeppaPig (big blind) collected ($1)
Seat 4: URL02T (button) (small blind) folded before Flop



PokerStars Hand #254390182909:  Hold'em No Limit ($0.50/$1.00 USD) - 2025/01/15 22:22:57 WET [2025/01/15 17:22:57 ET]
Table 'Probitas III' 6-max Seat #1 is the button
Seat 1: ImaPeppaPig ($103.50 in chips) 
Seat 4: URL02T ($7 in chips) 
ImaPeppaPig: posts small blind $0.50
URL02T: posts big blind $1
*** HOLE CARDS ***
ImaPeppaPig: folds 
Uncalled bet ($0.50) returned to URL02T
URL02T collected $1 from pot
URL02T: doesn't show hand 
*** SUMMARY ***
Total pot $1 | Rake $0 
Seat 1: ImaPeppaPig (button) (small blind) folded before Flop
Seat 4: URL02T (big blind) collected ($1)



PokerStars Hand #254390184595:  Hold'em No Limit ($0.50/$1.00 USD) - 2025/01/15 22:23:03 WET [2025/01/15 17:23:03 ET]
Table 'Probitas III' 6-max Seat #4 is the button
Seat 1: ImaPeppaPig ($103 in chips) 
Seat 4: URL02T ($7.50 in chips) 
URL02T: posts small blind $0.50
ImaPeppaPig: posts big blind $1
*** HOLE CARDS ***
URL02T: folds 
Uncalled bet ($0.50) returned to ImaPeppaPig
ImaPeppaPig collected $1 from pot
ImaPeppaPig: doesn't show hand 
*** SUMMARY ***
Total pot $1 | Rake $0 
Seat 1: ImaPeppaPig (big blind) collected ($1)
Seat 4: URL02T (button) (small blind) folded before Flop



PokerStars Hand #254390186362:  Hold'em No Limit ($0.50/$1.00 USD) - 2025/01/15 22:23:10 WET [2025/01/15 17:23:10 ET]
Table 'Probitas III' 6-max Seat #1 is the button
Seat 1: ImaPeppaPig ($103.50 in chips) 
Seat 4: URL02T ($7 in chips) 
ImaPeppaPig: posts small blind $0.50
URL02T: posts big blind $1
*** HOLE CARDS ***
ImaPeppaPig: raises $7 to $8
URL02T: folds 
Uncalled bet ($7) returned to ImaPeppaPig
ImaPeppaPig collected $2 from pot
ImaPeppaPig: doesn't show hand 
*** SUMMARY ***
Total pot $2 | Rake $0 
Seat 1: ImaPeppaPig (button) (small blind) collected ($2)
Seat 4: URL02T (big blind) folded before Flop



PokerStars Hand #254390188693:  Hold'em No Limit ($0.50/$1.00 USD) - 2025/01/15 22:23:18 WET [2025/01/15 17:23:18 ET]
Table 'Probitas III' 6-max Seat #4 is the button
Seat 1: ImaPeppaPig ($104.50 in chips) 
Seat 4: URL02T ($6 in chips) 
URL02T: posts small blind $0.50
ImaPeppaPig: posts big blind $1
*** HOLE CARDS ***
URL02T: folds 
Uncalled bet ($0.50) returned to ImaPeppaPig
ImaPeppaPig collected $1 from pot
ImaPeppaPig: doesn't show hand 
*** SUMMARY ***
Total pot $1 | Rake $0 
Seat 1: ImaPeppaPig (big blind) collected ($1)
Seat 4: URL02T (button) (small blind) folded before Flop



PokerStars Hand #254390190471:  Hold'em No Limit ($0.50/$1.00 USD) - 2025/01/15 22:23:23 WET [2025/01/15 17:23:23 ET]
Table 'Probitas III' 6-max Seat #1 is the button
Seat 1: ImaPeppaPig ($105 in chips) 
Seat 4: URL02T ($5.50 in chips) 
ImaPeppaPig: posts small blind $0.50
URL02T: posts big blind $1
*** HOLE CARDS ***
ImaPeppaPig: raises $5 to $6
URL02T: folds 
Uncalled bet ($5) returned to ImaPeppaPig
ImaPeppaPig collected $2 from pot
ImaPeppaPig: doesn't show hand 
*** SUMMARY ***
Total pot $2 | Rake $0 
Seat 1: ImaPeppaPig (button) (small blind) collected ($2)
Seat 4: URL02T (big blind) folded before Flop



PokerStars Hand #254390192665:  Hold'em No Limit ($0.50/$1.00 USD) - 2025/01/15 22:23:31 WET [2025/01/15 17:23:31 ET]
Table 'Probitas III' 6-max Seat #4 is the button
Seat 1: ImaPeppaPig ($106 in chips) 
Seat 4: URL02T ($4.50 in chips) 
URL02T: posts small blind $0.50
ImaPeppaPig: posts big blind $1
*** HOLE CARDS ***
URL02T: raises $3.50 to $4.50 and is all-in
ImaPeppaPig: folds 
Uncalled bet ($3.50) returned to URL02T
URL02T collected $2 from pot
URL02T: doesn't show hand 
*** SUMMARY ***
Total pot $2 | Rake $0 
Seat 1: ImaPeppaPig (big blind) folded before Flop
Seat 4: URL02T (button) (small blind) collected ($2)



PokerStars Hand #254390195304:  Hold'em No Limit ($0.50/$1.00 USD) - 2025/01/15 22:23:40 WET [2025/01/15 17:23:40 ET]
Table 'Probitas III' 6-max Seat #1 is the button
Seat 1: ImaPeppaPig ($105 in chips) 
Seat 4: URL02T ($5.50 in chips) 
ImaPeppaPig: posts small blind $0.50
URL02T: posts big blind $1
*** HOLE CARDS ***
ImaPeppaPig: raises $3 to $4
URL02T: raises $1.50 to $5.50 and is all-in
ImaPeppaPig: calls $1.50
*** FIRST FLOP *** [4h 6s 4d]
*** FIRST TURN *** [4h 6s 4d] [5h]
*** FIRST RIVER *** [4h 6s 4d 5h] [4c]
*** SECOND FLOP *** [5d 2s Kd]
*** SECOND TURN *** [5d 2s Kd] [5s]
*** SECOND RIVER *** [5d 2s Kd 5s] [8s]
*** FIRST SHOW DOWN ***
URL02T: shows [As Th] (three of a kind, Fours)
ImaPeppaPig: shows [6c 6h] (a full house, Sixes full of Fours)
ImaPeppaPig collected $5.23 from pot
*** SECOND SHOW DOWN ***
URL02T: shows [As Th] (a pair of Fives)
ImaPeppaPig: shows [6c 6h] (two pair, Sixes and Fives)
ImaPeppaPig collected $5.22 from pot
*** SUMMARY ***
Total pot $11 | Rake $0.55 
Hand was run twice
FIRST Board [4h 6s 4d 5h 4c]
SECOND Board [5d 2s Kd 5s 8s]
Seat 1: ImaPeppaPig (button) (small blind) showed [6c 6h] and won ($5.23) with a full house, Sixes full of Fours, and won ($5.22) with two pair, Sixes and Fives
Seat 4: URL02T (big blind) showed [As Th] and lost with three of a kind, Fours, and lost with a pair of Fives



