PokerStars Hand #254383399619:  Hold'em No Limit ($0.50/$1.00 USD) - 2025/01/15 15:24:46 WET [2025/01/15 10:24:46 ET]
Table 'Behrens III' 6-max Seat #6 is the button
Seat 1: williamlauri ($113.09 in chips) 
Seat 2: ReVeu710 ($101.50 in chips) 
Seat 3: tintin641 ($101.22 in chips) 
Seat 4: Rysiff ($100 in chips) 
Seat 5: whlzor ($100 in chips) 
Seat 6: YeeesMan ($100 in chips) 
williamlauri: posts small blind $0.50
ReVeu710: posts big blind $1
*** HOLE CARDS ***
tintin641: folds 
Rysiff: folds 
whlzor: folds 
YeeesMan: folds 
williamlauri: calls $0.50
ReVeu710: checks 
*** FLOP *** [8d 6c 8h]
williamlauri: checks 
ReVeu710: checks 
*** TURN *** [8d 6c 8h] [6d]
williamlauri: bets $1
ReVeu710: folds 
Uncalled bet ($1) returned to williamlauri
williamlauri collected $1.90 from pot
*** SUMMARY ***
Total pot $2 | Rake $0.10 
Board [8d 6c 8h 6d]
Seat 1: williamlauri (small blind) collected ($1.90)
Seat 2: ReVeu710 (big blind) folded on the Turn
Seat 3: tintin641 folded before Flop (didn't bet)
Seat 4: Rysiff folded before Flop (didn't bet)
Seat 5: whlzor folded before Flop (didn't bet)
Seat 6: YeeesMan (button) folded before Flop (didn't bet)



PokerStars Hand #254383406071:  Hold'em No Limit ($0.50/$1.00 USD) - 2025/01/15 15:25:15 WET [2025/01/15 10:25:15 ET]
Table 'Behrens III' 6-max Seat #1 is the button
Seat 1: williamlauri ($113.99 in chips) 
Seat 2: ReVeu710 ($100.50 in chips) 
Seat 3: tintin641 ($101.22 in chips) 
Seat 4: Rysiff ($100 in chips) 
Seat 5: whlzor ($100 in chips) 
Seat 6: YeeesMan ($100 in chips) 
ReVeu710: posts small blind $0.50
tintin641: posts big blind $1
*** HOLE CARDS ***
Rysiff: folds 
whlzor: folds 
YeeesMan: folds 
williamlauri: folds 
ReVeu710: raises $2 to $3
tintin641: folds 
Uncalled bet ($2) returned to ReVeu710
ReVeu710 collected $2 from pot
ReVeu710: doesn't show hand 
*** SUMMARY ***
Total pot $2 | Rake $0 
Seat 1: williamlauri (button) folded before Flop (didn't bet)
Seat 2: ReVeu710 (small blind) collected ($2)
Seat 3: tintin641 (big blind) folded before Flop
Seat 4: Rysiff folded before Flop (didn't bet)
Seat 5: whlzor folded before Flop (didn't bet)
Seat 6: YeeesMan folded before Flop (didn't bet)



PokerStars Hand #254383411374:  Hold'em No Limit ($0.50/$1.00 USD) - 2025/01/15 15:25:39 WET [2025/01/15 10:25:39 ET]
Table 'Behrens III' 6-max Seat #2 is the button
Seat 1: williamlauri ($113.99 in chips) 
Seat 2: ReVeu710 ($101.50 in chips) 
Seat 3: tintin641 ($100.22 in chips) 
Seat 4: Rysiff ($100 in chips) 
Seat 5: whlzor ($100 in chips) 
Seat 6: YeeesMan ($100 in chips) 
tintin641: posts small blind $0.50
Rysiff: posts big blind $1
*** HOLE CARDS ***
whlzor: folds 
YeeesMan: folds 
williamlauri: calls $1
ReVeu710: folds 
tintin641: raises $4 to $5
Rysiff: calls $4
williamlauri: folds 
*** FLOP *** [Jd Ks 4c]
tintin641: bets $3.45
Rysiff: calls $3.45
*** TURN *** [Jd Ks 4c] [3c]
tintin641: checks 
Rysiff: bets $13.60
tintin641: raises $22.10 to $35.70
Rysiff: folds 
Uncalled bet ($22.10) returned to tintin641
tintin641 collected $42.84 from pot
tintin641: doesn't show hand 
*** SUMMARY ***
Total pot $45.10 | Rake $2.26 
Board [Jd Ks 4c 3c]
Seat 1: williamlauri folded before Flop
Seat 2: ReVeu710 (button) folded before Flop (didn't bet)
Seat 3: tintin641 (small blind) collected ($42.84)
Seat 4: Rysiff (big blind) folded on the Turn
Seat 5: whlzor folded before Flop (didn't bet)
Seat 6: YeeesMan folded before Flop (didn't bet)



PokerStars Hand #254383429531:  Hold'em No Limit ($0.50/$1.00 USD) - 2025/01/15 15:27:01 WET [2025/01/15 10:27:01 ET]
Table 'Behrens III' 6-max Seat #3 is the button
Seat 1: williamlauri ($112.99 in chips) 
Seat 2: ReVeu710 ($101.50 in chips) 
Seat 3: tintin641 ($121.01 in chips) 
Seat 4: Rysiff ($100 in chips) 
Seat 5: whlzor ($100 in chips) 
Seat 6: YeeesMan ($100 in chips) 
Rysiff: posts small blind $0.50
whlzor: posts big blind $1
*** HOLE CARDS ***
YeeesMan: folds 
williamlauri: folds 
ReVeu710: folds 
tintin641: folds 
Rysiff: folds 
Uncalled bet ($0.50) returned to whlzor
whlzor collected $1 from pot
whlzor: doesn't show hand 
*** SUMMARY ***
Total pot $1 | Rake $0 
Seat 1: williamlauri folded before Flop (didn't bet)
Seat 2: ReVeu710 folded before Flop (didn't bet)
Seat 3: tintin641 (button) folded before Flop (didn't bet)
Seat 4: Rysiff (small blind) folded before Flop
Seat 5: whlzor (big blind) collected ($1)
Seat 6: YeeesMan folded before Flop (didn't bet)



PokerStars Hand #254383431928:  Hold'em No Limit ($0.50/$1.00 USD) - 2025/01/15 15:27:12 WET [2025/01/15 10:27:12 ET]
Table 'Behrens III' 6-max Seat #4 is the button
Seat 1: williamlauri ($112.99 in chips) 
Seat 2: ReVeu710 ($101.50 in chips) 
Seat 3: tintin641 ($121.01 in chips) 
Seat 4: Rysiff ($100 in chips) 
Seat 5: whlzor ($100.50 in chips) 
Seat 6: YeeesMan ($100 in chips) 
whlzor: posts small blind $0.50
YeeesMan: posts big blind $1
*** HOLE CARDS ***
williamlauri: folds 
ReVeu710: raises $1 to $2
tintin641: folds 
Rysiff: folds 
whlzor: folds 
YeeesMan: folds 
Uncalled bet ($1) returned to ReVeu710
ReVeu710 collected $2.50 from pot
ReVeu710: doesn't show hand 
*** SUMMARY ***
Total pot $2.50 | Rake $0 
Seat 1: williamlauri folded before Flop (didn't bet)
Seat 2: ReVeu710 collected ($2.50)
Seat 3: tintin641 folded before Flop (didn't bet)
Seat 4: Rysiff (button) folded before Flop (didn't bet)
Seat 5: whlzor (small blind) folded before Flop
Seat 6: YeeesMan (big blind) folded before Flop



PokerStars Hand #254383435066:  Hold'em No Limit ($0.50/$1.00 USD) - 2025/01/15 15:27:27 WET [2025/01/15 10:27:27 ET]
Table 'Behrens III' 6-max Seat #5 is the button
Seat 1: williamlauri ($112.99 in chips) 
Seat 2: ReVeu710 ($103 in chips) 
Seat 3: tintin641 ($121.01 in chips) 
Seat 4: Rysiff ($100 in chips) 
Seat 5: whlzor ($100 in chips) 
Seat 6: YeeesMan ($100 in chips) 
YeeesMan: posts small blind $0.50
williamlauri: posts big blind $1
*** HOLE CARDS ***
ReVeu710: folds 
tintin641: folds 
Rysiff: folds 
whlzor: folds 
YeeesMan: raises $2 to $3
williamlauri: folds 
Uncalled bet ($2) returned to YeeesMan
YeeesMan collected $2 from pot
YeeesMan: doesn't show hand 
*** SUMMARY ***
Total pot $2 | Rake $0 
Seat 1: williamlauri (big blind) folded before Flop
Seat 2: ReVeu710 folded before Flop (didn't bet)
Seat 3: tintin641 folded before Flop (didn't bet)
Seat 4: Rysiff folded before Flop (didn't bet)
Seat 5: whlzor (button) folded before Flop (didn't bet)
Seat 6: YeeesMan (small blind) collected ($2)



PokerStars Hand #254383439960:  Hold'em No Limit ($0.50/$1.00 USD) - 2025/01/15 15:27:49 WET [2025/01/15 10:27:49 ET]
Table 'Behrens III' 6-max Seat #6 is the button
Seat 1: williamlauri ($111.99 in chips) 
Seat 2: ReVeu710 ($103 in chips) 
Seat 3: tintin641 ($121.01 in chips) 
Seat 4: Rysiff ($100 in chips) 
Seat 5: whlzor ($100 in chips) 
Seat 6: YeeesMan ($101 in chips) 
williamlauri: posts small blind $0.50
ReVeu710: posts big blind $1
*** HOLE CARDS ***
tintin641: folds 
Rysiff: folds 
whlzor: raises $2 to $3
YeeesMan: folds 
williamlauri: folds 
ReVeu710: folds 
Uncalled bet ($2) returned to whlzor
whlzor collected $2.50 from pot
whlzor: doesn't show hand 
*** SUMMARY ***
Total pot $2.50 | Rake $0 
Seat 1: williamlauri (small blind) folded before Flop
Seat 2: ReVeu710 (big blind) folded before Flop
Seat 3: tintin641 folded before Flop (didn't bet)
Seat 4: Rysiff folded before Flop (didn't bet)
Seat 5: whlzor collected ($2.50)
Seat 6: YeeesMan (button) folded before Flop (didn't bet)



PokerStars Hand #254383442008:  Hold'em No Limit ($0.50/$1.00 USD) - 2025/01/15 15:27:58 WET [2025/01/15 10:27:58 ET]
Table 'Behrens III' 6-max Seat #1 is the button
Seat 1: williamlauri ($111.49 in chips) 
Seat 2: ReVeu710 ($102 in chips) 
Seat 3: tintin641 ($121.01 in chips) 
Seat 4: Rysiff ($100 in chips) 
Seat 5: whlzor ($101.50 in chips) 
Seat 6: YeeesMan ($101 in chips) 
ReVeu710: posts small blind $0.50
tintin641: posts big blind $1
*** HOLE CARDS ***
Rysiff: folds 
whlzor: folds 
YeeesMan: folds 
williamlauri: calls $1
ReVeu710: folds 
tintin641: checks 
*** FLOP *** [2d 7h Qc]
tintin641: checks 
williamlauri: bets $1
tintin641: folds 
Uncalled bet ($1) returned to williamlauri
williamlauri collected $2.38 from pot
*** SUMMARY ***
Total pot $2.50 | Rake $0.12 
Board [2d 7h Qc]
Seat 1: williamlauri (button) collected ($2.38)
Seat 2: ReVeu710 (small blind) folded before Flop
Seat 3: tintin641 (big blind) folded on the Flop
Seat 4: Rysiff folded before Flop (didn't bet)
Seat 5: whlzor folded before Flop (didn't bet)
Seat 6: YeeesMan folded before Flop (didn't bet)



PokerStars Hand #254383447338:  Hold'em No Limit ($0.50/$1.00 USD) - 2025/01/15 15:28:23 WET [2025/01/15 10:28:23 ET]
Table 'Behrens III' 6-max Seat #2 is the button
Seat 1: williamlauri ($112.87 in chips) 
Seat 2: ReVeu710 ($101.50 in chips) 
Seat 3: tintin641 ($120.01 in chips) 
Seat 4: Rysiff ($100 in chips) 
Seat 5: whlzor ($101.50 in chips) 
Seat 6: YeeesMan ($101 in chips) 
tintin641: posts small blind $0.50
Rysiff: posts big blind $1
*** HOLE CARDS ***
whlzor: folds 
YeeesMan: folds 
williamlauri: folds 
ReVeu710: raises $1.50 to $2.50
tintin641: folds 
Rysiff: folds 
Uncalled bet ($1.50) returned to ReVeu710
ReVeu710 collected $2.50 from pot
ReVeu710: doesn't show hand 
*** SUMMARY ***
Total pot $2.50 | Rake $0 
Seat 1: williamlauri folded before Flop (didn't bet)
Seat 2: ReVeu710 (button) collected ($2.50)
Seat 3: tintin641 (small blind) folded before Flop
Seat 4: Rysiff (big blind) folded before Flop
Seat 5: whlzor folded before Flop (didn't bet)
Seat 6: YeeesMan folded before Flop (didn't bet)



PokerStars Hand #254383451296:  Hold'em No Limit ($0.50/$1.00 USD) - 2025/01/15 15:28:41 WET [2025/01/15 10:28:41 ET]
Table 'Behrens III' 6-max Seat #3 is the button
Seat 1: williamlauri ($112.87 in chips) 
Seat 2: ReVeu710 ($103 in chips) 
Seat 3: tintin641 ($119.51 in chips) 
Seat 4: Rysiff ($100 in chips) 
Seat 5: whlzor ($101.50 in chips) 
Seat 6: YeeesMan ($101 in chips) 
Rysiff: posts small blind $0.50
whlzor: posts big blind $1
*** HOLE CARDS ***
YeeesMan: folds 
williamlauri: calls $1
ReVeu710: raises $3 to $4
tintin641: folds 
Rysiff: folds 
whlzor: calls $3
williamlauri: calls $3
*** FLOP *** [5c 5d Kh]
whlzor: checks 
williamlauri: checks 
ReVeu710: bets $2.97
whlzor: calls $2.97
williamlauri: folds 
*** TURN *** [5c 5d Kh] [4s]
whlzor: checks 
ReVeu710: checks 
*** RIVER *** [5c 5d Kh 4s] [6c]
whlzor: checks 
ReVeu710: checks 
*** SHOW DOWN ***
whlzor: shows [8d Kd] (two pair, Kings and Fives)
ReVeu710: mucks hand 
whlzor collected $17.52 from pot
*** SUMMARY ***
Total pot $18.44 | Rake $0.92 
Board [5c 5d Kh 4s 6c]
Seat 1: williamlauri folded on the Flop
Seat 2: ReVeu710 mucked
Seat 3: tintin641 (button) folded before Flop (didn't bet)
Seat 4: Rysiff (small blind) folded before Flop
Seat 5: whlzor (big blind) showed [8d Kd] and won ($17.52) with two pair, Kings and Fives
Seat 6: YeeesMan folded before Flop (didn't bet)



PokerStars Hand #254383461894:  Hold'em No Limit ($0.50/$1.00 USD) - 2025/01/15 15:29:29 WET [2025/01/15 10:29:29 ET]
Table 'Behrens III' 6-max Seat #4 is the button
Seat 1: williamlauri ($108.87 in chips) 
Seat 2: ReVeu710 ($100 in chips) 
Seat 3: tintin641 ($119.51 in chips) 
Seat 4: Rysiff ($100 in chips) 
Seat 5: whlzor ($112.05 in chips) 
Seat 6: YeeesMan ($101 in chips) 
whlzor: posts small blind $0.50
YeeesMan: posts big blind $1
*** HOLE CARDS ***
williamlauri: folds 
ReVeu710: folds 
tintin641: folds 
williamlauri leaves the table
Rysiff: folds 
whlzor: folds 
Uncalled bet ($0.50) returned to YeeesMan
ReVeu710 leaves the table
YeeesMan collected $1 from pot
YeeesMan: doesn't show hand 
*** SUMMARY ***
Total pot $1 | Rake $0 
Seat 1: williamlauri folded before Flop (didn't bet)
Seat 2: ReVeu710 folded before Flop (didn't bet)
Seat 3: tintin641 folded before Flop (didn't bet)
Seat 4: Rysiff (button) folded before Flop (didn't bet)
Seat 5: whlzor (small blind) folded before Flop
Seat 6: YeeesMan (big blind) collected ($1)



PokerStars Hand #254383465555:  Hold'em No Limit ($0.50/$1.00 USD) - 2025/01/15 15:29:45 WET [2025/01/15 10:29:45 ET]
Table 'Behrens III' 6-max Seat #5 is the button
Seat 3: tintin641 ($119.51 in chips) is sitting out
Seat 4: Rysiff ($100 in chips) 
Seat 5: whlzor ($111.55 in chips) 
Seat 6: YeeesMan ($101.50 in chips) 
YeeesMan: posts small blind $0.50
tintin641: is sitting out 
Rysiff: posts big blind $1
*** HOLE CARDS ***
whlzor: folds 
tintin641 leaves the table
YeeesMan: folds 
Uncalled bet ($0.50) returned to Rysiff
Rysiff collected $1 from pot
Rysiff: doesn't show hand 
*** SUMMARY ***
Total pot $1 | Rake $0 
Seat 3: tintin641
Seat 4: Rysiff (big blind) collected ($1)
Seat 5: whlzor (button) folded before Flop (didn't bet)
Seat 6: YeeesMan (small blind) folded before Flop



