PokerStars Hand #254390879833:  Hold'em No Limit ($0.50/$1.00 USD) - 2025/01/15 23:05:14 WET [2025/01/15 18:05:14 ET]
Table 'Nicolaia III' 6-max Seat #6 is the button
Seat 1: ImaPeppaPig ($100 in chips) 
Seat 2: Bejondeiala ($100 in chips) 
Seat 6: camilinho UC ($33.49 in chips) 
ImaPeppaPig: posts small blind $0.50
Bejondeiala: posts big blind $1
*** HOLE CARDS ***
camilinho UC: folds 
ImaPeppaPig: raises $2 to $3
Bejondeiala: folds 
Uncalled bet ($2) returned to ImaPeppaPig
ImaPeppaPig collected $2 from pot
ImaPeppaPig: doesn't show hand 
*** SUMMARY ***
Total pot $2 | Rake $0 
Seat 1: ImaPeppaPig (small blind) collected ($2)
Seat 2: Bejondeiala (big blind) folded before Flop
Seat 6: camilinho UC (button) folded before Flop (didn't bet)



PokerStars Hand #254390882400:  Hold'em No Limit ($0.50/$1.00 USD) - 2025/01/15 23:05:23 WET [2025/01/15 18:05:23 ET]
Table 'Nicolaia III' 6-max Seat #1 is the button
Seat 1: ImaPeppaPig ($101 in chips) 
Seat 2: Bejondeiala ($100 in chips) 
Seat 6: camilinho UC ($33.49 in chips) 
Bejondeiala: posts small blind $0.50
camilinho UC: posts big blind $1
*** HOLE CARDS ***
ImaPeppaPig: raises $1.50 to $2.50
Bejondeiala: folds 
camilinho UC: folds 
Uncalled bet ($1.50) returned to ImaPeppaPig
Supermegopro joins the table at seat #3 
ImaPeppaPig collected $2.50 from pot
ImaPeppaPig: doesn't show hand 
*** SUMMARY ***
Total pot $2.50 | Rake $0 
Seat 1: ImaPeppaPig (button) collected ($2.50)
Seat 2: Bejondeiala (small blind) folded before Flop
Seat 6: camilinho UC (big blind) folded before Flop



PokerStars Hand #254390885615:  Hold'em No Limit ($0.50/$1.00 USD) - 2025/01/15 23:05:35 WET [2025/01/15 18:05:35 ET]
Table 'Nicolaia III' 6-max Seat #2 is the button
Seat 3: Supermegopro ($100 in chips) is sitting out
Seat 1: ImaPeppaPig ($102.50 in chips) 
Seat 2: Bejondeiala ($100 in chips) 
Seat 6: camilinho UC ($32.49 in chips) 
camilinho UC: posts small blind $0.50
ImaPeppaPig: posts big blind $1
*** HOLE CARDS ***
Bejondeiala: folds 
camilinho UC: calls $0.50
ImaPeppaPig: checks 
*** FLOP *** [9d 5d 7h]
camilinho UC: checks 
ImaPeppaPig: bets $1
camilinho UC: calls $1
*** TURN *** [9d 5d 7h] [2c]
camilinho UC: checks 
ImaPeppaPig: checks 
*** RIVER *** [9d 5d 7h 2c] [4h]
camilinho UC: bets $3
alexpipa27 joins the table at seat #5 
alexpipa27 is disconnected 
ImaPeppaPig: calls $3
*** SHOW DOWN ***
camilinho UC: shows [9h 2h] (two pair, Nines and Deuces)
ImaPeppaPig: mucks hand 
camilinho UC collected $9.50 from pot
*** SUMMARY ***
Total pot $10 | Rake $0.50 
Board [9d 5d 7h 2c 4h]
Seat 3: Supermegopro
Seat 1: ImaPeppaPig (big blind) mucked
Seat 2: Bejondeiala (button) folded before Flop (didn't bet)
Seat 6: camilinho UC (small blind) showed [9h 2h] and won ($9.50) with two pair, Nines and Deuces



PokerStars Hand #254390896817:  Hold'em No Limit ($0.50/$1.00 USD) - 2025/01/15 23:06:16 WET [2025/01/15 18:06:16 ET]
Table 'Nicolaia III' 6-max Seat #6 is the button
Seat 3: Supermegopro ($100 in chips) is sitting out
Seat 5: alexpipa27 ($18.28 in chips) is sitting out
Seat 1: ImaPeppaPig ($100 in chips) 
Seat 2: Bejondeiala ($100 in chips) 
Seat 6: camilinho UC ($45.99 in chips) 
ImaPeppaPig: posts small blind $0.50
Bejondeiala: posts big blind $1
Supermegopro: sits out 
alexpipa27: sits out 
*** HOLE CARDS ***
camilinho UC: raises $1.50 to $2.50
ImaPeppaPig: raises $7.50 to $10
IREQO joins the table at seat #4 
Bejondeiala: folds 
camilinho UC: folds 
Uncalled bet ($7.50) returned to ImaPeppaPig
ImaPeppaPig collected $6 from pot
ImaPeppaPig: doesn't show hand 
*** SUMMARY ***
Total pot $6 | Rake $0 
Seat 3: Supermegopro
Seat 5: alexpipa27
Seat 1: ImaPeppaPig (small blind) collected ($6)
Seat 2: Bejondeiala (big blind) folded before Flop
Seat 6: camilinho UC (button) folded before Flop



PokerStars Hand #254390900901:  Hold'em No Limit ($0.50/$1.00 USD) - 2025/01/15 23:06:31 WET [2025/01/15 18:06:31 ET]
Table 'Nicolaia III' 6-max Seat #1 is the button
Seat 4: IREQO ($100 in chips) is sitting out
Seat 5: alexpipa27 ($18.28 in chips) is sitting out
Seat 1: ImaPeppaPig ($103.50 in chips) 
Seat 2: Bejondeiala ($100 in chips) 
Seat 3: Supermegopro ($100 in chips) 
Seat 6: camilinho UC ($43.49 in chips) 
Bejondeiala: posts small blind $0.50
Supermegopro: posts big blind $1
IREQO: sits out 
alexpipa27: sits out 
*** HOLE CARDS ***
camilinho UC: folds 
ImaPeppaPig: folds 
Bejondeiala: folds 
Uncalled bet ($0.50) returned to Supermegopro
Supermegopro collected $1 from pot
Supermegopro: doesn't show hand 
*** SUMMARY ***
Total pot $1 | Rake $0 
Seat 4: IREQO
Seat 5: alexpipa27
Seat 1: ImaPeppaPig (button) folded before Flop (didn't bet)
Seat 2: Bejondeiala (small blind) folded before Flop
Seat 3: Supermegopro (big blind) collected ($1)
Seat 6: camilinho UC folded before Flop (didn't bet)



PokerStars Hand #254390904299:  Hold'em No Limit ($0.50/$1.00 USD) - 2025/01/15 23:06:44 WET [2025/01/15 18:06:44 ET]
Table 'Nicolaia III' 6-max Seat #2 is the button
Seat 5: alexpipa27 ($18.28 in chips) is sitting out
Seat 1: ImaPeppaPig ($103.50 in chips) 
Seat 2: Bejondeiala ($100 in chips) 
Seat 3: Supermegopro ($100.50 in chips) 
Seat 4: IREQO ($100 in chips) 
Seat 6: camilinho UC ($43.49 in chips) 
Supermegopro: posts small blind $0.50
IREQO: posts big blind $1
alexpipa27: sits out 
*** HOLE CARDS ***
camilinho UC: folds 
ImaPeppaPig: raises $1.50 to $2.50
Bejondeiala: raises $5 to $7.50
Supermegopro: folds 
IREQO: folds 
ImaPeppaPig: folds 
Uncalled bet ($5) returned to Bejondeiala
Bejondeiala collected $6.50 from pot
Bejondeiala: doesn't show hand 
*** SUMMARY ***
Total pot $6.50 | Rake $0 
Seat 5: alexpipa27
Seat 1: ImaPeppaPig folded before Flop
Seat 2: Bejondeiala (button) collected ($6.50)
Seat 3: Supermegopro (small blind) folded before Flop
Seat 4: IREQO (big blind) folded before Flop
Seat 6: camilinho UC folded before Flop (didn't bet)



PokerStars Hand #254390910321:  Hold'em No Limit ($0.50/$1.00 USD) - 2025/01/15 23:07:06 WET [2025/01/15 18:07:06 ET]
Table 'Nicolaia III' 6-max Seat #3 is the button
Seat 1: ImaPeppaPig ($101 in chips) 
Seat 2: Bejondeiala ($104 in chips) 
Seat 3: Supermegopro ($100 in chips) 
Seat 4: IREQO ($100 in chips) 
Seat 5: alexpipa27 ($18.28 in chips) 
Seat 6: camilinho UC ($43.49 in chips) 
IREQO: posts small blind $0.50
alexpipa27: posts big blind $1
*** HOLE CARDS ***
camilinho UC: folds 
ImaPeppaPig: folds 
Bejondeiala: raises $1.10 to $2.10
Supermegopro: folds 
IREQO: folds 
alexpipa27: folds 
Uncalled bet ($1.10) returned to Bejondeiala
Bejondeiala collected $2.50 from pot
Bejondeiala: doesn't show hand 
*** SUMMARY ***
Total pot $2.50 | Rake $0 
Seat 1: ImaPeppaPig folded before Flop (didn't bet)
Seat 2: Bejondeiala collected ($2.50)
Seat 3: Supermegopro (button) folded before Flop (didn't bet)
Seat 4: IREQO (small blind) folded before Flop
Seat 5: alexpipa27 (big blind) folded before Flop
Seat 6: camilinho UC folded before Flop (didn't bet)



PokerStars Hand #254390916754:  Hold'em No Limit ($0.50/$1.00 USD) - 2025/01/15 23:07:30 WET [2025/01/15 18:07:30 ET]
Table 'Nicolaia III' 6-max Seat #4 is the button
Seat 1: ImaPeppaPig ($101 in chips) 
Seat 2: Bejondeiala ($105.50 in chips) 
Seat 3: Supermegopro ($100 in chips) 
Seat 4: IREQO ($100 in chips) 
Seat 5: alexpipa27 ($17.28 in chips) 
Seat 6: camilinho UC ($43.49 in chips) 
alexpipa27: posts small blind $0.50
camilinho UC: posts big blind $1
*** HOLE CARDS ***
ImaPeppaPig: folds 
Bejondeiala: folds 
Supermegopro: raises $1.50 to $2.50
IREQO: folds 
alexpipa27: raises $14.78 to $17.28 and is all-in
camilinho UC: folds 
Supermegopro: folds 
Uncalled bet ($14.78) returned to alexpipa27
alexpipa27 collected $6 from pot
*** SUMMARY ***
Total pot $6 | Rake $0 
Seat 1: ImaPeppaPig folded before Flop (didn't bet)
Seat 2: Bejondeiala folded before Flop (didn't bet)
Seat 3: Supermegopro folded before Flop
Seat 4: IREQO (button) folded before Flop (didn't bet)
Seat 5: alexpipa27 (small blind) collected ($6)
Seat 6: camilinho UC (big blind) folded before Flop



PokerStars Hand #254390923007:  Hold'em No Limit ($0.50/$1.00 USD) - 2025/01/15 23:07:53 WET [2025/01/15 18:07:53 ET]
Table 'Nicolaia III' 6-max Seat #5 is the button
Seat 1: ImaPeppaPig ($101 in chips) 
Seat 2: Bejondeiala ($105.50 in chips) 
Seat 3: Supermegopro ($100 in chips) 
Seat 4: IREQO ($100 in chips) 
Seat 5: alexpipa27 ($20.78 in chips) 
Seat 6: camilinho UC ($42.49 in chips) 
camilinho UC: posts small blind $0.50
ImaPeppaPig: posts big blind $1
*** HOLE CARDS ***
Bejondeiala: folds 
Supermegopro: folds 
IREQO: folds 
alexpipa27: raises $2 to $3
camilinho UC: raises $39.49 to $42.49 and is all-in
ImaPeppaPig: folds 
alexpipa27: calls $17.78 and is all-in
Uncalled bet ($21.71) returned to camilinho UC
*** FLOP *** [Qd 4h 8s]
*** TURN *** [Qd 4h 8s] [9c]
*** RIVER *** [Qd 4h 8s 9c] [Ad]
*** SHOW DOWN ***
camilinho UC: shows [6s Ac] (a pair of Aces)
alexpipa27: shows [Kh Kd] (a pair of Kings)
camilinho UC collected $40.43 from pot
*** SUMMARY ***
Total pot $42.56 | Rake $2.13 
Board [Qd 4h 8s 9c Ad]
Seat 1: ImaPeppaPig (big blind) folded before Flop
Seat 2: Bejondeiala folded before Flop (didn't bet)
Seat 3: Supermegopro folded before Flop (didn't bet)
Seat 4: IREQO folded before Flop (didn't bet)
Seat 5: alexpipa27 (button) showed [Kh Kd] and lost with a pair of Kings
Seat 6: camilinho UC (small blind) showed [6s Ac] and won ($40.43) with a pair of Aces



PokerStars Hand #254390933250:  Hold'em No Limit ($0.50/$1.00 USD) - 2025/01/15 23:08:31 WET [2025/01/15 18:08:31 ET]
Table 'Nicolaia III' 6-max Seat #6 is the button
Seat 5: alexpipa27 ($0 in chips) is sitting out
Seat 1: ImaPeppaPig ($100 in chips) 
Seat 2: Bejondeiala ($105.50 in chips) 
Seat 3: Supermegopro ($100 in chips) 
Seat 4: IREQO ($100 in chips) 
Seat 6: camilinho UC ($63.14 in chips) 
ImaPeppaPig: posts small blind $0.50
Bejondeiala: posts big blind $1
*** HOLE CARDS ***
Supermegopro: folds 
IREQO: folds 
alexpipa27 leaves the table
camilinho UC: raises $2 to $3
ImaPeppaPig: folds 
Supermegopro leaves the table
tintin641 joins the table at seat #3 
Bejondeiala: folds 
Uncalled bet ($2) returned to camilinho UC
camilinho UC collected $2.50 from pot
camilinho UC: doesn't show hand 
*** SUMMARY ***
Total pot $2.50 | Rake $0 
Seat 5: alexpipa27
Seat 1: ImaPeppaPig (small blind) folded before Flop
Seat 2: Bejondeiala (big blind) folded before Flop
Seat 3: Supermegopro folded before Flop (didn't bet)
Seat 4: IREQO folded before Flop (didn't bet)
Seat 6: camilinho UC (button) collected ($2.50)



PokerStars Hand #254390941046:  Hold'em No Limit ($0.50/$1.00 USD) - 2025/01/15 23:09:01 WET [2025/01/15 18:09:01 ET]
Table 'Nicolaia III' 6-max Seat #1 is the button
Seat 1: ImaPeppaPig ($100 in chips) 
Seat 2: Bejondeiala ($104.50 in chips) 
Seat 3: tintin641 ($100 in chips) 
Seat 4: IREQO ($100 in chips) 
Seat 6: camilinho UC ($64.64 in chips) 
Bejondeiala: posts small blind $0.50
tintin641: posts big blind $1
*** HOLE CARDS ***
IREQO: folds 
camilinho UC: raises $1.50 to $2.50
ImaPeppaPig: raises $5.50 to $8
IREQO leaves the table
Bejondeiala: folds 
tintin641: folds 
camilinho UC: folds 
Uncalled bet ($5.50) returned to ImaPeppaPig
ImaPeppaPig collected $6.50 from pot
ImaPeppaPig: doesn't show hand 
*** SUMMARY ***
Total pot $6.50 | Rake $0 
Seat 1: ImaPeppaPig (button) collected ($6.50)
Seat 2: Bejondeiala (small blind) folded before Flop
Seat 3: tintin641 (big blind) folded before Flop
Seat 4: IREQO folded before Flop (didn't bet)
Seat 6: camilinho UC folded before Flop



PokerStars Hand #254390948588:  Hold'em No Limit ($0.50/$1.00 USD) - 2025/01/15 23:09:29 WET [2025/01/15 18:09:29 ET]
Table 'Nicolaia III' 6-max Seat #2 is the button
Seat 1: ImaPeppaPig ($104 in chips) 
Seat 2: Bejondeiala ($104 in chips) 
Seat 3: tintin641 ($100 in chips) 
Seat 6: camilinho UC ($62.14 in chips) 
tintin641: posts small blind $0.50
camilinho UC: posts big blind $1
*** HOLE CARDS ***
daniloveee joins the table at seat #4 
daniloveee is disconnected 
ImaPeppaPig: raises $1.50 to $2.50
ReVeu710 joins the table at seat #5 
Bejondeiala: folds 
tintin641: folds 
camilinho UC: calls $1.50
*** FLOP *** [3s Qd Qc]
camilinho UC: checks 
ImaPeppaPig: checks 
*** TURN *** [3s Qd Qc] [8d]
camilinho UC: bets $2.98
ImaPeppaPig: calls $2.98
*** RIVER *** [3s Qd Qc 8d] [Kd]
camilinho UC: checks 
ImaPeppaPig: checks 
*** SHOW DOWN ***
camilinho UC: shows [3h Th] (two pair, Queens and Threes)
ImaPeppaPig: shows [Ah Ac] (two pair, Aces and Queens)
ImaPeppaPig collected $10.89 from pot
*** SUMMARY ***
Total pot $11.46 | Rake $0.57 
Board [3s Qd Qc 8d Kd]
Seat 1: ImaPeppaPig showed [Ah Ac] and won ($10.89) with two pair, Aces and Queens
Seat 2: Bejondeiala (button) folded before Flop (didn't bet)
Seat 3: tintin641 (small blind) folded before Flop
Seat 6: camilinho UC (big blind) showed [3h Th] and lost with two pair, Queens and Threes



PokerStars Hand #254390958902:  Hold'em No Limit ($0.50/$1.00 USD) - 2025/01/15 23:10:07 WET [2025/01/15 18:10:07 ET]
Table 'Nicolaia III' 6-max Seat #3 is the button
Seat 4: daniloveee ($80 in chips) is sitting out
Seat 5: ReVeu710 ($100 in chips) is sitting out
Seat 1: ImaPeppaPig ($109.41 in chips) 
Seat 2: Bejondeiala ($104 in chips) 
Seat 3: tintin641 ($100 in chips) 
Seat 6: camilinho UC ($66.66 in chips) 
camilinho UC: posts small blind $0.50
ImaPeppaPig: posts big blind $1
*** HOLE CARDS ***
Bejondeiala: folds 
tintin641: folds 
camilinho UC: folds 
Uncalled bet ($0.50) returned to ImaPeppaPig
ImaPeppaPig collected $1 from pot
ImaPeppaPig: doesn't show hand 
*** SUMMARY ***
Total pot $1 | Rake $0 
Seat 4: daniloveee
Seat 5: ReVeu710
Seat 1: ImaPeppaPig (big blind) collected ($1)
Seat 2: Bejondeiala folded before Flop (didn't bet)
Seat 3: tintin641 (button) folded before Flop (didn't bet)
Seat 6: camilinho UC (small blind) folded before Flop



PokerStars Hand #254390961413:  Hold'em No Limit ($0.50/$1.00 USD) - 2025/01/15 23:10:16 WET [2025/01/15 18:10:16 ET]
Table 'Nicolaia III' 6-max Seat #6 is the button
Seat 5: ReVeu710 ($100 in chips) is sitting out
Seat 1: ImaPeppaPig ($109.91 in chips) 
Seat 2: Bejondeiala ($104 in chips) 
Seat 3: tintin641 ($100 in chips) 
Seat 4: daniloveee ($80 in chips) 
Seat 6: camilinho UC ($66.16 in chips) 
ImaPeppaPig: posts small blind $0.50
Bejondeiala: posts big blind $1
daniloveee: posts big blind $1
ReVeu710: sits out 
*** HOLE CARDS ***
tintin641: folds 
daniloveee: checks 
camilinho UC: folds 
ImaPeppaPig: folds 
Bejondeiala: raises $2 to $3
daniloveee: folds 
Uncalled bet ($2) returned to Bejondeiala
Bejondeiala collected $2.50 from pot
Bejondeiala: doesn't show hand 
*** SUMMARY ***
Total pot $2.50 | Rake $0 
Seat 5: ReVeu710
Seat 1: ImaPeppaPig (small blind) folded before Flop
Seat 2: Bejondeiala (big blind) collected ($2.50)
Seat 3: tintin641 folded before Flop (didn't bet)
Seat 4: daniloveee folded before Flop (didn't bet)
Seat 6: camilinho UC (button) folded before Flop (didn't bet)



PokerStars Hand #254390965971:  Hold'em No Limit ($0.50/$1.00 USD) - 2025/01/15 23:10:33 WET [2025/01/15 18:10:33 ET]
Table 'Nicolaia III' 6-max Seat #1 is the button
Seat 5: ReVeu710 ($100 in chips) is sitting out
Seat 1: ImaPeppaPig ($109.41 in chips) 
Seat 2: Bejondeiala ($105.50 in chips) 
Seat 3: tintin641 ($100 in chips) 
Seat 4: daniloveee ($79 in chips) 
Seat 6: camilinho UC ($66.16 in chips) 
Bejondeiala: posts small blind $0.50
tintin641: posts big blind $1
ReVeu710: sits out 
*** HOLE CARDS ***
daniloveee: folds 
camilinho UC: folds 
ImaPeppaPig: folds 
Bejondeiala: folds 
Uncalled bet ($0.50) returned to tintin641
tintin641 collected $1 from pot
tintin641: doesn't show hand 
*** SUMMARY ***
Total pot $1 | Rake $0 
Seat 5: ReVeu710
Seat 1: ImaPeppaPig (button) folded before Flop (didn't bet)
Seat 2: Bejondeiala (small blind) folded before Flop
Seat 3: tintin641 (big blind) collected ($1)
Seat 4: daniloveee folded before Flop (didn't bet)
Seat 6: camilinho UC folded before Flop (didn't bet)



PokerStars Hand #254390970656:  Hold'em No Limit ($0.50/$1.00 USD) - 2025/01/15 23:10:51 WET [2025/01/15 18:10:51 ET]
Table 'Nicolaia III' 6-max Seat #2 is the button
Seat 5: ReVeu710 ($100 in chips) is sitting out
Seat 1: ImaPeppaPig ($109.41 in chips) 
Seat 2: Bejondeiala ($105 in chips) 
Seat 3: tintin641 ($100.50 in chips) 
Seat 4: daniloveee ($79 in chips) 
Seat 6: camilinho UC ($66.16 in chips) 
tintin641: posts small blind $0.50
daniloveee: posts big blind $1
ReVeu710: sits out 
*** HOLE CARDS ***
camilinho UC: raises $1.20 to $2.20
ImaPeppaPig: folds 
Bejondeiala: folds 
tintin641: folds 
daniloveee: calls $1.20
*** FLOP *** [As 9d 6h]
daniloveee: checks 
camilinho UC: bets $2.33
daniloveee: calls $2.33
*** TURN *** [As 9d 6h] [Qh]
daniloveee: bets $2.54
camilinho UC: folds 
Uncalled bet ($2.54) returned to daniloveee
daniloveee collected $9.08 from pot
*** SUMMARY ***
Total pot $9.56 | Rake $0.48 
Board [As 9d 6h Qh]
Seat 5: ReVeu710
Seat 1: ImaPeppaPig folded before Flop (didn't bet)
Seat 2: Bejondeiala (button) folded before Flop (didn't bet)
Seat 3: tintin641 (small blind) folded before Flop
Seat 4: daniloveee (big blind) collected ($9.08)
Seat 6: camilinho UC folded on the Turn



PokerStars Hand #254390982746:  Hold'em No Limit ($0.50/$1.00 USD) - 2025/01/15 23:11:37 WET [2025/01/15 18:11:37 ET]
Table 'Nicolaia III' 6-max Seat #3 is the button
Seat 1: ImaPeppaPig ($109.41 in chips) 
Seat 2: Bejondeiala ($105 in chips) 
Seat 3: tintin641 ($100 in chips) 
Seat 4: daniloveee ($83.55 in chips) 
Seat 5: ReVeu710 ($100 in chips) 
Seat 6: camilinho UC ($61.63 in chips) 
daniloveee: posts small blind $0.50
ReVeu710: posts big blind $1
*** HOLE CARDS ***
camilinho UC: raises $1.50 to $2.50
ImaPeppaPig: folds 
Bejondeiala: folds 
tintin641: folds 
daniloveee: folds 
ReVeu710: folds 
Uncalled bet ($1.50) returned to camilinho UC
camilinho UC collected $2.50 from pot
camilinho UC: doesn't show hand 
*** SUMMARY ***
Total pot $2.50 | Rake $0 
Seat 1: ImaPeppaPig folded before Flop (didn't bet)
Seat 2: Bejondeiala folded before Flop (didn't bet)
Seat 3: tintin641 (button) folded before Flop (didn't bet)
Seat 4: daniloveee (small blind) folded before Flop
Seat 5: ReVeu710 (big blind) folded before Flop
Seat 6: camilinho UC collected ($2.50)



PokerStars Hand #254390988773:  Hold'em No Limit ($0.50/$1.00 USD) - 2025/01/15 23:11:59 WET [2025/01/15 18:11:59 ET]
Table 'Nicolaia III' 6-max Seat #4 is the button
Seat 1: ImaPeppaPig ($109.41 in chips) 
Seat 2: Bejondeiala ($105 in chips) 
Seat 3: tintin641 ($100 in chips) 
Seat 4: daniloveee ($83.05 in chips) 
Seat 5: ReVeu710 ($100 in chips) 
Seat 6: camilinho UC ($73.13 in chips) 
ReVeu710: posts small blind $0.50
camilinho UC: posts big blind $1
*** HOLE CARDS ***
ImaPeppaPig: raises $1.50 to $2.50
Bejondeiala: folds 
tintin641: folds 
daniloveee: folds 
ReVeu710: folds 
camilinho UC: calls $1.50
*** FLOP *** [6c 9c 5c]
camilinho UC: bets $4.28
ImaPeppaPig: folds 
Uncalled bet ($4.28) returned to camilinho UC
camilinho UC collected $5.22 from pot
camilinho UC: doesn't show hand 
*** SUMMARY ***
Total pot $5.50 | Rake $0.28 
Board [6c 9c 5c]
Seat 1: ImaPeppaPig folded on the Flop
Seat 2: Bejondeiala folded before Flop (didn't bet)
Seat 3: tintin641 folded before Flop (didn't bet)
Seat 4: daniloveee (button) folded before Flop (didn't bet)
Seat 5: ReVeu710 (small blind) folded before Flop
Seat 6: camilinho UC (big blind) collected ($5.22)



PokerStars Hand #254390995307:  Hold'em No Limit ($0.50/$1.00 USD) - 2025/01/15 23:12:24 WET [2025/01/15 18:12:24 ET]
Table 'Nicolaia III' 6-max Seat #5 is the button
Seat 1: ImaPeppaPig ($106.91 in chips) 
Seat 2: Bejondeiala ($105 in chips) 
Seat 3: tintin641 ($100 in chips) 
Seat 4: daniloveee ($83.05 in chips) 
Seat 5: ReVeu710 ($100 in chips) 
Seat 6: camilinho UC ($75.85 in chips) 
camilinho UC: posts small blind $0.50
ImaPeppaPig: posts big blind $1
*** HOLE CARDS ***
Bejondeiala: folds 
tintin641: folds 
daniloveee: folds 
ReVeu710: folds 
camilinho UC: raises $1.50 to $2.50
ImaPeppaPig: folds 
Uncalled bet ($1.50) returned to camilinho UC
camilinho UC collected $2 from pot
camilinho UC: doesn't show hand 
*** SUMMARY ***
Total pot $2 | Rake $0 
Seat 1: ImaPeppaPig (big blind) folded before Flop
Seat 2: Bejondeiala folded before Flop (didn't bet)
Seat 3: tintin641 folded before Flop (didn't bet)
Seat 4: daniloveee folded before Flop (didn't bet)
Seat 5: ReVeu710 (button) folded before Flop (didn't bet)
Seat 6: camilinho UC (small blind) collected ($2)



PokerStars Hand #254391000043:  Hold'em No Limit ($0.50/$1.00 USD) - 2025/01/15 23:12:42 WET [2025/01/15 18:12:42 ET]
Table 'Nicolaia III' 6-max Seat #6 is the button
Seat 1: ImaPeppaPig ($105.91 in chips) 
Seat 2: Bejondeiala ($105 in chips) 
Seat 3: tintin641 ($100 in chips) 
Seat 4: daniloveee ($83.05 in chips) 
Seat 5: ReVeu710 ($100 in chips) 
Seat 6: camilinho UC ($76.85 in chips) 
ImaPeppaPig: posts small blind $0.50
Bejondeiala: posts big blind $1
*** HOLE CARDS ***
tintin641: folds 
daniloveee: raises $1 to $2
ReVeu710: folds 
camilinho UC: folds 
ImaPeppaPig: folds 
Bejondeiala: calls $1
*** FLOP *** [3h 4d 9c]
Bejondeiala: checks 
daniloveee: bets $3
Bejondeiala: calls $3
*** TURN *** [3h 4d 9c] [7d]
Bejondeiala: checks 
daniloveee: checks 
*** RIVER *** [3h 4d 9c 7d] [6c]
Bejondeiala: bets $7.49
daniloveee: folds 
Uncalled bet ($7.49) returned to Bejondeiala
Bejondeiala collected $9.98 from pot
Bejondeiala: doesn't show hand 
*** SUMMARY ***
Total pot $10.50 | Rake $0.52 
Board [3h 4d 9c 7d 6c]
Seat 1: ImaPeppaPig (small blind) folded before Flop
Seat 2: Bejondeiala (big blind) collected ($9.98)
Seat 3: tintin641 folded before Flop (didn't bet)
Seat 4: daniloveee folded on the River
Seat 5: ReVeu710 folded before Flop (didn't bet)
Seat 6: camilinho UC (button) folded before Flop (didn't bet)



PokerStars Hand #254391131561:  Hold'em No Limit ($0.50/$1.00 USD) - 2025/01/15 23:21:02 WET [2025/01/15 18:21:02 ET]
Table 'Nicolaia III' 6-max Seat #1 is the button
Seat 1: ImaPeppaPig ($111.11 in chips) 
Seat 2: Bejondeiala ($100 in chips) 
Seat 3: tintin641 ($100 in chips) 
Seat 4: daniloveee ($85.13 in chips) 
Seat 5: ptolejmus ($10 in chips) 
Seat 6: camilinho UC ($112.45 in chips) 
Bejondeiala: posts small blind $0.50
tintin641: posts big blind $1
*** HOLE CARDS ***
daniloveee: raises $1 to $2
ptolejmus: folds 
camilinho UC: calls $2
ImaPeppaPig: raises $8 to $10
Bejondeiala: folds 
tintin641: folds 
daniloveee: folds 
camilinho UC: folds 
Uncalled bet ($8) returned to ImaPeppaPig
ImaPeppaPig collected $7.50 from pot
ImaPeppaPig: doesn't show hand 
*** SUMMARY ***
Total pot $7.50 | Rake $0 
Seat 1: ImaPeppaPig (button) collected ($7.50)
Seat 2: Bejondeiala (small blind) folded before Flop
Seat 3: tintin641 (big blind) folded before Flop
Seat 4: daniloveee folded before Flop
Seat 5: ptolejmus folded before Flop (didn't bet)
Seat 6: camilinho UC folded before Flop



PokerStars Hand #254391139786:  Hold'em No Limit ($0.50/$1.00 USD) - 2025/01/15 23:21:33 WET [2025/01/15 18:21:33 ET]
Table 'Nicolaia III' 6-max Seat #2 is the button
Seat 1: ImaPeppaPig ($116.61 in chips) 
Seat 2: Bejondeiala ($100 in chips) 
Seat 3: tintin641 ($100 in chips) 
Seat 4: daniloveee ($83.13 in chips) 
Seat 5: ptolejmus ($10 in chips) 
Seat 6: camilinho UC ($110.45 in chips) 
tintin641: posts small blind $0.50
daniloveee: posts big blind $1
*** HOLE CARDS ***
ptolejmus: folds 
camilinho UC: folds 
ImaPeppaPig: folds 
Bejondeiala: folds 
tintin641: raises $2 to $3
daniloveee: folds 
Uncalled bet ($2) returned to tintin641
tintin641 collected $2 from pot
tintin641: doesn't show hand 
*** SUMMARY ***
Total pot $2 | Rake $0 
Seat 1: ImaPeppaPig folded before Flop (didn't bet)
Seat 2: Bejondeiala (button) folded before Flop (didn't bet)
Seat 3: tintin641 (small blind) collected ($2)
Seat 4: daniloveee (big blind) folded before Flop
Seat 5: ptolejmus folded before Flop (didn't bet)
Seat 6: camilinho UC folded before Flop (didn't bet)



PokerStars Hand #254391144190:  Hold'em No Limit ($0.50/$1.00 USD) - 2025/01/15 23:21:50 WET [2025/01/15 18:21:50 ET]
Table 'Nicolaia III' 6-max Seat #3 is the button
Seat 1: ImaPeppaPig ($116.61 in chips) 
Seat 2: Bejondeiala ($100 in chips) 
Seat 3: tintin641 ($101 in chips) 
Seat 4: daniloveee ($82.13 in chips) 
Seat 5: ptolejmus ($10 in chips) 
Seat 6: camilinho UC ($110.45 in chips) 
daniloveee: posts small blind $0.50
ptolejmus: posts big blind $1
*** HOLE CARDS ***
camilinho UC: folds 
ImaPeppaPig: folds 
Bejondeiala: raises $1.10 to $2.10
tintin641: folds 
daniloveee: calls $1.60
ptolejmus: raises $7.90 to $10 and is all-in
Bejondeiala: folds 
daniloveee: folds 
Uncalled bet ($7.90) returned to ptolejmus
ptolejmus collected $6.30 from pot
*** SUMMARY ***
Total pot $6.30 | Rake $0 
Seat 1: ImaPeppaPig folded before Flop (didn't bet)
Seat 2: Bejondeiala folded before Flop
Seat 3: tintin641 (button) folded before Flop (didn't bet)
Seat 4: daniloveee (small blind) folded before Flop
Seat 5: ptolejmus (big blind) collected ($6.30)
Seat 6: camilinho UC folded before Flop (didn't bet)



PokerStars Hand #254391152930:  Hold'em No Limit ($0.50/$1.00 USD) - 2025/01/15 23:22:23 WET [2025/01/15 18:22:23 ET]
Table 'Nicolaia III' 6-max Seat #4 is the button
Seat 1: ImaPeppaPig ($116.61 in chips) 
Seat 2: Bejondeiala ($100 in chips) 
Seat 3: tintin641 ($101 in chips) 
Seat 4: daniloveee ($80.03 in chips) 
Seat 5: ptolejmus ($14.20 in chips) 
Seat 6: camilinho UC ($110.45 in chips) 
ptolejmus: posts small blind $0.50
camilinho UC: posts big blind $1
*** HOLE CARDS ***
ImaPeppaPig: folds 
Bejondeiala: folds 
tintin641: folds 
daniloveee: folds 
ptolejmus: folds 
Uncalled bet ($0.50) returned to camilinho UC
camilinho UC collected $1 from pot
camilinho UC: doesn't show hand 
*** SUMMARY ***
Total pot $1 | Rake $0 
Seat 1: ImaPeppaPig folded before Flop (didn't bet)
Seat 2: Bejondeiala folded before Flop (didn't bet)
Seat 3: tintin641 folded before Flop (didn't bet)
Seat 4: daniloveee (button) folded before Flop (didn't bet)
Seat 5: ptolejmus (small blind) folded before Flop
Seat 6: camilinho UC (big blind) collected ($1)



PokerStars Hand #254391157255:  Hold'em No Limit ($0.50/$1.00 USD) - 2025/01/15 23:22:40 WET [2025/01/15 18:22:40 ET]
Table 'Nicolaia III' 6-max Seat #5 is the button
Seat 4: daniloveee ($80.03 in chips) is sitting out
Seat 1: ImaPeppaPig ($116.61 in chips) 
Seat 2: Bejondeiala ($100 in chips) 
Seat 3: tintin641 ($101 in chips) 
Seat 5: ptolejmus ($13.70 in chips) 
Seat 6: camilinho UC ($110.95 in chips) 
camilinho UC: posts small blind $0.50
ImaPeppaPig: posts big blind $1
*** HOLE CARDS ***
Bejondeiala: folds 
tintin641: folds 
ptolejmus: raises $1 to $2
camilinho UC: calls $1.50
ImaPeppaPig: folds 
*** FLOP *** [Jd As Td]
camilinho UC: checks 
ptolejmus: bets $1.28
camilinho UC: calls $1.28
*** TURN *** [Jd As Td] [Kh]
camilinho UC: checks 
daniloveee is disconnected 
ptolejmus: bets $10.42 and is all-in
camilinho UC: folds 
Uncalled bet ($10.42) returned to ptolejmus
ptolejmus collected $7.18 from pot
*** SUMMARY ***
Total pot $7.56 | Rake $0.38 
Board [Jd As Td Kh]
Seat 4: daniloveee
Seat 1: ImaPeppaPig (big blind) folded before Flop
Seat 2: Bejondeiala folded before Flop (didn't bet)
Seat 3: tintin641 folded before Flop (didn't bet)
Seat 5: ptolejmus (button) collected ($7.18)
Seat 6: camilinho UC (small blind) folded on the Turn



PokerStars Hand #254391169470:  Hold'em No Limit ($0.50/$1.00 USD) - 2025/01/15 23:23:27 WET [2025/01/15 18:23:27 ET]
Table 'Nicolaia III' 6-max Seat #6 is the button
Seat 4: daniloveee ($80.03 in chips) is sitting out
Seat 1: ImaPeppaPig ($115.61 in chips) 
Seat 2: Bejondeiala ($100 in chips) 
Seat 3: tintin641 ($101 in chips) 
Seat 5: ptolejmus ($17.60 in chips) 
Seat 6: camilinho UC ($107.67 in chips) 
ImaPeppaPig: posts small blind $0.50
Bejondeiala: posts big blind $1
*** HOLE CARDS ***
tintin641: folds 
ptolejmus: raises $1 to $2
camilinho UC: folds 
ImaPeppaPig: folds 
Bejondeiala: calls $1
*** FLOP *** [4c 6c 7s]
Bejondeiala: checks 
ptolejmus: checks 
*** TURN *** [4c 6c 7s] [8c]
Bejondeiala: checks 
ptolejmus: bets $2.18
Bejondeiala: calls $2.18
*** RIVER *** [4c 6c 7s 8c] [Kc]
Bejondeiala: checks 
ptolejmus: checks 
*** SHOW DOWN ***
Bejondeiala: shows [7h Qh] (a pair of Sevens)
ptolejmus: shows [Ts Ks] (a pair of Kings)
ptolejmus collected $8.42 from pot
*** SUMMARY ***
Total pot $8.86 | Rake $0.44 
Board [4c 6c 7s 8c Kc]
Seat 4: daniloveee
Seat 1: ImaPeppaPig (small blind) folded before Flop
Seat 2: Bejondeiala (big blind) showed [7h Qh] and lost with a pair of Sevens
Seat 3: tintin641 folded before Flop (didn't bet)
Seat 5: ptolejmus showed [Ts Ks] and won ($8.42) with a pair of Kings
Seat 6: camilinho UC (button) folded before Flop (didn't bet)



PokerStars Hand #254391189099:  Hold'em No Limit ($0.50/$1.00 USD) - 2025/01/15 23:24:44 WET [2025/01/15 18:24:44 ET]
Table 'Nicolaia III' 6-max Seat #1 is the button
Seat 4: daniloveee ($80.03 in chips) is sitting out
Seat 1: ImaPeppaPig ($115.11 in chips) 
Seat 2: Bejondeiala ($100 in chips) 
Seat 3: tintin641 ($101 in chips) 
Seat 5: ptolejmus ($21.84 in chips) 
Seat 6: camilinho UC ($107.67 in chips) 
Bejondeiala: posts small blind $0.50
tintin641: posts big blind $1
*** HOLE CARDS ***
ptolejmus: folds 
camilinho UC: folds 
ImaPeppaPig: raises $1.50 to $2.50
Bejondeiala: folds 
tintin641: folds 
Uncalled bet ($1.50) returned to ImaPeppaPig
ImaPeppaPig collected $2.50 from pot
ImaPeppaPig: doesn't show hand 
*** SUMMARY ***
Total pot $2.50 | Rake $0 
Seat 4: daniloveee
Seat 1: ImaPeppaPig (button) collected ($2.50)
Seat 2: Bejondeiala (small blind) folded before Flop
Seat 3: tintin641 (big blind) folded before Flop
Seat 5: ptolejmus folded before Flop (didn't bet)
Seat 6: camilinho UC folded before Flop (didn't bet)



PokerStars Hand #254391196732:  Hold'em No Limit ($0.50/$1.00 USD) - 2025/01/15 23:25:14 WET [2025/01/15 18:25:14 ET]
Table 'Nicolaia III' 6-max Seat #2 is the button
Seat 4: daniloveee ($80.03 in chips) is sitting out
Seat 1: ImaPeppaPig ($116.61 in chips) 
Seat 2: Bejondeiala ($100 in chips) 
Seat 3: tintin641 ($100 in chips) 
Seat 5: ptolejmus ($21.84 in chips) 
Seat 6: camilinho UC ($107.67 in chips) 
tintin641: posts small blind $0.50
ptolejmus: posts big blind $1
*** HOLE CARDS ***
camilinho UC: raises $1.50 to $2.50
ImaPeppaPig: folds 
Bejondeiala: folds 
tintin641: folds 
ptolejmus: folds 
Uncalled bet ($1.50) returned to camilinho UC
camilinho UC collected $2.50 from pot
camilinho UC: doesn't show hand 
*** SUMMARY ***
Total pot $2.50 | Rake $0 
Seat 4: daniloveee
Seat 1: ImaPeppaPig folded before Flop (didn't bet)
Seat 2: Bejondeiala (button) folded before Flop (didn't bet)
Seat 3: tintin641 (small blind) folded before Flop
Seat 5: ptolejmus (big blind) folded before Flop
Seat 6: camilinho UC collected ($2.50)



PokerStars Hand #254391202305:  Hold'em No Limit ($0.50/$1.00 USD) - 2025/01/15 23:25:36 WET [2025/01/15 18:25:36 ET]
Table 'Nicolaia III' 6-max Seat #3 is the button
Seat 4: daniloveee ($80.03 in chips) is sitting out
Seat 1: ImaPeppaPig ($116.61 in chips) 
Seat 2: Bejondeiala ($100 in chips) 
Seat 3: tintin641 ($100 in chips) 
Seat 5: ptolejmus ($20.84 in chips) 
Seat 6: camilinho UC ($109.17 in chips) 
ptolejmus: posts small blind $0.50
camilinho UC: posts big blind $1
*** HOLE CARDS ***
ImaPeppaPig: folds 
Bejondeiala: folds 
tintin641: folds 
ptolejmus: folds 
Uncalled bet ($0.50) returned to camilinho UC
camilinho UC collected $1 from pot
camilinho UC: doesn't show hand 
*** SUMMARY ***
Total pot $1 | Rake $0 
Seat 4: daniloveee
Seat 1: ImaPeppaPig folded before Flop (didn't bet)
Seat 2: Bejondeiala folded before Flop (didn't bet)
Seat 3: tintin641 (button) folded before Flop (didn't bet)
Seat 5: ptolejmus (small blind) folded before Flop
Seat 6: camilinho UC (big blind) collected ($1)



PokerStars Hand #254391207875:  Hold'em No Limit ($0.50/$1.00 USD) - 2025/01/15 23:25:58 WET [2025/01/15 18:25:58 ET]
Table 'Nicolaia III' 6-max Seat #5 is the button
Seat 4: daniloveee ($80.03 in chips) is sitting out
Seat 1: ImaPeppaPig ($116.61 in chips) 
Seat 2: Bejondeiala ($100 in chips) 
Seat 3: tintin641 ($100 in chips) 
Seat 5: ptolejmus ($20.34 in chips) 
Seat 6: camilinho UC ($109.67 in chips) 
camilinho UC: posts small blind $0.50
ImaPeppaPig: posts big blind $1
*** HOLE CARDS ***
Bejondeiala: folds 
tintin641: folds 
ptolejmus: folds 
camilinho UC: raises $1.50 to $2.50
ImaPeppaPig: folds 
Uncalled bet ($1.50) returned to camilinho UC
camilinho UC collected $2 from pot
camilinho UC: doesn't show hand 
*** SUMMARY ***
Total pot $2 | Rake $0 
Seat 4: daniloveee
Seat 1: ImaPeppaPig (big blind) folded before Flop
Seat 2: Bejondeiala folded before Flop (didn't bet)
Seat 3: tintin641 folded before Flop (didn't bet)
Seat 5: ptolejmus (button) folded before Flop (didn't bet)
Seat 6: camilinho UC (small blind) collected ($2)



PokerStars Hand #254391212809:  Hold'em No Limit ($0.50/$1.00 USD) - 2025/01/15 23:26:17 WET [2025/01/15 18:26:17 ET]
Table 'Nicolaia III' 6-max Seat #6 is the button
Seat 4: daniloveee ($80.03 in chips) is sitting out
Seat 1: ImaPeppaPig ($115.61 in chips) 
Seat 2: Bejondeiala ($100 in chips) 
Seat 3: tintin641 ($100 in chips) 
Seat 5: ptolejmus ($20.34 in chips) 
Seat 6: camilinho UC ($110.67 in chips) 
ImaPeppaPig: posts small blind $0.50
Bejondeiala: posts big blind $1
*** HOLE CARDS ***
tintin641: raises $1.50 to $2.50
ptolejmus: raises $17.84 to $20.34 and is all-in
camilinho UC: folds 
ImaPeppaPig: folds 
Bejondeiala: folds 
tintin641: folds 
Uncalled bet ($17.84) returned to ptolejmus
ptolejmus collected $6.50 from pot
*** SUMMARY ***
Total pot $6.50 | Rake $0 
Seat 4: daniloveee
Seat 1: ImaPeppaPig (small blind) folded before Flop
Seat 2: Bejondeiala (big blind) folded before Flop
Seat 3: tintin641 folded before Flop
Seat 5: ptolejmus collected ($6.50)
Seat 6: camilinho UC (button) folded before Flop (didn't bet)



PokerStars Hand #254391220391:  Hold'em No Limit ($0.50/$1.00 USD) - 2025/01/15 23:26:47 WET [2025/01/15 18:26:47 ET]
Table 'Nicolaia III' 6-max Seat #1 is the button
Seat 4: daniloveee ($80.03 in chips) is sitting out
Seat 1: ImaPeppaPig ($115.11 in chips) 
Seat 2: Bejondeiala ($100 in chips) 
Seat 3: tintin641 ($100 in chips) 
Seat 5: ptolejmus ($24.34 in chips) 
Seat 6: camilinho UC ($110.67 in chips) 
Bejondeiala: posts small blind $0.50
tintin641: posts big blind $1
*** HOLE CARDS ***
ptolejmus: folds 
camilinho UC: folds 
ImaPeppaPig: raises $1.50 to $2.50
Bejondeiala: folds 
tintin641: folds 
Uncalled bet ($1.50) returned to ImaPeppaPig
ImaPeppaPig collected $2.50 from pot
ImaPeppaPig: doesn't show hand 
*** SUMMARY ***
Total pot $2.50 | Rake $0 
Seat 4: daniloveee
Seat 1: ImaPeppaPig (button) collected ($2.50)
Seat 2: Bejondeiala (small blind) folded before Flop
Seat 3: tintin641 (big blind) folded before Flop
Seat 5: ptolejmus folded before Flop (didn't bet)
Seat 6: camilinho UC folded before Flop (didn't bet)



PokerStars Hand #254391226499:  Hold'em No Limit ($0.50/$1.00 USD) - 2025/01/15 23:27:11 WET [2025/01/15 18:27:11 ET]
Table 'Nicolaia III' 6-max Seat #2 is the button
Seat 4: daniloveee ($80.03 in chips) is sitting out
Seat 5: ptolejmus ($24.34 in chips) is sitting out
Seat 1: ImaPeppaPig ($116.61 in chips) 
Seat 2: Bejondeiala ($100 in chips) 
Seat 3: tintin641 ($100 in chips) 
Seat 6: camilinho UC ($110.67 in chips) 
tintin641: posts small blind $0.50
ptolejmus: is sitting out 
camilinho UC: posts big blind $1
*** HOLE CARDS ***
ImaPeppaPig: folds 
ptolejmus leaves the table
Bejondeiala: folds 
tintin641: raises $2 to $3
camilinho UC: folds 
Uncalled bet ($2) returned to tintin641
tintin641 collected $2 from pot
tintin641: doesn't show hand 
*** SUMMARY ***
Total pot $2 | Rake $0 
Seat 4: daniloveee
Seat 5: ptolejmus
Seat 1: ImaPeppaPig folded before Flop (didn't bet)
Seat 2: Bejondeiala (button) folded before Flop (didn't bet)
Seat 3: tintin641 (small blind) collected ($2)
Seat 6: camilinho UC (big blind) folded before Flop



PokerStars Hand #254391229527:  Hold'em No Limit ($0.50/$1.00 USD) - 2025/01/15 23:27:23 WET [2025/01/15 18:27:23 ET]
Table 'Nicolaia III' 6-max Seat #3 is the button
Seat 4: daniloveee ($80.03 in chips) is sitting out
Seat 1: ImaPeppaPig ($116.61 in chips) 
Seat 2: Bejondeiala ($100 in chips) 
Seat 3: tintin641 ($101 in chips) 
Seat 6: camilinho UC ($109.67 in chips) 
camilinho UC: posts small blind $0.50
ImaPeppaPig: posts big blind $1
*** HOLE CARDS ***
Bejondeiala: raises $1.10 to $2.10
tintin641: folds 
camilinho UC: calls $1.60
ImaPeppaPig: folds 
*** FLOP *** [Ah 4s 5c]
camilinho UC: checks 
Bejondeiala: checks 
*** TURN *** [Ah 4s 5c] [9s]
camilinho UC: bets $2.47
Bejondeiala: calls $2.47
*** RIVER *** [Ah 4s 5c 9s] [Qh]
camilinho UC: checks 
Bejondeiala: checks 
*** SHOW DOWN ***
camilinho UC: shows [Jc Jd] (a pair of Jacks)
Bejondeiala: mucks hand 
camilinho UC collected $9.63 from pot
*** SUMMARY ***
Total pot $10.14 | Rake $0.51 
Board [Ah 4s 5c 9s Qh]
Seat 4: daniloveee
Seat 1: ImaPeppaPig (big blind) folded before Flop
Seat 2: Bejondeiala mucked
Seat 3: tintin641 (button) folded before Flop (didn't bet)
Seat 6: camilinho UC (small blind) showed [Jc Jd] and won ($9.63) with a pair of Jacks



PokerStars Hand #254391241644:  Hold'em No Limit ($0.50/$1.00 USD) - 2025/01/15 23:28:10 WET [2025/01/15 18:28:10 ET]
Table 'Nicolaia III' 6-max Seat #6 is the button
Seat 4: daniloveee ($80.03 in chips) is sitting out
Seat 1: ImaPeppaPig ($115.61 in chips) 
Seat 2: Bejondeiala ($100 in chips) 
Seat 3: tintin641 ($101 in chips) 
Seat 6: camilinho UC ($114.73 in chips) 
ImaPeppaPig: posts small blind $0.50
Bejondeiala: posts big blind $1
*** HOLE CARDS ***
tintin641: folds 
camilinho UC: raises $2 to $3
ImaPeppaPig: folds 
Bejondeiala: folds 
Uncalled bet ($2) returned to camilinho UC
camilinho UC collected $2.50 from pot
camilinho UC: doesn't show hand 
*** SUMMARY ***
Total pot $2.50 | Rake $0 
Seat 4: daniloveee
Seat 1: ImaPeppaPig (small blind) folded before Flop
Seat 2: Bejondeiala (big blind) folded before Flop
Seat 3: tintin641 folded before Flop (didn't bet)
Seat 6: camilinho UC (button) collected ($2.50)



PokerStars Hand #254391245162:  Hold'em No Limit ($0.50/$1.00 USD) - 2025/01/15 23:28:24 WET [2025/01/15 18:28:24 ET]
Table 'Nicolaia III' 6-max Seat #1 is the button
Seat 4: daniloveee ($80.03 in chips) is sitting out
Seat 1: ImaPeppaPig ($115.11 in chips) 
Seat 2: Bejondeiala ($100 in chips) 
Seat 3: tintin641 ($101 in chips) 
Seat 6: camilinho UC ($116.23 in chips) 
Bejondeiala: posts small blind $0.50
tintin641: posts big blind $1
*** HOLE CARDS ***
camilinho UC: folds 
ImaPeppaPig: folds 
Bejondeiala: folds 
Uncalled bet ($0.50) returned to tintin641
tintin641 collected $1 from pot
tintin641: doesn't show hand 
*** SUMMARY ***
Total pot $1 | Rake $0 
Seat 4: daniloveee
Seat 1: ImaPeppaPig (button) folded before Flop (didn't bet)
Seat 2: Bejondeiala (small blind) folded before Flop
Seat 3: tintin641 (big blind) collected ($1)
Seat 6: camilinho UC folded before Flop (didn't bet)



PokerStars Hand #254391247491:  Hold'em No Limit ($0.50/$1.00 USD) - 2025/01/15 23:28:34 WET [2025/01/15 18:28:34 ET]
Table 'Nicolaia III' 6-max Seat #2 is the button
Seat 4: daniloveee ($80.03 in chips) is sitting out
Seat 1: ImaPeppaPig ($115.11 in chips) 
Seat 2: Bejondeiala ($100 in chips) 
Seat 3: tintin641 ($101.50 in chips) 
Seat 6: camilinho UC ($116.23 in chips) 
tintin641: posts small blind $0.50
camilinho UC: posts big blind $1
*** HOLE CARDS ***
ImaPeppaPig: folds 
MaikonAll joins the table at seat #5 
Bejondeiala: folds 
tintin641: raises $2 to $3
camilinho UC: folds 
Uncalled bet ($2) returned to tintin641
tintin641 collected $2 from pot
tintin641: doesn't show hand 
*** SUMMARY ***
Total pot $2 | Rake $0 
Seat 4: daniloveee
Seat 1: ImaPeppaPig folded before Flop (didn't bet)
Seat 2: Bejondeiala (button) folded before Flop (didn't bet)
Seat 3: tintin641 (small blind) collected ($2)
Seat 6: camilinho UC (big blind) folded before Flop



PokerStars Hand #254391255489:  Hold'em No Limit ($0.50/$1.00 USD) - 2025/01/15 23:29:06 WET [2025/01/15 18:29:06 ET]
Table 'Nicolaia III' 6-max Seat #3 is the button
Seat 4: daniloveee ($80.03 in chips) is sitting out
Seat 5: MaikonAll ($100 in chips) is sitting out
Seat 1: ImaPeppaPig ($115.11 in chips) 
Seat 2: Bejondeiala ($100 in chips) 
Seat 3: tintin641 ($102.50 in chips) 
Seat 6: camilinho UC ($115.23 in chips) 
camilinho UC: posts small blind $0.50
ImaPeppaPig: posts big blind $1
*** HOLE CARDS ***
Bejondeiala: folds 
tintin641: folds 
camilinho UC: raises $1.50 to $2.50
ImaPeppaPig: calls $1.50
*** FLOP *** [Js Qh 5c]
camilinho UC: checks 
ImaPeppaPig: checks 
*** TURN *** [Js Qh 5c] [5h]
camilinho UC: bets $2.38
ImaPeppaPig: folds 
Uncalled bet ($2.38) returned to camilinho UC
camilinho UC collected $4.75 from pot
camilinho UC: doesn't show hand 
*** SUMMARY ***
Total pot $5 | Rake $0.25 
Board [Js Qh 5c 5h]
Seat 4: daniloveee
Seat 5: MaikonAll
Seat 1: ImaPeppaPig (big blind) folded on the Turn
Seat 2: Bejondeiala folded before Flop (didn't bet)
Seat 3: tintin641 (button) folded before Flop (didn't bet)
Seat 6: camilinho UC (small blind) collected ($4.75)



PokerStars Hand #254391264799:  Hold'em No Limit ($0.50/$1.00 USD) - 2025/01/15 23:29:43 WET [2025/01/15 18:29:43 ET]
Table 'Nicolaia III' 6-max Seat #6 is the button
Seat 4: daniloveee ($80.03 in chips) is sitting out
Seat 5: MaikonAll ($100 in chips) is sitting out
Seat 1: ImaPeppaPig ($112.61 in chips) 
Seat 2: Bejondeiala ($100 in chips) 
Seat 3: tintin641 ($102.50 in chips) 
Seat 6: camilinho UC ($117.48 in chips) 
ImaPeppaPig: posts small blind $0.50
Bejondeiala: posts big blind $1
MaikonAll: sits out 
*** HOLE CARDS ***
tintin641: folds 
camilinho UC: raises $1.20 to $2.20
ImaPeppaPig: folds 
Bejondeiala: folds 
Uncalled bet ($1.20) returned to camilinho UC
camilinho UC collected $2.50 from pot
camilinho UC: doesn't show hand 
*** SUMMARY ***
Total pot $2.50 | Rake $0 
Seat 4: daniloveee
Seat 5: MaikonAll
Seat 1: ImaPeppaPig (small blind) folded before Flop
Seat 2: Bejondeiala (big blind) folded before Flop
Seat 3: tintin641 folded before Flop (didn't bet)
Seat 6: camilinho UC (button) collected ($2.50)



PokerStars Hand #254391269738:  Hold'em No Limit ($0.50/$1.00 USD) - 2025/01/15 23:30:02 WET [2025/01/15 18:30:02 ET]
Table 'Nicolaia III' 6-max Seat #1 is the button
Seat 4: daniloveee ($80.03 in chips) is sitting out
Seat 5: MaikonAll ($100 in chips) is sitting out
Seat 1: ImaPeppaPig ($112.11 in chips) 
Seat 2: Bejondeiala ($100 in chips) 
Seat 3: tintin641 ($102.50 in chips) 
Seat 6: camilinho UC ($118.98 in chips) 
Bejondeiala: posts small blind $0.50
tintin641: posts big blind $1
MaikonAll: sits out 
*** HOLE CARDS ***
camilinho UC: calls $1
ImaPeppaPig: folds 
Bejondeiala: folds 
tintin641: checks 
*** FLOP *** [Ac 4h 2h]
tintin641: checks 
camilinho UC: bets $1.50
tintin641: raises $3.50 to $5
camilinho UC: calls $3.50
*** TURN *** [Ac 4h 2h] [5d]
tintin641: bets $3.92
camilinho UC: calls $3.92
*** RIVER *** [Ac 4h 2h 5d] [5s]
tintin641: bets $9.67
camilinho UC: calls $9.67
*** SHOW DOWN ***
tintin641: shows [9h 3h] (a straight, Ace to Five)
camilinho UC: mucks hand 
tintin641 collected $38.68 from pot
*** SUMMARY ***
Total pot $39.68 | Rake $1 
Board [Ac 4h 2h 5d 5s]
Seat 4: daniloveee
Seat 5: MaikonAll
Seat 1: ImaPeppaPig (button) folded before Flop (didn't bet)
Seat 2: Bejondeiala (small blind) folded before Flop
Seat 3: tintin641 (big blind) showed [9h 3h] and won ($38.68) with a straight, Ace to Five
Seat 6: camilinho UC mucked



PokerStars Hand #254391291344:  Hold'em No Limit ($0.50/$1.00 USD) - 2025/01/15 23:31:29 WET [2025/01/15 18:31:29 ET]
Table 'Nicolaia III' 6-max Seat #2 is the button
Seat 4: daniloveee ($80.03 in chips) is sitting out
Seat 1: ImaPeppaPig ($112.11 in chips) 
Seat 2: Bejondeiala ($100 in chips) 
Seat 3: tintin641 ($121.59 in chips) 
Seat 5: MaikonAll ($100 in chips) 
Seat 6: camilinho UC ($99.39 in chips) 
tintin641: posts small blind $0.50
MaikonAll: posts big blind $1
*** HOLE CARDS ***
camilinho UC: folds 
ImaPeppaPig: raises $1.50 to $2.50
Bejondeiala: folds 
tintin641: folds 
MaikonAll: folds 
Uncalled bet ($1.50) returned to ImaPeppaPig
ImaPeppaPig collected $2.50 from pot
daniloveee leaves the table
ImaPeppaPig: doesn't show hand 
*** SUMMARY ***
Total pot $2.50 | Rake $0 
Seat 4: daniloveee
Seat 1: ImaPeppaPig collected ($2.50)
Seat 2: Bejondeiala (button) folded before Flop (didn't bet)
Seat 3: tintin641 (small blind) folded before Flop
Seat 5: MaikonAll (big blind) folded before Flop
Seat 6: camilinho UC folded before Flop (didn't bet)



PokerStars Hand #254391299800:  Hold'em No Limit ($0.50/$1.00 USD) - 2025/01/15 23:32:02 WET [2025/01/15 18:32:02 ET]
Table 'Nicolaia III' 6-max Seat #3 is the button
Seat 1: ImaPeppaPig ($113.61 in chips) 
Seat 2: Bejondeiala ($100 in chips) 
Seat 3: tintin641 ($121.09 in chips) 
Seat 5: MaikonAll ($100 in chips) 
Seat 6: camilinho UC ($99.39 in chips) 
MaikonAll: posts small blind $0.50
camilinho UC: posts big blind $1
*** HOLE CARDS ***
ImaPeppaPig: folds 
Unipoker11 joins the table at seat #4 
Bejondeiala: folds 
tintin641: raises $1.50 to $2.50
MaikonAll: raises $8.50 to $11
camilinho UC: folds 
tintin641: calls $8.50
*** FLOP *** [5d 6s Jh]
MaikonAll: bets $10.93
tintin641: calls $10.93
*** TURN *** [5d 6s Jh] [2c]
MaikonAll: bets $21.31
tintin641: calls $21.31
*** RIVER *** [5d 6s Jh 2c] [Ac]
MaikonAll: checks 
tintin641: bets $77.85 and is all-in
MaikonAll: folds 
Uncalled bet ($77.85) returned to tintin641
tintin641 collected $84.98 from pot
tintin641: doesn't show hand 
*** SUMMARY ***
Total pot $87.48 | Rake $2.50 
Board [5d 6s Jh 2c Ac]
Seat 1: ImaPeppaPig folded before Flop (didn't bet)
Seat 2: Bejondeiala folded before Flop (didn't bet)
Seat 3: tintin641 (button) collected ($84.98)
Seat 5: MaikonAll (small blind) folded on the River
Seat 6: camilinho UC (big blind) folded before Flop



PokerStars Hand #254391332798:  Hold'em No Limit ($0.50/$1.00 USD) - 2025/01/15 23:34:14 WET [2025/01/15 18:34:14 ET]
Table 'Nicolaia III' 6-max Seat #5 is the button
Seat 4: Unipoker11 ($100 in chips) is sitting out
Seat 1: ImaPeppaPig ($113.61 in chips) 
Seat 2: Bejondeiala ($100 in chips) 
Seat 3: tintin641 ($162.83 in chips) 
Seat 5: MaikonAll ($100 in chips) 
Seat 6: camilinho UC ($98.39 in chips) 
camilinho UC: posts small blind $0.50
ImaPeppaPig: posts big blind $1
Unipoker11: sits out 
*** HOLE CARDS ***
Bejondeiala: folds 
tintin641: raises $1.50 to $2.50
MaikonAll: folds 
camilinho UC: calls $2
ImaPeppaPig: calls $1.50
*** FLOP *** [9d 8d Td]
camilinho UC: checks 
ImaPeppaPig: checks 
tintin641: checks 
*** TURN *** [9d 8d Td] [Jh]
camilinho UC: checks 
ImaPeppaPig: bets $3.70
tintin641: folds 
camilinho UC: folds 
Uncalled bet ($3.70) returned to ImaPeppaPig
ImaPeppaPig collected $7.12 from pot
ImaPeppaPig: doesn't show hand 
*** SUMMARY ***
Total pot $7.50 | Rake $0.38 
Board [9d 8d Td Jh]
Seat 4: Unipoker11
Seat 1: ImaPeppaPig (big blind) collected ($7.12)
Seat 2: Bejondeiala folded before Flop (didn't bet)
Seat 3: tintin641 folded on the Turn
Seat 5: MaikonAll (button) folded before Flop (didn't bet)
Seat 6: camilinho UC (small blind) folded on the Turn



PokerStars Hand #254391349034:  Hold'em No Limit ($0.50/$1.00 USD) - 2025/01/15 23:35:18 WET [2025/01/15 18:35:18 ET]
Table 'Nicolaia III' 6-max Seat #6 is the button
Seat 4: Unipoker11 ($100 in chips) is sitting out
Seat 1: ImaPeppaPig ($118.23 in chips) 
Seat 2: Bejondeiala ($100 in chips) 
Seat 3: tintin641 ($160.33 in chips) 
Seat 5: MaikonAll ($100 in chips) 
Seat 6: camilinho UC ($95.89 in chips) 
ImaPeppaPig: posts small blind $0.50
Bejondeiala: posts big blind $1
Unipoker11: sits out 
*** HOLE CARDS ***
tintin641: folds 
MaikonAll: raises $1.30 to $2.30
camilinho UC: folds 
ImaPeppaPig: folds 
Bejondeiala: calls $1.30
*** FLOP *** [6c Js Qd]
Bejondeiala: checks 
MaikonAll: bets $1.21
Bejondeiala: calls $1.21
*** TURN *** [6c Js Qd] [4s]
Bejondeiala: bets $5.36
MaikonAll: calls $5.36
*** RIVER *** [6c Js Qd 4s] [8c]
Bejondeiala: bets $13
MaikonAll: calls $13
*** SHOW DOWN ***
Bejondeiala: shows [Kc Qs] (a pair of Queens)
MaikonAll: shows [Qh As] (a pair of Queens - Ace kicker)
MaikonAll collected $42.03 from pot
*** SUMMARY ***
Total pot $44.24 | Rake $2.21 
Board [6c Js Qd 4s 8c]
Seat 4: Unipoker11
Seat 1: ImaPeppaPig (small blind) folded before Flop
Seat 2: Bejondeiala (big blind) showed [Kc Qs] and lost with a pair of Queens
Seat 3: tintin641 folded before Flop (didn't bet)
Seat 5: MaikonAll showed [Qh As] and won ($42.03) with a pair of Queens
Seat 6: camilinho UC (button) folded before Flop (didn't bet)



PokerStars Hand #254391373328:  Hold'em No Limit ($0.50/$1.00 USD) - 2025/01/15 23:36:55 WET [2025/01/15 18:36:55 ET]
Table 'Nicolaia III' 6-max Seat #1 is the button
Seat 4: Unipoker11 ($100 in chips) is sitting out
Seat 1: ImaPeppaPig ($117.73 in chips) 
Seat 2: Bejondeiala ($100 in chips) 
Seat 3: tintin641 ($160.33 in chips) 
Seat 5: MaikonAll ($120.16 in chips) 
Seat 6: camilinho UC ($95.89 in chips) 
Bejondeiala: posts small blind $0.50
tintin641: posts big blind $1
Unipoker11: sits out 
*** HOLE CARDS ***
MaikonAll: raises $1.30 to $2.30
camilinho UC: folds 
ImaPeppaPig: folds 
Bejondeiala: folds 
tintin641: folds 
Uncalled bet ($1.30) returned to MaikonAll
MaikonAll collected $2.50 from pot
MaikonAll: doesn't show hand 
*** SUMMARY ***
Total pot $2.50 | Rake $0 
Seat 4: Unipoker11
Seat 1: ImaPeppaPig (button) folded before Flop (didn't bet)
Seat 2: Bejondeiala (small blind) folded before Flop
Seat 3: tintin641 (big blind) folded before Flop
Seat 5: MaikonAll collected ($2.50)
Seat 6: camilinho UC folded before Flop (didn't bet)



PokerStars Hand #254391377432:  Hold'em No Limit ($0.50/$1.00 USD) - 2025/01/15 23:37:11 WET [2025/01/15 18:37:11 ET]
Table 'Nicolaia III' 6-max Seat #2 is the button
Seat 1: ImaPeppaPig ($117.73 in chips) 
Seat 2: Bejondeiala ($100 in chips) 
Seat 3: tintin641 ($159.33 in chips) 
Seat 4: Unipoker11 ($100 in chips) 
Seat 5: MaikonAll ($121.66 in chips) 
Seat 6: camilinho UC ($95.89 in chips) 
tintin641: posts small blind $0.50
Unipoker11: posts big blind $1
*** HOLE CARDS ***
MaikonAll: folds 
camilinho UC: raises $1.50 to $2.50
ImaPeppaPig: folds 
Bejondeiala: folds 
tintin641: folds 
Unipoker11: folds 
Uncalled bet ($1.50) returned to camilinho UC
camilinho UC collected $2.50 from pot
camilinho UC: doesn't show hand 
*** SUMMARY ***
Total pot $2.50 | Rake $0 
Seat 1: ImaPeppaPig folded before Flop (didn't bet)
Seat 2: Bejondeiala (button) folded before Flop (didn't bet)
Seat 3: tintin641 (small blind) folded before Flop
Seat 4: Unipoker11 (big blind) folded before Flop
Seat 5: MaikonAll folded before Flop (didn't bet)
Seat 6: camilinho UC collected ($2.50)



PokerStars Hand #254391384532:  Hold'em No Limit ($0.50/$1.00 USD) - 2025/01/15 23:37:39 WET [2025/01/15 18:37:39 ET]
Table 'Nicolaia III' 6-max Seat #3 is the button
Seat 1: ImaPeppaPig ($117.73 in chips) 
Seat 2: Bejondeiala ($100 in chips) 
Seat 3: tintin641 ($158.83 in chips) 
Seat 4: Unipoker11 ($100 in chips) 
Seat 5: MaikonAll ($121.66 in chips) 
Seat 6: camilinho UC ($97.39 in chips) 
Unipoker11: posts small blind $0.50
MaikonAll: posts big blind $1
*** HOLE CARDS ***
camilinho UC: folds 
ImaPeppaPig: raises $1.50 to $2.50
Bejondeiala: folds 
tintin641: raises $5 to $7.50
Unipoker11: folds 
MaikonAll: folds 
ImaPeppaPig: folds 
Uncalled bet ($5) returned to tintin641
tintin641 collected $6.50 from pot
tintin641: doesn't show hand 
*** SUMMARY ***
Total pot $6.50 | Rake $0 
Seat 1: ImaPeppaPig folded before Flop
Seat 2: Bejondeiala folded before Flop (didn't bet)
Seat 3: tintin641 (button) collected ($6.50)
Seat 4: Unipoker11 (small blind) folded before Flop
Seat 5: MaikonAll (big blind) folded before Flop
Seat 6: camilinho UC folded before Flop (didn't bet)



PokerStars Hand #254391393546:  Hold'em No Limit ($0.50/$1.00 USD) - 2025/01/15 23:38:16 WET [2025/01/15 18:38:16 ET]
Table 'Nicolaia III' 6-max Seat #4 is the button
Seat 1: ImaPeppaPig ($115.23 in chips) 
Seat 2: Bejondeiala ($100 in chips) 
Seat 3: tintin641 ($162.83 in chips) 
Seat 4: Unipoker11 ($100 in chips) 
Seat 5: MaikonAll ($120.66 in chips) 
Seat 6: camilinho UC ($97.39 in chips) 
MaikonAll: posts small blind $0.50
camilinho UC: posts big blind $1
*** HOLE CARDS ***
ImaPeppaPig: folds 
Bejondeiala: folds 
tintin641: folds 
Unipoker11: folds 
MaikonAll: raises $2 to $3
camilinho UC: folds 
Uncalled bet ($2) returned to MaikonAll
MaikonAll collected $2 from pot
MaikonAll: doesn't show hand 
*** SUMMARY ***
Total pot $2 | Rake $0 
Seat 1: ImaPeppaPig folded before Flop (didn't bet)
Seat 2: Bejondeiala folded before Flop (didn't bet)
Seat 3: tintin641 folded before Flop (didn't bet)
Seat 4: Unipoker11 (button) folded before Flop (didn't bet)
Seat 5: MaikonAll (small blind) collected ($2)
Seat 6: camilinho UC (big blind) folded before Flop



PokerStars Hand #254391403253:  Hold'em No Limit ($0.50/$1.00 USD) - 2025/01/15 23:38:55 WET [2025/01/15 18:38:55 ET]
Table 'Nicolaia III' 6-max Seat #5 is the button
Seat 1: ImaPeppaPig ($115.23 in chips) 
Seat 2: Bejondeiala ($100 in chips) 
Seat 3: tintin641 ($162.83 in chips) 
Seat 4: Unipoker11 ($100 in chips) 
Seat 5: MaikonAll ($121.66 in chips) 
Seat 6: camilinho UC ($96.39 in chips) 
camilinho UC: posts small blind $0.50
ImaPeppaPig: posts big blind $1
*** HOLE CARDS ***
Bejondeiala: folds 
tintin641: folds 
Unipoker11: folds 
MaikonAll: folds 
camilinho UC is disconnected 
camilinho UC is connected 
camilinho UC: folds 
Uncalled bet ($0.50) returned to ImaPeppaPig
ImaPeppaPig collected $1 from pot
ImaPeppaPig: doesn't show hand 
*** SUMMARY ***
Total pot $1 | Rake $0 
Seat 1: ImaPeppaPig (big blind) collected ($1)
Seat 2: Bejondeiala folded before Flop (didn't bet)
Seat 3: tintin641 folded before Flop (didn't bet)
Seat 4: Unipoker11 folded before Flop (didn't bet)
Seat 5: MaikonAll (button) folded before Flop (didn't bet)
Seat 6: camilinho UC (small blind) folded before Flop



PokerStars Hand #254391416893:  Hold'em No Limit ($0.50/$1.00 USD) - 2025/01/15 23:39:51 WET [2025/01/15 18:39:51 ET]
Table 'Nicolaia III' 6-max Seat #6 is the button
Seat 1: ImaPeppaPig ($115.73 in chips) 
Seat 2: Bejondeiala ($100 in chips) 
Seat 3: tintin641 ($162.83 in chips) 
Seat 4: Unipoker11 ($100 in chips) 
Seat 5: MaikonAll ($121.66 in chips) 
Seat 6: camilinho UC ($95.89 in chips) 
ImaPeppaPig: posts small blind $0.50
Bejondeiala: posts big blind $1
*** HOLE CARDS ***
tintin641: folds 
Unipoker11: folds 
MaikonAll: raises $1.30 to $2.30
camilinho UC: calls $2.30
ImaPeppaPig: folds 
Bejondeiala: calls $1.30
*** FLOP *** [3s Kd 6c]
Bejondeiala: checks 
MaikonAll: checks 
camilinho UC is disconnected 
camilinho UC is connected 
camilinho UC: bets $3.52
Bejondeiala: calls $3.52
MaikonAll: calls $3.52
*** TURN *** [3s Kd 6c] [4d]
Bejondeiala: checks 
MaikonAll: checks 
camilinho UC: bets $10.48
Bejondeiala: folds 
MaikonAll: folds 
Uncalled bet ($10.48) returned to camilinho UC
camilinho UC collected $17.06 from pot
camilinho UC: doesn't show hand 
*** SUMMARY ***
Total pot $17.96 | Rake $0.90 
Board [3s Kd 6c 4d]
Seat 1: ImaPeppaPig (small blind) folded before Flop
Seat 2: Bejondeiala (big blind) folded on the Turn
Seat 3: tintin641 folded before Flop (didn't bet)
Seat 4: Unipoker11 folded before Flop (didn't bet)
Seat 5: MaikonAll folded on the Turn
Seat 6: camilinho UC (button) collected ($17.06)



PokerStars Hand #254391447630:  Hold'em No Limit ($0.50/$1.00 USD) - 2025/01/15 23:41:56 WET [2025/01/15 18:41:56 ET]
Table 'Nicolaia III' 6-max Seat #1 is the button
Seat 1: ImaPeppaPig ($115.23 in chips) 
Seat 2: Bejondeiala ($100 in chips) 
Seat 3: tintin641 ($162.83 in chips) 
Seat 4: Unipoker11 ($100 in chips) 
Seat 5: MaikonAll ($115.84 in chips) 
Seat 6: camilinho UC ($107.13 in chips) 
Bejondeiala: posts small blind $0.50
tintin641: posts big blind $1
*** HOLE CARDS ***
Unipoker11: folds 
MaikonAll: folds 
camilinho UC: folds 
ImaPeppaPig: folds 
Bejondeiala: folds 
Uncalled bet ($0.50) returned to tintin641
tintin641 collected $1 from pot
tintin641: doesn't show hand 
*** SUMMARY ***
Total pot $1 | Rake $0 
Seat 1: ImaPeppaPig (button) folded before Flop (didn't bet)
Seat 2: Bejondeiala (small blind) folded before Flop
Seat 3: tintin641 (big blind) collected ($1)
Seat 4: Unipoker11 folded before Flop (didn't bet)
Seat 5: MaikonAll folded before Flop (didn't bet)
Seat 6: camilinho UC folded before Flop (didn't bet)



PokerStars Hand #254391452942:  Hold'em No Limit ($0.50/$1.00 USD) - 2025/01/15 23:42:18 WET [2025/01/15 18:42:18 ET]
Table 'Nicolaia III' 6-max Seat #2 is the button
Seat 1: ImaPeppaPig ($115.23 in chips) 
Seat 2: Bejondeiala ($100 in chips) 
Seat 3: tintin641 ($163.33 in chips) 
Seat 4: Unipoker11 ($100 in chips) 
Seat 5: MaikonAll ($115.84 in chips) 
Seat 6: camilinho UC ($107.13 in chips) 
tintin641: posts small blind $0.50
Unipoker11: posts big blind $1
*** HOLE CARDS ***
MaikonAll has timed out
MaikonAll: folds 
camilinho UC: raises $1.50 to $2.50
ImaPeppaPig: folds 
Bejondeiala: raises $5 to $7.50
tintin641: folds 
Unipoker11: folds 
camilinho UC: calls $5
*** FLOP *** [2s 6s 3c]
camilinho UC: checks 
Bejondeiala: bets $5.49
camilinho UC: folds 
Uncalled bet ($5.49) returned to Bejondeiala
Bejondeiala collected $15.68 from pot
Bejondeiala: doesn't show hand 
*** SUMMARY ***
Total pot $16.50 | Rake $0.82 
Board [2s 6s 3c]
Seat 1: ImaPeppaPig folded before Flop (didn't bet)
Seat 2: Bejondeiala (button) collected ($15.68)
Seat 3: tintin641 (small blind) folded before Flop
Seat 4: Unipoker11 (big blind) folded before Flop
Seat 5: MaikonAll folded before Flop (didn't bet)
Seat 6: camilinho UC folded on the Flop



PokerStars Hand #254391469490:  Hold'em No Limit ($0.50/$1.00 USD) - 2025/01/15 23:43:26 WET [2025/01/15 18:43:26 ET]
Table 'Nicolaia III' 6-max Seat #3 is the button
Seat 1: ImaPeppaPig ($115.23 in chips) 
Seat 2: Bejondeiala ($108.18 in chips) 
Seat 3: tintin641 ($162.83 in chips) 
Seat 4: Unipoker11 ($100 in chips) 
Seat 5: MaikonAll ($115.84 in chips) 
Seat 6: camilinho UC ($99.63 in chips) 
Unipoker11: posts small blind $0.50
MaikonAll: posts big blind $1
*** HOLE CARDS ***
camilinho UC: raises $1.50 to $2.50
ImaPeppaPig: folds 
Bejondeiala: raises $5 to $7.50
tintin641: folds 
Unipoker11: folds 
MaikonAll: folds 
camilinho UC: folds 
Uncalled bet ($5) returned to Bejondeiala
Bejondeiala collected $6.50 from pot
Bejondeiala: doesn't show hand 
*** SUMMARY ***
Total pot $6.50 | Rake $0 
Seat 1: ImaPeppaPig folded before Flop (didn't bet)
Seat 2: Bejondeiala collected ($6.50)
Seat 3: tintin641 (button) folded before Flop (didn't bet)
Seat 4: Unipoker11 (small blind) folded before Flop
Seat 5: MaikonAll (big blind) folded before Flop
Seat 6: camilinho UC folded before Flop



PokerStars Hand #254391474543:  Hold'em No Limit ($0.50/$1.00 USD) - 2025/01/15 23:43:46 WET [2025/01/15 18:43:46 ET]
Table 'Nicolaia III' 6-max Seat #4 is the button
Seat 1: ImaPeppaPig ($115.23 in chips) 
Seat 2: Bejondeiala ($112.18 in chips) 
Seat 3: tintin641 ($162.83 in chips) 
Seat 4: Unipoker11 ($100 in chips) 
Seat 5: MaikonAll ($114.84 in chips) 
Seat 6: camilinho UC ($97.13 in chips) 
MaikonAll: posts small blind $0.50
camilinho UC: posts big blind $1
*** HOLE CARDS ***
ImaPeppaPig: folds 
Bejondeiala: folds 
tintin641: raises $1.50 to $2.50
Unipoker11: folds 
MaikonAll: folds 
camilinho UC: calls $1.50
*** FLOP *** [4d 6c Ah]
camilinho UC: checks 
tintin641: bets $1.72
camilinho UC: calls $1.72
*** TURN *** [4d 6c Ah] [4s]
camilinho UC: checks 
tintin641: checks 
*** RIVER *** [4d 6c Ah 4s] [7c]
camilinho UC: bets $9.68
tintin641: folds 
Uncalled bet ($9.68) returned to camilinho UC
camilinho UC collected $8.49 from pot
camilinho UC: doesn't show hand 
*** SUMMARY ***
Total pot $8.94 | Rake $0.45 
Board [4d 6c Ah 4s 7c]
Seat 1: ImaPeppaPig folded before Flop (didn't bet)
Seat 2: Bejondeiala folded before Flop (didn't bet)
Seat 3: tintin641 folded on the River
Seat 4: Unipoker11 (button) folded before Flop (didn't bet)
Seat 5: MaikonAll (small blind) folded before Flop
Seat 6: camilinho UC (big blind) collected ($8.49)



PokerStars Hand #254391488506:  Hold'em No Limit ($0.50/$1.00 USD) - 2025/01/15 23:44:44 WET [2025/01/15 18:44:44 ET]
Table 'Nicolaia III' 6-max Seat #5 is the button
Seat 1: ImaPeppaPig ($115.23 in chips) 
Seat 2: Bejondeiala ($112.18 in chips) 
Seat 3: tintin641 ($158.61 in chips) 
Seat 4: Unipoker11 ($100 in chips) 
Seat 5: MaikonAll ($114.34 in chips) 
Seat 6: camilinho UC ($101.40 in chips) 
camilinho UC: posts small blind $0.50
ImaPeppaPig: posts big blind $1
*** HOLE CARDS ***
Bejondeiala: folds 
tintin641: folds 
Unipoker11: folds 
MaikonAll: folds 
camilinho UC: calls $0.50
ImaPeppaPig: raises $3 to $4
camilinho UC: calls $3
*** FLOP *** [8d Td 9d]
camilinho UC: checks 
ImaPeppaPig: bets $3
camilinho UC: calls $3
*** TURN *** [8d Td 9d] [Ks]
camilinho UC: checks 
ImaPeppaPig: bets $10.11
camilinho UC: calls $10.11
*** RIVER *** [8d Td 9d Ks] [Qc]
camilinho UC: checks 
ImaPeppaPig: checks 
*** SHOW DOWN ***
camilinho UC: shows [6s 7c] (a straight, Six to Ten)
ImaPeppaPig: mucks hand 
camilinho UC collected $32.51 from pot
*** SUMMARY ***
Total pot $34.22 | Rake $1.71 
Board [8d Td 9d Ks Qc]
Seat 1: ImaPeppaPig (big blind) mucked
Seat 2: Bejondeiala folded before Flop (didn't bet)
Seat 3: tintin641 folded before Flop (didn't bet)
Seat 4: Unipoker11 folded before Flop (didn't bet)
Seat 5: MaikonAll (button) folded before Flop (didn't bet)
Seat 6: camilinho UC (small blind) showed [6s 7c] and won ($32.51) with a straight, Six to Ten



PokerStars Hand #254391502404:  Hold'em No Limit ($0.50/$1.00 USD) - 2025/01/15 23:45:42 WET [2025/01/15 18:45:42 ET]
Table 'Nicolaia III' 6-max Seat #6 is the button
Seat 1: ImaPeppaPig ($100 in chips) 
Seat 2: Bejondeiala ($112.18 in chips) 
Seat 3: tintin641 ($158.61 in chips) 
Seat 4: Unipoker11 ($100 in chips) 
Seat 5: MaikonAll ($114.34 in chips) 
Seat 6: camilinho UC ($116.80 in chips) 
ImaPeppaPig: posts small blind $0.50
Bejondeiala: posts big blind $1
*** HOLE CARDS ***
tintin641: folds 
Unipoker11: folds 
MaikonAll: raises $1.30 to $2.30
camilinho UC: calls $2.30
ImaPeppaPig: folds 
Bejondeiala: folds 
*** FLOP *** [As Ts 6c]
MaikonAll: checks 
camilinho UC: bets $3.90
MaikonAll: folds 
Uncalled bet ($3.90) returned to camilinho UC
camilinho UC collected $5.80 from pot
*** SUMMARY ***
Total pot $6.10 | Rake $0.30 
Board [As Ts 6c]
Seat 1: ImaPeppaPig (small blind) folded before Flop
Seat 2: Bejondeiala (big blind) folded before Flop
Seat 3: tintin641 folded before Flop (didn't bet)
Seat 4: Unipoker11 folded before Flop (didn't bet)
Seat 5: MaikonAll folded on the Flop
Seat 6: camilinho UC (button) collected ($5.80)



PokerStars Hand #254391512177:  Hold'em No Limit ($0.50/$1.00 USD) - 2025/01/15 23:46:23 WET [2025/01/15 18:46:23 ET]
Table 'Nicolaia III' 6-max Seat #1 is the button
Seat 1: ImaPeppaPig ($100 in chips) 
Seat 2: Bejondeiala ($111.18 in chips) 
Seat 3: tintin641 ($158.61 in chips) 
Seat 4: Unipoker11 ($100 in chips) 
Seat 5: MaikonAll ($112.04 in chips) 
Seat 6: camilinho UC ($120.30 in chips) 
Bejondeiala: posts small blind $0.50
tintin641: posts big blind $1
*** HOLE CARDS ***
Unipoker11: folds 
MaikonAll: folds 
camilinho UC: raises $1.50 to $2.50
ImaPeppaPig: folds 
Bejondeiala: folds 
tintin641: calls $1.50
*** FLOP *** [Ks 6c 2c]
tintin641: checks 
camilinho UC: bets $1.98
tintin641: folds 
Uncalled bet ($1.98) returned to camilinho UC
camilinho UC collected $5.22 from pot
camilinho UC: doesn't show hand 
*** SUMMARY ***
Total pot $5.50 | Rake $0.28 
Board [Ks 6c 2c]
Seat 1: ImaPeppaPig (button) folded before Flop (didn't bet)
Seat 2: Bejondeiala (small blind) folded before Flop
Seat 3: tintin641 (big blind) folded on the Flop
Seat 4: Unipoker11 folded before Flop (didn't bet)
Seat 5: MaikonAll folded before Flop (didn't bet)
Seat 6: camilinho UC collected ($5.22)



PokerStars Hand #254391521500:  Hold'em No Limit ($0.50/$1.00 USD) - 2025/01/15 23:47:02 WET [2025/01/15 18:47:02 ET]
Table 'Nicolaia III' 6-max Seat #2 is the button
Seat 1: ImaPeppaPig ($100 in chips) 
Seat 2: Bejondeiala ($110.68 in chips) 
Seat 3: tintin641 ($156.11 in chips) 
Seat 4: Unipoker11 ($100 in chips) 
Seat 5: MaikonAll ($112.04 in chips) 
Seat 6: camilinho UC ($123.02 in chips) 
tintin641: posts small blind $0.50
Unipoker11: posts big blind $1
*** HOLE CARDS ***
MaikonAll: folds 
camilinho UC: folds 
ImaPeppaPig: raises $1.50 to $2.50
Bejondeiala: folds 
tintin641: folds 
Unipoker11: folds 
Uncalled bet ($1.50) returned to ImaPeppaPig
ImaPeppaPig collected $2.50 from pot
ImaPeppaPig: doesn't show hand 
*** SUMMARY ***
Total pot $2.50 | Rake $0 
Seat 1: ImaPeppaPig collected ($2.50)
Seat 2: Bejondeiala (button) folded before Flop (didn't bet)
Seat 3: tintin641 (small blind) folded before Flop
Seat 4: Unipoker11 (big blind) folded before Flop
Seat 5: MaikonAll folded before Flop (didn't bet)
Seat 6: camilinho UC folded before Flop (didn't bet)



PokerStars Hand #254391527745:  Hold'em No Limit ($0.50/$1.00 USD) - 2025/01/15 23:47:28 WET [2025/01/15 18:47:28 ET]
Table 'Nicolaia III' 6-max Seat #3 is the button
Seat 1: ImaPeppaPig ($101.50 in chips) 
Seat 2: Bejondeiala ($110.68 in chips) 
Seat 3: tintin641 ($155.61 in chips) 
Seat 4: Unipoker11 ($100 in chips) 
Seat 5: MaikonAll ($112.04 in chips) 
Seat 6: camilinho UC ($123.02 in chips) 
Unipoker11: posts small blind $0.50
MaikonAll: posts big blind $1
*** HOLE CARDS ***
camilinho UC: raises $1.50 to $2.50
ImaPeppaPig: folds 
Bejondeiala: folds 
tintin641: folds 
Unipoker11: folds 
MaikonAll: calls $1.50
*** FLOP *** [Ac Kh 3c]
MaikonAll: checks 
camilinho UC: bets $2.61
MaikonAll: calls $2.61
*** TURN *** [Ac Kh 3c] [Qh]
MaikonAll: checks 
camilinho UC: bets $6.09
MaikonAll: raises $22.36 to $28.45
camilinho UC: calls $22.36
*** RIVER *** [Ac Kh 3c Qh] [As]
MaikonAll: checks 
camilinho UC: bets $89.46 and is all-in
MaikonAll: folds 
Uncalled bet ($89.46) returned to camilinho UC
camilinho UC collected $65.12 from pot
camilinho UC: doesn't show hand 
*** SUMMARY ***
Total pot $67.62 | Rake $2.50 
Board [Ac Kh 3c Qh As]
Seat 1: ImaPeppaPig folded before Flop (didn't bet)
Seat 2: Bejondeiala folded before Flop (didn't bet)
Seat 3: tintin641 (button) folded before Flop (didn't bet)
Seat 4: Unipoker11 (small blind) folded before Flop
Seat 5: MaikonAll (big blind) folded on the River
Seat 6: camilinho UC collected ($65.12)



PokerStars Hand #254391559742:  Hold'em No Limit ($0.50/$1.00 USD) - 2025/01/15 23:49:44 WET [2025/01/15 18:49:44 ET]
Table 'Nicolaia III' 6-max Seat #4 is the button
Seat 1: ImaPeppaPig ($101.50 in chips) 
Seat 2: Bejondeiala ($110.68 in chips) 
Seat 3: tintin641 ($155.61 in chips) 
Seat 4: Unipoker11 ($100 in chips) 
Seat 5: MaikonAll ($100 in chips) 
Seat 6: camilinho UC ($154.58 in chips) 
MaikonAll: posts small blind $0.50
camilinho UC: posts big blind $1
*** HOLE CARDS ***
ImaPeppaPig: folds 
Bejondeiala: folds 
tintin641: raises $1.50 to $2.50
Unipoker11: folds 
MaikonAll: folds 
camilinho UC: calls $1.50
*** FLOP *** [Kh 7h Qs]
camilinho UC: checks 
tintin641: bets $3.92
camilinho UC: calls $3.92
*** TURN *** [Kh 7h Qs] [5c]
camilinho UC: checks 
tintin641: bets $9.50
camilinho UC: calls $9.50
*** RIVER *** [Kh 7h Qs 5c] [6d]
camilinho UC: checks 
tintin641: checks 
*** SHOW DOWN ***
camilinho UC: shows [3h 4h] (a straight, Three to Seven)
tintin641: mucks hand 
camilinho UC collected $30.72 from pot
*** SUMMARY ***
Total pot $32.34 | Rake $1.62 
Board [Kh 7h Qs 5c 6d]
Seat 1: ImaPeppaPig folded before Flop (didn't bet)
Seat 2: Bejondeiala folded before Flop (didn't bet)
Seat 3: tintin641 mucked
Seat 4: Unipoker11 (button) folded before Flop (didn't bet)
Seat 5: MaikonAll (small blind) folded before Flop
Seat 6: camilinho UC (big blind) showed [3h 4h] and won ($30.72) with a straight, Three to Seven



PokerStars Hand #254391576237:  Hold'em No Limit ($0.50/$1.00 USD) - 2025/01/15 23:50:54 WET [2025/01/15 18:50:54 ET]
Table 'Nicolaia III' 6-max Seat #5 is the button
Seat 1: ImaPeppaPig ($101.50 in chips) 
Seat 2: Bejondeiala ($110.68 in chips) 
Seat 3: tintin641 ($139.69 in chips) 
Seat 4: Unipoker11 ($100 in chips) 
Seat 5: MaikonAll ($100 in chips) 
Seat 6: camilinho UC ($169.38 in chips) 
camilinho UC: posts small blind $0.50
ImaPeppaPig: posts big blind $1
*** HOLE CARDS ***
Bejondeiala: folds 
tintin641: folds 
Unipoker11: folds 
MaikonAll: raises $1.50 to $2.50
camilinho UC: folds 
ImaPeppaPig: raises $9.50 to $12
MaikonAll: folds 
Uncalled bet ($9.50) returned to ImaPeppaPig
ImaPeppaPig collected $5.50 from pot
ImaPeppaPig: doesn't show hand 
*** SUMMARY ***
Total pot $5.50 | Rake $0 
Seat 1: ImaPeppaPig (big blind) collected ($5.50)
Seat 2: Bejondeiala folded before Flop (didn't bet)
Seat 3: tintin641 folded before Flop (didn't bet)
Seat 4: Unipoker11 folded before Flop (didn't bet)
Seat 5: MaikonAll (button) folded before Flop
Seat 6: camilinho UC (small blind) folded before Flop



PokerStars Hand #254391581522:  Hold'em No Limit ($0.50/$1.00 USD) - 2025/01/15 23:51:17 WET [2025/01/15 18:51:17 ET]
Table 'Nicolaia III' 6-max Seat #6 is the button
Seat 1: ImaPeppaPig ($104.50 in chips) 
Seat 2: Bejondeiala ($110.68 in chips) 
Seat 3: tintin641 ($139.69 in chips) 
Seat 4: Unipoker11 ($100 in chips) 
Seat 5: MaikonAll ($100 in chips) 
Seat 6: camilinho UC ($168.88 in chips) 
ImaPeppaPig: posts small blind $0.50
Bejondeiala: posts big blind $1
*** HOLE CARDS ***
tintin641: folds 
Unipoker11: folds 
MaikonAll: raises $1.30 to $2.30
camilinho UC: calls $2.30
ImaPeppaPig: folds 
Bejondeiala: folds 
*** FLOP *** [6d 2h As]
MaikonAll: checks 
camilinho UC: bets $2.90
MaikonAll: calls $2.90
*** TURN *** [6d 2h As] [7h]
MaikonAll: checks 
camilinho UC: bets $4.29
MaikonAll: calls $4.29
*** RIVER *** [6d 2h As 7h] [Qs]
MaikonAll: checks 
camilinho UC: checks 
*** SHOW DOWN ***
MaikonAll: shows [5c Ac] (a pair of Aces)
camilinho UC: mucks hand 
MaikonAll collected $19.46 from pot
*** SUMMARY ***
Total pot $20.48 | Rake $1.02 
Board [6d 2h As 7h Qs]
Seat 1: ImaPeppaPig (small blind) folded before Flop
Seat 2: Bejondeiala (big blind) folded before Flop
Seat 3: tintin641 folded before Flop (didn't bet)
Seat 4: Unipoker11 folded before Flop (didn't bet)
Seat 5: MaikonAll showed [5c Ac] and won ($19.46) with a pair of Aces
Seat 6: camilinho UC (button) mucked



PokerStars Hand #254391597427:  Hold'em No Limit ($0.50/$1.00 USD) - 2025/01/15 23:52:25 WET [2025/01/15 18:52:25 ET]
Table 'Nicolaia III' 6-max Seat #1 is the button
Seat 1: ImaPeppaPig ($104 in chips) 
Seat 2: Bejondeiala ($109.68 in chips) 
Seat 3: tintin641 ($139.69 in chips) 
Seat 4: Unipoker11 ($100 in chips) 
Seat 5: MaikonAll ($109.97 in chips) 
Seat 6: camilinho UC ($159.39 in chips) 
Bejondeiala: posts small blind $0.50
tintin641: posts big blind $1
*** HOLE CARDS ***
Unipoker11: folds 
MaikonAll: folds 
camilinho UC: raises $1.50 to $2.50
ImaPeppaPig: folds 
Bejondeiala: folds 
tintin641: folds 
Uncalled bet ($1.50) returned to camilinho UC
camilinho UC collected $2.50 from pot
camilinho UC: doesn't show hand 
*** SUMMARY ***
Total pot $2.50 | Rake $0 
Seat 1: ImaPeppaPig (button) folded before Flop (didn't bet)
Seat 2: Bejondeiala (small blind) folded before Flop
Seat 3: tintin641 (big blind) folded before Flop
Seat 4: Unipoker11 folded before Flop (didn't bet)
Seat 5: MaikonAll folded before Flop (didn't bet)
Seat 6: camilinho UC collected ($2.50)



PokerStars Hand #254391600983:  Hold'em No Limit ($0.50/$1.00 USD) - 2025/01/15 23:52:40 WET [2025/01/15 18:52:40 ET]
Table 'Nicolaia III' 6-max Seat #2 is the button
Seat 1: ImaPeppaPig ($104 in chips) 
Seat 2: Bejondeiala ($109.18 in chips) 
Seat 3: tintin641 ($138.69 in chips) 
Seat 4: Unipoker11 ($100 in chips) 
Seat 5: MaikonAll ($109.97 in chips) 
Seat 6: camilinho UC ($160.89 in chips) 
tintin641: posts small blind $0.50
Unipoker11: posts big blind $1
*** HOLE CARDS ***
MaikonAll: folds 
camilinho UC: folds 
ImaPeppaPig: folds 
Bejondeiala: folds 
tintin641: raises $2 to $3
Unipoker11: raises $6 to $9
tintin641: folds 
Uncalled bet ($6) returned to Unipoker11
Unipoker11 collected $6 from pot
Unipoker11: doesn't show hand 
*** SUMMARY ***
Total pot $6 | Rake $0 
Seat 1: ImaPeppaPig folded before Flop (didn't bet)
Seat 2: Bejondeiala (button) folded before Flop (didn't bet)
Seat 3: tintin641 (small blind) folded before Flop
Seat 4: Unipoker11 (big blind) collected ($6)
Seat 5: MaikonAll folded before Flop (didn't bet)
Seat 6: camilinho UC folded before Flop (didn't bet)



PokerStars Hand #254391609214:  Hold'em No Limit ($0.50/$1.00 USD) - 2025/01/15 23:53:16 WET [2025/01/15 18:53:16 ET]
Table 'Nicolaia III' 6-max Seat #3 is the button
Seat 5: MaikonAll ($109.97 in chips) is sitting out
Seat 1: ImaPeppaPig ($104 in chips) 
Seat 2: Bejondeiala ($109.18 in chips) 
Seat 3: tintin641 ($135.69 in chips) 
Seat 4: Unipoker11 ($103 in chips) 
Seat 6: camilinho UC ($160.89 in chips) 
Unipoker11: posts small blind $0.50
MaikonAll: is sitting out 
camilinho UC: posts big blind $1
*** HOLE CARDS ***
ImaPeppaPig: folds 
MaikonAll leaves the table
Bejondeiala: folds 
tintin641: folds 
Unipoker11: raises $1.50 to $2.50
camilinho UC: folds 
Uncalled bet ($1.50) returned to Unipoker11
Unipoker11 collected $2 from pot
Unipoker11: doesn't show hand 
*** SUMMARY ***
Total pot $2 | Rake $0 
Seat 5: MaikonAll
Seat 1: ImaPeppaPig folded before Flop (didn't bet)
Seat 2: Bejondeiala folded before Flop (didn't bet)
Seat 3: tintin641 (button) folded before Flop (didn't bet)
Seat 4: Unipoker11 (small blind) collected ($2)
Seat 6: camilinho UC (big blind) folded before Flop



PokerStars Hand #254391612942:  Hold'em No Limit ($0.50/$1.00 USD) - 2025/01/15 23:53:32 WET [2025/01/15 18:53:32 ET]
Table 'Nicolaia III' 6-max Seat #4 is the button
Seat 1: ImaPeppaPig ($104 in chips) 
Seat 2: Bejondeiala ($109.18 in chips) 
Seat 3: tintin641 ($135.69 in chips) 
Seat 4: Unipoker11 ($104 in chips) 
Seat 6: camilinho UC ($159.89 in chips) 
camilinho UC: posts small blind $0.50
ImaPeppaPig: posts big blind $1
*** HOLE CARDS ***
Bejondeiala: folds 
tintin641: folds 
ffac joins the table at seat #5 
Unipoker11: folds 
camilinho UC: folds 
Uncalled bet ($0.50) returned to ImaPeppaPig
camilinho UC leaves the table
ImaPeppaPig collected $1 from pot
ImaPeppaPig: doesn't show hand 
*** SUMMARY ***
Total pot $1 | Rake $0 
Seat 1: ImaPeppaPig (big blind) collected ($1)
Seat 2: Bejondeiala folded before Flop (didn't bet)
Seat 3: tintin641 folded before Flop (didn't bet)
Seat 4: Unipoker11 (button) folded before Flop (didn't bet)
Seat 6: camilinho UC (small blind) folded before Flop



PokerStars Hand #254391616814:  Hold'em No Limit ($0.50/$1.00 USD) - 2025/01/15 23:53:49 WET [2025/01/15 18:53:49 ET]
Table 'Nicolaia III' 6-max Seat #1 is the button
Seat 5: ffac ($100 in chips) is sitting out
Seat 1: ImaPeppaPig ($104.50 in chips) 
Seat 2: Bejondeiala ($109.18 in chips) 
Seat 3: tintin641 ($135.69 in chips) 
Seat 4: Unipoker11 ($104 in chips) 
Bejondeiala: posts small blind $0.50
tintin641: posts big blind $1
*** HOLE CARDS ***
ffac leaves the table
Unipoker11: raises $1.30 to $2.30
ImaPeppaPig: folds 
Bejondeiala: folds 
tintin641: folds 
Uncalled bet ($1.30) returned to Unipoker11
Unipoker11 collected $2.50 from pot
Unipoker11: doesn't show hand 
*** SUMMARY ***
Total pot $2.50 | Rake $0 
Seat 5: ffac
Seat 1: ImaPeppaPig (button) folded before Flop (didn't bet)
Seat 2: Bejondeiala (small blind) folded before Flop
Seat 3: tintin641 (big blind) folded before Flop
Seat 4: Unipoker11 collected ($2.50)



PokerStars Hand #254391620225:  Hold'em No Limit ($0.50/$1.00 USD) - 2025/01/15 23:54:04 WET [2025/01/15 18:54:04 ET]
Table 'Nicolaia III' 6-max Seat #2 is the button
Seat 1: ImaPeppaPig ($104.50 in chips) 
Seat 2: Bejondeiala ($108.68 in chips) 
Seat 3: tintin641 ($134.69 in chips) 
Seat 4: Unipoker11 ($105.50 in chips) 
tintin641: posts small blind $0.50
Unipoker11: posts big blind $1
*** HOLE CARDS ***
ImaPeppaPig: folds 
Bejondeiala: folds 
tintin641: folds 
Uncalled bet ($0.50) returned to Unipoker11
Unipoker11 collected $1 from pot
Unipoker11: doesn't show hand 
*** SUMMARY ***
Total pot $1 | Rake $0 
Seat 1: ImaPeppaPig folded before Flop (didn't bet)
Seat 2: Bejondeiala (button) folded before Flop (didn't bet)
Seat 3: tintin641 (small blind) folded before Flop
Seat 4: Unipoker11 (big blind) collected ($1)



PokerStars Hand #254391622615:  Hold'em No Limit ($0.50/$1.00 USD) - 2025/01/15 23:54:14 WET [2025/01/15 18:54:14 ET]
Table 'Nicolaia III' 6-max Seat #3 is the button
Seat 1: ImaPeppaPig ($104.50 in chips) 
Seat 2: Bejondeiala ($108.68 in chips) 
Seat 3: tintin641 ($134.19 in chips) 
Seat 4: Unipoker11 ($106 in chips) 
Unipoker11: posts small blind $0.50
ImaPeppaPig: posts big blind $1
*** HOLE CARDS ***
Bejondeiala: raises $1.10 to $2.10
tintin641: folds 
Unipoker11: folds 
ImaPeppaPig: raises $9.90 to $12
Bejondeiala: folds 
Uncalled bet ($9.90) returned to ImaPeppaPig
ImaPeppaPig collected $4.70 from pot
ImaPeppaPig: doesn't show hand 
*** SUMMARY ***
Total pot $4.70 | Rake $0 
Seat 1: ImaPeppaPig (big blind) collected ($4.70)
Seat 2: Bejondeiala folded before Flop
Seat 3: tintin641 (button) folded before Flop (didn't bet)
Seat 4: Unipoker11 (small blind) folded before Flop



PokerStars Hand #254391626863:  Hold'em No Limit ($0.50/$1.00 USD) - 2025/01/15 23:54:33 WET [2025/01/15 18:54:33 ET]
Table 'Nicolaia III' 6-max Seat #1 is the button
Seat 2: Bejondeiala ($106.58 in chips) is sitting out
Seat 3: tintin641 ($134.19 in chips) is sitting out
Seat 1: ImaPeppaPig ($107.10 in chips) 
Seat 4: Unipoker11 ($105.50 in chips) 
ImaPeppaPig: posts small blind $0.50
Bejondeiala: is sitting out 
tintin641: is sitting out 
Unipoker11: posts big blind $1
*** HOLE CARDS ***
tintin641 leaves the table
ImaPeppaPig: folds 
Uncalled bet ($0.50) returned to Unipoker11
Bejondeiala leaves the table
Unipoker11 collected $1 from pot
Unipoker11: doesn't show hand 
*** SUMMARY ***
Total pot $1 | Rake $0 
Seat 2: Bejondeiala
Seat 3: tintin641
Seat 1: ImaPeppaPig (button) (small blind) folded before Flop
Seat 4: Unipoker11 (big blind) collected ($1)



PokerStars Hand #254391628592:  Hold'em No Limit ($0.50/$1.00 USD) - 2025/01/15 23:54:40 WET [2025/01/15 18:54:40 ET]
Table 'Nicolaia III' 6-max Seat #4 is the button
Seat 1: ImaPeppaPig ($106.60 in chips) 
Seat 4: Unipoker11 ($106 in chips) 
Unipoker11: posts small blind $0.50
ImaPeppaPig: posts big blind $1
*** HOLE CARDS ***
Unipoker11: raises $1.50 to $2.50
ImaPeppaPig: calls $1.50
*** FLOP *** [4c Js 3h]
ImaPeppaPig: checks 
Unipoker11: bets $1.19
ImaPeppaPig: folds 
Uncalled bet ($1.19) returned to Unipoker11
Unipoker11 collected $4.75 from pot
Unipoker11: doesn't show hand 
*** SUMMARY ***
Total pot $5 | Rake $0.25 
Board [4c Js 3h]
Seat 1: ImaPeppaPig (big blind) folded on the Flop
Seat 4: Unipoker11 (button) (small blind) collected ($4.75)



PokerStars Hand #254391634423:  Hold'em No Limit ($0.50/$1.00 USD) - 2025/01/15 23:55:06 WET [2025/01/15 18:55:06 ET]
Table 'Nicolaia III' 6-max Seat #1 is the button
Seat 1: ImaPeppaPig ($104.10 in chips) 
Seat 4: Unipoker11 ($108.25 in chips) 
ImaPeppaPig: posts small blind $0.50
Unipoker11: posts big blind $1
*** HOLE CARDS ***
ImaPeppaPig: raises $1.50 to $2.50
Unipoker11: raises $7.50 to $10
ImaPeppaPig: folds 
Uncalled bet ($7.50) returned to Unipoker11
Unipoker11 collected $5 from pot
Unipoker11: doesn't show hand 
*** SUMMARY ***
Total pot $5 | Rake $0 
Seat 1: ImaPeppaPig (button) (small blind) folded before Flop
Seat 4: Unipoker11 (big blind) collected ($5)



