PokerStars Hand #254390222522:  Hold'em No Limit ($0.50/$1.00 USD) - 2025/01/15 22:25:12 WET [2025/01/15 17:25:12 ET]
Table 'Hanskya III' 6-max Seat #4 is the button
Seat 3: nastja336 ($100 in chips) 
Seat 4: XneferX ($100 in chips) 
Seat 6: ImaPeppaPig ($100.50 in chips) 
ImaPeppaPig: posts small blind $0.50
nastja336: posts big blind $1
*** HOLE CARDS ***
XneferX: raises $1.77 to $2.77
ImaPeppaPig: folds 
nastja336: folds 
Uncalled bet ($1.77) returned to XneferX
XneferX collected $2.50 from pot
XneferX: doesn't show hand 
*** SUMMARY ***
Total pot $2.50 | Rake $0 
Seat 3: nastja336 (big blind) folded before Flop
Seat 4: XneferX (button) collected ($2.50)
Seat 6: ImaPeppaPig (small blind) folded before Flop



PokerStars Hand #254390226521:  Hold'em No Limit ($0.50/$1.00 USD) - 2025/01/15 22:25:25 WET [2025/01/15 17:25:25 ET]
Table 'Hanskya III' 6-max Seat #6 is the button
Seat 3: nastja336 ($100 in chips) 
Seat 4: XneferX ($101.50 in chips) 
Seat 6: ImaPeppaPig ($100 in chips) 
nastja336: posts small blind $0.50
XneferX: posts big blind $1
*** HOLE CARDS ***
ImaPeppaPig: folds 
nastja336: folds 
Uncalled bet ($0.50) returned to XneferX
XneferX collected $1 from pot
XneferX: doesn't show hand 
*** SUMMARY ***
Total pot $1 | Rake $0 
Seat 3: nastja336 (small blind) folded before Flop
Seat 4: XneferX (big blind) collected ($1)
Seat 6: ImaPeppaPig (button) folded before Flop (didn't bet)



PokerStars Hand #254390228526:  Hold'em No Limit ($0.50/$1.00 USD) - 2025/01/15 22:25:32 WET [2025/01/15 17:25:32 ET]
Table 'Hanskya III' 6-max Seat #3 is the button
Seat 3: nastja336 ($100 in chips) 
Seat 4: XneferX ($102 in chips) 
Seat 6: ImaPeppaPig ($100 in chips) 
XneferX: posts small blind $0.50
ImaPeppaPig: posts big blind $1
*** HOLE CARDS ***
nastja336: raises $1.50 to $2.50
XneferX: folds 
ImaPeppaPig: calls $1.50
*** FLOP *** [As 4d 7d]
ImaPeppaPig: checks 
nastja336: bets $1.72
ImaPeppaPig: calls $1.72
*** TURN *** [As 4d 7d] [7s]
ImaPeppaPig: bets $2.63
nastja336: calls $2.63
*** RIVER *** [As 4d 7d 7s] [8s]
ImaPeppaPig: checks 
nastja336: checks 
*** SHOW DOWN ***
ImaPeppaPig: shows [4c 6c] (two pair, Sevens and Fours)
nastja336: mucks hand 
ImaPeppaPig collected $13.49 from pot
*** SUMMARY ***
Total pot $14.20 | Rake $0.71 
Board [As 4d 7d 7s 8s]
Seat 3: nastja336 (button) mucked
Seat 4: XneferX (small blind) folded before Flop
Seat 6: ImaPeppaPig (big blind) showed [4c 6c] and won ($13.49) with two pair, Sevens and Fours



PokerStars Hand #254390239385:  Hold'em No Limit ($0.50/$1.00 USD) - 2025/01/15 22:26:08 WET [2025/01/15 17:26:08 ET]
Table 'Hanskya III' 6-max Seat #6 is the button
Seat 3: nastja336 ($100 in chips) is sitting out
Seat 4: XneferX ($101.50 in chips) 
Seat 6: ImaPeppaPig ($106.64 in chips) 
ImaPeppaPig: posts small blind $0.50
nastja336: is sitting out 
XneferX: posts big blind $1
*** HOLE CARDS ***
nastja336 leaves the table
ImaPeppaPig: folds 
Uncalled bet ($0.50) returned to XneferX
XneferX collected $1 from pot
XneferX: doesn't show hand 
*** SUMMARY ***
Total pot $1 | Rake $0 
Seat 3: nastja336
Seat 4: XneferX (big blind) collected ($1)
Seat 6: ImaPeppaPig (button) (small blind) folded before Flop



PokerStars Hand #254390242153:  Hold'em No Limit ($0.50/$1.00 USD) - 2025/01/15 22:26:18 WET [2025/01/15 17:26:18 ET]
Table 'Hanskya III' 6-max Seat #4 is the button
Seat 4: XneferX ($102 in chips) 
Seat 6: ImaPeppaPig ($106.14 in chips) 
XneferX: posts small blind $0.50
ImaPeppaPig: posts big blind $1
*** HOLE CARDS ***
XneferX: folds 
Uncalled bet ($0.50) returned to ImaPeppaPig
ImaPeppaPig collected $1 from pot
ImaPeppaPig: doesn't show hand 
*** SUMMARY ***
Total pot $1 | Rake $0 
Seat 4: XneferX (button) (small blind) folded before Flop
Seat 6: ImaPeppaPig (big blind) collected ($1)



PokerStars Hand #254390245171:  Hold'em No Limit ($0.50/$1.00 USD) - 2025/01/15 22:26:28 WET [2025/01/15 17:26:28 ET]
Table 'Hanskya III' 6-max Seat #6 is the button
Seat 4: XneferX ($101.50 in chips) 
Seat 6: ImaPeppaPig ($106.64 in chips) 
ImaPeppaPig: posts small blind $0.50
XneferX: posts big blind $1
*** HOLE CARDS ***
ImaPeppaPig: raises $1.50 to $2.50
XneferX: calls $1.50
*** FLOP *** [Ah 9s 6h]
XneferX: checks 
ImaPeppaPig: bets $2.47
XneferX: folds 
Uncalled bet ($2.47) returned to ImaPeppaPig
ImaPeppaPig collected $4.75 from pot
ImaPeppaPig: doesn't show hand 
*** SUMMARY ***
Total pot $5 | Rake $0.25 
Board [Ah 9s 6h]
Seat 4: XneferX (big blind) folded on the Flop
Seat 6: ImaPeppaPig (button) (small blind) collected ($4.75)



PokerStars Hand #254390254411:  Hold'em No Limit ($0.50/$1.00 USD) - 2025/01/15 22:26:59 WET [2025/01/15 17:26:59 ET]
Table 'Hanskya III' 6-max Seat #4 is the button
Seat 4: XneferX ($100 in chips) 
Seat 6: ImaPeppaPig ($108.89 in chips) 
XneferX: posts small blind $0.50
ImaPeppaPig: posts big blind $1
*** HOLE CARDS ***
XneferX: folds 
Uncalled bet ($0.50) returned to ImaPeppaPig
ImaPeppaPig collected $1 from pot
ImaPeppaPig: doesn't show hand 
*** SUMMARY ***
Total pot $1 | Rake $0 
Seat 4: XneferX (button) (small blind) folded before Flop
Seat 6: ImaPeppaPig (big blind) collected ($1)



PokerStars Hand #254390371562:  Hold'em No Limit ($0.50/$1.00 USD) - 2025/01/15 22:33:36 WET [2025/01/15 17:33:36 ET]
Table 'Hanskya III' 6-max Seat #5 is the button
Seat 5: ryuma-11 ($100 in chips) 
Seat 6: ImaPeppaPig ($109.39 in chips) 
ryuma-11: posts small blind $0.50
ImaPeppaPig: posts big blind $1
*** HOLE CARDS ***
ryuma-11: raises $1.50 to $2.50
ImaPeppaPig: folds 
Uncalled bet ($1.50) returned to ryuma-11
ryuma-11 collected $2 from pot
ryuma-11: doesn't show hand 
*** SUMMARY ***
Total pot $2 | Rake $0 
Seat 5: ryuma-11 (button) (small blind) collected ($2)
Seat 6: ImaPeppaPig (big blind) folded before Flop



PokerStars Hand #254390374202:  Hold'em No Limit ($0.50/$1.00 USD) - 2025/01/15 22:33:45 WET [2025/01/15 17:33:45 ET]
Table 'Hanskya III' 6-max Seat #6 is the button
Seat 5: ryuma-11 ($101 in chips) 
Seat 6: ImaPeppaPig ($108.39 in chips) 
ImaPeppaPig: posts small blind $0.50
ryuma-11: posts big blind $1
*** HOLE CARDS ***
ImaPeppaPig: raises $1.50 to $2.50
ryuma-11: calls $1.50
*** FLOP *** [9s 4s 7c]
ryuma-11: checks 
ImaPeppaPig: bets $2.47
ryuma-11: calls $2.47
*** TURN *** [9s 4s 7c] [Kd]
ryuma-11: checks 
ImaPeppaPig: checks 
*** RIVER *** [9s 4s 7c Kd] [Ad]
ryuma-11: checks 
ImaPeppaPig: checks 
*** SHOW DOWN ***
ryuma-11: shows [7h Qs] (a pair of Sevens)
ImaPeppaPig: mucks hand 
ryuma-11 collected $9.44 from pot
*** SUMMARY ***
Total pot $9.94 | Rake $0.50 
Board [9s 4s 7c Kd Ad]
Seat 5: ryuma-11 (big blind) showed [7h Qs] and won ($9.44) with a pair of Sevens
Seat 6: ImaPeppaPig (button) (small blind) mucked



PokerStars Hand #254390385784:  Hold'em No Limit ($0.50/$1.00 USD) - 2025/01/15 22:34:25 WET [2025/01/15 17:34:25 ET]
Table 'Hanskya III' 6-max Seat #5 is the button
Seat 5: ryuma-11 ($105.47 in chips) 
Seat 6: ImaPeppaPig ($103.42 in chips) 
ryuma-11: posts small blind $0.50
ImaPeppaPig: posts big blind $1
*** HOLE CARDS ***
nastja336 joins the table at seat #2 
ryuma-11: raises $1.50 to $2.50
Rdalonso joins the table at seat #1 
ImaPeppaPig: folds 
Uncalled bet ($1.50) returned to ryuma-11
itaba joins the table at seat #4 
ryuma-11 collected $2 from pot
ryuma-11: doesn't show hand 
*** SUMMARY ***
Total pot $2 | Rake $0 
Seat 5: ryuma-11 (button) (small blind) collected ($2)
Seat 6: ImaPeppaPig (big blind) folded before Flop



PokerStars Hand #254390388207:  Hold'em No Limit ($0.50/$1.00 USD) - 2025/01/15 22:34:33 WET [2025/01/15 17:34:33 ET]
Table 'Hanskya III' 6-max Seat #5 is the button
Seat 2: nastja336 ($100 in chips) is sitting out
Seat 4: itaba ($10 in chips) is sitting out
Seat 1: Rdalonso ($100 in chips) 
Seat 5: ryuma-11 ($106.47 in chips) 
Seat 6: ImaPeppaPig ($102.42 in chips) 
ImaPeppaPig: posts small blind $0.50
Rdalonso: posts big blind $1
nastja336: sits out 
itaba: sits out 
*** HOLE CARDS ***
ryuma-11: raises $1.50 to $2.50
ImaPeppaPig: folds 
Rdalonso: folds 
Uncalled bet ($1.50) returned to ryuma-11
ryuma-11 collected $2.50 from pot
ryuma-11: doesn't show hand 
*** SUMMARY ***
Total pot $2.50 | Rake $0 
Seat 2: nastja336
Seat 4: itaba
Seat 1: Rdalonso (big blind) folded before Flop
Seat 5: ryuma-11 (button) collected ($2.50)
Seat 6: ImaPeppaPig (small blind) folded before Flop



PokerStars Hand #254390391342:  Hold'em No Limit ($0.50/$1.00 USD) - 2025/01/15 22:34:44 WET [2025/01/15 17:34:44 ET]
Table 'Hanskya III' 6-max Seat #6 is the button
Seat 4: itaba ($10 in chips) is sitting out
Seat 1: Rdalonso ($100 in chips) 
Seat 2: nastja336 ($100 in chips) 
Seat 5: ryuma-11 ($107.97 in chips) 
Seat 6: ImaPeppaPig ($101.92 in chips) 
Rdalonso: posts small blind $0.50
nastja336: posts big blind $1
itaba: sits out 
*** HOLE CARDS ***
ryuma-11: folds 
ImaPeppaPig: raises $1.50 to $2.50
Rdalonso: folds 
nastja336: calls $1.50
*** FLOP *** [4d Qs Ts]
nastja336: checks 
ImaPeppaPig: bets $2
nastja336: folds 
Uncalled bet ($2) returned to ImaPeppaPig
ImaPeppaPig collected $5.22 from pot
ImaPeppaPig: doesn't show hand 
*** SUMMARY ***
Total pot $5.50 | Rake $0.28 
Board [4d Qs Ts]
Seat 4: itaba
Seat 1: Rdalonso (small blind) folded before Flop
Seat 2: nastja336 (big blind) folded on the Flop
Seat 5: ryuma-11 folded before Flop (didn't bet)
Seat 6: ImaPeppaPig (button) collected ($5.22)



PokerStars Hand #254390400265:  Hold'em No Limit ($0.50/$1.00 USD) - 2025/01/15 22:35:15 WET [2025/01/15 17:35:15 ET]
Table 'Hanskya III' 6-max Seat #1 is the button
Seat 1: Rdalonso ($100 in chips) 
Seat 2: nastja336 ($100 in chips) 
Seat 4: itaba ($10 in chips) 
Seat 5: ryuma-11 ($107.97 in chips) 
Seat 6: ImaPeppaPig ($104.64 in chips) 
nastja336: posts small blind $0.50
itaba: posts big blind $1
*** HOLE CARDS ***
ryuma-11: folds 
ImaPeppaPig: folds 
ryuma-11 leaves the table
Rdalonso: raises $1.50 to $2.50
nastja336: folds 
itaba: raises $7.50 to $10 and is all-in
Rdalonso: calls $7.50
Giorgi675 joins the table at seat #5 
Giorgi675 is disconnected 
*** FLOP *** [Qh Js 6h]
*** TURN *** [Qh Js 6h] [6s]
XneferX joins the table at seat #3 
*** RIVER *** [Qh Js 6h 6s] [4h]
*** SHOW DOWN ***
itaba: shows [Tc Jh] (two pair, Jacks and Sixes)
Rdalonso: shows [8s Ac] (a pair of Sixes)
itaba collected $19.48 from pot
*** SUMMARY ***
Total pot $20.50 | Rake $1.02 
Board [Qh Js 6h 6s 4h]
Seat 1: Rdalonso (button) showed [8s Ac] and lost with a pair of Sixes
Seat 2: nastja336 (small blind) folded before Flop
Seat 4: itaba (big blind) showed [Tc Jh] and won ($19.48) with two pair, Jacks and Sixes
Seat 5: ryuma-11 folded before Flop (didn't bet)
Seat 6: ImaPeppaPig folded before Flop (didn't bet)



PokerStars Hand #254390409020:  Hold'em No Limit ($0.50/$1.00 USD) - 2025/01/15 22:35:46 WET [2025/01/15 17:35:46 ET]
Table 'Hanskya III' 6-max Seat #2 is the button
Seat 3: XneferX ($100 in chips) is sitting out
Seat 1: Rdalonso ($100 in chips) 
Seat 2: nastja336 ($100 in chips) 
Seat 4: itaba ($19.48 in chips) 
Seat 5: Giorgi675 ($42.45 in chips) 
Seat 6: ImaPeppaPig ($104.64 in chips) 
itaba: posts small blind $0.50
Giorgi675: posts big blind $1
*** HOLE CARDS ***
ImaPeppaPig: folds 
Rdalonso: folds 
nastja336: raises $1.50 to $2.50
itaba: folds 
Giorgi675: calls $1.50
*** FLOP *** [2h Jh 9c]
Giorgi675: checks 
nastja336: checks 
*** TURN *** [2h Jh 9c] [4d]
Giorgi675: bets $1
nastja336: calls $1
*** RIVER *** [2h Jh 9c 4d] [Jd]
Giorgi675: bets $3.56
nastja336: calls $3.56
*** SHOW DOWN ***
Giorgi675: shows [As Ks] (a pair of Jacks)
nastja336: mucks hand 
Giorgi675 collected $13.89 from pot
*** SUMMARY ***
Total pot $14.62 | Rake $0.73 
Board [2h Jh 9c 4d Jd]
Seat 3: XneferX
Seat 1: Rdalonso folded before Flop (didn't bet)
Seat 2: nastja336 (button) mucked
Seat 4: itaba (small blind) folded before Flop
Seat 5: Giorgi675 (big blind) showed [As Ks] and won ($13.89) with a pair of Jacks
Seat 6: ImaPeppaPig folded before Flop (didn't bet)



PokerStars Hand #254390424986:  Hold'em No Limit ($0.50/$1.00 USD) - 2025/01/15 22:36:41 WET [2025/01/15 17:36:41 ET]
Table 'Hanskya III' 6-max Seat #4 is the button
Seat 3: XneferX ($100 in chips) is sitting out
Seat 1: Rdalonso ($100 in chips) 
Seat 2: nastja336 ($100 in chips) 
Seat 4: itaba ($18.98 in chips) 
Seat 5: Giorgi675 ($49.28 in chips) 
Seat 6: ImaPeppaPig ($104.64 in chips) 
Giorgi675: posts small blind $0.50
ImaPeppaPig: posts big blind $1
XneferX: sits out 
*** HOLE CARDS ***
Rdalonso: folds 
nastja336: folds 
itaba: folds 
Giorgi675: raises $1 to $2
ImaPeppaPig: calls $1
*** FLOP *** [9d Ac Ad]
Giorgi675: checks 
ImaPeppaPig: checks 
*** TURN *** [9d Ac Ad] [3h]
Giorgi675: checks 
ImaPeppaPig: bets $2
Giorgi675: folds 
Uncalled bet ($2) returned to ImaPeppaPig
ImaPeppaPig collected $3.80 from pot
ImaPeppaPig: doesn't show hand 
*** SUMMARY ***
Total pot $4 | Rake $0.20 
Board [9d Ac Ad 3h]
Seat 3: XneferX
Seat 1: Rdalonso folded before Flop (didn't bet)
Seat 2: nastja336 folded before Flop (didn't bet)
Seat 4: itaba (button) folded before Flop (didn't bet)
Seat 5: Giorgi675 (small blind) folded on the Turn
Seat 6: ImaPeppaPig (big blind) collected ($3.80)



PokerStars Hand #254390436791:  Hold'em No Limit ($0.50/$1.00 USD) - 2025/01/15 22:37:22 WET [2025/01/15 17:37:22 ET]
Table 'Hanskya III' 6-max Seat #5 is the button
Seat 3: XneferX ($100 in chips) is sitting out
Seat 1: Rdalonso ($100 in chips) 
Seat 2: nastja336 ($100 in chips) 
Seat 4: itaba ($18.98 in chips) 
Seat 5: Giorgi675 ($47.28 in chips) 
Seat 6: ImaPeppaPig ($106.44 in chips) 
ImaPeppaPig: posts small blind $0.50
Rdalonso: posts big blind $1
XneferX: sits out 
*** HOLE CARDS ***
nastja336: folds 
nastja336 leaves the table
itaba: folds 
Giorgi675: folds 
ImaPeppaPig: folds 
Uncalled bet ($0.50) returned to Rdalonso
Rdalonso collected $1 from pot
Rdalonso: doesn't show hand 
*** SUMMARY ***
Total pot $1 | Rake $0 
Seat 3: XneferX
Seat 1: Rdalonso (big blind) collected ($1)
Seat 2: nastja336 folded before Flop (didn't bet)
Seat 4: itaba folded before Flop (didn't bet)
Seat 5: Giorgi675 (button) folded before Flop (didn't bet)
Seat 6: ImaPeppaPig (small blind) folded before Flop



PokerStars Hand #254390442586:  Hold'em No Limit ($0.50/$1.00 USD) - 2025/01/15 22:37:42 WET [2025/01/15 17:37:42 ET]
Table 'Hanskya III' 6-max Seat #6 is the button
Seat 1: Rdalonso ($100.50 in chips) 
Seat 3: XneferX ($100 in chips) 
Seat 4: itaba ($18.98 in chips) 
Seat 5: Giorgi675 ($47.28 in chips) 
Seat 6: ImaPeppaPig ($105.94 in chips) 
Rdalonso: posts small blind $0.50
XneferX: posts big blind $1
*** HOLE CARDS ***
itaba: raises $1 to $2
Giorgi675: raises $1 to $3
ImaPeppaPig: folds 
Rdalonso: folds 
XneferX: folds 
z00mba joins the table at seat #2 
itaba: calls $1
*** FLOP *** [Ts 7c 2s]
itaba: checks 
Giorgi675: bets $3.56
itaba: folds 
Uncalled bet ($3.56) returned to Giorgi675
Giorgi675 collected $7.12 from pot
*** SUMMARY ***
Total pot $7.50 | Rake $0.38 
Board [Ts 7c 2s]
Seat 1: Rdalonso (small blind) folded before Flop
Seat 3: XneferX (big blind) folded before Flop
Seat 4: itaba folded on the Flop
Seat 5: Giorgi675 collected ($7.12)
Seat 6: ImaPeppaPig (button) folded before Flop (didn't bet)



PokerStars Hand #254390458761:  Hold'em No Limit ($0.50/$1.00 USD) - 2025/01/15 22:38:39 WET [2025/01/15 17:38:39 ET]
Table 'Hanskya III' 6-max Seat #1 is the button
Seat 2: z00mba ($100 in chips) is sitting out
Seat 1: Rdalonso ($100 in chips) 
Seat 3: XneferX ($100 in chips) 
Seat 4: itaba ($15.98 in chips) 
Seat 5: Giorgi675 ($51.40 in chips) 
Seat 6: ImaPeppaPig ($105.94 in chips) 
XneferX: posts small blind $0.50
itaba: posts big blind $1
*** HOLE CARDS ***
Giorgi675: folds 
ImaPeppaPig: folds 
Rdalonso: folds 
XneferX: raises $2 to $3
itaba: folds 
Uncalled bet ($2) returned to XneferX
XneferX collected $2 from pot
XneferX: doesn't show hand 
*** SUMMARY ***
Total pot $2 | Rake $0 
Seat 2: z00mba
Seat 1: Rdalonso (button) folded before Flop (didn't bet)
Seat 3: XneferX (small blind) collected ($2)
Seat 4: itaba (big blind) folded before Flop
Seat 5: Giorgi675 folded before Flop (didn't bet)
Seat 6: ImaPeppaPig folded before Flop (didn't bet)



PokerStars Hand #254390464840:  Hold'em No Limit ($0.50/$1.00 USD) - 2025/01/15 22:39:00 WET [2025/01/15 17:39:00 ET]
Table 'Hanskya III' 6-max Seat #3 is the button
Seat 2: z00mba ($100 in chips) is sitting out
Seat 1: Rdalonso ($100 in chips) 
Seat 3: XneferX ($101 in chips) 
Seat 4: itaba ($14.98 in chips) 
Seat 5: Giorgi675 ($51.40 in chips) 
Seat 6: ImaPeppaPig ($105.94 in chips) 
itaba: posts small blind $0.50
Giorgi675: posts big blind $1
z00mba: sits out 
*** HOLE CARDS ***
ImaPeppaPig: folds 
Rdalonso: folds 
XneferX: folds 
itaba: raises $13.98 to $14.98 and is all-in
Giorgi675: folds 
Uncalled bet ($13.98) returned to itaba
itaba collected $2 from pot
itaba: doesn't show hand 
*** SUMMARY ***
Total pot $2 | Rake $0 
Seat 2: z00mba
Seat 1: Rdalonso folded before Flop (didn't bet)
Seat 3: XneferX (button) folded before Flop (didn't bet)
Seat 4: itaba (small blind) collected ($2)
Seat 5: Giorgi675 (big blind) folded before Flop
Seat 6: ImaPeppaPig folded before Flop (didn't bet)



PokerStars Hand #254390470808:  Hold'em No Limit ($0.50/$1.00 USD) - 2025/01/15 22:39:20 WET [2025/01/15 17:39:20 ET]
Table 'Hanskya III' 6-max Seat #4 is the button
Seat 2: z00mba ($100 in chips) is sitting out
Seat 1: Rdalonso ($100 in chips) 
Seat 3: XneferX ($101 in chips) 
Seat 4: itaba ($15.98 in chips) 
Seat 5: Giorgi675 ($50.40 in chips) 
Seat 6: ImaPeppaPig ($105.94 in chips) 
Giorgi675: posts small blind $0.50
ImaPeppaPig: posts big blind $1
z00mba: sits out 
*** HOLE CARDS ***
Rdalonso: folds 
XneferX: folds 
itaba: folds 
Giorgi675: folds 
Uncalled bet ($0.50) returned to ImaPeppaPig
ImaPeppaPig collected $1 from pot
ImaPeppaPig: doesn't show hand 
*** SUMMARY ***
Total pot $1 | Rake $0 
Seat 2: z00mba
Seat 1: Rdalonso folded before Flop (didn't bet)
Seat 3: XneferX folded before Flop (didn't bet)
Seat 4: itaba (button) folded before Flop (didn't bet)
Seat 5: Giorgi675 (small blind) folded before Flop
Seat 6: ImaPeppaPig (big blind) collected ($1)



PokerStars Hand #254390474031:  Hold'em No Limit ($0.50/$1.00 USD) - 2025/01/15 22:39:32 WET [2025/01/15 17:39:32 ET]
Table 'Hanskya III' 6-max Seat #5 is the button
Seat 2: z00mba ($100 in chips) is sitting out
Seat 1: Rdalonso ($100 in chips) 
Seat 3: XneferX ($101 in chips) 
Seat 4: itaba ($17.98 in chips) 
Seat 5: Giorgi675 ($49.90 in chips) 
Seat 6: ImaPeppaPig ($106.44 in chips) 
ImaPeppaPig: posts small blind $0.50
Rdalonso: posts big blind $1
z00mba: sits out 
*** HOLE CARDS ***
XneferX: folds 
itaba: folds 
Giorgi675: raises $1 to $2
ImaPeppaPig: folds 
Rdalonso: calls $1
*** FLOP *** [6d 5s Jc]
Rdalonso: checks 
Giorgi675: checks 
*** TURN *** [6d 5s Jc] [4s]
Rdalonso: bets $3.21
Giorgi675: folds 
Uncalled bet ($3.21) returned to Rdalonso
Rdalonso collected $4.28 from pot
Rdalonso: doesn't show hand 
*** SUMMARY ***
Total pot $4.50 | Rake $0.22 
Board [6d 5s Jc 4s]
Seat 2: z00mba
Seat 1: Rdalonso (big blind) collected ($4.28)
Seat 3: XneferX folded before Flop (didn't bet)
Seat 4: itaba folded before Flop (didn't bet)
Seat 5: Giorgi675 (button) folded on the Turn
Seat 6: ImaPeppaPig (small blind) folded before Flop



PokerStars Hand #254390482797:  Hold'em No Limit ($0.50/$1.00 USD) - 2025/01/15 22:40:02 WET [2025/01/15 17:40:02 ET]
Table 'Hanskya III' 6-max Seat #6 is the button
Seat 1: Rdalonso ($102.28 in chips) 
Seat 2: z00mba ($100 in chips) 
Seat 3: XneferX ($101 in chips) 
Seat 4: itaba ($17.98 in chips) 
Seat 5: Giorgi675 ($47.90 in chips) 
Seat 6: ImaPeppaPig ($105.94 in chips) 
Rdalonso: posts small blind $0.50
z00mba: posts big blind $1
*** HOLE CARDS ***
XneferX: raises $1.10 to $2.10
itaba: folds 
Giorgi675: folds 
ImaPeppaPig: folds 
Rdalonso: folds 
z00mba: folds 
Uncalled bet ($1.10) returned to XneferX
XneferX collected $2.50 from pot
XneferX: doesn't show hand 
*** SUMMARY ***
Total pot $2.50 | Rake $0 
Seat 1: Rdalonso (small blind) folded before Flop
Seat 2: z00mba (big blind) folded before Flop
Seat 3: XneferX collected ($2.50)
Seat 4: itaba folded before Flop (didn't bet)
Seat 5: Giorgi675 folded before Flop (didn't bet)
Seat 6: ImaPeppaPig (button) folded before Flop (didn't bet)



PokerStars Hand #254390488744:  Hold'em No Limit ($0.50/$1.00 USD) - 2025/01/15 22:40:23 WET [2025/01/15 17:40:23 ET]
Table 'Hanskya III' 6-max Seat #1 is the button
Seat 3: XneferX ($102.50 in chips) is sitting out
Seat 1: Rdalonso ($101.78 in chips) 
Seat 2: z00mba ($100 in chips) 
Seat 4: itaba ($17.98 in chips) 
Seat 5: Giorgi675 ($47.90 in chips) 
Seat 6: ImaPeppaPig ($105.94 in chips) 
z00mba: posts small blind $0.50
XneferX: is sitting out 
itaba: posts big blind $1
*** HOLE CARDS ***
Giorgi675: folds 
XneferX leaves the table
ImaPeppaPig: folds 
Rdalonso: folds 
Joe_Li7 joins the table at seat #3 
z00mba: folds 
Uncalled bet ($0.50) returned to itaba
itaba collected $1 from pot
itaba: doesn't show hand 
*** SUMMARY ***
Total pot $1 | Rake $0 
Seat 3: XneferX
Seat 1: Rdalonso (button) folded before Flop (didn't bet)
Seat 2: z00mba (small blind) folded before Flop
Seat 4: itaba (big blind) collected ($1)
Seat 5: Giorgi675 folded before Flop (didn't bet)
Seat 6: ImaPeppaPig folded before Flop (didn't bet)



PokerStars Hand #254390494179:  Hold'em No Limit ($0.50/$1.00 USD) - 2025/01/15 22:40:42 WET [2025/01/15 17:40:42 ET]
Table 'Hanskya III' 6-max Seat #2 is the button
Seat 3: Joe_Li7 ($100 in chips) is sitting out
Seat 1: Rdalonso ($101.78 in chips) 
Seat 2: z00mba ($100 in chips) 
Seat 4: itaba ($18.48 in chips) 
Seat 5: Giorgi675 ($47.90 in chips) 
Seat 6: ImaPeppaPig ($105.94 in chips) 
itaba: posts small blind $0.50
Giorgi675: posts big blind $1
*** HOLE CARDS ***
ImaPeppaPig: folds 
Rdalonso: folds 
z00mba: raises $1.50 to $2.50
itaba: folds 
Giorgi675: folds 
Uncalled bet ($1.50) returned to z00mba
z00mba collected $2.50 from pot
z00mba: doesn't show hand 
*** SUMMARY ***
Total pot $2.50 | Rake $0 
Seat 3: Joe_Li7
Seat 1: Rdalonso folded before Flop (didn't bet)
Seat 2: z00mba (button) collected ($2.50)
Seat 4: itaba (small blind) folded before Flop
Seat 5: Giorgi675 (big blind) folded before Flop
Seat 6: ImaPeppaPig folded before Flop (didn't bet)



PokerStars Hand #254390497988:  Hold'em No Limit ($0.50/$1.00 USD) - 2025/01/15 22:40:55 WET [2025/01/15 17:40:55 ET]
Table 'Hanskya III' 6-max Seat #4 is the button
Seat 3: Joe_Li7 ($100 in chips) is sitting out
Seat 1: Rdalonso ($101.78 in chips) 
Seat 2: z00mba ($101.50 in chips) 
Seat 4: itaba ($17.98 in chips) 
Seat 5: Giorgi675 ($46.90 in chips) 
Seat 6: ImaPeppaPig ($105.94 in chips) 
Giorgi675: posts small blind $0.50
ImaPeppaPig: posts big blind $1
Joe_Li7: sits out 
*** HOLE CARDS ***
Rdalonso: folds 
z00mba: folds 
itaba: folds 
Giorgi675: folds 
Uncalled bet ($0.50) returned to ImaPeppaPig
ImaPeppaPig collected $1 from pot
ImaPeppaPig: doesn't show hand 
*** SUMMARY ***
Total pot $1 | Rake $0 
Seat 3: Joe_Li7
Seat 1: Rdalonso folded before Flop (didn't bet)
Seat 2: z00mba folded before Flop (didn't bet)
Seat 4: itaba (button) folded before Flop (didn't bet)
Seat 5: Giorgi675 (small blind) folded before Flop
Seat 6: ImaPeppaPig (big blind) collected ($1)



PokerStars Hand #254390503096:  Hold'em No Limit ($0.50/$1.00 USD) - 2025/01/15 22:41:13 WET [2025/01/15 17:41:13 ET]
Table 'Hanskya III' 6-max Seat #5 is the button
Seat 1: Rdalonso ($101.78 in chips) is sitting out
Seat 3: Joe_Li7 ($100 in chips) is sitting out
Seat 2: z00mba ($101.50 in chips) 
Seat 4: itaba ($17.98 in chips) 
Seat 5: Giorgi675 ($46.40 in chips) 
Seat 6: ImaPeppaPig ($106.44 in chips) 
ImaPeppaPig: posts small blind $0.50
Rdalonso: is sitting out 
z00mba: posts big blind $1
Joe_Li7: sits out 
*** HOLE CARDS ***
itaba: folds 
Giorgi675: folds 
ImaPeppaPig: folds 
Uncalled bet ($0.50) returned to z00mba
Rdalonso leaves the table
z00mba collected $1 from pot
z00mba: doesn't show hand 
*** SUMMARY ***
Total pot $1 | Rake $0 
Seat 1: Rdalonso
Seat 3: Joe_Li7
Seat 2: z00mba (big blind) collected ($1)
Seat 4: itaba folded before Flop (didn't bet)
Seat 5: Giorgi675 (button) folded before Flop (didn't bet)
Seat 6: ImaPeppaPig (small blind) folded before Flop



PokerStars Hand #254390506177:  Hold'em No Limit ($0.50/$1.00 USD) - 2025/01/15 22:41:24 WET [2025/01/15 17:41:24 ET]
Table 'Hanskya III' 6-max Seat #6 is the button
Seat 2: z00mba ($102 in chips) 
Seat 3: Joe_Li7 ($100 in chips) 
Seat 4: itaba ($17.98 in chips) 
Seat 5: Giorgi675 ($46.40 in chips) 
Seat 6: ImaPeppaPig ($105.94 in chips) 
z00mba: posts small blind $0.50
Joe_Li7: posts big blind $1
*** HOLE CARDS ***
itaba: folds 
Giorgi675: folds 
ImaPeppaPig: folds 
numapu_33 joins the table at seat #1 
z00mba: folds 
Uncalled bet ($0.50) returned to Joe_Li7
Joe_Li7 collected $1 from pot
*** SUMMARY ***
Total pot $1 | Rake $0 
Seat 2: z00mba (small blind) folded before Flop
Seat 3: Joe_Li7 (big blind) collected ($1)
Seat 4: itaba folded before Flop (didn't bet)
Seat 5: Giorgi675 folded before Flop (didn't bet)
Seat 6: ImaPeppaPig (button) folded before Flop (didn't bet)



PokerStars Hand #254390510548:  Hold'em No Limit ($0.50/$1.00 USD) - 2025/01/15 22:41:39 WET [2025/01/15 17:41:39 ET]
Table 'Hanskya III' 6-max Seat #2 is the button
Seat 1: numapu_33 ($100 in chips) is sitting out
Seat 2: z00mba ($101.50 in chips) 
Seat 3: Joe_Li7 ($100.50 in chips) 
Seat 4: itaba ($17.98 in chips) 
Seat 5: Giorgi675 ($46.40 in chips) 
Seat 6: ImaPeppaPig ($105.94 in chips) 
Joe_Li7: posts small blind $0.50
itaba: posts big blind $1
numapu_33: sits out 
*** HOLE CARDS ***
Giorgi675: folds 
ImaPeppaPig: folds 
z00mba: raises $1.50 to $2.50
Joe_Li7: folds 
itaba: folds 
Uncalled bet ($1.50) returned to z00mba
z00mba collected $2.50 from pot
z00mba: doesn't show hand 
*** SUMMARY ***
Total pot $2.50 | Rake $0 
Seat 1: numapu_33
Seat 2: z00mba (button) collected ($2.50)
Seat 3: Joe_Li7 (small blind) folded before Flop
Seat 4: itaba (big blind) folded before Flop
Seat 5: Giorgi675 folded before Flop (didn't bet)
Seat 6: ImaPeppaPig folded before Flop (didn't bet)



PokerStars Hand #254390522189:  Hold'em No Limit ($0.50/$1.00 USD) - 2025/01/15 22:42:21 WET [2025/01/15 17:42:21 ET]
Table 'Hanskya III' 6-max Seat #3 is the button
Seat 1: numapu_33 ($100 in chips) is sitting out
Seat 2: z00mba ($103 in chips) 
Seat 3: Joe_Li7 ($100 in chips) 
Seat 4: itaba ($16.98 in chips) 
Seat 5: Giorgi675 ($46.40 in chips) 
Seat 6: ImaPeppaPig ($105.94 in chips) 
itaba: posts small blind $0.50
Giorgi675: posts big blind $1
numapu_33: sits out 
*** HOLE CARDS ***
ImaPeppaPig: folds 
z00mba: folds 
Joe_Li7: raises $1.50 to $2.50
itaba: raises $2 to $4.50
Giorgi675: folds 
Joe_Li7: raises $15.50 to $20
itaba: folds 
Uncalled bet ($15.50) returned to Joe_Li7
Joe_Li7 collected $10 from pot
*** SUMMARY ***
Total pot $10 | Rake $0 
Seat 1: numapu_33
Seat 2: z00mba folded before Flop (didn't bet)
Seat 3: Joe_Li7 (button) collected ($10)
Seat 4: itaba (small blind) folded before Flop
Seat 5: Giorgi675 (big blind) folded before Flop
Seat 6: ImaPeppaPig folded before Flop (didn't bet)



PokerStars Hand #254390533806:  Hold'em No Limit ($0.50/$1.00 USD) - 2025/01/15 22:43:01 WET [2025/01/15 17:43:01 ET]
Table 'Hanskya III' 6-max Seat #4 is the button
Seat 1: numapu_33 ($100 in chips) is sitting out
Seat 2: z00mba ($103 in chips) 
Seat 3: Joe_Li7 ($105.50 in chips) 
Seat 4: itaba ($12.48 in chips) 
Seat 5: Giorgi675 ($45.40 in chips) 
Seat 6: ImaPeppaPig ($105.94 in chips) 
Giorgi675: posts small blind $0.50
ImaPeppaPig: posts big blind $1
numapu_33: sits out 
*** HOLE CARDS ***
z00mba: folds 
Joe_Li7: folds 
itaba: raises $1 to $2
Giorgi675: folds 
ImaPeppaPig: folds 
Uncalled bet ($1) returned to itaba
itaba collected $2.50 from pot
itaba: doesn't show hand 
*** SUMMARY ***
Total pot $2.50 | Rake $0 
Seat 1: numapu_33
Seat 2: z00mba folded before Flop (didn't bet)
Seat 3: Joe_Li7 folded before Flop (didn't bet)
Seat 4: itaba (button) collected ($2.50)
Seat 5: Giorgi675 (small blind) folded before Flop
Seat 6: ImaPeppaPig (big blind) folded before Flop



PokerStars Hand #254390538063:  Hold'em No Limit ($0.50/$1.00 USD) - 2025/01/15 22:43:16 WET [2025/01/15 17:43:16 ET]
Table 'Hanskya III' 6-max Seat #5 is the button
Seat 1: numapu_33 ($100 in chips) 
Seat 2: z00mba ($103 in chips) 
Seat 3: Joe_Li7 ($105.50 in chips) 
Seat 4: itaba ($13.98 in chips) 
Seat 5: Giorgi675 ($44.90 in chips) 
Seat 6: ImaPeppaPig ($104.94 in chips) 
ImaPeppaPig: posts small blind $0.50
numapu_33: posts big blind $1
*** HOLE CARDS ***
z00mba: folds 
Joe_Li7: folds 
itaba: folds 
Giorgi675: folds 
ImaPeppaPig: raises $2 to $3
numapu_33: raises $7 to $10
ImaPeppaPig: folds 
Uncalled bet ($7) returned to numapu_33
numapu_33 collected $6 from pot
numapu_33: doesn't show hand 
*** SUMMARY ***
Total pot $6 | Rake $0 
Seat 1: numapu_33 (big blind) collected ($6)
Seat 2: z00mba folded before Flop (didn't bet)
Seat 3: Joe_Li7 folded before Flop (didn't bet)
Seat 4: itaba folded before Flop (didn't bet)
Seat 5: Giorgi675 (button) folded before Flop (didn't bet)
Seat 6: ImaPeppaPig (small blind) folded before Flop



PokerStars Hand #254390546777:  Hold'em No Limit ($0.50/$1.00 USD) - 2025/01/15 22:43:47 WET [2025/01/15 17:43:47 ET]
Table 'Hanskya III' 6-max Seat #6 is the button
Seat 1: numapu_33 ($103 in chips) 
Seat 2: z00mba ($103 in chips) 
Seat 3: Joe_Li7 ($105.50 in chips) 
Seat 4: itaba ($17.98 in chips) 
Seat 5: Giorgi675 ($44.90 in chips) 
Seat 6: ImaPeppaPig ($101.94 in chips) 
numapu_33: posts small blind $0.50
z00mba: posts big blind $1
*** HOLE CARDS ***
Joe_Li7: folds 
itaba: raises $1 to $2
Giorgi675: folds 
ImaPeppaPig: folds 
numapu_33: raises $6 to $8
z00mba: folds 
itaba: folds 
Uncalled bet ($6) returned to numapu_33
numapu_33 collected $5 from pot
numapu_33: doesn't show hand 
*** SUMMARY ***
Total pot $5 | Rake $0 
Seat 1: numapu_33 (small blind) collected ($5)
Seat 2: z00mba (big blind) folded before Flop
Seat 3: Joe_Li7 folded before Flop (didn't bet)
Seat 4: itaba folded before Flop
Seat 5: Giorgi675 folded before Flop (didn't bet)
Seat 6: ImaPeppaPig (button) folded before Flop (didn't bet)



PokerStars Hand #254390558351:  Hold'em No Limit ($0.50/$1.00 USD) - 2025/01/15 22:44:28 WET [2025/01/15 17:44:28 ET]
Table 'Hanskya III' 6-max Seat #1 is the button
Seat 1: numapu_33 ($106 in chips) 
Seat 2: z00mba ($102 in chips) 
Seat 3: Joe_Li7 ($105.50 in chips) 
Seat 4: itaba ($17.98 in chips) 
Seat 5: Giorgi675 ($44.90 in chips) 
Seat 6: ImaPeppaPig ($101.94 in chips) 
z00mba: posts small blind $0.50
Joe_Li7: posts big blind $1
*** HOLE CARDS ***
itaba: folds 
Giorgi675: folds 
ImaPeppaPig: folds 
numapu_33: raises $1.50 to $2.50
z00mba: folds 
Joe_Li7: folds 
Uncalled bet ($1.50) returned to numapu_33
numapu_33 collected $2.50 from pot
numapu_33: doesn't show hand 
*** SUMMARY ***
Total pot $2.50 | Rake $0 
Seat 1: numapu_33 (button) collected ($2.50)
Seat 2: z00mba (small blind) folded before Flop
Seat 3: Joe_Li7 (big blind) folded before Flop
Seat 4: itaba folded before Flop (didn't bet)
Seat 5: Giorgi675 folded before Flop (didn't bet)
Seat 6: ImaPeppaPig folded before Flop (didn't bet)



PokerStars Hand #254390562613:  Hold'em No Limit ($0.50/$1.00 USD) - 2025/01/15 22:44:43 WET [2025/01/15 17:44:43 ET]
Table 'Hanskya III' 6-max Seat #2 is the button
Seat 4: itaba ($17.98 in chips) is sitting out
Seat 1: numapu_33 ($107.50 in chips) 
Seat 2: z00mba ($101.50 in chips) 
Seat 3: Joe_Li7 ($104.50 in chips) 
Seat 5: Giorgi675 ($44.90 in chips) 
Seat 6: ImaPeppaPig ($101.94 in chips) 
Joe_Li7: posts small blind $0.50
itaba: is sitting out 
Giorgi675: posts big blind $1
*** HOLE CARDS ***
ImaPeppaPig: raises $1.50 to $2.50
itaba leaves the table
numapu_33: folds 
z00mba: folds 
Joe_Li7: folds 
Giorgi675: calls $1.50
*** FLOP *** [Ad 6d Jh]
Giorgi675: checks 
ImaPeppaPig: bets $1.62
Giorgi675: folds 
Uncalled bet ($1.62) returned to ImaPeppaPig
ImaPeppaPig collected $5.22 from pot
ImaPeppaPig: doesn't show hand 
*** SUMMARY ***
Total pot $5.50 | Rake $0.28 
Board [Ad 6d Jh]
Seat 4: itaba
Seat 1: numapu_33 folded before Flop (didn't bet)
Seat 2: z00mba (button) folded before Flop (didn't bet)
Seat 3: Joe_Li7 (small blind) folded before Flop
Seat 5: Giorgi675 (big blind) folded on the Flop
Seat 6: ImaPeppaPig collected ($5.22)



PokerStars Hand #254390571998:  Hold'em No Limit ($0.50/$1.00 USD) - 2025/01/15 22:45:15 WET [2025/01/15 17:45:15 ET]
Table 'Hanskya III' 6-max Seat #3 is the button
Seat 1: numapu_33 ($107.50 in chips) 
Seat 2: z00mba ($101.50 in chips) 
Seat 3: Joe_Li7 ($104 in chips) 
Seat 5: Giorgi675 ($42.40 in chips) 
Seat 6: ImaPeppaPig ($104.66 in chips) 
Giorgi675: posts small blind $0.50
ImaPeppaPig: posts big blind $1
*** HOLE CARDS ***
numapu_33: folds 
z00mba: folds 
Joe_Li7: raises $1.50 to $2.50
Giorgi675: folds 
ImaPeppaPig: raises $9.50 to $12
Joe_Li7: folds 
Uncalled bet ($9.50) returned to ImaPeppaPig
ImaPeppaPig collected $5.50 from pot
ImaPeppaPig: doesn't show hand 
*** SUMMARY ***
Total pot $5.50 | Rake $0 
Seat 1: numapu_33 folded before Flop (didn't bet)
Seat 2: z00mba folded before Flop (didn't bet)
Seat 3: Joe_Li7 (button) folded before Flop
Seat 5: Giorgi675 (small blind) folded before Flop
Seat 6: ImaPeppaPig (big blind) collected ($5.50)



PokerStars Hand #254390577340:  Hold'em No Limit ($0.50/$1.00 USD) - 2025/01/15 22:45:34 WET [2025/01/15 17:45:34 ET]
Table 'Hanskya III' 6-max Seat #5 is the button
Seat 1: numapu_33 ($107.50 in chips) 
Seat 2: z00mba ($101.50 in chips) 
Seat 3: Joe_Li7 ($101.50 in chips) 
Seat 5: Giorgi675 ($41.90 in chips) 
Seat 6: ImaPeppaPig ($107.66 in chips) 
ImaPeppaPig: posts small blind $0.50
numapu_33: posts big blind $1
*** HOLE CARDS ***
z00mba: folds 
z00mba leaves the table
Joe_Li7: folds 
Giorgi675: folds 
ImaPeppaPig: raises $2 to $3
numapu_33: folds 
Uncalled bet ($2) returned to ImaPeppaPig
avstero joins the table at seat #4 
ImaPeppaPig collected $2 from pot
ImaPeppaPig: doesn't show hand 
*** SUMMARY ***
Total pot $2 | Rake $0 
Seat 1: numapu_33 (big blind) folded before Flop
Seat 2: z00mba folded before Flop (didn't bet)
Seat 3: Joe_Li7 folded before Flop (didn't bet)
Seat 5: Giorgi675 (button) folded before Flop (didn't bet)
Seat 6: ImaPeppaPig (small blind) collected ($2)



PokerStars Hand #254390581862:  Hold'em No Limit ($0.50/$1.00 USD) - 2025/01/15 22:45:50 WET [2025/01/15 17:45:50 ET]
Table 'Hanskya III' 6-max Seat #6 is the button
Seat 4: avstero ($100 in chips) is sitting out
Seat 1: numapu_33 ($106.50 in chips) 
Seat 3: Joe_Li7 ($101.50 in chips) 
Seat 5: Giorgi675 ($41.90 in chips) 
Seat 6: ImaPeppaPig ($108.66 in chips) 
numapu_33: posts small blind $0.50
Joe_Li7: posts big blind $1
avstero: sits out 
*** HOLE CARDS ***
Giorgi675: folds 
ImaPeppaPig: folds 
numapu_33: raises $2 to $3
Joe_Li7: folds 
Uncalled bet ($2) returned to numapu_33
numapu_33 collected $2 from pot
numapu_33: doesn't show hand 
*** SUMMARY ***
Total pot $2 | Rake $0 
Seat 4: avstero
Seat 1: numapu_33 (small blind) collected ($2)
Seat 3: Joe_Li7 (big blind) folded before Flop
Seat 5: Giorgi675 folded before Flop (didn't bet)
Seat 6: ImaPeppaPig (button) folded before Flop (didn't bet)



PokerStars Hand #254390585725:  Hold'em No Limit ($0.50/$1.00 USD) - 2025/01/15 22:46:03 WET [2025/01/15 17:46:03 ET]
Table 'Hanskya III' 6-max Seat #1 is the button
Seat 1: numapu_33 ($107.50 in chips) 
Seat 3: Joe_Li7 ($100.50 in chips) 
Seat 4: avstero ($100 in chips) 
Seat 5: Giorgi675 ($41.90 in chips) 
Seat 6: ImaPeppaPig ($108.66 in chips) 
Joe_Li7: posts small blind $0.50
avstero: posts big blind $1
*** HOLE CARDS ***
Giorgi675: raises $1 to $2
ImaPeppaPig: folds 
numapu_33: folds 
Joe_Li7: folds 
avstero: folds 
Uncalled bet ($1) returned to Giorgi675
Giorgi675 collected $2.50 from pot
*** SUMMARY ***
Total pot $2.50 | Rake $0 
Seat 1: numapu_33 (button) folded before Flop (didn't bet)
Seat 3: Joe_Li7 (small blind) folded before Flop
Seat 4: avstero (big blind) folded before Flop
Seat 5: Giorgi675 collected ($2.50)
Seat 6: ImaPeppaPig folded before Flop (didn't bet)



PokerStars Hand #254390588859:  Hold'em No Limit ($0.50/$1.00 USD) - 2025/01/15 22:46:14 WET [2025/01/15 17:46:14 ET]
Table 'Hanskya III' 6-max Seat #3 is the button
Seat 1: numapu_33 ($107.50 in chips) 
Seat 3: Joe_Li7 ($100 in chips) 
Seat 4: avstero ($99 in chips) 
Seat 5: Giorgi675 ($43.40 in chips) 
Seat 6: ImaPeppaPig ($108.66 in chips) 
avstero: posts small blind $0.50
Giorgi675: posts big blind $1
*** HOLE CARDS ***
ImaPeppaPig: folds 
numapu_33: folds 
Joe_Li7: raises $1.50 to $2.50
avstero: folds 
Giorgi675: calls $1.50
*** FLOP *** [Jd 2d 6c]
Giorgi675: checks 
Joe_Li7: bets $3.50
Giorgi675: calls $3.50
*** TURN *** [Jd 2d 6c] [Qd]
Giorgi675: checks 
Joe_Li7: checks 
*** RIVER *** [Jd 2d 6c Qd] [7c]
Giorgi675: checks 
Joe_Li7: bets $7.62
Giorgi675: calls $7.62
*** SHOW DOWN ***
Joe_Li7: shows [Kc Kh] (a pair of Kings)
Giorgi675: shows [Qh Jc] (two pair, Queens and Jacks)
Giorgi675 collected $26.35 from pot
*** SUMMARY ***
Total pot $27.74 | Rake $1.39 
Board [Jd 2d 6c Qd 7c]
Seat 1: numapu_33 folded before Flop (didn't bet)
Seat 3: Joe_Li7 (button) showed [Kc Kh] and lost with a pair of Kings
Seat 4: avstero (small blind) folded before Flop
Seat 5: Giorgi675 (big blind) showed [Qh Jc] and won ($26.35) with two pair, Queens and Jacks
Seat 6: ImaPeppaPig folded before Flop (didn't bet)



PokerStars Hand #254390612165:  Hold'em No Limit ($0.50/$1.00 USD) - 2025/01/15 22:47:36 WET [2025/01/15 17:47:36 ET]
Table 'Hanskya III' 6-max Seat #4 is the button
Seat 1: numapu_33 ($107.50 in chips) 
Seat 3: Joe_Li7 ($100 in chips) 
Seat 4: avstero ($100 in chips) 
Seat 5: Giorgi675 ($56.13 in chips) 
Seat 6: ImaPeppaPig ($108.66 in chips) 
Giorgi675: posts small blind $0.50
ImaPeppaPig: posts big blind $1
*** HOLE CARDS ***
numapu_33: folds 
Joe_Li7: folds 
avstero: raises $1.20 to $2.20
Giorgi675: folds 
ImaPeppaPig: folds 
Uncalled bet ($1.20) returned to avstero
avstero collected $2.50 from pot
avstero: doesn't show hand 
ptolejmus joins the table at seat #2 
*** SUMMARY ***
Total pot $2.50 | Rake $0 
Seat 1: numapu_33 folded before Flop (didn't bet)
Seat 3: Joe_Li7 folded before Flop (didn't bet)
Seat 4: avstero (button) collected ($2.50)
Seat 5: Giorgi675 (small blind) folded before Flop
Seat 6: ImaPeppaPig (big blind) folded before Flop



PokerStars Hand #254390615591:  Hold'em No Limit ($0.50/$1.00 USD) - 2025/01/15 22:47:48 WET [2025/01/15 17:47:48 ET]
Table 'Hanskya III' 6-max Seat #5 is the button
Seat 2: ptolejmus ($10 in chips) is sitting out
Seat 1: numapu_33 ($107.50 in chips) 
Seat 3: Joe_Li7 ($100 in chips) 
Seat 4: avstero ($101.50 in chips) 
Seat 5: Giorgi675 ($55.63 in chips) 
Seat 6: ImaPeppaPig ($107.66 in chips) 
ImaPeppaPig: posts small blind $0.50
numapu_33: posts big blind $1
ptolejmus: sits out 
*** HOLE CARDS ***
Joe_Li7: raises $1.20 to $2.20
avstero: folds 
Giorgi675: folds 
ImaPeppaPig: folds 
numapu_33: folds 
Uncalled bet ($1.20) returned to Joe_Li7
Joe_Li7 collected $2.50 from pot
*** SUMMARY ***
Total pot $2.50 | Rake $0 
Seat 2: ptolejmus
Seat 1: numapu_33 (big blind) folded before Flop
Seat 3: Joe_Li7 collected ($2.50)
Seat 4: avstero folded before Flop (didn't bet)
Seat 5: Giorgi675 (button) folded before Flop (didn't bet)
Seat 6: ImaPeppaPig (small blind) folded before Flop



PokerStars Hand #254390620226:  Hold'em No Limit ($0.50/$1.00 USD) - 2025/01/15 22:48:04 WET [2025/01/15 17:48:04 ET]
Table 'Hanskya III' 6-max Seat #6 is the button
Seat 1: numapu_33 ($106.50 in chips) 
Seat 2: ptolejmus ($10 in chips) 
Seat 3: Joe_Li7 ($101.50 in chips) 
Seat 4: avstero ($101.50 in chips) 
Seat 5: Giorgi675 ($55.63 in chips) 
Seat 6: ImaPeppaPig ($107.16 in chips) 
numapu_33: posts small blind $0.50
ptolejmus: posts big blind $1
*** HOLE CARDS ***
Joe_Li7: folds 
avstero: raises $1.20 to $2.20
Giorgi675: folds 
ImaPeppaPig: folds 
numapu_33: folds 
ptolejmus: folds 
Uncalled bet ($1.20) returned to avstero
avstero collected $2.50 from pot
avstero: doesn't show hand 
*** SUMMARY ***
Total pot $2.50 | Rake $0 
Seat 1: numapu_33 (small blind) folded before Flop
Seat 2: ptolejmus (big blind) folded before Flop
Seat 3: Joe_Li7 folded before Flop (didn't bet)
Seat 4: avstero collected ($2.50)
Seat 5: Giorgi675 folded before Flop (didn't bet)
Seat 6: ImaPeppaPig (button) folded before Flop (didn't bet)



PokerStars Hand #254390628105:  Hold'em No Limit ($0.50/$1.00 USD) - 2025/01/15 22:48:32 WET [2025/01/15 17:48:32 ET]
Table 'Hanskya III' 6-max Seat #1 is the button
Seat 1: numapu_33 ($106 in chips) 
Seat 2: ptolejmus ($10 in chips) 
Seat 3: Joe_Li7 ($101.50 in chips) 
Seat 4: avstero ($103 in chips) 
Seat 5: Giorgi675 ($55.63 in chips) 
Seat 6: ImaPeppaPig ($107.16 in chips) 
ptolejmus: posts small blind $0.50
Joe_Li7: posts big blind $1
*** HOLE CARDS ***
avstero: folds 
Giorgi675: folds 
ImaPeppaPig: folds 
numapu_33: raises $1.50 to $2.50
ptolejmus: folds 
Joe_Li7: folds 
Uncalled bet ($1.50) returned to numapu_33
numapu_33 collected $2.50 from pot
numapu_33: doesn't show hand 
*** SUMMARY ***
Total pot $2.50 | Rake $0 
Seat 1: numapu_33 (button) collected ($2.50)
Seat 2: ptolejmus (small blind) folded before Flop
Seat 3: Joe_Li7 (big blind) folded before Flop
Seat 4: avstero folded before Flop (didn't bet)
Seat 5: Giorgi675 folded before Flop (didn't bet)
Seat 6: ImaPeppaPig folded before Flop (didn't bet)



PokerStars Hand #254390632727:  Hold'em No Limit ($0.50/$1.00 USD) - 2025/01/15 22:48:48 WET [2025/01/15 17:48:48 ET]
Table 'Hanskya III' 6-max Seat #2 is the button
Seat 1: numapu_33 ($107.50 in chips) 
Seat 2: ptolejmus ($10 in chips) 
Seat 3: Joe_Li7 ($100.50 in chips) 
Seat 4: avstero ($103 in chips) 
Seat 5: Giorgi675 ($55.63 in chips) 
Seat 6: ImaPeppaPig ($107.16 in chips) 
Joe_Li7: posts small blind $0.50
avstero: posts big blind $1
*** HOLE CARDS ***
Giorgi675: raises $1 to $2
ImaPeppaPig: folds 
numapu_33: folds 
ptolejmus: folds 
Joe_Li7: folds 
avstero: folds 
Uncalled bet ($1) returned to Giorgi675
Giorgi675 collected $2.50 from pot
*** SUMMARY ***
Total pot $2.50 | Rake $0 
Seat 1: numapu_33 folded before Flop (didn't bet)
Seat 2: ptolejmus (button) folded before Flop (didn't bet)
Seat 3: Joe_Li7 (small blind) folded before Flop
Seat 4: avstero (big blind) folded before Flop
Seat 5: Giorgi675 collected ($2.50)
Seat 6: ImaPeppaPig folded before Flop (didn't bet)



PokerStars Hand #254390636446:  Hold'em No Limit ($0.50/$1.00 USD) - 2025/01/15 22:49:01 WET [2025/01/15 17:49:01 ET]
Table 'Hanskya III' 6-max Seat #3 is the button
Seat 1: numapu_33 ($107.50 in chips) 
Seat 2: ptolejmus ($10 in chips) 
Seat 3: Joe_Li7 ($100 in chips) 
Seat 4: avstero ($102 in chips) 
Seat 5: Giorgi675 ($57.13 in chips) 
Seat 6: ImaPeppaPig ($107.16 in chips) 
avstero: posts small blind $0.50
Giorgi675: posts big blind $1
*** HOLE CARDS ***
ImaPeppaPig: folds 
numapu_33: folds 
ptolejmus: folds 
Joe_Li7: raises $1.50 to $2.50
avstero: raises $9.50 to $12
Giorgi675: folds 
Joe_Li7: folds 
Uncalled bet ($9.50) returned to avstero
avstero collected $6 from pot
avstero: doesn't show hand 
*** SUMMARY ***
Total pot $6 | Rake $0 
Seat 1: numapu_33 folded before Flop (didn't bet)
Seat 2: ptolejmus folded before Flop (didn't bet)
Seat 3: Joe_Li7 (button) folded before Flop
Seat 4: avstero (small blind) collected ($6)
Seat 5: Giorgi675 (big blind) folded before Flop
Seat 6: ImaPeppaPig folded before Flop (didn't bet)



PokerStars Hand #254390643978:  Hold'em No Limit ($0.50/$1.00 USD) - 2025/01/15 22:49:28 WET [2025/01/15 17:49:28 ET]
Table 'Hanskya III' 6-max Seat #4 is the button
Seat 1: numapu_33 ($107.50 in chips) 
Seat 2: ptolejmus ($10 in chips) 
Seat 3: Joe_Li7 ($100 in chips) 
Seat 4: avstero ($105.50 in chips) 
Seat 5: Giorgi675 ($56.13 in chips) 
Seat 6: ImaPeppaPig ($107.16 in chips) 
Giorgi675: posts small blind $0.50
ImaPeppaPig: posts big blind $1
*** HOLE CARDS ***
numapu_33: folds 
ptolejmus: folds 
Joe_Li7: folds 
avstero: folds 
Giorgi675: raises $1 to $2
ImaPeppaPig: raises $6 to $8
Giorgi675: folds 
Uncalled bet ($6) returned to ImaPeppaPig
ImaPeppaPig collected $4 from pot
ImaPeppaPig: doesn't show hand 
*** SUMMARY ***
Total pot $4 | Rake $0 
Seat 1: numapu_33 folded before Flop (didn't bet)
Seat 2: ptolejmus folded before Flop (didn't bet)
Seat 3: Joe_Li7 folded before Flop (didn't bet)
Seat 4: avstero (button) folded before Flop (didn't bet)
Seat 5: Giorgi675 (small blind) folded before Flop
Seat 6: ImaPeppaPig (big blind) collected ($4)



PokerStars Hand #254390651380:  Hold'em No Limit ($0.50/$1.00 USD) - 2025/01/15 22:49:54 WET [2025/01/15 17:49:54 ET]
Table 'Hanskya III' 6-max Seat #5 is the button
Seat 1: numapu_33 ($107.50 in chips) 
Seat 2: ptolejmus ($10 in chips) 
Seat 3: Joe_Li7 ($100 in chips) 
Seat 4: avstero ($105.50 in chips) 
Seat 5: Giorgi675 ($54.13 in chips) 
Seat 6: ImaPeppaPig ($109.16 in chips) 
ImaPeppaPig: posts small blind $0.50
numapu_33: posts big blind $1
*** HOLE CARDS ***
ptolejmus: folds 
Joe_Li7: folds 
avstero: folds 
Giorgi675: raises $1 to $2
ImaPeppaPig: folds 
numapu_33: folds 
Uncalled bet ($1) returned to Giorgi675
Giorgi675 collected $2.50 from pot
*** SUMMARY ***
Total pot $2.50 | Rake $0 
Seat 1: numapu_33 (big blind) folded before Flop
Seat 2: ptolejmus folded before Flop (didn't bet)
Seat 3: Joe_Li7 folded before Flop (didn't bet)
Seat 4: avstero folded before Flop (didn't bet)
Seat 5: Giorgi675 (button) collected ($2.50)
Seat 6: ImaPeppaPig (small blind) folded before Flop



PokerStars Hand #254390657940:  Hold'em No Limit ($0.50/$1.00 USD) - 2025/01/15 22:50:18 WET [2025/01/15 17:50:18 ET]
Table 'Hanskya III' 6-max Seat #6 is the button
Seat 1: numapu_33 ($106.50 in chips) 
Seat 2: ptolejmus ($10 in chips) 
Seat 3: Joe_Li7 ($100 in chips) 
Seat 4: avstero ($105.50 in chips) 
Seat 5: Giorgi675 ($55.63 in chips) 
Seat 6: ImaPeppaPig ($108.66 in chips) 
numapu_33: posts small blind $0.50
ptolejmus: posts big blind $1
*** HOLE CARDS ***
Joe_Li7: folds 
avstero: folds 
Giorgi675: folds 
ImaPeppaPig: folds 
numapu_33: folds 
Uncalled bet ($0.50) returned to ptolejmus
ptolejmus collected $1 from pot
*** SUMMARY ***
Total pot $1 | Rake $0 
Seat 1: numapu_33 (small blind) folded before Flop
Seat 2: ptolejmus (big blind) collected ($1)
Seat 3: Joe_Li7 folded before Flop (didn't bet)
Seat 4: avstero folded before Flop (didn't bet)
Seat 5: Giorgi675 folded before Flop (didn't bet)
Seat 6: ImaPeppaPig (button) folded before Flop (didn't bet)



PokerStars Hand #254390662726:  Hold'em No Limit ($0.50/$1.00 USD) - 2025/01/15 22:50:35 WET [2025/01/15 17:50:35 ET]
Table 'Hanskya III' 6-max Seat #1 is the button
Seat 1: numapu_33 ($106 in chips) 
Seat 2: ptolejmus ($10.50 in chips) 
Seat 3: Joe_Li7 ($100 in chips) 
Seat 4: avstero ($105.50 in chips) 
Seat 5: Giorgi675 ($55.63 in chips) 
Seat 6: ImaPeppaPig ($108.66 in chips) 
ptolejmus: posts small blind $0.50
Joe_Li7: posts big blind $1
*** HOLE CARDS ***
avstero: raises $1.20 to $2.20
Giorgi675: folds 
ImaPeppaPig: raises $4.80 to $7
numapu_33: folds 
ptolejmus: folds 
Joe_Li7: folds 
avstero: folds 
Uncalled bet ($4.80) returned to ImaPeppaPig
ImaPeppaPig collected $5.90 from pot
ImaPeppaPig: doesn't show hand 
*** SUMMARY ***
Total pot $5.90 | Rake $0 
Seat 1: numapu_33 (button) folded before Flop (didn't bet)
Seat 2: ptolejmus (small blind) folded before Flop
Seat 3: Joe_Li7 (big blind) folded before Flop
Seat 4: avstero folded before Flop
Seat 5: Giorgi675 folded before Flop (didn't bet)
Seat 6: ImaPeppaPig collected ($5.90)



PokerStars Hand #254390668888:  Hold'em No Limit ($0.50/$1.00 USD) - 2025/01/15 22:50:56 WET [2025/01/15 17:50:56 ET]
Table 'Hanskya III' 6-max Seat #2 is the button
Seat 1: numapu_33 ($106 in chips) 
Seat 2: ptolejmus ($10 in chips) 
Seat 3: Joe_Li7 ($100 in chips) 
Seat 4: avstero ($103.30 in chips) 
Seat 5: Giorgi675 ($55.63 in chips) 
Seat 6: ImaPeppaPig ($112.36 in chips) 
Joe_Li7: posts small blind $0.50
avstero: posts big blind $1
*** HOLE CARDS ***
Giorgi675: folds 
ImaPeppaPig: folds 
numapu_33: folds 
ptolejmus: folds 
Joe_Li7: raises $2 to $3
avstero: folds 
Uncalled bet ($2) returned to Joe_Li7
Joe_Li7 collected $2 from pot
*** SUMMARY ***
Total pot $2 | Rake $0 
Seat 1: numapu_33 folded before Flop (didn't bet)
Seat 2: ptolejmus (button) folded before Flop (didn't bet)
Seat 3: Joe_Li7 (small blind) collected ($2)
Seat 4: avstero (big blind) folded before Flop
Seat 5: Giorgi675 folded before Flop (didn't bet)
Seat 6: ImaPeppaPig folded before Flop (didn't bet)



PokerStars Hand #254390673652:  Hold'em No Limit ($0.50/$1.00 USD) - 2025/01/15 22:51:13 WET [2025/01/15 17:51:13 ET]
Table 'Hanskya III' 6-max Seat #3 is the button
Seat 1: numapu_33 ($106 in chips) 
Seat 2: ptolejmus ($10 in chips) 
Seat 3: Joe_Li7 ($101 in chips) 
Seat 4: avstero ($102.30 in chips) 
Seat 5: Giorgi675 ($55.63 in chips) 
Seat 6: ImaPeppaPig ($112.36 in chips) 
avstero: posts small blind $0.50
Giorgi675: posts big blind $1
*** HOLE CARDS ***
ImaPeppaPig: folds 
numapu_33: folds 
ptolejmus: raises $9 to $10 and is all-in
Joe_Li7: folds 
avstero: folds 
Giorgi675: folds 
Uncalled bet ($9) returned to ptolejmus
ptolejmus collected $2.50 from pot
*** SUMMARY ***
Total pot $2.50 | Rake $0 
Seat 1: numapu_33 folded before Flop (didn't bet)
Seat 2: ptolejmus collected ($2.50)
Seat 3: Joe_Li7 (button) folded before Flop (didn't bet)
Seat 4: avstero (small blind) folded before Flop
Seat 5: Giorgi675 (big blind) folded before Flop
Seat 6: ImaPeppaPig folded before Flop (didn't bet)



PokerStars Hand #254390678125:  Hold'em No Limit ($0.50/$1.00 USD) - 2025/01/15 22:51:29 WET [2025/01/15 17:51:29 ET]
Table 'Hanskya III' 6-max Seat #4 is the button
Seat 1: numapu_33 ($106 in chips) 
Seat 2: ptolejmus ($11.50 in chips) 
Seat 3: Joe_Li7 ($101 in chips) 
Seat 4: avstero ($101.80 in chips) 
Seat 5: Giorgi675 ($54.63 in chips) 
Seat 6: ImaPeppaPig ($112.36 in chips) 
Giorgi675: posts small blind $0.50
ImaPeppaPig: posts big blind $1
*** HOLE CARDS ***
numapu_33: folds 
ptolejmus: folds 
Joe_Li7: raises $1.20 to $2.20
avstero: raises $4.80 to $7
Giorgi675: folds 
ImaPeppaPig: folds 
Joe_Li7: raises $94 to $101 and is all-in
avstero: folds 
Uncalled bet ($94) returned to Joe_Li7
Joe_Li7 collected $15.50 from pot
*** SUMMARY ***
Total pot $15.50 | Rake $0 
Seat 1: numapu_33 folded before Flop (didn't bet)
Seat 2: ptolejmus folded before Flop (didn't bet)
Seat 3: Joe_Li7 collected ($15.50)
Seat 4: avstero (button) folded before Flop
Seat 5: Giorgi675 (small blind) folded before Flop
Seat 6: ImaPeppaPig (big blind) folded before Flop



PokerStars Hand #254390688638:  Hold'em No Limit ($0.50/$1.00 USD) - 2025/01/15 22:52:07 WET [2025/01/15 17:52:07 ET]
Table 'Hanskya III' 6-max Seat #5 is the button
Seat 1: numapu_33 ($106 in chips) 
Seat 2: ptolejmus ($11.50 in chips) 
Seat 3: Joe_Li7 ($109.50 in chips) 
Seat 4: avstero ($100 in chips) 
Seat 5: Giorgi675 ($54.13 in chips) 
Seat 6: ImaPeppaPig ($111.36 in chips) 
ImaPeppaPig: posts small blind $0.50
numapu_33: posts big blind $1
*** HOLE CARDS ***
ptolejmus: raises $1 to $2
Joe_Li7: folds 
avstero: folds 
Giorgi675: folds 
ImaPeppaPig: folds 
numapu_33: folds 
Uncalled bet ($1) returned to ptolejmus
ptolejmus collected $2.50 from pot
*** SUMMARY ***
Total pot $2.50 | Rake $0 
Seat 1: numapu_33 (big blind) folded before Flop
Seat 2: ptolejmus collected ($2.50)
Seat 3: Joe_Li7 folded before Flop (didn't bet)
Seat 4: avstero folded before Flop (didn't bet)
Seat 5: Giorgi675 (button) folded before Flop (didn't bet)
Seat 6: ImaPeppaPig (small blind) folded before Flop



PokerStars Hand #254390693232:  Hold'em No Limit ($0.50/$1.00 USD) - 2025/01/15 22:52:24 WET [2025/01/15 17:52:24 ET]
Table 'Hanskya III' 6-max Seat #6 is the button
Seat 1: numapu_33 ($105 in chips) 
Seat 2: ptolejmus ($13 in chips) 
Seat 3: Joe_Li7 ($109.50 in chips) 
Seat 4: avstero ($100 in chips) 
Seat 5: Giorgi675 ($54.13 in chips) 
Seat 6: ImaPeppaPig ($110.86 in chips) 
numapu_33: posts small blind $0.50
ptolejmus: posts big blind $1
*** HOLE CARDS ***
Joe_Li7: folds 
avstero: folds 
Giorgi675: folds 
ImaPeppaPig: folds 
numapu_33: raises $14 to $15
ptolejmus: folds 
Uncalled bet ($14) returned to numapu_33
numapu_33 collected $2 from pot
numapu_33: doesn't show hand 
*** SUMMARY ***
Total pot $2 | Rake $0 
Seat 1: numapu_33 (small blind) collected ($2)
Seat 2: ptolejmus (big blind) folded before Flop
Seat 3: Joe_Li7 folded before Flop (didn't bet)
Seat 4: avstero folded before Flop (didn't bet)
Seat 5: Giorgi675 folded before Flop (didn't bet)
Seat 6: ImaPeppaPig (button) folded before Flop (didn't bet)



PokerStars Hand #254390699904:  Hold'em No Limit ($0.50/$1.00 USD) - 2025/01/15 22:52:47 WET [2025/01/15 17:52:47 ET]
Table 'Hanskya III' 6-max Seat #1 is the button
Seat 1: numapu_33 ($106 in chips) 
Seat 2: ptolejmus ($12 in chips) 
Seat 3: Joe_Li7 ($109.50 in chips) 
Seat 4: avstero ($100 in chips) 
Seat 5: Giorgi675 ($54.13 in chips) 
Seat 6: ImaPeppaPig ($110.86 in chips) 
ptolejmus: posts small blind $0.50
Joe_Li7: posts big blind $1
*** HOLE CARDS ***
avstero: raises $1.20 to $2.20
Giorgi675: folds 
ImaPeppaPig: folds 
numapu_33: folds 
ptolejmus: folds 
Joe_Li7: calls $1.20
*** FLOP *** [9h Ah 4d]
Joe_Li7: checks 
avstero: bets $1.40
Joe_Li7: calls $1.40
*** TURN *** [9h Ah 4d] [3h]
Joe_Li7: checks 
avstero: bets $2.20
Joe_Li7: calls $2.20
*** RIVER *** [9h Ah 4d 3h] [7c]
Joe_Li7: checks 
avstero: checks 
*** SHOW DOWN ***
Joe_Li7: shows [Ac 3c] (two pair, Aces and Threes)
avstero: mucks hand 
Joe_Li7 collected $11.50 from pot
*** SUMMARY ***
Total pot $12.10 | Rake $0.60 
Board [9h Ah 4d 3h 7c]
Seat 1: numapu_33 (button) folded before Flop (didn't bet)
Seat 2: ptolejmus (small blind) folded before Flop
Seat 3: Joe_Li7 (big blind) showed [Ac 3c] and won ($11.50) with two pair, Aces and Threes
Seat 4: avstero mucked
Seat 5: Giorgi675 folded before Flop (didn't bet)
Seat 6: ImaPeppaPig folded before Flop (didn't bet)



PokerStars Hand #254390727978:  Hold'em No Limit ($0.50/$1.00 USD) - 2025/01/15 22:54:29 WET [2025/01/15 17:54:29 ET]
Table 'Hanskya III' 6-max Seat #2 is the button
Seat 1: numapu_33 ($106 in chips) 
Seat 2: ptolejmus ($11.50 in chips) 
Seat 3: Joe_Li7 ($115.20 in chips) 
Seat 4: avstero ($100 in chips) 
Seat 5: Giorgi675 ($54.13 in chips) 
Seat 6: ImaPeppaPig ($110.86 in chips) 
Joe_Li7: posts small blind $0.50
avstero: posts big blind $1
*** HOLE CARDS ***
Giorgi675: folds 
ImaPeppaPig: raises $1.50 to $2.50
numapu_33: raises $5 to $7.50
ptolejmus: folds 
Joe_Li7: folds 
avstero: folds 
ImaPeppaPig: calls $5
*** FLOP *** [9s 2c 5d]
ImaPeppaPig: checks 
numapu_33: checks 
*** TURN *** [9s 2c 5d] [8c]
ImaPeppaPig: checks 
numapu_33: checks 
*** RIVER *** [9s 2c 5d 8c] [5c]
ImaPeppaPig: bets $4.86
numapu_33: calls $4.86
*** SHOW DOWN ***
ImaPeppaPig: shows [6h 6s] (two pair, Sixes and Fives)
numapu_33: mucks hand 
ImaPeppaPig collected $24.91 from pot
*** SUMMARY ***
Total pot $26.22 | Rake $1.31 
Board [9s 2c 5d 8c 5c]
Seat 1: numapu_33 mucked
Seat 2: ptolejmus (button) folded before Flop (didn't bet)
Seat 3: Joe_Li7 (small blind) folded before Flop
Seat 4: avstero (big blind) folded before Flop
Seat 5: Giorgi675 folded before Flop (didn't bet)
Seat 6: ImaPeppaPig showed [6h 6s] and won ($24.91) with two pair, Sixes and Fives



PokerStars Hand #254390741499:  Hold'em No Limit ($0.50/$1.00 USD) - 2025/01/15 22:55:19 WET [2025/01/15 17:55:19 ET]
Table 'Hanskya III' 6-max Seat #3 is the button
Seat 1: numapu_33 ($100 in chips) 
Seat 2: ptolejmus ($11.50 in chips) 
Seat 3: Joe_Li7 ($114.70 in chips) 
Seat 4: avstero ($99 in chips) 
Seat 5: Giorgi675 ($54.13 in chips) 
Seat 6: ImaPeppaPig ($123.41 in chips) 
avstero: posts small blind $0.50
Giorgi675: posts big blind $1
*** HOLE CARDS ***
ImaPeppaPig: raises $1.50 to $2.50
numapu_33: folds 
ptolejmus: folds 
Joe_Li7: raises $5 to $7.50
avstero: folds 
Giorgi675: folds 
ImaPeppaPig: raises $14.50 to $22
Joe_Li7: folds 
Uncalled bet ($14.50) returned to ImaPeppaPig
ImaPeppaPig collected $16.50 from pot
ImaPeppaPig: doesn't show hand 
*** SUMMARY ***
Total pot $16.50 | Rake $0 
Seat 1: numapu_33 folded before Flop (didn't bet)
Seat 2: ptolejmus folded before Flop (didn't bet)
Seat 3: Joe_Li7 (button) folded before Flop
Seat 4: avstero (small blind) folded before Flop
Seat 5: Giorgi675 (big blind) folded before Flop
Seat 6: ImaPeppaPig collected ($16.50)



PokerStars Hand #254390747271:  Hold'em No Limit ($0.50/$1.00 USD) - 2025/01/15 22:55:48 WET [2025/01/15 17:55:48 ET]
Table 'Hanskya III' 6-max Seat #4 is the button
Seat 1: numapu_33 ($100 in chips) 
Seat 2: ptolejmus ($11.50 in chips) 
Seat 3: Joe_Li7 ($107.20 in chips) 
Seat 4: avstero ($100 in chips) 
Seat 5: Giorgi675 ($53.13 in chips) 
Seat 6: ImaPeppaPig ($132.41 in chips) 
Giorgi675: posts small blind $0.50
ImaPeppaPig: posts big blind $1
*** HOLE CARDS ***
numapu_33: raises $1.50 to $2.50
ptolejmus: folds 
Joe_Li7: folds 
avstero: folds 
Giorgi675: folds 
ImaPeppaPig: folds 
Uncalled bet ($1.50) returned to numapu_33
numapu_33 collected $2.50 from pot
numapu_33: doesn't show hand 
*** SUMMARY ***
Total pot $2.50 | Rake $0 
Seat 1: numapu_33 collected ($2.50)
Seat 2: ptolejmus folded before Flop (didn't bet)
Seat 3: Joe_Li7 folded before Flop (didn't bet)
Seat 4: avstero (button) folded before Flop (didn't bet)
Seat 5: Giorgi675 (small blind) folded before Flop
Seat 6: ImaPeppaPig (big blind) folded before Flop



PokerStars Hand #254390750258:  Hold'em No Limit ($0.50/$1.00 USD) - 2025/01/15 22:56:02 WET [2025/01/15 17:56:02 ET]
Table 'Hanskya III' 6-max Seat #5 is the button
Seat 1: numapu_33 ($101.50 in chips) 
Seat 2: ptolejmus ($11.50 in chips) 
Seat 3: Joe_Li7 ($107.20 in chips) 
Seat 4: avstero ($100 in chips) 
Seat 5: Giorgi675 ($52.63 in chips) 
Seat 6: ImaPeppaPig ($131.41 in chips) 
ImaPeppaPig: posts small blind $0.50
numapu_33: posts big blind $1
*** HOLE CARDS ***
ptolejmus: folds 
Joe_Li7: folds 
avstero: folds 
Giorgi675: folds 
ImaPeppaPig: raises $2 to $3
numapu_33: folds 
Uncalled bet ($2) returned to ImaPeppaPig
ImaPeppaPig collected $2 from pot
ImaPeppaPig: doesn't show hand 
*** SUMMARY ***
Total pot $2 | Rake $0 
Seat 1: numapu_33 (big blind) folded before Flop
Seat 2: ptolejmus folded before Flop (didn't bet)
Seat 3: Joe_Li7 folded before Flop (didn't bet)
Seat 4: avstero folded before Flop (didn't bet)
Seat 5: Giorgi675 (button) folded before Flop (didn't bet)
Seat 6: ImaPeppaPig (small blind) collected ($2)



PokerStars Hand #254390752798:  Hold'em No Limit ($0.50/$1.00 USD) - 2025/01/15 22:56:14 WET [2025/01/15 17:56:14 ET]
Table 'Hanskya III' 6-max Seat #6 is the button
Seat 1: numapu_33 ($100.50 in chips) 
Seat 2: ptolejmus ($11.50 in chips) 
Seat 3: Joe_Li7 ($107.20 in chips) 
Seat 4: avstero ($100 in chips) 
Seat 5: Giorgi675 ($52.63 in chips) 
Seat 6: ImaPeppaPig ($132.41 in chips) 
numapu_33: posts small blind $0.50
ptolejmus: posts big blind $1
*** HOLE CARDS ***
Joe_Li7: folds 
avstero: folds 
Giorgi675: folds 
ImaPeppaPig: folds 
numapu_33: folds 
Uncalled bet ($0.50) returned to ptolejmus
ptolejmus collected $1 from pot
*** SUMMARY ***
Total pot $1 | Rake $0 
Seat 1: numapu_33 (small blind) folded before Flop
Seat 2: ptolejmus (big blind) collected ($1)
Seat 3: Joe_Li7 folded before Flop (didn't bet)
Seat 4: avstero folded before Flop (didn't bet)
Seat 5: Giorgi675 folded before Flop (didn't bet)
Seat 6: ImaPeppaPig (button) folded before Flop (didn't bet)



PokerStars Hand #254390755146:  Hold'em No Limit ($0.50/$1.00 USD) - 2025/01/15 22:56:26 WET [2025/01/15 17:56:26 ET]
Table 'Hanskya III' 6-max Seat #1 is the button
Seat 1: numapu_33 ($100 in chips) 
Seat 2: ptolejmus ($12 in chips) 
Seat 3: Joe_Li7 ($107.20 in chips) 
Seat 4: avstero ($100 in chips) 
Seat 5: Giorgi675 ($52.63 in chips) 
Seat 6: ImaPeppaPig ($132.41 in chips) 
ptolejmus: posts small blind $0.50
Joe_Li7: posts big blind $1
*** HOLE CARDS ***
avstero: raises $1.20 to $2.20
Giorgi675: folds 
ImaPeppaPig: folds 
numapu_33: folds 
ptolejmus: folds 
Joe_Li7: folds 
Uncalled bet ($1.20) returned to avstero
avstero collected $2.50 from pot
avstero: doesn't show hand 
*** SUMMARY ***
Total pot $2.50 | Rake $0 
Seat 1: numapu_33 (button) folded before Flop (didn't bet)
Seat 2: ptolejmus (small blind) folded before Flop
Seat 3: Joe_Li7 (big blind) folded before Flop
Seat 4: avstero collected ($2.50)
Seat 5: Giorgi675 folded before Flop (didn't bet)
Seat 6: ImaPeppaPig folded before Flop (didn't bet)



PokerStars Hand #254390757820:  Hold'em No Limit ($0.50/$1.00 USD) - 2025/01/15 22:56:39 WET [2025/01/15 17:56:39 ET]
Table 'Hanskya III' 6-max Seat #2 is the button
Seat 1: numapu_33 ($100 in chips) 
Seat 2: ptolejmus ($11.50 in chips) 
Seat 3: Joe_Li7 ($106.20 in chips) 
Seat 4: avstero ($101.50 in chips) 
Seat 5: Giorgi675 ($52.63 in chips) 
Seat 6: ImaPeppaPig ($132.41 in chips) 
Joe_Li7: posts small blind $0.50
avstero: posts big blind $1
*** HOLE CARDS ***
Giorgi675: folds 
ImaPeppaPig: folds 
numapu_33: raises $1.50 to $2.50
ptolejmus: folds 
Joe_Li7: folds 
avstero: folds 
Uncalled bet ($1.50) returned to numapu_33
numapu_33 collected $2.50 from pot
numapu_33: doesn't show hand 
*** SUMMARY ***
Total pot $2.50 | Rake $0 
Seat 1: numapu_33 collected ($2.50)
Seat 2: ptolejmus (button) folded before Flop (didn't bet)
Seat 3: Joe_Li7 (small blind) folded before Flop
Seat 4: avstero (big blind) folded before Flop
Seat 5: Giorgi675 folded before Flop (didn't bet)
Seat 6: ImaPeppaPig folded before Flop (didn't bet)



PokerStars Hand #254390762877:  Hold'em No Limit ($0.50/$1.00 USD) - 2025/01/15 22:57:03 WET [2025/01/15 17:57:03 ET]
Table 'Hanskya III' 6-max Seat #3 is the button
Seat 1: numapu_33 ($101.50 in chips) 
Seat 2: ptolejmus ($11.50 in chips) 
Seat 3: Joe_Li7 ($105.70 in chips) 
Seat 4: avstero ($100.50 in chips) 
Seat 5: Giorgi675 ($52.63 in chips) 
Seat 6: ImaPeppaPig ($132.41 in chips) 
avstero: posts small blind $0.50
Giorgi675: posts big blind $1
*** HOLE CARDS ***
ImaPeppaPig: raises $1.50 to $2.50
numapu_33: folds 
ptolejmus: folds 
Joe_Li7: folds 
avstero: folds 
Giorgi675: folds 
Uncalled bet ($1.50) returned to ImaPeppaPig
ImaPeppaPig collected $2.50 from pot
ImaPeppaPig: doesn't show hand 
*** SUMMARY ***
Total pot $2.50 | Rake $0 
Seat 1: numapu_33 folded before Flop (didn't bet)
Seat 2: ptolejmus folded before Flop (didn't bet)
Seat 3: Joe_Li7 (button) folded before Flop (didn't bet)
Seat 4: avstero (small blind) folded before Flop
Seat 5: Giorgi675 (big blind) folded before Flop
Seat 6: ImaPeppaPig collected ($2.50)



PokerStars Hand #254390764759:  Hold'em No Limit ($0.50/$1.00 USD) - 2025/01/15 22:57:12 WET [2025/01/15 17:57:12 ET]
Table 'Hanskya III' 6-max Seat #4 is the button
Seat 1: numapu_33 ($101.50 in chips) 
Seat 2: ptolejmus ($11.50 in chips) 
Seat 3: Joe_Li7 ($105.70 in chips) 
Seat 4: avstero ($100 in chips) 
Seat 5: Giorgi675 ($51.63 in chips) 
Seat 6: ImaPeppaPig ($133.91 in chips) 
Giorgi675: posts small blind $0.50
ImaPeppaPig: posts big blind $1
*** HOLE CARDS ***
numapu_33: folds 
ptolejmus: folds 
Joe_Li7: folds 
avstero: raises $1.20 to $2.20
Giorgi675: folds 
ImaPeppaPig: folds 
Uncalled bet ($1.20) returned to avstero
avstero collected $2.50 from pot
avstero: doesn't show hand 
*** SUMMARY ***
Total pot $2.50 | Rake $0 
Seat 1: numapu_33 folded before Flop (didn't bet)
Seat 2: ptolejmus folded before Flop (didn't bet)
Seat 3: Joe_Li7 folded before Flop (didn't bet)
Seat 4: avstero (button) collected ($2.50)
Seat 5: Giorgi675 (small blind) folded before Flop
Seat 6: ImaPeppaPig (big blind) folded before Flop



PokerStars Hand #254390768118:  Hold'em No Limit ($0.50/$1.00 USD) - 2025/01/15 22:57:29 WET [2025/01/15 17:57:29 ET]
Table 'Hanskya III' 6-max Seat #5 is the button
Seat 1: numapu_33 ($101.50 in chips) 
Seat 2: ptolejmus ($11.50 in chips) 
Seat 3: Joe_Li7 ($105.70 in chips) 
Seat 4: avstero ($101.50 in chips) 
Seat 5: Giorgi675 ($51.13 in chips) 
Seat 6: ImaPeppaPig ($132.91 in chips) 
ImaPeppaPig: posts small blind $0.50
numapu_33: posts big blind $1
*** HOLE CARDS ***
ptolejmus: folds 
Joe_Li7: folds 
avstero: folds 
Giorgi675: calls $1
ImaPeppaPig: raises $5 to $6
numapu_33: folds 
Giorgi675: folds 
Uncalled bet ($5) returned to ImaPeppaPig
ImaPeppaPig collected $3 from pot
ImaPeppaPig: doesn't show hand 
*** SUMMARY ***
Total pot $3 | Rake $0 
Seat 1: numapu_33 (big blind) folded before Flop
Seat 2: ptolejmus folded before Flop (didn't bet)
Seat 3: Joe_Li7 folded before Flop (didn't bet)
Seat 4: avstero folded before Flop (didn't bet)
Seat 5: Giorgi675 (button) folded before Flop
Seat 6: ImaPeppaPig (small blind) collected ($3)



PokerStars Hand #254390771431:  Hold'em No Limit ($0.50/$1.00 USD) - 2025/01/15 22:57:45 WET [2025/01/15 17:57:45 ET]
Table 'Hanskya III' 6-max Seat #6 is the button
Seat 1: numapu_33 ($100.50 in chips) 
Seat 2: ptolejmus ($11.50 in chips) 
Seat 3: Joe_Li7 ($105.70 in chips) 
Seat 4: avstero ($101.50 in chips) 
Seat 5: Giorgi675 ($50.13 in chips) 
Seat 6: ImaPeppaPig ($134.91 in chips) 
numapu_33: posts small blind $0.50
ptolejmus: posts big blind $1
*** HOLE CARDS ***
Joe_Li7: folds 
avstero: raises $1.20 to $2.20
Giorgi675: folds 
ImaPeppaPig: folds 
numapu_33: folds 
ptolejmus: folds 
Uncalled bet ($1.20) returned to avstero
avstero collected $2.50 from pot
avstero: doesn't show hand 
*** SUMMARY ***
Total pot $2.50 | Rake $0 
Seat 1: numapu_33 (small blind) folded before Flop
Seat 2: ptolejmus (big blind) folded before Flop
Seat 3: Joe_Li7 folded before Flop (didn't bet)
Seat 4: avstero collected ($2.50)
Seat 5: Giorgi675 folded before Flop (didn't bet)
Seat 6: ImaPeppaPig (button) folded before Flop (didn't bet)



PokerStars Hand #254390774154:  Hold'em No Limit ($0.50/$1.00 USD) - 2025/01/15 22:57:58 WET [2025/01/15 17:57:58 ET]
Table 'Hanskya III' 6-max Seat #1 is the button
Seat 1: numapu_33 ($100 in chips) 
Seat 2: ptolejmus ($10.50 in chips) 
Seat 3: Joe_Li7 ($105.70 in chips) 
Seat 4: avstero ($103 in chips) 
Seat 5: Giorgi675 ($50.13 in chips) 
Seat 6: ImaPeppaPig ($134.91 in chips) 
ptolejmus: posts small blind $0.50
Joe_Li7: posts big blind $1
*** HOLE CARDS ***
avstero: folds 
Giorgi675: folds 
ImaPeppaPig: folds 
numapu_33: folds 
ptolejmus: raises $9.50 to $10.50 and is all-in
Joe_Li7: folds 
Uncalled bet ($9.50) returned to ptolejmus
ptolejmus collected $2 from pot
*** SUMMARY ***
Total pot $2 | Rake $0 
Seat 1: numapu_33 (button) folded before Flop (didn't bet)
Seat 2: ptolejmus (small blind) collected ($2)
Seat 3: Joe_Li7 (big blind) folded before Flop
Seat 4: avstero folded before Flop (didn't bet)
Seat 5: Giorgi675 folded before Flop (didn't bet)
Seat 6: ImaPeppaPig folded before Flop (didn't bet)



PokerStars Hand #254390778422:  Hold'em No Limit ($0.50/$1.00 USD) - 2025/01/15 22:58:19 WET [2025/01/15 17:58:19 ET]
Table 'Hanskya III' 6-max Seat #2 is the button
Seat 1: numapu_33 ($100 in chips) 
Seat 2: ptolejmus ($11.50 in chips) 
Seat 3: Joe_Li7 ($104.70 in chips) 
Seat 4: avstero ($103 in chips) 
Seat 5: Giorgi675 ($50.13 in chips) 
Seat 6: ImaPeppaPig ($134.91 in chips) 
Joe_Li7: posts small blind $0.50
avstero: posts big blind $1
*** HOLE CARDS ***
Giorgi675: raises $1 to $2
ImaPeppaPig: folds 
numapu_33: folds 
ptolejmus: folds 
Joe_Li7: folds 
avstero: folds 
Uncalled bet ($1) returned to Giorgi675
Giorgi675 collected $2.50 from pot
*** SUMMARY ***
Total pot $2.50 | Rake $0 
Seat 1: numapu_33 folded before Flop (didn't bet)
Seat 2: ptolejmus (button) folded before Flop (didn't bet)
Seat 3: Joe_Li7 (small blind) folded before Flop
Seat 4: avstero (big blind) folded before Flop
Seat 5: Giorgi675 collected ($2.50)
Seat 6: ImaPeppaPig folded before Flop (didn't bet)



PokerStars Hand #254390781292:  Hold'em No Limit ($0.50/$1.00 USD) - 2025/01/15 22:58:33 WET [2025/01/15 17:58:33 ET]
Table 'Hanskya III' 6-max Seat #3 is the button
Seat 1: numapu_33 ($100 in chips) 
Seat 2: ptolejmus ($11.50 in chips) 
Seat 3: Joe_Li7 ($104.20 in chips) 
Seat 4: avstero ($102 in chips) 
Seat 5: Giorgi675 ($51.63 in chips) 
Seat 6: ImaPeppaPig ($134.91 in chips) 
avstero: posts small blind $0.50
Giorgi675: posts big blind $1
*** HOLE CARDS ***
ImaPeppaPig: folds 
numapu_33: folds 
ptolejmus: folds 
Joe_Li7: folds 
avstero: raises $1.20 to $2.20
Giorgi675: folds 
Uncalled bet ($1.20) returned to avstero
avstero collected $2 from pot
avstero: doesn't show hand 
*** SUMMARY ***
Total pot $2 | Rake $0 
Seat 1: numapu_33 folded before Flop (didn't bet)
Seat 2: ptolejmus folded before Flop (didn't bet)
Seat 3: Joe_Li7 (button) folded before Flop (didn't bet)
Seat 4: avstero (small blind) collected ($2)
Seat 5: Giorgi675 (big blind) folded before Flop
Seat 6: ImaPeppaPig folded before Flop (didn't bet)



PokerStars Hand #254390784820:  Hold'em No Limit ($0.50/$1.00 USD) - 2025/01/15 22:58:50 WET [2025/01/15 17:58:50 ET]
Table 'Hanskya III' 6-max Seat #4 is the button
Seat 1: numapu_33 ($100 in chips) 
Seat 2: ptolejmus ($11.50 in chips) 
Seat 3: Joe_Li7 ($104.20 in chips) 
Seat 4: avstero ($103 in chips) 
Seat 5: Giorgi675 ($50.63 in chips) 
Seat 6: ImaPeppaPig ($134.91 in chips) 
Giorgi675: posts small blind $0.50
ImaPeppaPig: posts big blind $1
*** HOLE CARDS ***
numapu_33: folds 
ptolejmus: raises $10.50 to $11.50 and is all-in
Joe_Li7: folds 
avstero: folds 
Giorgi675: folds 
ImaPeppaPig: folds 
Uncalled bet ($10.50) returned to ptolejmus
ptolejmus collected $2.50 from pot
*** SUMMARY ***
Total pot $2.50 | Rake $0 
Seat 1: numapu_33 folded before Flop (didn't bet)
Seat 2: ptolejmus collected ($2.50)
Seat 3: Joe_Li7 folded before Flop (didn't bet)
Seat 4: avstero (button) folded before Flop (didn't bet)
Seat 5: Giorgi675 (small blind) folded before Flop
Seat 6: ImaPeppaPig (big blind) folded before Flop



PokerStars Hand #254390788480:  Hold'em No Limit ($0.50/$1.00 USD) - 2025/01/15 22:59:08 WET [2025/01/15 17:59:08 ET]
Table 'Hanskya III' 6-max Seat #5 is the button
Seat 1: numapu_33 ($100 in chips) 
Seat 2: ptolejmus ($13 in chips) 
Seat 3: Joe_Li7 ($104.20 in chips) 
Seat 4: avstero ($103 in chips) 
Seat 5: Giorgi675 ($50.13 in chips) 
Seat 6: ImaPeppaPig ($133.91 in chips) 
ImaPeppaPig: posts small blind $0.50
numapu_33: posts big blind $1
*** HOLE CARDS ***
ptolejmus: folds 
Joe_Li7: folds 
avstero: folds 
Giorgi675: folds 
ImaPeppaPig: folds 
Uncalled bet ($0.50) returned to numapu_33
numapu_33 collected $1 from pot
numapu_33: doesn't show hand 
*** SUMMARY ***
Total pot $1 | Rake $0 
Seat 1: numapu_33 (big blind) collected ($1)
Seat 2: ptolejmus folded before Flop (didn't bet)
Seat 3: Joe_Li7 folded before Flop (didn't bet)
Seat 4: avstero folded before Flop (didn't bet)
Seat 5: Giorgi675 (button) folded before Flop (didn't bet)
Seat 6: ImaPeppaPig (small blind) folded before Flop



PokerStars Hand #254390791644:  Hold'em No Limit ($0.50/$1.00 USD) - 2025/01/15 22:59:23 WET [2025/01/15 17:59:23 ET]
Table 'Hanskya III' 6-max Seat #6 is the button
Seat 1: numapu_33 ($100.50 in chips) 
Seat 2: ptolejmus ($13 in chips) 
Seat 3: Joe_Li7 ($104.20 in chips) 
Seat 4: avstero ($103 in chips) 
Seat 5: Giorgi675 ($50.13 in chips) 
Seat 6: ImaPeppaPig ($133.41 in chips) 
numapu_33: posts small blind $0.50
ptolejmus: posts big blind $1
*** HOLE CARDS ***
Joe_Li7: folds 
avstero: folds 
Giorgi675: calls $1
ImaPeppaPig: raises $3 to $4
numapu_33: folds 
ptolejmus: folds 
Giorgi675: calls $3
*** FLOP *** [7h 2c 9h]
Giorgi675: checks 
ImaPeppaPig: bets $4.69
Giorgi675: calls $4.69
*** TURN *** [7h 2c 9h] [Th]
Giorgi675: checks 
ImaPeppaPig: checks 
*** RIVER *** [7h 2c 9h Th] [8h]
Giorgi675: bets $41.44 and is all-in
ImaPeppaPig: folds 
Uncalled bet ($41.44) returned to Giorgi675
Giorgi675 collected $17.94 from pot
*** SUMMARY ***
Total pot $18.88 | Rake $0.94 
Board [7h 2c 9h Th 8h]
Seat 1: numapu_33 (small blind) folded before Flop
Seat 2: ptolejmus (big blind) folded before Flop
Seat 3: Joe_Li7 folded before Flop (didn't bet)
Seat 4: avstero folded before Flop (didn't bet)
Seat 5: Giorgi675 collected ($17.94)
Seat 6: ImaPeppaPig (button) folded on the River



PokerStars Hand #254390801935:  Hold'em No Limit ($0.50/$1.00 USD) - 2025/01/15 23:00:13 WET [2025/01/15 18:00:13 ET]
Table 'Hanskya III' 6-max Seat #1 is the button
Seat 1: numapu_33 ($100 in chips) 
Seat 2: ptolejmus ($12 in chips) 
Seat 3: Joe_Li7 ($104.20 in chips) 
Seat 4: avstero ($103 in chips) 
Seat 5: Giorgi675 ($59.38 in chips) 
Seat 6: ImaPeppaPig ($124.72 in chips) 
ptolejmus: posts small blind $0.50
Joe_Li7: posts big blind $1
*** HOLE CARDS ***
avstero: folds 
Giorgi675: folds 
ImaPeppaPig: folds 
numapu_33: folds 
ptolejmus: raises $11 to $12 and is all-in
Joe_Li7: folds 
Uncalled bet ($11) returned to ptolejmus
ptolejmus collected $2 from pot
*** SUMMARY ***
Total pot $2 | Rake $0 
Seat 1: numapu_33 (button) folded before Flop (didn't bet)
Seat 2: ptolejmus (small blind) collected ($2)
Seat 3: Joe_Li7 (big blind) folded before Flop
Seat 4: avstero folded before Flop (didn't bet)
Seat 5: Giorgi675 folded before Flop (didn't bet)
Seat 6: ImaPeppaPig folded before Flop (didn't bet)



PokerStars Hand #254390804692:  Hold'em No Limit ($0.50/$1.00 USD) - 2025/01/15 23:00:26 WET [2025/01/15 18:00:26 ET]
Table 'Hanskya III' 6-max Seat #2 is the button
Seat 1: numapu_33 ($100 in chips) 
Seat 2: ptolejmus ($13 in chips) 
Seat 3: Joe_Li7 ($103.20 in chips) 
Seat 4: avstero ($103 in chips) 
Seat 5: Giorgi675 ($59.38 in chips) 
Seat 6: ImaPeppaPig ($124.72 in chips) 
Joe_Li7: posts small blind $0.50
avstero: posts big blind $1
*** HOLE CARDS ***
Giorgi675: folds 
ImaPeppaPig: folds 
numapu_33: raises $1.50 to $2.50
ptolejmus: folds 
Joe_Li7: folds 
avstero: folds 
Uncalled bet ($1.50) returned to numapu_33
numapu_33 collected $2.50 from pot
numapu_33: doesn't show hand 
*** SUMMARY ***
Total pot $2.50 | Rake $0 
Seat 1: numapu_33 collected ($2.50)
Seat 2: ptolejmus (button) folded before Flop (didn't bet)
Seat 3: Joe_Li7 (small blind) folded before Flop
Seat 4: avstero (big blind) folded before Flop
Seat 5: Giorgi675 folded before Flop (didn't bet)
Seat 6: ImaPeppaPig folded before Flop (didn't bet)



PokerStars Hand #254390807838:  Hold'em No Limit ($0.50/$1.00 USD) - 2025/01/15 23:00:41 WET [2025/01/15 18:00:41 ET]
Table 'Hanskya III' 6-max Seat #3 is the button
Seat 1: numapu_33 ($101.50 in chips) 
Seat 2: ptolejmus ($13 in chips) 
Seat 3: Joe_Li7 ($102.70 in chips) 
Seat 4: avstero ($102 in chips) 
Seat 5: Giorgi675 ($59.38 in chips) 
Seat 6: ImaPeppaPig ($124.72 in chips) 
avstero: posts small blind $0.50
Giorgi675: posts big blind $1
*** HOLE CARDS ***
ImaPeppaPig: raises $1.50 to $2.50
numapu_33: folds 
ptolejmus: folds 
Joe_Li7: folds 
avstero: folds 
Giorgi675: folds 
Uncalled bet ($1.50) returned to ImaPeppaPig
ImaPeppaPig collected $2.50 from pot
ImaPeppaPig: doesn't show hand 
*** SUMMARY ***
Total pot $2.50 | Rake $0 
Seat 1: numapu_33 folded before Flop (didn't bet)
Seat 2: ptolejmus folded before Flop (didn't bet)
Seat 3: Joe_Li7 (button) folded before Flop (didn't bet)
Seat 4: avstero (small blind) folded before Flop
Seat 5: Giorgi675 (big blind) folded before Flop
Seat 6: ImaPeppaPig collected ($2.50)



PokerStars Hand #254390811522:  Hold'em No Limit ($0.50/$1.00 USD) - 2025/01/15 23:00:57 WET [2025/01/15 18:00:57 ET]
Table 'Hanskya III' 6-max Seat #4 is the button
Seat 1: numapu_33 ($101.50 in chips) 
Seat 2: ptolejmus ($13 in chips) 
Seat 3: Joe_Li7 ($102.70 in chips) 
Seat 4: avstero ($101.50 in chips) 
Seat 5: Giorgi675 ($58.38 in chips) 
Seat 6: ImaPeppaPig ($126.22 in chips) 
Giorgi675: posts small blind $0.50
ImaPeppaPig: posts big blind $1
*** HOLE CARDS ***
numapu_33: folds 
ptolejmus: folds 
Joe_Li7: folds 
avstero: raises $1.20 to $2.20
Giorgi675: folds 
ImaPeppaPig: folds 
Uncalled bet ($1.20) returned to avstero
avstero collected $2.50 from pot
avstero: doesn't show hand 
*** SUMMARY ***
Total pot $2.50 | Rake $0 
Seat 1: numapu_33 folded before Flop (didn't bet)
Seat 2: ptolejmus folded before Flop (didn't bet)
Seat 3: Joe_Li7 folded before Flop (didn't bet)
Seat 4: avstero (button) collected ($2.50)
Seat 5: Giorgi675 (small blind) folded before Flop
Seat 6: ImaPeppaPig (big blind) folded before Flop



PokerStars Hand #254390816267:  Hold'em No Limit ($0.50/$1.00 USD) - 2025/01/15 23:01:17 WET [2025/01/15 18:01:17 ET]
Table 'Hanskya III' 6-max Seat #5 is the button
Seat 1: numapu_33 ($101.50 in chips) 
Seat 2: ptolejmus ($13 in chips) 
Seat 3: Joe_Li7 ($102.70 in chips) 
Seat 4: avstero ($103 in chips) 
Seat 5: Giorgi675 ($57.88 in chips) 
Seat 6: ImaPeppaPig ($125.22 in chips) 
ImaPeppaPig: posts small blind $0.50
numapu_33: posts big blind $1
*** HOLE CARDS ***
ptolejmus: folds 
Joe_Li7: folds 
avstero: raises $1.20 to $2.20
Giorgi675: folds 
ImaPeppaPig: folds 
numapu_33: folds 
Uncalled bet ($1.20) returned to avstero
avstero collected $2.50 from pot
avstero: doesn't show hand 
*** SUMMARY ***
Total pot $2.50 | Rake $0 
Seat 1: numapu_33 (big blind) folded before Flop
Seat 2: ptolejmus folded before Flop (didn't bet)
Seat 3: Joe_Li7 folded before Flop (didn't bet)
Seat 4: avstero collected ($2.50)
Seat 5: Giorgi675 (button) folded before Flop (didn't bet)
Seat 6: ImaPeppaPig (small blind) folded before Flop



PokerStars Hand #254390819920:  Hold'em No Limit ($0.50/$1.00 USD) - 2025/01/15 23:01:32 WET [2025/01/15 18:01:32 ET]
Table 'Hanskya III' 6-max Seat #6 is the button
Seat 1: numapu_33 ($100.50 in chips) 
Seat 2: ptolejmus ($13 in chips) 
Seat 3: Joe_Li7 ($102.70 in chips) 
Seat 4: avstero ($104.50 in chips) 
Seat 5: Giorgi675 ($57.88 in chips) 
Seat 6: ImaPeppaPig ($124.72 in chips) 
numapu_33: posts small blind $0.50
ptolejmus: posts big blind $1
*** HOLE CARDS ***
Joe_Li7: folds 
avstero: raises $1.20 to $2.20
Giorgi675: calls $2.20
ImaPeppaPig: folds 
numapu_33: folds 
ptolejmus: folds 
*** FLOP *** [Kc 4h 6c]
avstero: checks 
Giorgi675: checks 
*** TURN *** [Kc 4h 6c] [8c]
avstero: checks 
Giorgi675: bets $2
avstero: folds 
Uncalled bet ($2) returned to Giorgi675
Giorgi675 collected $5.60 from pot
*** SUMMARY ***
Total pot $5.90 | Rake $0.30 
Board [Kc 4h 6c 8c]
Seat 1: numapu_33 (small blind) folded before Flop
Seat 2: ptolejmus (big blind) folded before Flop
Seat 3: Joe_Li7 folded before Flop (didn't bet)
Seat 4: avstero folded on the Turn
Seat 5: Giorgi675 collected ($5.60)
Seat 6: ImaPeppaPig (button) folded before Flop (didn't bet)



PokerStars Hand #254390838174:  Hold'em No Limit ($0.50/$1.00 USD) - 2025/01/15 23:02:40 WET [2025/01/15 18:02:40 ET]
Table 'Hanskya III' 6-max Seat #1 is the button
Seat 1: numapu_33 ($100 in chips) 
Seat 2: ptolejmus ($12 in chips) 
Seat 3: Joe_Li7 ($102.70 in chips) 
Seat 4: avstero ($102.30 in chips) 
Seat 5: Giorgi675 ($61.28 in chips) 
Seat 6: ImaPeppaPig ($124.72 in chips) 
ptolejmus: posts small blind $0.50
Joe_Li7: posts big blind $1
*** HOLE CARDS ***
avstero: folds 
Giorgi675: calls $1
ImaPeppaPig: folds 
numapu_33: folds 
ptolejmus: folds 
Joe_Li7: checks 
*** FLOP *** [6c 9c 3s]
Joe_Li7: checks 
Giorgi675: checks 
*** TURN *** [6c 9c 3s] [5d]
Joe_Li7: bets $1.59
Giorgi675: calls $1.59
*** RIVER *** [6c 9c 3s 5d] [7d]
Joe_Li7: bets $3.78
Giorgi675: folds 
Uncalled bet ($3.78) returned to Joe_Li7
Joe_Li7 collected $5.40 from pot
*** SUMMARY ***
Total pot $5.68 | Rake $0.28 
Board [6c 9c 3s 5d 7d]
Seat 1: numapu_33 (button) folded before Flop (didn't bet)
Seat 2: ptolejmus (small blind) folded before Flop
Seat 3: Joe_Li7 (big blind) collected ($5.40)
Seat 4: avstero folded before Flop (didn't bet)
Seat 5: Giorgi675 folded on the River
Seat 6: ImaPeppaPig folded before Flop (didn't bet)



PokerStars Hand #254390850670:  Hold'em No Limit ($0.50/$1.00 USD) - 2025/01/15 23:03:26 WET [2025/01/15 18:03:26 ET]
Table 'Hanskya III' 6-max Seat #2 is the button
Seat 1: numapu_33 ($100 in chips) 
Seat 2: ptolejmus ($11.50 in chips) 
Seat 3: Joe_Li7 ($105.51 in chips) 
Seat 4: avstero ($102.30 in chips) 
Seat 5: Giorgi675 ($58.69 in chips) 
Seat 6: ImaPeppaPig ($124.72 in chips) 
Joe_Li7: posts small blind $0.50
avstero: posts big blind $1
*** HOLE CARDS ***
Giorgi675: folds 
ImaPeppaPig: raises $1.50 to $2.50
numapu_33: folds 
ptolejmus: folds 
Joe_Li7: raises $8 to $10.50
avstero: folds 
ImaPeppaPig: folds 
Uncalled bet ($8) returned to Joe_Li7
Joe_Li7 collected $6 from pot
*** SUMMARY ***
Total pot $6 | Rake $0 
Seat 1: numapu_33 folded before Flop (didn't bet)
Seat 2: ptolejmus (button) folded before Flop (didn't bet)
Seat 3: Joe_Li7 (small blind) collected ($6)
Seat 4: avstero (big blind) folded before Flop
Seat 5: Giorgi675 folded before Flop (didn't bet)
Seat 6: ImaPeppaPig folded before Flop



PokerStars Hand #254390858102:  Hold'em No Limit ($0.50/$1.00 USD) - 2025/01/15 23:03:53 WET [2025/01/15 18:03:53 ET]
Table 'Hanskya III' 6-max Seat #3 is the button
Seat 1: numapu_33 ($100 in chips) 
Seat 2: ptolejmus ($11.50 in chips) 
Seat 3: Joe_Li7 ($109.01 in chips) 
Seat 4: avstero ($101.30 in chips) 
Seat 5: Giorgi675 ($58.69 in chips) 
Seat 6: ImaPeppaPig ($122.22 in chips) 
avstero: posts small blind $0.50
Giorgi675: posts big blind $1
*** HOLE CARDS ***
ImaPeppaPig: folds 
numapu_33: folds 
ptolejmus: raises $1 to $2
Joe_Li7: folds 
avstero: calls $1.50
Giorgi675: calls $1
*** FLOP *** [8c Ks Qd]
avstero: checks 
Giorgi675: bets $3
ptolejmus: folds 
avstero: folds 
Uncalled bet ($3) returned to Giorgi675
Giorgi675 collected $5.70 from pot
*** SUMMARY ***
Total pot $6 | Rake $0.30 
Board [8c Ks Qd]
Seat 1: numapu_33 folded before Flop (didn't bet)
Seat 2: ptolejmus folded on the Flop
Seat 3: Joe_Li7 (button) folded before Flop (didn't bet)
Seat 4: avstero (small blind) folded on the Flop
Seat 5: Giorgi675 (big blind) collected ($5.70)
Seat 6: ImaPeppaPig folded before Flop (didn't bet)



PokerStars Hand #254390871938:  Hold'em No Limit ($0.50/$1.00 USD) - 2025/01/15 23:04:45 WET [2025/01/15 18:04:45 ET]
Table 'Hanskya III' 6-max Seat #4 is the button
Seat 1: numapu_33 ($100 in chips) 
Seat 2: ptolejmus ($10 in chips) 
Seat 3: Joe_Li7 ($109.01 in chips) 
Seat 4: avstero ($99.30 in chips) 
Seat 5: Giorgi675 ($62.39 in chips) 
Seat 6: ImaPeppaPig ($122.22 in chips) 
Giorgi675: posts small blind $0.50
ImaPeppaPig: posts big blind $1
*** HOLE CARDS ***
numapu_33: folds 
ptolejmus: folds 
Joe_Li7: folds 
avstero: folds 
Giorgi675: raises $1 to $2
ImaPeppaPig: calls $1
*** FLOP *** [3d Jc Ah]
Giorgi675: bets $1
ImaPeppaPig: calls $1
*** TURN *** [3d Jc Ah] [Jh]
Giorgi675: bets $1
ImaPeppaPig: calls $1
*** RIVER *** [3d Jc Ah Jh] [3c]
Giorgi675: bets $3
ImaPeppaPig: calls $3
*** SHOW DOWN ***
Giorgi675: shows [Qh 9h] (two pair, Jacks and Threes)
ImaPeppaPig: shows [Ac 5h] (two pair, Aces and Jacks)
ImaPeppaPig collected $13.30 from pot
*** SUMMARY ***
Total pot $14 | Rake $0.70 
Board [3d Jc Ah Jh 3c]
Seat 1: numapu_33 folded before Flop (didn't bet)
Seat 2: ptolejmus folded before Flop (didn't bet)
Seat 3: Joe_Li7 folded before Flop (didn't bet)
Seat 4: avstero (button) folded before Flop (didn't bet)
Seat 5: Giorgi675 (small blind) showed [Qh 9h] and lost with two pair, Jacks and Threes
Seat 6: ImaPeppaPig (big blind) showed [Ac 5h] and won ($13.30) with two pair, Aces and Jacks



PokerStars Hand #254390880527:  Hold'em No Limit ($0.50/$1.00 USD) - 2025/01/15 23:05:16 WET [2025/01/15 18:05:16 ET]
Table 'Hanskya III' 6-max Seat #5 is the button
Seat 1: numapu_33 ($100 in chips) 
Seat 2: ptolejmus ($10 in chips) 
Seat 3: Joe_Li7 ($109.01 in chips) 
Seat 4: avstero ($99.30 in chips) 
Seat 5: Giorgi675 ($55.39 in chips) 
Seat 6: ImaPeppaPig ($128.52 in chips) 
ImaPeppaPig: posts small blind $0.50
numapu_33: posts big blind $1
*** HOLE CARDS ***
ptolejmus: folds 
Joe_Li7: folds 
avstero: folds 
Giorgi675: raises $1 to $2
ImaPeppaPig: folds 
numapu_33: folds 
Uncalled bet ($1) returned to Giorgi675
Giorgi675 collected $2.50 from pot
*** SUMMARY ***
Total pot $2.50 | Rake $0 
Seat 1: numapu_33 (big blind) folded before Flop
Seat 2: ptolejmus folded before Flop (didn't bet)
Seat 3: Joe_Li7 folded before Flop (didn't bet)
Seat 4: avstero folded before Flop (didn't bet)
Seat 5: Giorgi675 (button) collected ($2.50)
Seat 6: ImaPeppaPig (small blind) folded before Flop



PokerStars Hand #254390884129:  Hold'em No Limit ($0.50/$1.00 USD) - 2025/01/15 23:05:29 WET [2025/01/15 18:05:29 ET]
Table 'Hanskya III' 6-max Seat #6 is the button
Seat 1: numapu_33 ($100 in chips) 
Seat 2: ptolejmus ($10 in chips) 
Seat 3: Joe_Li7 ($109.01 in chips) 
Seat 4: avstero ($99.30 in chips) 
Seat 5: Giorgi675 ($56.89 in chips) 
Seat 6: ImaPeppaPig ($128.02 in chips) 
numapu_33: posts small blind $0.50
ptolejmus: posts big blind $1
*** HOLE CARDS ***
Joe_Li7: folds 
avstero: folds 
Giorgi675: folds 
ImaPeppaPig: folds 
numapu_33: folds 
Uncalled bet ($0.50) returned to ptolejmus
ptolejmus collected $1 from pot
*** SUMMARY ***
Total pot $1 | Rake $0 
Seat 1: numapu_33 (small blind) folded before Flop
Seat 2: ptolejmus (big blind) collected ($1)
Seat 3: Joe_Li7 folded before Flop (didn't bet)
Seat 4: avstero folded before Flop (didn't bet)
Seat 5: Giorgi675 folded before Flop (didn't bet)
Seat 6: ImaPeppaPig (button) folded before Flop (didn't bet)



PokerStars Hand #254390886985:  Hold'em No Limit ($0.50/$1.00 USD) - 2025/01/15 23:05:40 WET [2025/01/15 18:05:40 ET]
Table 'Hanskya III' 6-max Seat #1 is the button
Seat 1: numapu_33 ($100 in chips) 
Seat 2: ptolejmus ($10.50 in chips) 
Seat 3: Joe_Li7 ($109.01 in chips) 
Seat 4: avstero ($99.30 in chips) 
Seat 5: Giorgi675 ($56.89 in chips) 
Seat 6: ImaPeppaPig ($128.02 in chips) 
ptolejmus: posts small blind $0.50
Joe_Li7: posts big blind $1
*** HOLE CARDS ***
avstero: folds 
Giorgi675: folds 
ImaPeppaPig: folds 
numapu_33: folds 
ptolejmus: raises $9.50 to $10.50 and is all-in
Joe_Li7: folds 
Uncalled bet ($9.50) returned to ptolejmus
ptolejmus collected $2 from pot
*** SUMMARY ***
Total pot $2 | Rake $0 
Seat 1: numapu_33 (button) folded before Flop (didn't bet)
Seat 2: ptolejmus (small blind) collected ($2)
Seat 3: Joe_Li7 (big blind) folded before Flop
Seat 4: avstero folded before Flop (didn't bet)
Seat 5: Giorgi675 folded before Flop (didn't bet)
Seat 6: ImaPeppaPig folded before Flop (didn't bet)



PokerStars Hand #254390893212:  Hold'em No Limit ($0.50/$1.00 USD) - 2025/01/15 23:06:03 WET [2025/01/15 18:06:03 ET]
Table 'Hanskya III' 6-max Seat #2 is the button
Seat 1: numapu_33 ($100 in chips) 
Seat 2: ptolejmus ($11.50 in chips) 
Seat 3: Joe_Li7 ($108.01 in chips) 
Seat 4: avstero ($99.30 in chips) 
Seat 5: Giorgi675 ($56.89 in chips) 
Seat 6: ImaPeppaPig ($128.02 in chips) 
Joe_Li7: posts small blind $0.50
avstero: posts big blind $1
*** HOLE CARDS ***
Giorgi675: calls $1
ImaPeppaPig: folds 
numapu_33: folds 
ptolejmus: folds 
Joe_Li7: calls $0.50
avstero: checks 
*** FLOP *** [5d 5s Td]
Joe_Li7: bets $1.43
avstero: folds 
Giorgi675: folds 
Uncalled bet ($1.43) returned to Joe_Li7
Joe_Li7 collected $2.85 from pot
*** SUMMARY ***
Total pot $3 | Rake $0.15 
Board [5d 5s Td]
Seat 1: numapu_33 folded before Flop (didn't bet)
Seat 2: ptolejmus (button) folded before Flop (didn't bet)
Seat 3: Joe_Li7 (small blind) collected ($2.85)
Seat 4: avstero (big blind) folded on the Flop
Seat 5: Giorgi675 folded on the Flop
Seat 6: ImaPeppaPig folded before Flop (didn't bet)



PokerStars Hand #254390903352:  Hold'em No Limit ($0.50/$1.00 USD) - 2025/01/15 23:06:40 WET [2025/01/15 18:06:40 ET]
Table 'Hanskya III' 6-max Seat #3 is the button
Seat 1: numapu_33 ($100 in chips) 
Seat 2: ptolejmus ($11.50 in chips) 
Seat 3: Joe_Li7 ($109.86 in chips) 
Seat 4: avstero ($100 in chips) 
Seat 5: Giorgi675 ($55.89 in chips) 
Seat 6: ImaPeppaPig ($128.02 in chips) 
avstero: posts small blind $0.50
Giorgi675: posts big blind $1
*** HOLE CARDS ***
ImaPeppaPig: folds 
numapu_33: folds 
ptolejmus: folds 
Joe_Li7: folds 
avstero: raises $1.20 to $2.20
Giorgi675: calls $1.20
*** FLOP *** [8c 6s Qc]
avstero: checks 
Giorgi675: checks 
*** TURN *** [8c 6s Qc] [8h]
avstero: checks 
Giorgi675: bets $4.18
avstero: calls $4.18
*** RIVER *** [8c 6s Qc 8h] [4d]
avstero: checks 
Giorgi675: bets $17.12
avstero: calls $17.12
*** SHOW DOWN ***
Giorgi675: shows [8d Ah] (three of a kind, Eights)
avstero: mucks hand 
Giorgi675 collected $44.65 from pot
*** SUMMARY ***
Total pot $47 | Rake $2.35 
Board [8c 6s Qc 8h 4d]
Seat 1: numapu_33 folded before Flop (didn't bet)
Seat 2: ptolejmus folded before Flop (didn't bet)
Seat 3: Joe_Li7 (button) folded before Flop (didn't bet)
Seat 4: avstero (small blind) mucked
Seat 5: Giorgi675 (big blind) showed [8d Ah] and won ($44.65) with three of a kind, Eights
Seat 6: ImaPeppaPig folded before Flop (didn't bet)



PokerStars Hand #254390923907:  Hold'em No Limit ($0.50/$1.00 USD) - 2025/01/15 23:07:56 WET [2025/01/15 18:07:56 ET]
Table 'Hanskya III' 6-max Seat #4 is the button
Seat 1: numapu_33 ($100 in chips) 
Seat 2: ptolejmus ($11.50 in chips) 
Seat 3: Joe_Li7 ($109.86 in chips) 
Seat 4: avstero ($100 in chips) 
Seat 5: Giorgi675 ($77.04 in chips) 
Seat 6: ImaPeppaPig ($128.02 in chips) 
Giorgi675: posts small blind $0.50
ImaPeppaPig: posts big blind $1
*** HOLE CARDS ***
numapu_33: folds 
ptolejmus: raises $10.50 to $11.50 and is all-in
Joe_Li7: folds 
avstero: folds 
Giorgi675: folds 
ImaPeppaPig: calls $10.50
*** FLOP *** [8c 6c 7c]
*** TURN *** [8c 6c 7c] [8h]
*** RIVER *** [8c 6c 7c 8h] [6d]
*** SHOW DOWN ***
ImaPeppaPig: shows [Js Jc] (two pair, Jacks and Eights)
ptolejmus: shows [5c 5d] (two pair, Eights and Sixes)
ImaPeppaPig collected $22.32 from pot
ptolejmus cashed out the hand for $4.25 | Cash Out Fee $0.09
*** SUMMARY ***
Total pot $23.50 | Rake $1.18 
Board [8c 6c 7c 8h 6d]
Seat 1: numapu_33 folded before Flop (didn't bet)
Seat 2: ptolejmus showed [5c 5d] and lost with two pair, Eights and Sixes (cashed out).
Seat 3: Joe_Li7 folded before Flop (didn't bet)
Seat 4: avstero (button) folded before Flop (didn't bet)
Seat 5: Giorgi675 (small blind) folded before Flop
Seat 6: ImaPeppaPig (big blind) showed [Js Jc] and won ($22.32) with two pair, Jacks and Eights



PokerStars Hand #254390934269:  Hold'em No Limit ($0.50/$1.00 USD) - 2025/01/15 23:08:35 WET [2025/01/15 18:08:35 ET]
Table 'Hanskya III' 6-max Seat #5 is the button
Seat 1: numapu_33 ($100 in chips) 
Seat 2: ptolejmus ($10 in chips) 
Seat 3: Joe_Li7 ($109.86 in chips) 
Seat 4: avstero ($100 in chips) 
Seat 5: Giorgi675 ($76.54 in chips) 
Seat 6: ImaPeppaPig ($138.84 in chips) 
ImaPeppaPig: posts small blind $0.50
numapu_33: posts big blind $1
*** HOLE CARDS ***
ptolejmus: folds 
Joe_Li7: folds 
avstero: folds 
Giorgi675: folds 
ImaPeppaPig: folds 
Uncalled bet ($0.50) returned to numapu_33
numapu_33 collected $1 from pot
numapu_33: doesn't show hand 
*** SUMMARY ***
Total pot $1 | Rake $0 
Seat 1: numapu_33 (big blind) collected ($1)
Seat 2: ptolejmus folded before Flop (didn't bet)
Seat 3: Joe_Li7 folded before Flop (didn't bet)
Seat 4: avstero folded before Flop (didn't bet)
Seat 5: Giorgi675 (button) folded before Flop (didn't bet)
Seat 6: ImaPeppaPig (small blind) folded before Flop



PokerStars Hand #254390936516:  Hold'em No Limit ($0.50/$1.00 USD) - 2025/01/15 23:08:44 WET [2025/01/15 18:08:44 ET]
Table 'Hanskya III' 6-max Seat #6 is the button
Seat 1: numapu_33 ($100.50 in chips) 
Seat 2: ptolejmus ($10 in chips) 
Seat 3: Joe_Li7 ($109.86 in chips) 
Seat 4: avstero ($100 in chips) 
Seat 5: Giorgi675 ($76.54 in chips) 
Seat 6: ImaPeppaPig ($138.34 in chips) 
numapu_33: posts small blind $0.50
ptolejmus: posts big blind $1
*** HOLE CARDS ***
Joe_Li7: folds 
avstero: raises $1.20 to $2.20
Giorgi675: folds 
ImaPeppaPig: folds 
numapu_33: raises $8.80 to $11
ptolejmus: folds 
avstero: raises $13.20 to $24.20
numapu_33: raises $76.30 to $100.50 and is all-in
avstero: folds 
Uncalled bet ($76.30) returned to numapu_33
numapu_33 collected $49.40 from pot
numapu_33: doesn't show hand 
*** SUMMARY ***
Total pot $49.40 | Rake $0 
Seat 1: numapu_33 (small blind) collected ($49.40)
Seat 2: ptolejmus (big blind) folded before Flop
Seat 3: Joe_Li7 folded before Flop (didn't bet)
Seat 4: avstero folded before Flop
Seat 5: Giorgi675 folded before Flop (didn't bet)
Seat 6: ImaPeppaPig (button) folded before Flop (didn't bet)



PokerStars Hand #254390946804:  Hold'em No Limit ($0.50/$1.00 USD) - 2025/01/15 23:09:22 WET [2025/01/15 18:09:22 ET]
Table 'Hanskya III' 6-max Seat #1 is the button
Seat 1: numapu_33 ($125.70 in chips) 
Seat 2: ptolejmus ($10 in chips) 
Seat 3: Joe_Li7 ($109.86 in chips) 
Seat 4: avstero ($100 in chips) 
Seat 5: Giorgi675 ($76.54 in chips) 
Seat 6: ImaPeppaPig ($138.34 in chips) 
ptolejmus: posts small blind $0.50
Joe_Li7: posts big blind $1
*** HOLE CARDS ***
avstero: folds 
Giorgi675: folds 
ImaPeppaPig: folds 
numapu_33: folds 
ptolejmus: raises $1 to $2
Joe_Li7: calls $1
*** FLOP *** [Kd 7s Jc]
ptolejmus: bets $1.94
Joe_Li7: calls $1.94
*** TURN *** [Kd 7s Jc] [7c]
ptolejmus: bets $2.02
Joe_Li7: folds 
Uncalled bet ($2.02) returned to ptolejmus
ptolejmus collected $7.49 from pot
*** SUMMARY ***
Total pot $7.88 | Rake $0.39 
Board [Kd 7s Jc 7c]
Seat 1: numapu_33 (button) folded before Flop (didn't bet)
Seat 2: ptolejmus (small blind) collected ($7.49)
Seat 3: Joe_Li7 (big blind) folded on the Turn
Seat 4: avstero folded before Flop (didn't bet)
Seat 5: Giorgi675 folded before Flop (didn't bet)
Seat 6: ImaPeppaPig folded before Flop (didn't bet)



PokerStars Hand #254390964072:  Hold'em No Limit ($0.50/$1.00 USD) - 2025/01/15 23:10:26 WET [2025/01/15 18:10:26 ET]
Table 'Hanskya III' 6-max Seat #2 is the button
Seat 1: numapu_33 ($125.70 in chips) 
Seat 2: ptolejmus ($13.55 in chips) 
Seat 3: Joe_Li7 ($105.92 in chips) 
Seat 4: avstero ($100 in chips) 
Seat 5: Giorgi675 ($76.54 in chips) 
Seat 6: ImaPeppaPig ($138.34 in chips) 
Joe_Li7: posts small blind $0.50
avstero: posts big blind $1
*** HOLE CARDS ***
Giorgi675: folds 
ImaPeppaPig: folds 
numapu_33: folds 
ptolejmus: raises $1 to $2
Joe_Li7: folds 
avstero: folds 
Uncalled bet ($1) returned to ptolejmus
ptolejmus collected $2.50 from pot
*** SUMMARY ***
Total pot $2.50 | Rake $0 
Seat 1: numapu_33 folded before Flop (didn't bet)
Seat 2: ptolejmus (button) collected ($2.50)
Seat 3: Joe_Li7 (small blind) folded before Flop
Seat 4: avstero (big blind) folded before Flop
Seat 5: Giorgi675 folded before Flop (didn't bet)
Seat 6: ImaPeppaPig folded before Flop (didn't bet)



PokerStars Hand #254390968162:  Hold'em No Limit ($0.50/$1.00 USD) - 2025/01/15 23:10:42 WET [2025/01/15 18:10:42 ET]
Table 'Hanskya III' 6-max Seat #3 is the button
Seat 1: numapu_33 ($125.70 in chips) 
Seat 2: ptolejmus ($15.05 in chips) 
Seat 3: Joe_Li7 ($105.42 in chips) 
Seat 4: avstero ($99 in chips) 
Seat 5: Giorgi675 ($76.54 in chips) 
Seat 6: ImaPeppaPig ($138.34 in chips) 
avstero: posts small blind $0.50
Giorgi675: posts big blind $1
*** HOLE CARDS ***
ImaPeppaPig: folds 
numapu_33: folds 
ptolejmus: folds 
Joe_Li7: folds 
avstero: folds 
Uncalled bet ($0.50) returned to Giorgi675
Giorgi675 collected $1 from pot
*** SUMMARY ***
Total pot $1 | Rake $0 
Seat 1: numapu_33 folded before Flop (didn't bet)
Seat 2: ptolejmus folded before Flop (didn't bet)
Seat 3: Joe_Li7 (button) folded before Flop (didn't bet)
Seat 4: avstero (small blind) folded before Flop
Seat 5: Giorgi675 (big blind) collected ($1)
Seat 6: ImaPeppaPig folded before Flop (didn't bet)



PokerStars Hand #254390972669:  Hold'em No Limit ($0.50/$1.00 USD) - 2025/01/15 23:10:59 WET [2025/01/15 18:10:59 ET]
Table 'Hanskya III' 6-max Seat #4 is the button
Seat 1: numapu_33 ($125.70 in chips) 
Seat 2: ptolejmus ($15.05 in chips) 
Seat 3: Joe_Li7 ($105.42 in chips) 
Seat 4: avstero ($100 in chips) 
Seat 5: Giorgi675 ($77.04 in chips) 
Seat 6: ImaPeppaPig ($138.34 in chips) 
Giorgi675: posts small blind $0.50
ImaPeppaPig: posts big blind $1
*** HOLE CARDS ***
numapu_33: raises $1.50 to $2.50
ptolejmus: folds 
Joe_Li7: folds 
avstero: folds 
Giorgi675: folds 
ImaPeppaPig: folds 
Uncalled bet ($1.50) returned to numapu_33
numapu_33 collected $2.50 from pot
numapu_33: doesn't show hand 
*** SUMMARY ***
Total pot $2.50 | Rake $0 
Seat 1: numapu_33 collected ($2.50)
Seat 2: ptolejmus folded before Flop (didn't bet)
Seat 3: Joe_Li7 folded before Flop (didn't bet)
Seat 4: avstero (button) folded before Flop (didn't bet)
Seat 5: Giorgi675 (small blind) folded before Flop
Seat 6: ImaPeppaPig (big blind) folded before Flop



PokerStars Hand #254390975843:  Hold'em No Limit ($0.50/$1.00 USD) - 2025/01/15 23:11:11 WET [2025/01/15 18:11:11 ET]
Table 'Hanskya III' 6-max Seat #5 is the button
Seat 1: numapu_33 ($127.20 in chips) 
Seat 2: ptolejmus ($15.05 in chips) 
Seat 3: Joe_Li7 ($105.42 in chips) 
Seat 4: avstero ($100 in chips) 
Seat 5: Giorgi675 ($76.54 in chips) 
Seat 6: ImaPeppaPig ($137.34 in chips) 
ImaPeppaPig: posts small blind $0.50
numapu_33: posts big blind $1
*** HOLE CARDS ***
ptolejmus: folds 
Joe_Li7: folds 
avstero: folds 
Giorgi675: raises $1 to $2
ImaPeppaPig: folds 
numapu_33: raises $8 to $10
Giorgi675: folds 
Uncalled bet ($8) returned to numapu_33
numapu_33 collected $4.50 from pot
numapu_33: doesn't show hand 
*** SUMMARY ***
Total pot $4.50 | Rake $0 
Seat 1: numapu_33 (big blind) collected ($4.50)
Seat 2: ptolejmus folded before Flop (didn't bet)
Seat 3: Joe_Li7 folded before Flop (didn't bet)
Seat 4: avstero folded before Flop (didn't bet)
Seat 5: Giorgi675 (button) folded before Flop
Seat 6: ImaPeppaPig (small blind) folded before Flop



PokerStars Hand #254390987378:  Hold'em No Limit ($0.50/$1.00 USD) - 2025/01/15 23:11:54 WET [2025/01/15 18:11:54 ET]
Table 'Hanskya III' 6-max Seat #6 is the button
Seat 1: numapu_33 ($129.70 in chips) 
Seat 2: ptolejmus ($15.05 in chips) 
Seat 3: Joe_Li7 ($105.42 in chips) 
Seat 4: avstero ($100 in chips) 
Seat 5: Giorgi675 ($74.54 in chips) 
Seat 6: ImaPeppaPig ($136.84 in chips) 
numapu_33: posts small blind $0.50
ptolejmus: posts big blind $1
*** HOLE CARDS ***
Joe_Li7: folds 
avstero: folds 
Giorgi675: folds 
ImaPeppaPig: folds 
numapu_33: folds 
Uncalled bet ($0.50) returned to ptolejmus
ptolejmus collected $1 from pot
*** SUMMARY ***
Total pot $1 | Rake $0 
Seat 1: numapu_33 (small blind) folded before Flop
Seat 2: ptolejmus (big blind) collected ($1)
Seat 3: Joe_Li7 folded before Flop (didn't bet)
Seat 4: avstero folded before Flop (didn't bet)
Seat 5: Giorgi675 folded before Flop (didn't bet)
Seat 6: ImaPeppaPig (button) folded before Flop (didn't bet)



PokerStars Hand #254390989970:  Hold'em No Limit ($0.50/$1.00 USD) - 2025/01/15 23:12:04 WET [2025/01/15 18:12:04 ET]
Table 'Hanskya III' 6-max Seat #1 is the button
Seat 1: numapu_33 ($129.20 in chips) 
Seat 2: ptolejmus ($15.55 in chips) 
Seat 3: Joe_Li7 ($105.42 in chips) 
Seat 4: avstero ($100 in chips) 
Seat 5: Giorgi675 ($74.54 in chips) 
Seat 6: ImaPeppaPig ($136.84 in chips) 
ptolejmus: posts small blind $0.50
Joe_Li7: posts big blind $1
*** HOLE CARDS ***
avstero: raises $1.20 to $2.20
Giorgi675: folds 
ImaPeppaPig: folds 
numapu_33: folds 
ptolejmus: raises $13.35 to $15.55 and is all-in
Joe_Li7: folds 
avstero: calls $13.35
*** FIRST FLOP *** [Kh Jh 7d]
*** FIRST TURN *** [Kh Jh 7d] [2d]
*** FIRST RIVER *** [Kh Jh 7d 2d] [Kd]
*** SECOND FLOP *** [8h 4c 8s]
*** SECOND TURN *** [8h 4c 8s] [2h]
*** SECOND RIVER *** [8h 4c 8s 2h] [Ks]
*** FIRST SHOW DOWN ***
ptolejmus: shows [Jd Qd] (a flush, King high)
avstero: shows [Ac Js] (two pair, Kings and Jacks)
ptolejmus collected $15.25 from pot
*** SECOND SHOW DOWN ***
ptolejmus: shows [Jd Qd] (a pair of Eights)
avstero: shows [Ac Js] (a pair of Eights - Ace kicker)
avstero collected $15.25 from pot
*** SUMMARY ***
Total pot $32.10 | Rake $1.60 
Hand was run twice
FIRST Board [Kh Jh 7d 2d Kd]
SECOND Board [8h 4c 8s 2h Ks]
Seat 1: numapu_33 (button) folded before Flop (didn't bet)
Seat 2: ptolejmus (small blind) showed [Jd Qd] and won ($15.25) with a flush, King high, and lost with a pair of Eights
Seat 3: Joe_Li7 (big blind) folded before Flop
Seat 4: avstero showed [Ac Js] and lost with two pair, Kings and Jacks, and won ($15.25) with a pair of Eights
Seat 5: Giorgi675 folded before Flop (didn't bet)
Seat 6: ImaPeppaPig folded before Flop (didn't bet)



PokerStars Hand #254390998154:  Hold'em No Limit ($0.50/$1.00 USD) - 2025/01/15 23:12:35 WET [2025/01/15 18:12:35 ET]
Table 'Hanskya III' 6-max Seat #2 is the button
Seat 1: numapu_33 ($129.20 in chips) 
Seat 2: ptolejmus ($15.25 in chips) 
Seat 3: Joe_Li7 ($104.42 in chips) 
Seat 4: avstero ($99.70 in chips) 
Seat 5: Giorgi675 ($74.54 in chips) 
Seat 6: ImaPeppaPig ($136.84 in chips) 
Joe_Li7: posts small blind $0.50
avstero: posts big blind $1
*** HOLE CARDS ***
Giorgi675: folds 
ImaPeppaPig: raises $1.50 to $2.50
numapu_33: folds 
ptolejmus: folds 
Joe_Li7: raises $8 to $10.50
avstero: folds 
ImaPeppaPig: calls $8
*** FLOP *** [5h Kc Qh]
Joe_Li7: bets $5.23
ImaPeppaPig: calls $5.23
*** TURN *** [5h Kc Qh] [9d]
Joe_Li7: checks 
ImaPeppaPig: bets $18
Joe_Li7: folds 
Uncalled bet ($18) returned to ImaPeppaPig
ImaPeppaPig collected $30.84 from pot
ImaPeppaPig: doesn't show hand 
*** SUMMARY ***
Total pot $32.46 | Rake $1.62 
Board [5h Kc Qh 9d]
Seat 1: numapu_33 folded before Flop (didn't bet)
Seat 2: ptolejmus (button) folded before Flop (didn't bet)
Seat 3: Joe_Li7 (small blind) folded on the Turn
Seat 4: avstero (big blind) folded before Flop
Seat 5: Giorgi675 folded before Flop (didn't bet)
Seat 6: ImaPeppaPig collected ($30.84)



PokerStars Hand #254391135635:  Hold'em No Limit ($0.50/$1.00 USD) - 2025/01/15 23:21:17 WET [2025/01/15 18:21:17 ET]
Table 'Hanskya III' 6-max Seat #4 is the button
Seat 1: numapu_33 ($122.44 in chips) 
Seat 2: Mariuoos ($100 in chips) 
Seat 3: Joe_Li7 ($107.51 in chips) 
Seat 4: avstero ($103.23 in chips) 
Seat 5: Giorgi675 ($65.64 in chips) 
Seat 6: ImaPeppaPig ($161.34 in chips) 
Giorgi675: posts small blind $0.50
ImaPeppaPig: posts big blind $1
*** HOLE CARDS ***
numapu_33: folds 
Mariuoos: raises $1 to $2
Joe_Li7: folds 
avstero: folds 
Giorgi675: folds 
ImaPeppaPig: calls $1
*** FLOP *** [9s 4d 3h]
ImaPeppaPig: checks 
Mariuoos: bets $1.41
ImaPeppaPig: raises $3.69 to $5.10
Mariuoos: calls $3.69
*** TURN *** [9s 4d 3h] [6d]
ImaPeppaPig: checks 
Mariuoos: bets $9.35
ImaPeppaPig: calls $9.35
*** RIVER *** [9s 4d 3h 6d] [2s]
ImaPeppaPig: bets $3.65
Mariuoos: calls $3.65
*** SHOW DOWN ***
ImaPeppaPig: shows [8d 9c] (a pair of Nines)
Mariuoos: mucks hand 
ImaPeppaPig collected $38.66 from pot
*** SUMMARY ***
Total pot $40.70 | Rake $2.04 
Board [9s 4d 3h 6d 2s]
Seat 1: numapu_33 folded before Flop (didn't bet)
Seat 2: Mariuoos mucked
Seat 3: Joe_Li7 folded before Flop (didn't bet)
Seat 4: avstero (button) folded before Flop (didn't bet)
Seat 5: Giorgi675 (small blind) folded before Flop
Seat 6: ImaPeppaPig (big blind) showed [8d 9c] and won ($38.66) with a pair of Nines



PokerStars Hand #254391167104:  Hold'em No Limit ($0.50/$1.00 USD) - 2025/01/15 23:23:18 WET [2025/01/15 18:23:18 ET]
Table 'Hanskya III' 6-max Seat #5 is the button
Seat 1: numapu_33 ($122.44 in chips) 
Seat 2: Mariuoos ($100 in chips) 
Seat 3: Joe_Li7 ($107.51 in chips) 
Seat 4: avstero ($103.23 in chips) 
Seat 5: Giorgi675 ($65.14 in chips) 
Seat 6: ImaPeppaPig ($179.90 in chips) 
ImaPeppaPig: posts small blind $0.50
numapu_33: posts big blind $1
*** HOLE CARDS ***
Mariuoos: folds 
Joe_Li7: folds 
avstero: folds 
Giorgi675: calls $1
ImaPeppaPig: folds 
numapu_33: checks 
*** FLOP *** [Kh 4d 3h]
numapu_33: checks 
Giorgi675: checks 
*** TURN *** [Kh 4d 3h] [9d]
numapu_33: bets $2
Giorgi675: calls $2
*** RIVER *** [Kh 4d 3h 9d] [Td]
numapu_33: bets $8.03
Giorgi675: folds 
Uncalled bet ($8.03) returned to numapu_33
numapu_33 collected $6.18 from pot
numapu_33: doesn't show hand 
*** SUMMARY ***
Total pot $6.50 | Rake $0.32 
Board [Kh 4d 3h 9d Td]
Seat 1: numapu_33 (big blind) collected ($6.18)
Seat 2: Mariuoos folded before Flop (didn't bet)
Seat 3: Joe_Li7 folded before Flop (didn't bet)
Seat 4: avstero folded before Flop (didn't bet)
Seat 5: Giorgi675 (button) folded on the River
Seat 6: ImaPeppaPig (small blind) folded before Flop



PokerStars Hand #254391178615:  Hold'em No Limit ($0.50/$1.00 USD) - 2025/01/15 23:24:03 WET [2025/01/15 18:24:03 ET]
Table 'Hanskya III' 6-max Seat #6 is the button
Seat 1: numapu_33 ($125.62 in chips) 
Seat 2: Mariuoos ($100 in chips) 
Seat 3: Joe_Li7 ($107.51 in chips) 
Seat 4: avstero ($103.23 in chips) 
Seat 5: Giorgi675 ($62.14 in chips) 
Seat 6: ImaPeppaPig ($179.40 in chips) 
numapu_33: posts small blind $0.50
Mariuoos: posts big blind $1
*** HOLE CARDS ***
Joe_Li7: raises $1.20 to $2.20
avstero: folds 
Giorgi675: calls $2.20
ImaPeppaPig: folds 
numapu_33: folds 
Mariuoos: calls $1.20
*** FLOP *** [4d 2h 6c]
Mariuoos: checks 
Joe_Li7: checks 
Giorgi675: bets $3.37
Mariuoos: calls $3.37
Joe_Li7: folds 
*** TURN *** [4d 2h 6c] [3c]
Mariuoos: bets $5.84
Giorgi675: folds 
Uncalled bet ($5.84) returned to Mariuoos
Mariuoos collected $13.15 from pot
Mariuoos: doesn't show hand 
*** SUMMARY ***
Total pot $13.84 | Rake $0.69 
Board [4d 2h 6c 3c]
Seat 1: numapu_33 (small blind) folded before Flop
Seat 2: Mariuoos (big blind) collected ($13.15)
Seat 3: Joe_Li7 folded on the Flop
Seat 4: avstero folded before Flop (didn't bet)
Seat 5: Giorgi675 folded on the Turn
Seat 6: ImaPeppaPig (button) folded before Flop (didn't bet)



PokerStars Hand #254391201167:  Hold'em No Limit ($0.50/$1.00 USD) - 2025/01/15 23:25:31 WET [2025/01/15 18:25:31 ET]
Table 'Hanskya III' 6-max Seat #1 is the button
Seat 1: numapu_33 ($125.12 in chips) 
Seat 2: Mariuoos ($107.58 in chips) 
Seat 3: Joe_Li7 ($105.31 in chips) 
Seat 4: avstero ($103.23 in chips) 
Seat 5: Giorgi675 ($56.57 in chips) 
Seat 6: ImaPeppaPig ($179.40 in chips) 
Mariuoos: posts small blind $0.50
Joe_Li7: posts big blind $1
*** HOLE CARDS ***
avstero: raises $1.20 to $2.20
Giorgi675: folds 
ImaPeppaPig: raises $4.80 to $7
numapu_33: folds 
Mariuoos: folds 
Joe_Li7: folds 
avstero: folds 
Uncalled bet ($4.80) returned to ImaPeppaPig
ImaPeppaPig collected $5.90 from pot
ImaPeppaPig: doesn't show hand 
*** SUMMARY ***
Total pot $5.90 | Rake $0 
Seat 1: numapu_33 (button) folded before Flop (didn't bet)
Seat 2: Mariuoos (small blind) folded before Flop
Seat 3: Joe_Li7 (big blind) folded before Flop
Seat 4: avstero folded before Flop
Seat 5: Giorgi675 folded before Flop (didn't bet)
Seat 6: ImaPeppaPig collected ($5.90)



PokerStars Hand #254391206452:  Hold'em No Limit ($0.50/$1.00 USD) - 2025/01/15 23:25:52 WET [2025/01/15 18:25:52 ET]
Table 'Hanskya III' 6-max Seat #2 is the button
Seat 1: numapu_33 ($125.12 in chips) 
Seat 2: Mariuoos ($107.08 in chips) 
Seat 3: Joe_Li7 ($104.31 in chips) 
Seat 4: avstero ($101.03 in chips) 
Seat 5: Giorgi675 ($56.57 in chips) 
Seat 6: ImaPeppaPig ($183.10 in chips) 
Joe_Li7: posts small blind $0.50
avstero: posts big blind $1
*** HOLE CARDS ***
Giorgi675: folds 
ImaPeppaPig: raises $1.50 to $2.50
numapu_33: folds 
Mariuoos: folds 
Joe_Li7: folds 
avstero: calls $1.50
*** FLOP *** [6h Qc 2d]
avstero: checks 
ImaPeppaPig: bets $2.71
avstero: calls $2.71
*** TURN *** [6h Qc 2d] [3h]
avstero: checks 
ImaPeppaPig: checks 
*** RIVER *** [6h Qc 2d 3h] [8c]
avstero: bets $5.50
ImaPeppaPig: folds 
Uncalled bet ($5.50) returned to avstero
avstero collected $10.37 from pot
avstero: doesn't show hand 
*** SUMMARY ***
Total pot $10.92 | Rake $0.55 
Board [6h Qc 2d 3h 8c]
Seat 1: numapu_33 folded before Flop (didn't bet)
Seat 2: Mariuoos (button) folded before Flop (didn't bet)
Seat 3: Joe_Li7 (small blind) folded before Flop
Seat 4: avstero (big blind) collected ($10.37)
Seat 5: Giorgi675 folded before Flop (didn't bet)
Seat 6: ImaPeppaPig folded on the River



PokerStars Hand #254391232171:  Hold'em No Limit ($0.50/$1.00 USD) - 2025/01/15 23:27:33 WET [2025/01/15 18:27:33 ET]
Table 'Hanskya III' 6-max Seat #3 is the button
Seat 1: numapu_33 ($125.12 in chips) 
Seat 2: Mariuoos ($107.08 in chips) 
Seat 3: Joe_Li7 ($103.81 in chips) 
Seat 4: avstero ($106.19 in chips) 
Seat 5: Giorgi675 ($56.57 in chips) 
Seat 6: ImaPeppaPig ($177.89 in chips) 
avstero: posts small blind $0.50
Giorgi675: posts big blind $1
*** HOLE CARDS ***
ImaPeppaPig: raises $1.50 to $2.50
numapu_33: folds 
Mariuoos: folds 
Joe_Li7: folds 
avstero: folds 
Giorgi675: calls $1.50
*** FLOP *** [Ac 7s 3s]
Giorgi675: checks 
ImaPeppaPig: bets $1.62
Giorgi675: calls $1.62
*** TURN *** [Ac 7s 3s] [Th]
Giorgi675: checks 
ImaPeppaPig: checks 
*** RIVER *** [Ac 7s 3s Th] [8h]
Giorgi675: bets $5.15
ImaPeppaPig: folds 
Uncalled bet ($5.15) returned to Giorgi675
Giorgi675 collected $8.30 from pot
*** SUMMARY ***
Total pot $8.74 | Rake $0.44 
Board [Ac 7s 3s Th 8h]
Seat 1: numapu_33 folded before Flop (didn't bet)
Seat 2: Mariuoos folded before Flop (didn't bet)
Seat 3: Joe_Li7 (button) folded before Flop (didn't bet)
Seat 4: avstero (small blind) folded before Flop
Seat 5: Giorgi675 (big blind) collected ($8.30)
Seat 6: ImaPeppaPig folded on the River



PokerStars Hand #254391243268:  Hold'em No Limit ($0.50/$1.00 USD) - 2025/01/15 23:28:17 WET [2025/01/15 18:28:17 ET]
Table 'Hanskya III' 6-max Seat #4 is the button
Seat 1: numapu_33 ($125.12 in chips) 
Seat 2: Mariuoos ($107.08 in chips) 
Seat 3: Joe_Li7 ($103.81 in chips) 
Seat 4: avstero ($105.69 in chips) 
Seat 5: Giorgi675 ($60.75 in chips) 
Seat 6: ImaPeppaPig ($173.77 in chips) 
Giorgi675: posts small blind $0.50
ImaPeppaPig: posts big blind $1
*** HOLE CARDS ***
numapu_33: folds 
Mariuoos: folds 
Joe_Li7: folds 
avstero: folds 
Giorgi675: folds 
Uncalled bet ($0.50) returned to ImaPeppaPig
ImaPeppaPig collected $1 from pot
ImaPeppaPig: doesn't show hand 
*** SUMMARY ***
Total pot $1 | Rake $0 
Seat 1: numapu_33 folded before Flop (didn't bet)
Seat 2: Mariuoos folded before Flop (didn't bet)
Seat 3: Joe_Li7 folded before Flop (didn't bet)
Seat 4: avstero (button) folded before Flop (didn't bet)
Seat 5: Giorgi675 (small blind) folded before Flop
Seat 6: ImaPeppaPig (big blind) collected ($1)



PokerStars Hand #254391247727:  Hold'em No Limit ($0.50/$1.00 USD) - 2025/01/15 23:28:34 WET [2025/01/15 18:28:34 ET]
Table 'Hanskya III' 6-max Seat #5 is the button
Seat 1: numapu_33 ($125.12 in chips) 
Seat 2: Mariuoos ($107.08 in chips) 
Seat 3: Joe_Li7 ($103.81 in chips) 
Seat 4: avstero ($105.69 in chips) 
Seat 5: Giorgi675 ($60.25 in chips) 
Seat 6: ImaPeppaPig ($174.27 in chips) 
ImaPeppaPig: posts small blind $0.50
numapu_33: posts big blind $1
*** HOLE CARDS ***
Mariuoos: folds 
Joe_Li7: folds 
avstero: folds 
Giorgi675: raises $1 to $2
ImaPeppaPig: folds 
numapu_33: calls $1
*** FLOP *** [2c Ac 8d]
numapu_33: checks 
Giorgi675: checks 
*** TURN *** [2c Ac 8d] [9c]
numapu_33: checks 
Giorgi675: bets $2
numapu_33: calls $2
*** RIVER *** [2c Ac 8d 9c] [Js]
numapu_33: checks 
Giorgi675: bets $5.04
numapu_33: folds 
Uncalled bet ($5.04) returned to Giorgi675
Giorgi675 collected $8.08 from pot
*** SUMMARY ***
Total pot $8.50 | Rake $0.42 
Board [2c Ac 8d 9c Js]
Seat 1: numapu_33 (big blind) folded on the River
Seat 2: Mariuoos folded before Flop (didn't bet)
Seat 3: Joe_Li7 folded before Flop (didn't bet)
Seat 4: avstero folded before Flop (didn't bet)
Seat 5: Giorgi675 (button) collected ($8.08)
Seat 6: ImaPeppaPig (small blind) folded before Flop



PokerStars Hand #254391257962:  Hold'em No Limit ($0.50/$1.00 USD) - 2025/01/15 23:29:16 WET [2025/01/15 18:29:16 ET]
Table 'Hanskya III' 6-max Seat #6 is the button
Seat 1: numapu_33 ($121.12 in chips) 
Seat 2: Mariuoos ($107.08 in chips) 
Seat 3: Joe_Li7 ($103.81 in chips) 
Seat 4: avstero ($105.69 in chips) 
Seat 5: Giorgi675 ($64.33 in chips) 
Seat 6: ImaPeppaPig ($173.77 in chips) 
numapu_33: posts small blind $0.50
Mariuoos: posts big blind $1
*** HOLE CARDS ***
Joe_Li7: folds 
avstero: folds 
Giorgi675: folds 
ImaPeppaPig: folds 
numapu_33: raises $2 to $3
Mariuoos: calls $2
*** FLOP *** [4h 6c Td]
numapu_33: checks 
Mariuoos: checks 
*** TURN *** [4h 6c Td] [Qc]
numapu_33: bets $4.28
Mariuoos: calls $4.28
*** RIVER *** [4h 6c Td Qc] [2c]
numapu_33: bets $17.98
Mariuoos has timed out
Mariuoos: folds 
Uncalled bet ($17.98) returned to numapu_33
numapu_33 collected $13.83 from pot
numapu_33: doesn't show hand 
*** SUMMARY ***
Total pot $14.56 | Rake $0.73 
Board [4h 6c Td Qc 2c]
Seat 1: numapu_33 (small blind) collected ($13.83)
Seat 2: Mariuoos (big blind) folded on the River
Seat 3: Joe_Li7 folded before Flop (didn't bet)
Seat 4: avstero folded before Flop (didn't bet)
Seat 5: Giorgi675 folded before Flop (didn't bet)
Seat 6: ImaPeppaPig (button) folded before Flop (didn't bet)



PokerStars Hand #254391287304:  Hold'em No Limit ($0.50/$1.00 USD) - 2025/01/15 23:31:13 WET [2025/01/15 18:31:13 ET]
Table 'Hanskya III' 6-max Seat #1 is the button
Seat 1: numapu_33 ($127.67 in chips) 
Seat 2: Mariuoos ($100 in chips) 
Seat 3: Joe_Li7 ($103.81 in chips) 
Seat 4: avstero ($105.69 in chips) 
Seat 5: Giorgi675 ($64.33 in chips) 
Seat 6: ImaPeppaPig ($173.77 in chips) 
Mariuoos: posts small blind $0.50
Joe_Li7: posts big blind $1
*** HOLE CARDS ***
avstero: folds 
Giorgi675: raises $1 to $2
ImaPeppaPig: folds 
numapu_33: folds 
Mariuoos: folds 
Joe_Li7: folds 
Uncalled bet ($1) returned to Giorgi675
Giorgi675 collected $2.50 from pot
*** SUMMARY ***
Total pot $2.50 | Rake $0 
Seat 1: numapu_33 (button) folded before Flop (didn't bet)
Seat 2: Mariuoos (small blind) folded before Flop
Seat 3: Joe_Li7 (big blind) folded before Flop
Seat 4: avstero folded before Flop (didn't bet)
Seat 5: Giorgi675 collected ($2.50)
Seat 6: ImaPeppaPig folded before Flop (didn't bet)



PokerStars Hand #254391290892:  Hold'em No Limit ($0.50/$1.00 USD) - 2025/01/15 23:31:27 WET [2025/01/15 18:31:27 ET]
Table 'Hanskya III' 6-max Seat #2 is the button
Seat 1: numapu_33 ($127.67 in chips) 
Seat 2: Mariuoos ($100 in chips) 
Seat 3: Joe_Li7 ($102.81 in chips) 
Seat 4: avstero ($105.69 in chips) 
Seat 5: Giorgi675 ($65.83 in chips) 
Seat 6: ImaPeppaPig ($173.77 in chips) 
Joe_Li7: posts small blind $0.50
avstero: posts big blind $1
*** HOLE CARDS ***
Giorgi675: raises $1 to $2
ImaPeppaPig: folds 
numapu_33: folds 
Mariuoos: folds 
Joe_Li7: folds 
avstero: folds 
Uncalled bet ($1) returned to Giorgi675
Giorgi675 collected $2.50 from pot
*** SUMMARY ***
Total pot $2.50 | Rake $0 
Seat 1: numapu_33 folded before Flop (didn't bet)
Seat 2: Mariuoos (button) folded before Flop (didn't bet)
Seat 3: Joe_Li7 (small blind) folded before Flop
Seat 4: avstero (big blind) folded before Flop
Seat 5: Giorgi675 collected ($2.50)
Seat 6: ImaPeppaPig folded before Flop (didn't bet)



PokerStars Hand #254391294293:  Hold'em No Limit ($0.50/$1.00 USD) - 2025/01/15 23:31:40 WET [2025/01/15 18:31:40 ET]
Table 'Hanskya III' 6-max Seat #3 is the button
Seat 1: numapu_33 ($127.67 in chips) 
Seat 2: Mariuoos ($100 in chips) 
Seat 3: Joe_Li7 ($102.31 in chips) 
Seat 4: avstero ($104.69 in chips) 
Seat 5: Giorgi675 ($67.33 in chips) 
Seat 6: ImaPeppaPig ($173.77 in chips) 
avstero: posts small blind $0.50
Giorgi675: posts big blind $1
*** HOLE CARDS ***
ImaPeppaPig: raises $1.50 to $2.50
numapu_33: folds 
Mariuoos: folds 
Joe_Li7: folds 
avstero: folds 
Giorgi675: folds 
Uncalled bet ($1.50) returned to ImaPeppaPig
ImaPeppaPig collected $2.50 from pot
ImaPeppaPig: doesn't show hand 
*** SUMMARY ***
Total pot $2.50 | Rake $0 
Seat 1: numapu_33 folded before Flop (didn't bet)
Seat 2: Mariuoos folded before Flop (didn't bet)
Seat 3: Joe_Li7 (button) folded before Flop (didn't bet)
Seat 4: avstero (small blind) folded before Flop
Seat 5: Giorgi675 (big blind) folded before Flop
Seat 6: ImaPeppaPig collected ($2.50)



PokerStars Hand #254391298998:  Hold'em No Limit ($0.50/$1.00 USD) - 2025/01/15 23:31:59 WET [2025/01/15 18:31:59 ET]
Table 'Hanskya III' 6-max Seat #4 is the button
Seat 1: numapu_33 ($127.67 in chips) 
Seat 2: Mariuoos ($100 in chips) 
Seat 3: Joe_Li7 ($102.31 in chips) 
Seat 4: avstero ($104.19 in chips) 
Seat 5: Giorgi675 ($66.33 in chips) 
Seat 6: ImaPeppaPig ($175.27 in chips) 
Giorgi675: posts small blind $0.50
ImaPeppaPig: posts big blind $1
*** HOLE CARDS ***
numapu_33: folds 
Mariuoos: raises $1 to $2
Joe_Li7: folds 
avstero: raises $5 to $7
Giorgi675: folds 
ImaPeppaPig: folds 
Mariuoos: folds 
Uncalled bet ($5) returned to avstero
avstero collected $5.50 from pot
avstero: doesn't show hand 
*** SUMMARY ***
Total pot $5.50 | Rake $0 
Seat 1: numapu_33 folded before Flop (didn't bet)
Seat 2: Mariuoos folded before Flop
Seat 3: Joe_Li7 folded before Flop (didn't bet)
Seat 4: avstero (button) collected ($5.50)
Seat 5: Giorgi675 (small blind) folded before Flop
Seat 6: ImaPeppaPig (big blind) folded before Flop



PokerStars Hand #254391308192:  Hold'em No Limit ($0.50/$1.00 USD) - 2025/01/15 23:32:36 WET [2025/01/15 18:32:36 ET]
Table 'Hanskya III' 6-max Seat #5 is the button
Seat 1: numapu_33 ($127.67 in chips) 
Seat 2: Mariuoos ($100 in chips) 
Seat 3: Joe_Li7 ($102.31 in chips) 
Seat 4: avstero ($107.69 in chips) 
Seat 5: Giorgi675 ($65.83 in chips) 
Seat 6: ImaPeppaPig ($174.27 in chips) 
ImaPeppaPig: posts small blind $0.50
numapu_33: posts big blind $1
*** HOLE CARDS ***
Mariuoos: folds 
Joe_Li7: folds 
avstero: folds 
Giorgi675: raises $1 to $2
ImaPeppaPig: folds 
numapu_33: folds 
Uncalled bet ($1) returned to Giorgi675
Giorgi675 collected $2.50 from pot
*** SUMMARY ***
Total pot $2.50 | Rake $0 
Seat 1: numapu_33 (big blind) folded before Flop
Seat 2: Mariuoos folded before Flop (didn't bet)
Seat 3: Joe_Li7 folded before Flop (didn't bet)
Seat 4: avstero folded before Flop (didn't bet)
Seat 5: Giorgi675 (button) collected ($2.50)
Seat 6: ImaPeppaPig (small blind) folded before Flop



PokerStars Hand #254391310989:  Hold'em No Limit ($0.50/$1.00 USD) - 2025/01/15 23:32:47 WET [2025/01/15 18:32:47 ET]
Table 'Hanskya III' 6-max Seat #6 is the button
Seat 1: numapu_33 ($126.67 in chips) 
Seat 2: Mariuoos ($100 in chips) 
Seat 3: Joe_Li7 ($102.31 in chips) 
Seat 4: avstero ($107.69 in chips) 
Seat 5: Giorgi675 ($67.33 in chips) 
Seat 6: ImaPeppaPig ($173.77 in chips) 
numapu_33: posts small blind $0.50
Mariuoos: posts big blind $1
*** HOLE CARDS ***
Joe_Li7: raises $1.20 to $2.20
avstero: folds 
Giorgi675: calls $2.20
ImaPeppaPig: folds 
numapu_33: folds 
Mariuoos: calls $1.20
*** FLOP *** [Qc 3c 2d]
Mariuoos: checks 
Joe_Li7: checks 
Giorgi675: checks 
*** TURN *** [Qc 3c 2d] [Kd]
Mariuoos: checks 
Joe_Li7: bets $4.52
Giorgi675: folds 
Mariuoos: calls $4.52
*** RIVER *** [Qc 3c 2d Kd] [9c]
Mariuoos: checks 
Joe_Li7: bets $11.48
Mariuoos: calls $11.48
*** SHOW DOWN ***
Joe_Li7: shows [Js Ah] (high card Ace)
Mariuoos: shows [8s 8d] (a pair of Eights)
Mariuoos collected $37.14 from pot
*** SUMMARY ***
Total pot $39.10 | Rake $1.96 
Board [Qc 3c 2d Kd 9c]
Seat 1: numapu_33 (small blind) folded before Flop
Seat 2: Mariuoos (big blind) showed [8s 8d] and won ($37.14) with a pair of Eights
Seat 3: Joe_Li7 showed [Js Ah] and lost with high card Ace
Seat 4: avstero folded before Flop (didn't bet)
Seat 5: Giorgi675 folded on the Turn
Seat 6: ImaPeppaPig (button) folded before Flop (didn't bet)



PokerStars Hand #254391336523:  Hold'em No Limit ($0.50/$1.00 USD) - 2025/01/15 23:34:28 WET [2025/01/15 18:34:28 ET]
Table 'Hanskya III' 6-max Seat #1 is the button
Seat 1: numapu_33 ($126.17 in chips) 
Seat 2: Mariuoos ($118.94 in chips) 
Seat 3: Joe_Li7 ($100 in chips) 
Seat 4: avstero ($107.69 in chips) 
Seat 5: Giorgi675 ($65.13 in chips) 
Seat 6: ImaPeppaPig ($173.77 in chips) 
Mariuoos: posts small blind $0.50
Joe_Li7: posts big blind $1
*** HOLE CARDS ***
avstero: folds 
Giorgi675: folds 
ImaPeppaPig: folds 
numapu_33: raises $1.50 to $2.50
Mariuoos: folds 
Joe_Li7: folds 
Uncalled bet ($1.50) returned to numapu_33
numapu_33 collected $2.50 from pot
numapu_33: doesn't show hand 
*** SUMMARY ***
Total pot $2.50 | Rake $0 
Seat 1: numapu_33 (button) collected ($2.50)
Seat 2: Mariuoos (small blind) folded before Flop
Seat 3: Joe_Li7 (big blind) folded before Flop
Seat 4: avstero folded before Flop (didn't bet)
Seat 5: Giorgi675 folded before Flop (didn't bet)
Seat 6: ImaPeppaPig folded before Flop (didn't bet)



PokerStars Hand #254391341159:  Hold'em No Limit ($0.50/$1.00 USD) - 2025/01/15 23:34:47 WET [2025/01/15 18:34:47 ET]
Table 'Hanskya III' 6-max Seat #2 is the button
Seat 1: numapu_33 ($127.67 in chips) 
Seat 2: Mariuoos ($118.44 in chips) 
Seat 3: Joe_Li7 ($100 in chips) 
Seat 4: avstero ($107.69 in chips) 
Seat 5: Giorgi675 ($65.13 in chips) 
Seat 6: ImaPeppaPig ($173.77 in chips) 
Joe_Li7: posts small blind $0.50
avstero: posts big blind $1
*** HOLE CARDS ***
Giorgi675: folds 
ImaPeppaPig: folds 
numapu_33: folds 
Mariuoos: raises $1.50 to $2.50
Joe_Li7: folds 
avstero: folds 
Uncalled bet ($1.50) returned to Mariuoos
Mariuoos collected $2.50 from pot
Mariuoos: doesn't show hand 
*** SUMMARY ***
Total pot $2.50 | Rake $0 
Seat 1: numapu_33 folded before Flop (didn't bet)
Seat 2: Mariuoos (button) collected ($2.50)
Seat 3: Joe_Li7 (small blind) folded before Flop
Seat 4: avstero (big blind) folded before Flop
Seat 5: Giorgi675 folded before Flop (didn't bet)
Seat 6: ImaPeppaPig folded before Flop (didn't bet)



PokerStars Hand #254391348348:  Hold'em No Limit ($0.50/$1.00 USD) - 2025/01/15 23:35:16 WET [2025/01/15 18:35:16 ET]
Table 'Hanskya III' 6-max Seat #3 is the button
Seat 1: numapu_33 ($127.67 in chips) 
Seat 2: Mariuoos ($119.94 in chips) 
Seat 3: Joe_Li7 ($100 in chips) 
Seat 4: avstero ($106.69 in chips) 
Seat 5: Giorgi675 ($65.13 in chips) 
Seat 6: ImaPeppaPig ($173.77 in chips) 
avstero: posts small blind $0.50
Giorgi675: posts big blind $1
*** HOLE CARDS ***
ImaPeppaPig: folds 
numapu_33: raises $1.50 to $2.50
Mariuoos: folds 
Joe_Li7: folds 
avstero: folds 
Giorgi675: folds 
Uncalled bet ($1.50) returned to numapu_33
numapu_33 collected $2.50 from pot
numapu_33: doesn't show hand 
*** SUMMARY ***
Total pot $2.50 | Rake $0 
Seat 1: numapu_33 collected ($2.50)
Seat 2: Mariuoos folded before Flop (didn't bet)
Seat 3: Joe_Li7 (button) folded before Flop (didn't bet)
Seat 4: avstero (small blind) folded before Flop
Seat 5: Giorgi675 (big blind) folded before Flop
Seat 6: ImaPeppaPig folded before Flop (didn't bet)



PokerStars Hand #254391354725:  Hold'em No Limit ($0.50/$1.00 USD) - 2025/01/15 23:35:41 WET [2025/01/15 18:35:41 ET]
Table 'Hanskya III' 6-max Seat #4 is the button
Seat 1: numapu_33 ($129.17 in chips) 
Seat 2: Mariuoos ($119.94 in chips) 
Seat 3: Joe_Li7 ($100 in chips) 
Seat 4: avstero ($106.19 in chips) 
Seat 5: Giorgi675 ($64.13 in chips) 
Seat 6: ImaPeppaPig ($173.77 in chips) 
Giorgi675: posts small blind $0.50
ImaPeppaPig: posts big blind $1
*** HOLE CARDS ***
numapu_33: folds 
Mariuoos: raises $1 to $2
Joe_Li7: raises $4.50 to $6.50
avstero: folds 
Giorgi675: folds 
ImaPeppaPig: folds 
Mariuoos: calls $4.50
*** FLOP *** [Tc 8s Kh]
Mariuoos: checks 
Joe_Li7: bets $4.55
Mariuoos: folds 
Uncalled bet ($4.55) returned to Joe_Li7
Joe_Li7 collected $13.78 from pot
*** SUMMARY ***
Total pot $14.50 | Rake $0.72 
Board [Tc 8s Kh]
Seat 1: numapu_33 folded before Flop (didn't bet)
Seat 2: Mariuoos folded on the Flop
Seat 3: Joe_Li7 collected ($13.78)
Seat 4: avstero (button) folded before Flop (didn't bet)
Seat 5: Giorgi675 (small blind) folded before Flop
Seat 6: ImaPeppaPig (big blind) folded before Flop



PokerStars Hand #254391368279:  Hold'em No Limit ($0.50/$1.00 USD) - 2025/01/15 23:36:35 WET [2025/01/15 18:36:35 ET]
Table 'Hanskya III' 6-max Seat #5 is the button
Seat 1: numapu_33 ($129.17 in chips) 
Seat 2: Mariuoos ($113.44 in chips) 
Seat 3: Joe_Li7 ($107.28 in chips) 
Seat 4: avstero ($106.19 in chips) 
Seat 5: Giorgi675 ($63.63 in chips) 
Seat 6: ImaPeppaPig ($172.77 in chips) 
ImaPeppaPig: posts small blind $0.50
numapu_33: posts big blind $1
*** HOLE CARDS ***
Mariuoos: folds 
Joe_Li7: folds 
avstero: raises $1.20 to $2.20
Giorgi675: folds 
ImaPeppaPig: folds 
numapu_33: folds 
Uncalled bet ($1.20) returned to avstero
avstero collected $2.50 from pot
avstero: doesn't show hand 
*** SUMMARY ***
Total pot $2.50 | Rake $0 
Seat 1: numapu_33 (big blind) folded before Flop
Seat 2: Mariuoos folded before Flop (didn't bet)
Seat 3: Joe_Li7 folded before Flop (didn't bet)
Seat 4: avstero collected ($2.50)
Seat 5: Giorgi675 (button) folded before Flop (didn't bet)
Seat 6: ImaPeppaPig (small blind) folded before Flop



PokerStars Hand #254391373953:  Hold'em No Limit ($0.50/$1.00 USD) - 2025/01/15 23:36:57 WET [2025/01/15 18:36:57 ET]
Table 'Hanskya III' 6-max Seat #6 is the button
Seat 1: numapu_33 ($128.17 in chips) 
Seat 2: Mariuoos ($113.44 in chips) 
Seat 3: Joe_Li7 ($107.28 in chips) 
Seat 4: avstero ($107.69 in chips) 
Seat 5: Giorgi675 ($63.63 in chips) 
Seat 6: ImaPeppaPig ($172.27 in chips) 
numapu_33: posts small blind $0.50
Mariuoos: posts big blind $1
*** HOLE CARDS ***
Joe_Li7: folds 
avstero: folds 
Giorgi675: raises $1 to $2
ImaPeppaPig: folds 
numapu_33: folds 
Mariuoos: folds 
Uncalled bet ($1) returned to Giorgi675
Giorgi675 collected $2.50 from pot
*** SUMMARY ***
Total pot $2.50 | Rake $0 
Seat 1: numapu_33 (small blind) folded before Flop
Seat 2: Mariuoos (big blind) folded before Flop
Seat 3: Joe_Li7 folded before Flop (didn't bet)
Seat 4: avstero folded before Flop (didn't bet)
Seat 5: Giorgi675 collected ($2.50)
Seat 6: ImaPeppaPig (button) folded before Flop (didn't bet)



PokerStars Hand #254391378463:  Hold'em No Limit ($0.50/$1.00 USD) - 2025/01/15 23:37:15 WET [2025/01/15 18:37:15 ET]
Table 'Hanskya III' 6-max Seat #1 is the button
Seat 1: numapu_33 ($127.67 in chips) 
Seat 2: Mariuoos ($112.44 in chips) 
Seat 3: Joe_Li7 ($107.28 in chips) 
Seat 4: avstero ($107.69 in chips) 
Seat 5: Giorgi675 ($65.13 in chips) 
Seat 6: ImaPeppaPig ($172.27 in chips) 
Mariuoos: posts small blind $0.50
Joe_Li7: posts big blind $1
*** HOLE CARDS ***
avstero: raises $1.20 to $2.20
Giorgi675: calls $2.20
ImaPeppaPig: folds 
numapu_33: folds 
Mariuoos: folds 
Joe_Li7: calls $1.20
*** FLOP *** [Ac 7h 9s]
Joe_Li7: checks 
avstero: checks 
Giorgi675: bets $2
Joe_Li7: folds 
avstero: folds 
Uncalled bet ($2) returned to Giorgi675
Giorgi675 collected $6.74 from pot
*** SUMMARY ***
Total pot $7.10 | Rake $0.36 
Board [Ac 7h 9s]
Seat 1: numapu_33 (button) folded before Flop (didn't bet)
Seat 2: Mariuoos (small blind) folded before Flop
Seat 3: Joe_Li7 (big blind) folded on the Flop
Seat 4: avstero folded on the Flop
Seat 5: Giorgi675 collected ($6.74)
Seat 6: ImaPeppaPig folded before Flop (didn't bet)



PokerStars Hand #254391387679:  Hold'em No Limit ($0.50/$1.00 USD) - 2025/01/15 23:37:52 WET [2025/01/15 18:37:52 ET]
Table 'Hanskya III' 6-max Seat #2 is the button
Seat 1: numapu_33 ($127.67 in chips) 
Seat 2: Mariuoos ($111.94 in chips) 
Seat 3: Joe_Li7 ($105.08 in chips) 
Seat 4: avstero ($105.49 in chips) 
Seat 5: Giorgi675 ($69.67 in chips) 
Seat 6: ImaPeppaPig ($172.27 in chips) 
Joe_Li7: posts small blind $0.50
avstero: posts big blind $1
*** HOLE CARDS ***
Giorgi675: folds 
ImaPeppaPig: folds 
numapu_33: raises $1.50 to $2.50
Mariuoos: folds 
Joe_Li7: folds 
avstero: calls $1.50
*** FLOP *** [Jh 4d 3d]
avstero: checks 
numapu_33: checks 
*** TURN *** [Jh 4d 3d] [2d]
avstero: bets $1.57
numapu_33: calls $1.57
*** RIVER *** [Jh 4d 3d 2d] [8s]
avstero: bets $8
numapu_33: calls $8
*** SHOW DOWN ***
avstero: shows [9s Ad] (high card Ace)
numapu_33: shows [Js Qh] (a pair of Jacks)
numapu_33 collected $23.41 from pot
*** SUMMARY ***
Total pot $24.64 | Rake $1.23 
Board [Jh 4d 3d 2d 8s]
Seat 1: numapu_33 showed [Js Qh] and won ($23.41) with a pair of Jacks
Seat 2: Mariuoos (button) folded before Flop (didn't bet)
Seat 3: Joe_Li7 (small blind) folded before Flop
Seat 4: avstero (big blind) showed [9s Ad] and lost with high card Ace
Seat 5: Giorgi675 folded before Flop (didn't bet)
Seat 6: ImaPeppaPig folded before Flop (didn't bet)



PokerStars Hand #254391405533:  Hold'em No Limit ($0.50/$1.00 USD) - 2025/01/15 23:39:05 WET [2025/01/15 18:39:05 ET]
Table 'Hanskya III' 6-max Seat #3 is the button
Seat 1: numapu_33 ($139.01 in chips) 
Seat 2: Mariuoos ($111.94 in chips) 
Seat 3: Joe_Li7 ($104.58 in chips) 
Seat 4: avstero ($100 in chips) 
Seat 5: Giorgi675 ($69.67 in chips) 
Seat 6: ImaPeppaPig ($172.27 in chips) 
avstero: posts small blind $0.50
Giorgi675: posts big blind $1
*** HOLE CARDS ***
ImaPeppaPig: folds 
numapu_33: folds 
Mariuoos: folds 
Joe_Li7: folds 
avstero: folds 
Uncalled bet ($0.50) returned to Giorgi675
Giorgi675 collected $1 from pot
*** SUMMARY ***
Total pot $1 | Rake $0 
Seat 1: numapu_33 folded before Flop (didn't bet)
Seat 2: Mariuoos folded before Flop (didn't bet)
Seat 3: Joe_Li7 (button) folded before Flop (didn't bet)
Seat 4: avstero (small blind) folded before Flop
Seat 5: Giorgi675 (big blind) collected ($1)
Seat 6: ImaPeppaPig folded before Flop (didn't bet)



PokerStars Hand #254391407831:  Hold'em No Limit ($0.50/$1.00 USD) - 2025/01/15 23:39:14 WET [2025/01/15 18:39:14 ET]
Table 'Hanskya III' 6-max Seat #4 is the button
Seat 1: numapu_33 ($139.01 in chips) 
Seat 2: Mariuoos ($111.94 in chips) 
Seat 3: Joe_Li7 ($104.58 in chips) 
Seat 4: avstero ($99.50 in chips) 
Seat 5: Giorgi675 ($70.17 in chips) 
Seat 6: ImaPeppaPig ($172.27 in chips) 
Giorgi675: posts small blind $0.50
ImaPeppaPig: posts big blind $1
*** HOLE CARDS ***
numapu_33: folds 
Mariuoos: raises $1 to $2
Joe_Li7: raises $4.50 to $6.50
avstero: folds 
Giorgi675: folds 
ImaPeppaPig: folds 
Mariuoos: raises $12.50 to $19
Joe_Li7: folds 
Uncalled bet ($12.50) returned to Mariuoos
Mariuoos collected $14.50 from pot
Mariuoos: doesn't show hand 
*** SUMMARY ***
Total pot $14.50 | Rake $0 
Seat 1: numapu_33 folded before Flop (didn't bet)
Seat 2: Mariuoos collected ($14.50)
Seat 3: Joe_Li7 folded before Flop
Seat 4: avstero (button) folded before Flop (didn't bet)
Seat 5: Giorgi675 (small blind) folded before Flop
Seat 6: ImaPeppaPig (big blind) folded before Flop



PokerStars Hand #254391415756:  Hold'em No Limit ($0.50/$1.00 USD) - 2025/01/15 23:39:47 WET [2025/01/15 18:39:47 ET]
Table 'Hanskya III' 6-max Seat #5 is the button
Seat 1: numapu_33 ($139.01 in chips) 
Seat 2: Mariuoos ($119.94 in chips) 
Seat 3: Joe_Li7 ($100 in chips) 
Seat 4: avstero ($99.50 in chips) 
Seat 5: Giorgi675 ($69.67 in chips) 
Seat 6: ImaPeppaPig ($171.27 in chips) 
ImaPeppaPig: posts small blind $0.50
numapu_33: posts big blind $1
*** HOLE CARDS ***
Mariuoos: folds 
Joe_Li7: raises $1.20 to $2.20
avstero: folds 
Giorgi675: folds 
ImaPeppaPig: folds 
numapu_33: folds 
Uncalled bet ($1.20) returned to Joe_Li7
Joe_Li7 collected $2.50 from pot
*** SUMMARY ***
Total pot $2.50 | Rake $0 
Seat 1: numapu_33 (big blind) folded before Flop
Seat 2: Mariuoos folded before Flop (didn't bet)
Seat 3: Joe_Li7 collected ($2.50)
Seat 4: avstero folded before Flop (didn't bet)
Seat 5: Giorgi675 (button) folded before Flop (didn't bet)
Seat 6: ImaPeppaPig (small blind) folded before Flop



PokerStars Hand #254391418794:  Hold'em No Limit ($0.50/$1.00 USD) - 2025/01/15 23:39:59 WET [2025/01/15 18:39:59 ET]
Table 'Hanskya III' 6-max Seat #6 is the button
Seat 1: numapu_33 ($138.01 in chips) 
Seat 2: Mariuoos ($119.94 in chips) 
Seat 3: Joe_Li7 ($101.50 in chips) 
Seat 4: avstero ($99.50 in chips) 
Seat 5: Giorgi675 ($69.67 in chips) 
Seat 6: ImaPeppaPig ($170.77 in chips) 
numapu_33: posts small blind $0.50
Mariuoos: posts big blind $1
*** HOLE CARDS ***
Joe_Li7: folds 
avstero: folds 
Giorgi675: raises $1 to $2
ImaPeppaPig: folds 
numapu_33: raises $8 to $10
Mariuoos: folds 
Giorgi675: folds 
Uncalled bet ($8) returned to numapu_33
numapu_33 collected $5 from pot
numapu_33: doesn't show hand 
*** SUMMARY ***
Total pot $5 | Rake $0 
Seat 1: numapu_33 (small blind) collected ($5)
Seat 2: Mariuoos (big blind) folded before Flop
Seat 3: Joe_Li7 folded before Flop (didn't bet)
Seat 4: avstero folded before Flop (didn't bet)
Seat 5: Giorgi675 folded before Flop
Seat 6: ImaPeppaPig (button) folded before Flop (didn't bet)



PokerStars Hand #254391424002:  Hold'em No Limit ($0.50/$1.00 USD) - 2025/01/15 23:40:20 WET [2025/01/15 18:40:20 ET]
Table 'Hanskya III' 6-max Seat #1 is the button
Seat 1: numapu_33 ($141.01 in chips) 
Seat 2: Mariuoos ($118.94 in chips) 
Seat 3: Joe_Li7 ($101.50 in chips) 
Seat 4: avstero ($99.50 in chips) 
Seat 5: Giorgi675 ($67.67 in chips) 
Seat 6: ImaPeppaPig ($170.77 in chips) 
Mariuoos: posts small blind $0.50
Joe_Li7: posts big blind $1
*** HOLE CARDS ***
avstero: folds 
Giorgi675: folds 
ImaPeppaPig: raises $1.50 to $2.50
numapu_33: raises $5 to $7.50
Mariuoos: folds 
Joe_Li7: folds 
ImaPeppaPig: raises $16.50 to $24
numapu_33: calls $16.50
*** FLOP *** [8d Td 9s]
ImaPeppaPig: checks 
numapu_33: checks 
*** TURN *** [8d Td 9s] [Jc]
ImaPeppaPig: checks 
numapu_33: checks 
*** RIVER *** [8d Td 9s Jc] [2d]
ImaPeppaPig: checks 
numapu_33: checks 
*** SHOW DOWN ***
ImaPeppaPig: shows [Kc Ac] (high card Ace)
numapu_33: shows [Kh Jh] (a pair of Jacks)
numapu_33 collected $47.02 from pot
*** SUMMARY ***
Total pot $49.50 | Rake $2.48 
Board [8d Td 9s Jc 2d]
Seat 1: numapu_33 (button) showed [Kh Jh] and won ($47.02) with a pair of Jacks
Seat 2: Mariuoos (small blind) folded before Flop
Seat 3: Joe_Li7 (big blind) folded before Flop
Seat 4: avstero folded before Flop (didn't bet)
Seat 5: Giorgi675 folded before Flop (didn't bet)
Seat 6: ImaPeppaPig showed [Kc Ac] and lost with high card Ace



PokerStars Hand #254391439979:  Hold'em No Limit ($0.50/$1.00 USD) - 2025/01/15 23:41:25 WET [2025/01/15 18:41:25 ET]
Table 'Hanskya III' 6-max Seat #2 is the button
Seat 1: numapu_33 ($164.03 in chips) 
Seat 2: Mariuoos ($118.44 in chips) 
Seat 3: Joe_Li7 ($100.50 in chips) 
Seat 4: avstero ($99.50 in chips) 
Seat 5: Giorgi675 ($67.67 in chips) 
Seat 6: ImaPeppaPig ($146.77 in chips) 
Joe_Li7: posts small blind $0.50
avstero: posts big blind $1
*** HOLE CARDS ***
Giorgi675: calls $1
ImaPeppaPig: folds 
numapu_33: folds 
Mariuoos: folds 
Joe_Li7: folds 
avstero: checks 
*** FLOP *** [Qh 3h 8s]
avstero: checks 
Giorgi675: bets $1
avstero: folds 
Uncalled bet ($1) returned to Giorgi675
Giorgi675 collected $2.38 from pot
*** SUMMARY ***
Total pot $2.50 | Rake $0.12 
Board [Qh 3h 8s]
Seat 1: numapu_33 folded before Flop (didn't bet)
Seat 2: Mariuoos (button) folded before Flop (didn't bet)
Seat 3: Joe_Li7 (small blind) folded before Flop
Seat 4: avstero (big blind) folded on the Flop
Seat 5: Giorgi675 collected ($2.38)
Seat 6: ImaPeppaPig folded before Flop (didn't bet)



PokerStars Hand #254391448950:  Hold'em No Limit ($0.50/$1.00 USD) - 2025/01/15 23:42:01 WET [2025/01/15 18:42:01 ET]
Table 'Hanskya III' 6-max Seat #3 is the button
Seat 1: numapu_33 ($164.03 in chips) 
Seat 2: Mariuoos ($118.44 in chips) 
Seat 3: Joe_Li7 ($100 in chips) 
Seat 4: avstero ($100 in chips) 
Seat 5: Giorgi675 ($69.05 in chips) 
Seat 6: ImaPeppaPig ($146.77 in chips) 
avstero: posts small blind $0.50
Giorgi675: posts big blind $1
*** HOLE CARDS ***
ImaPeppaPig: folds 
numapu_33: folds 
Mariuoos: folds 
Joe_Li7: folds 
avstero: raises $1.80 to $2.80
Giorgi675: folds 
Uncalled bet ($1.80) returned to avstero
avstero collected $2 from pot
avstero: doesn't show hand 
*** SUMMARY ***
Total pot $2 | Rake $0 
Seat 1: numapu_33 folded before Flop (didn't bet)
Seat 2: Mariuoos folded before Flop (didn't bet)
Seat 3: Joe_Li7 (button) folded before Flop (didn't bet)
Seat 4: avstero (small blind) collected ($2)
Seat 5: Giorgi675 (big blind) folded before Flop
Seat 6: ImaPeppaPig folded before Flop (didn't bet)



PokerStars Hand #254391456284:  Hold'em No Limit ($0.50/$1.00 USD) - 2025/01/15 23:42:31 WET [2025/01/15 18:42:31 ET]
Table 'Hanskya III' 6-max Seat #4 is the button
Seat 1: numapu_33 ($164.03 in chips) 
Seat 2: Mariuoos ($118.44 in chips) 
Seat 3: Joe_Li7 ($100 in chips) 
Seat 4: avstero ($101 in chips) 
Seat 5: Giorgi675 ($68.05 in chips) 
Seat 6: ImaPeppaPig ($146.77 in chips) 
Giorgi675: posts small blind $0.50
ImaPeppaPig: posts big blind $1
*** HOLE CARDS ***
numapu_33: raises $1.50 to $2.50
Mariuoos: folds 
Joe_Li7: folds 
avstero: folds 
Giorgi675: folds 
ImaPeppaPig: folds 
Uncalled bet ($1.50) returned to numapu_33
numapu_33 collected $2.50 from pot
numapu_33: doesn't show hand 
*** SUMMARY ***
Total pot $2.50 | Rake $0 
Seat 1: numapu_33 collected ($2.50)
Seat 2: Mariuoos folded before Flop (didn't bet)
Seat 3: Joe_Li7 folded before Flop (didn't bet)
Seat 4: avstero (button) folded before Flop (didn't bet)
Seat 5: Giorgi675 (small blind) folded before Flop
Seat 6: ImaPeppaPig (big blind) folded before Flop



PokerStars Hand #254391459802:  Hold'em No Limit ($0.50/$1.00 USD) - 2025/01/15 23:42:46 WET [2025/01/15 18:42:46 ET]
Table 'Hanskya III' 6-max Seat #5 is the button
Seat 1: numapu_33 ($165.53 in chips) is sitting out
Seat 2: Mariuoos ($118.44 in chips) 
Seat 3: Joe_Li7 ($100 in chips) 
Seat 4: avstero ($101 in chips) 
Seat 5: Giorgi675 ($67.55 in chips) 
Seat 6: ImaPeppaPig ($145.77 in chips) 
ImaPeppaPig: posts small blind $0.50
Mariuoos: posts big blind $1
*** HOLE CARDS ***
Joe_Li7: folds 
avstero: folds 
Giorgi675: folds 
ImaPeppaPig: raises $2 to $3
Mariuoos: calls $2
*** FLOP *** [5s 6s Jh]
ImaPeppaPig: checks 
Mariuoos: checks 
*** TURN *** [5s 6s Jh] [Qd]
ImaPeppaPig: bets $3
Mariuoos: calls $3
*** RIVER *** [5s 6s Jh Qd] [Ad]
ImaPeppaPig: checks 
Mariuoos: checks 
*** SHOW DOWN ***
ImaPeppaPig: shows [Kc Qh] (a pair of Queens)
Mariuoos: mucks hand 
ImaPeppaPig collected $11.40 from pot
*** SUMMARY ***
Total pot $12 | Rake $0.60 
Board [5s 6s Jh Qd Ad]
Seat 1: numapu_33
Seat 2: Mariuoos (big blind) mucked
Seat 3: Joe_Li7 folded before Flop (didn't bet)
Seat 4: avstero folded before Flop (didn't bet)
Seat 5: Giorgi675 (button) folded before Flop (didn't bet)
Seat 6: ImaPeppaPig (small blind) showed [Kc Qh] and won ($11.40) with a pair of Queens



PokerStars Hand #254391480318:  Hold'em No Limit ($0.50/$1.00 USD) - 2025/01/15 23:44:11 WET [2025/01/15 18:44:11 ET]
Table 'Hanskya III' 6-max Seat #6 is the button
Seat 1: numapu_33 ($165.53 in chips) is sitting out
Seat 2: Mariuoos ($112.44 in chips) 
Seat 3: Joe_Li7 ($100 in chips) 
Seat 4: avstero ($101 in chips) 
Seat 5: Giorgi675 ($67.55 in chips) 
Seat 6: ImaPeppaPig ($151.17 in chips) 
Mariuoos: posts small blind $0.50
Joe_Li7: posts big blind $1
*** HOLE CARDS ***
avstero: folds 
Giorgi675: calls $1
ImaPeppaPig: folds 
Mariuoos: folds 
Joe_Li7: raises $5 to $6
Giorgi675: folds 
Uncalled bet ($5) returned to Joe_Li7
Joe_Li7 collected $2.50 from pot
*** SUMMARY ***
Total pot $2.50 | Rake $0 
Seat 1: numapu_33
Seat 2: Mariuoos (small blind) folded before Flop
Seat 3: Joe_Li7 (big blind) collected ($2.50)
Seat 4: avstero folded before Flop (didn't bet)
Seat 5: Giorgi675 folded before Flop
Seat 6: ImaPeppaPig (button) folded before Flop (didn't bet)



PokerStars Hand #254391486753:  Hold'em No Limit ($0.50/$1.00 USD) - 2025/01/15 23:44:37 WET [2025/01/15 18:44:37 ET]
Table 'Hanskya III' 6-max Seat #2 is the button
Seat 1: numapu_33 ($165.53 in chips) is sitting out
Seat 2: Mariuoos ($111.94 in chips) 
Seat 3: Joe_Li7 ($101.50 in chips) 
Seat 4: avstero ($101 in chips) 
Seat 5: Giorgi675 ($66.55 in chips) 
Seat 6: ImaPeppaPig ($151.17 in chips) 
Joe_Li7: posts small blind $0.50
avstero: posts big blind $1
numapu_33: sits out 
*** HOLE CARDS ***
Giorgi675: folds 
ImaPeppaPig: raises $1.50 to $2.50
Mariuoos: folds 
Joe_Li7: folds 
avstero: folds 
Uncalled bet ($1.50) returned to ImaPeppaPig
ImaPeppaPig collected $2.50 from pot
ImaPeppaPig: doesn't show hand 
*** SUMMARY ***
Total pot $2.50 | Rake $0 
Seat 1: numapu_33
Seat 2: Mariuoos (button) folded before Flop (didn't bet)
Seat 3: Joe_Li7 (small blind) folded before Flop
Seat 4: avstero (big blind) folded before Flop
Seat 5: Giorgi675 folded before Flop (didn't bet)
Seat 6: ImaPeppaPig collected ($2.50)



PokerStars Hand #254391490543:  Hold'em No Limit ($0.50/$1.00 USD) - 2025/01/15 23:44:53 WET [2025/01/15 18:44:53 ET]
Table 'Hanskya III' 6-max Seat #3 is the button
Seat 1: numapu_33 ($165.53 in chips) is sitting out
Seat 2: Mariuoos ($111.94 in chips) 
Seat 3: Joe_Li7 ($101 in chips) 
Seat 4: avstero ($100 in chips) 
Seat 5: Giorgi675 ($66.55 in chips) 
Seat 6: ImaPeppaPig ($152.67 in chips) 
avstero: posts small blind $0.50
Giorgi675: posts big blind $1
numapu_33: sits out 
*** HOLE CARDS ***
ImaPeppaPig: folds 
Mariuoos: raises $1 to $2
Joe_Li7: folds 
avstero: folds 
Giorgi675: calls $1
*** FLOP *** [2c 9s 3h]
Giorgi675: bets $1
Mariuoos: raises $3 to $4
Giorgi675: folds 
Uncalled bet ($3) returned to Mariuoos
Mariuoos collected $6.18 from pot
Mariuoos: doesn't show hand 
*** SUMMARY ***
Total pot $6.50 | Rake $0.32 
Board [2c 9s 3h]
Seat 1: numapu_33
Seat 2: Mariuoos collected ($6.18)
Seat 3: Joe_Li7 (button) folded before Flop (didn't bet)
Seat 4: avstero (small blind) folded before Flop
Seat 5: Giorgi675 (big blind) folded on the Flop
Seat 6: ImaPeppaPig folded before Flop (didn't bet)



PokerStars Hand #254391502420:  Hold'em No Limit ($0.50/$1.00 USD) - 2025/01/15 23:45:42 WET [2025/01/15 18:45:42 ET]
Table 'Hanskya III' 6-max Seat #4 is the button
Seat 1: numapu_33 ($165.53 in chips) is sitting out
Seat 2: Mariuoos ($115.12 in chips) 
Seat 3: Joe_Li7 ($101 in chips) 
Seat 4: avstero ($99.50 in chips) 
Seat 5: Giorgi675 ($63.55 in chips) 
Seat 6: ImaPeppaPig ($152.67 in chips) 
Giorgi675: posts small blind $0.50
ImaPeppaPig: posts big blind $1
numapu_33: sits out 
*** HOLE CARDS ***
Mariuoos: folds 
Joe_Li7: folds 
avstero: folds 
Giorgi675: folds 
Uncalled bet ($0.50) returned to ImaPeppaPig
ImaPeppaPig collected $1 from pot
ImaPeppaPig: doesn't show hand 
*** SUMMARY ***
Total pot $1 | Rake $0 
Seat 1: numapu_33
Seat 2: Mariuoos folded before Flop (didn't bet)
Seat 3: Joe_Li7 folded before Flop (didn't bet)
Seat 4: avstero (button) folded before Flop (didn't bet)
Seat 5: Giorgi675 (small blind) folded before Flop
Seat 6: ImaPeppaPig (big blind) collected ($1)



PokerStars Hand #254391505037:  Hold'em No Limit ($0.50/$1.00 USD) - 2025/01/15 23:45:53 WET [2025/01/15 18:45:53 ET]
Table 'Hanskya III' 6-max Seat #5 is the button
Seat 1: numapu_33 ($165.53 in chips) 
Seat 2: Mariuoos ($115.12 in chips) 
Seat 3: Joe_Li7 ($101 in chips) 
Seat 4: avstero ($99.50 in chips) 
Seat 5: Giorgi675 ($63.05 in chips) 
Seat 6: ImaPeppaPig ($153.17 in chips) 
ImaPeppaPig: posts small blind $0.50
numapu_33: posts big blind $1
*** HOLE CARDS ***
Mariuoos: folds 
Joe_Li7: folds 
avstero: folds 
Giorgi675: calls $1
ImaPeppaPig: calls $0.50
numapu_33: checks 
*** FLOP *** [9s Js 3s]
ImaPeppaPig: checks 
numapu_33: checks 
Giorgi675: bets $1
ImaPeppaPig: calls $1
numapu_33: calls $1
*** TURN *** [9s Js 3s] [2c]
ImaPeppaPig: checks 
numapu_33: checks 
Giorgi675: bets $2
ImaPeppaPig: calls $2
numapu_33: folds 
*** RIVER *** [9s Js 3s 2c] [Jd]
ImaPeppaPig: checks 
Giorgi675: bets $4.75
ImaPeppaPig: calls $4.75
*** SHOW DOWN ***
Giorgi675: shows [As Td] (a pair of Jacks)
ImaPeppaPig: shows [Ks 9c] (two pair, Jacks and Nines)
ImaPeppaPig collected $18.52 from pot
*** SUMMARY ***
Total pot $19.50 | Rake $0.98 
Board [9s Js 3s 2c Jd]
Seat 1: numapu_33 (big blind) folded on the Turn
Seat 2: Mariuoos folded before Flop (didn't bet)
Seat 3: Joe_Li7 folded before Flop (didn't bet)
Seat 4: avstero folded before Flop (didn't bet)
Seat 5: Giorgi675 (button) showed [As Td] and lost with a pair of Jacks
Seat 6: ImaPeppaPig (small blind) showed [Ks 9c] and won ($18.52) with two pair, Jacks and Nines



PokerStars Hand #254391516348:  Hold'em No Limit ($0.50/$1.00 USD) - 2025/01/15 23:46:40 WET [2025/01/15 18:46:40 ET]
Table 'Hanskya III' 6-max Seat #6 is the button
Seat 1: numapu_33 ($163.53 in chips) 
Seat 2: Mariuoos ($115.12 in chips) 
Seat 3: Joe_Li7 ($101 in chips) 
Seat 4: avstero ($99.50 in chips) 
Seat 5: Giorgi675 ($54.30 in chips) 
Seat 6: ImaPeppaPig ($162.94 in chips) 
numapu_33: posts small blind $0.50
Mariuoos: posts big blind $1
*** HOLE CARDS ***
Joe_Li7: folds 
avstero: folds 
Giorgi675: folds 
ImaPeppaPig: raises $1.50 to $2.50
numapu_33: folds 
Mariuoos: folds 
Uncalled bet ($1.50) returned to ImaPeppaPig
ImaPeppaPig collected $2.50 from pot
ImaPeppaPig: doesn't show hand 
*** SUMMARY ***
Total pot $2.50 | Rake $0 
Seat 1: numapu_33 (small blind) folded before Flop
Seat 2: Mariuoos (big blind) folded before Flop
Seat 3: Joe_Li7 folded before Flop (didn't bet)
Seat 4: avstero folded before Flop (didn't bet)
Seat 5: Giorgi675 folded before Flop (didn't bet)
Seat 6: ImaPeppaPig (button) collected ($2.50)



PokerStars Hand #254391522109:  Hold'em No Limit ($0.50/$1.00 USD) - 2025/01/15 23:47:04 WET [2025/01/15 18:47:04 ET]
Table 'Hanskya III' 6-max Seat #1 is the button
Seat 1: numapu_33 ($163.03 in chips) 
Seat 2: Mariuoos ($114.12 in chips) 
Seat 3: Joe_Li7 ($101 in chips) 
Seat 4: avstero ($99.50 in chips) 
Seat 5: Giorgi675 ($54.30 in chips) 
Seat 6: ImaPeppaPig ($164.44 in chips) 
Mariuoos: posts small blind $0.50
Joe_Li7: posts big blind $1
*** HOLE CARDS ***
avstero: folds 
Giorgi675: folds 
ImaPeppaPig: raises $1.50 to $2.50
numapu_33: folds 
Mariuoos: folds 
Joe_Li7: calls $1.50
*** FLOP *** [8s 2d Jh]
Joe_Li7: checks 
ImaPeppaPig: bets $1.62
Joe_Li7: calls $1.62
*** TURN *** [8s 2d Jh] [Kh]
Joe_Li7: checks 
ImaPeppaPig: checks 
*** RIVER *** [8s 2d Jh Kh] [7c]
Joe_Li7: checks 
ImaPeppaPig: checks 
*** SHOW DOWN ***
Joe_Li7: shows [Qd Js] (a pair of Jacks)
ImaPeppaPig: mucks hand 
Joe_Li7 collected $8.30 from pot
*** SUMMARY ***
Total pot $8.74 | Rake $0.44 
Board [8s 2d Jh Kh 7c]
Seat 1: numapu_33 (button) folded before Flop (didn't bet)
Seat 2: Mariuoos (small blind) folded before Flop
Seat 3: Joe_Li7 (big blind) showed [Qd Js] and won ($8.30) with a pair of Jacks
Seat 4: avstero folded before Flop (didn't bet)
Seat 5: Giorgi675 folded before Flop (didn't bet)
Seat 6: ImaPeppaPig mucked



PokerStars Hand #254391537525:  Hold'em No Limit ($0.50/$1.00 USD) - 2025/01/15 23:48:09 WET [2025/01/15 18:48:09 ET]
Table 'Hanskya III' 6-max Seat #2 is the button
Seat 1: numapu_33 ($163.03 in chips) 
Seat 2: Mariuoos ($113.62 in chips) 
Seat 3: Joe_Li7 ($105.18 in chips) 
Seat 4: avstero ($99.50 in chips) 
Seat 5: Giorgi675 ($54.30 in chips) 
Seat 6: ImaPeppaPig ($160.32 in chips) 
Joe_Li7: posts small blind $0.50
avstero: posts big blind $1
*** HOLE CARDS ***
Giorgi675: raises $1 to $2
ImaPeppaPig: folds 
numapu_33: folds 
Mariuoos: folds 
Joe_Li7: folds 
avstero: folds 
Uncalled bet ($1) returned to Giorgi675
Giorgi675 collected $2.50 from pot
*** SUMMARY ***
Total pot $2.50 | Rake $0 
Seat 1: numapu_33 folded before Flop (didn't bet)
Seat 2: Mariuoos (button) folded before Flop (didn't bet)
Seat 3: Joe_Li7 (small blind) folded before Flop
Seat 4: avstero (big blind) folded before Flop
Seat 5: Giorgi675 collected ($2.50)
Seat 6: ImaPeppaPig folded before Flop (didn't bet)



PokerStars Hand #254391542603:  Hold'em No Limit ($0.50/$1.00 USD) - 2025/01/15 23:48:31 WET [2025/01/15 18:48:31 ET]
Table 'Hanskya III' 6-max Seat #3 is the button
Seat 1: numapu_33 ($163.03 in chips) 
Seat 2: Mariuoos ($113.62 in chips) 
Seat 3: Joe_Li7 ($104.68 in chips) 
Seat 4: avstero ($100 in chips) 
Seat 5: Giorgi675 ($55.80 in chips) 
Seat 6: ImaPeppaPig ($160.32 in chips) 
avstero: posts small blind $0.50
Giorgi675: posts big blind $1
*** HOLE CARDS ***
ImaPeppaPig: folds 
numapu_33: folds 
Mariuoos: folds 
Joe_Li7: raises $1.50 to $2.50
avstero: raises $9.50 to $12
Giorgi675: folds 
Joe_Li7: folds 
Uncalled bet ($9.50) returned to avstero
avstero collected $6 from pot
avstero: doesn't show hand 
*** SUMMARY ***
Total pot $6 | Rake $0 
Seat 1: numapu_33 folded before Flop (didn't bet)
Seat 2: Mariuoos folded before Flop (didn't bet)
Seat 3: Joe_Li7 (button) folded before Flop
Seat 4: avstero (small blind) collected ($6)
Seat 5: Giorgi675 (big blind) folded before Flop
Seat 6: ImaPeppaPig folded before Flop (didn't bet)



PokerStars Hand #254391547738:  Hold'em No Limit ($0.50/$1.00 USD) - 2025/01/15 23:48:53 WET [2025/01/15 18:48:53 ET]
Table 'Hanskya III' 6-max Seat #4 is the button
Seat 1: numapu_33 ($163.03 in chips) 
Seat 2: Mariuoos ($113.62 in chips) 
Seat 3: Joe_Li7 ($102.18 in chips) 
Seat 4: avstero ($103.50 in chips) 
Seat 5: Giorgi675 ($54.80 in chips) 
Seat 6: ImaPeppaPig ($160.32 in chips) 
Giorgi675: posts small blind $0.50
ImaPeppaPig: posts big blind $1
*** HOLE CARDS ***
numapu_33: folds 
Mariuoos: folds 
Joe_Li7: folds 
avstero: folds 
Giorgi675: raises $1 to $2
ImaPeppaPig: calls $1
*** FLOP *** [8c 4c 9h]
Giorgi675: bets $1
ImaPeppaPig: raises $3.02 to $4.02
Giorgi675: raises $3.02 to $7.04
ImaPeppaPig: calls $3.02
*** TURN *** [8c 4c 9h] [Js]
Giorgi675: bets $7
ImaPeppaPig: calls $7
*** RIVER *** [8c 4c 9h Js] [Td]
Giorgi675: bets $10.24
ImaPeppaPig: raises $38.73 to $48.97
Giorgi675: folds 
Uncalled bet ($38.73) returned to ImaPeppaPig
ImaPeppaPig collected $50.06 from pot
ImaPeppaPig: doesn't show hand 
*** SUMMARY ***
Total pot $52.56 | Rake $2.50 
Board [8c 4c 9h Js Td]
Seat 1: numapu_33 folded before Flop (didn't bet)
Seat 2: Mariuoos folded before Flop (didn't bet)
Seat 3: Joe_Li7 folded before Flop (didn't bet)
Seat 4: avstero (button) folded before Flop (didn't bet)
Seat 5: Giorgi675 (small blind) folded on the River
Seat 6: ImaPeppaPig (big blind) collected ($50.06)



PokerStars Hand #254391564117:  Hold'em No Limit ($0.50/$1.00 USD) - 2025/01/15 23:50:03 WET [2025/01/15 18:50:03 ET]
Table 'Hanskya III' 6-max Seat #5 is the button
Seat 1: numapu_33 ($163.03 in chips) 
Seat 2: Mariuoos ($113.62 in chips) 
Seat 3: Joe_Li7 ($102.18 in chips) 
Seat 4: avstero ($103.50 in chips) 
Seat 5: Giorgi675 ($28.52 in chips) 
Seat 6: ImaPeppaPig ($184.10 in chips) 
ImaPeppaPig: posts small blind $0.50
numapu_33: posts big blind $1
*** HOLE CARDS ***
Mariuoos: folds 
Joe_Li7: folds 
avstero: folds 
Giorgi675: calls $1
ImaPeppaPig: raises $5 to $6
numapu_33: folds 
Giorgi675: folds 
Uncalled bet ($5) returned to ImaPeppaPig
ImaPeppaPig collected $3 from pot
ImaPeppaPig: doesn't show hand 
*** SUMMARY ***
Total pot $3 | Rake $0 
Seat 1: numapu_33 (big blind) folded before Flop
Seat 2: Mariuoos folded before Flop (didn't bet)
Seat 3: Joe_Li7 folded before Flop (didn't bet)
Seat 4: avstero folded before Flop (didn't bet)
Seat 5: Giorgi675 (button) folded before Flop
Seat 6: ImaPeppaPig (small blind) collected ($3)



PokerStars Hand #254391569082:  Hold'em No Limit ($0.50/$1.00 USD) - 2025/01/15 23:50:24 WET [2025/01/15 18:50:24 ET]
Table 'Hanskya III' 6-max Seat #6 is the button
Seat 1: numapu_33 ($162.03 in chips) 
Seat 2: Mariuoos ($113.62 in chips) 
Seat 3: Joe_Li7 ($102.18 in chips) 
Seat 4: avstero ($103.50 in chips) 
Seat 5: Giorgi675 ($27.52 in chips) 
Seat 6: ImaPeppaPig ($186.10 in chips) 
numapu_33: posts small blind $0.50
Mariuoos: posts big blind $1
*** HOLE CARDS ***
Joe_Li7: folds 
avstero: folds 
Giorgi675: calls $1
ImaPeppaPig: folds 
numapu_33: raises $4 to $5
Mariuoos: folds 
Giorgi675: calls $4
*** FLOP *** [8c 9h 5c]
numapu_33: checks 
Giorgi675: checks 
*** TURN *** [8c 9h 5c] [4h]
numapu_33: checks 
Giorgi675: checks 
*** RIVER *** [8c 9h 5c 4h] [Td]
numapu_33: checks 
Giorgi675: bets $22.52 and is all-in
numapu_33: folds 
Uncalled bet ($22.52) returned to Giorgi675
Giorgi675 collected $10.45 from pot
*** SUMMARY ***
Total pot $11 | Rake $0.55 
Board [8c 9h 5c 4h Td]
Seat 1: numapu_33 (small blind) folded on the River
Seat 2: Mariuoos (big blind) folded before Flop
Seat 3: Joe_Li7 folded before Flop (didn't bet)
Seat 4: avstero folded before Flop (didn't bet)
Seat 5: Giorgi675 collected ($10.45)
Seat 6: ImaPeppaPig (button) folded before Flop (didn't bet)



PokerStars Hand #254391581226:  Hold'em No Limit ($0.50/$1.00 USD) - 2025/01/15 23:51:15 WET [2025/01/15 18:51:15 ET]
Table 'Hanskya III' 6-max Seat #1 is the button
Seat 1: numapu_33 ($157.03 in chips) 
Seat 2: Mariuoos ($112.62 in chips) 
Seat 3: Joe_Li7 ($102.18 in chips) 
Seat 4: avstero ($103.50 in chips) 
Seat 5: Giorgi675 ($32.97 in chips) 
Seat 6: ImaPeppaPig ($186.10 in chips) 
Mariuoos: posts small blind $0.50
Joe_Li7: posts big blind $1
*** HOLE CARDS ***
avstero: folds 
Giorgi675: folds 
ImaPeppaPig: folds 
numapu_33: folds 
Mariuoos: folds 
Uncalled bet ($0.50) returned to Joe_Li7
Joe_Li7 collected $1 from pot
*** SUMMARY ***
Total pot $1 | Rake $0 
Seat 1: numapu_33 (button) folded before Flop (didn't bet)
Seat 2: Mariuoos (small blind) folded before Flop
Seat 3: Joe_Li7 (big blind) collected ($1)
Seat 4: avstero folded before Flop (didn't bet)
Seat 5: Giorgi675 folded before Flop (didn't bet)
Seat 6: ImaPeppaPig folded before Flop (didn't bet)



PokerStars Hand #254391585025:  Hold'em No Limit ($0.50/$1.00 USD) - 2025/01/15 23:51:32 WET [2025/01/15 18:51:32 ET]
Table 'Hanskya III' 6-max Seat #2 is the button
Seat 1: numapu_33 ($157.03 in chips) 
Seat 2: Mariuoos ($112.12 in chips) 
Seat 3: Joe_Li7 ($102.68 in chips) 
Seat 4: avstero ($103.50 in chips) 
Seat 5: Giorgi675 ($32.97 in chips) 
Seat 6: ImaPeppaPig ($186.10 in chips) 
Joe_Li7: posts small blind $0.50
avstero: posts big blind $1
*** HOLE CARDS ***
Giorgi675: folds 
ImaPeppaPig: folds 
numapu_33: folds 
Mariuoos: folds 
Joe_Li7: raises $2 to $3
avstero: raises $6.50 to $9.50
Joe_Li7: folds 
Uncalled bet ($6.50) returned to avstero
avstero collected $6 from pot
avstero: doesn't show hand 
*** SUMMARY ***
Total pot $6 | Rake $0 
Seat 1: numapu_33 folded before Flop (didn't bet)
Seat 2: Mariuoos (button) folded before Flop (didn't bet)
Seat 3: Joe_Li7 (small blind) folded before Flop
Seat 4: avstero (big blind) collected ($6)
Seat 5: Giorgi675 folded before Flop (didn't bet)
Seat 6: ImaPeppaPig folded before Flop (didn't bet)



PokerStars Hand #254391591384:  Hold'em No Limit ($0.50/$1.00 USD) - 2025/01/15 23:51:59 WET [2025/01/15 18:51:59 ET]
Table 'Hanskya III' 6-max Seat #3 is the button
Seat 1: numapu_33 ($157.03 in chips) 
Seat 2: Mariuoos ($112.12 in chips) 
Seat 3: Joe_Li7 ($100 in chips) 
Seat 4: avstero ($106.50 in chips) 
Seat 5: Giorgi675 ($32.97 in chips) 
Seat 6: ImaPeppaPig ($186.10 in chips) 
avstero: posts small blind $0.50
Giorgi675: posts big blind $1
*** HOLE CARDS ***
ImaPeppaPig: folds 
numapu_33: folds 
Mariuoos: folds 
Joe_Li7: folds 
avstero: folds 
Uncalled bet ($0.50) returned to Giorgi675
Giorgi675 collected $1 from pot
*** SUMMARY ***
Total pot $1 | Rake $0 
Seat 1: numapu_33 folded before Flop (didn't bet)
Seat 2: Mariuoos folded before Flop (didn't bet)
Seat 3: Joe_Li7 (button) folded before Flop (didn't bet)
Seat 4: avstero (small blind) folded before Flop
Seat 5: Giorgi675 (big blind) collected ($1)
Seat 6: ImaPeppaPig folded before Flop (didn't bet)



PokerStars Hand #254391596363:  Hold'em No Limit ($0.50/$1.00 USD) - 2025/01/15 23:52:20 WET [2025/01/15 18:52:20 ET]
Table 'Hanskya III' 6-max Seat #4 is the button
Seat 1: numapu_33 ($157.03 in chips) 
Seat 2: Mariuoos ($112.12 in chips) 
Seat 3: Joe_Li7 ($100 in chips) 
Seat 4: avstero ($106 in chips) 
Seat 5: Giorgi675 ($33.47 in chips) 
Seat 6: ImaPeppaPig ($186.10 in chips) 
Giorgi675: posts small blind $0.50
ImaPeppaPig: posts big blind $1
*** HOLE CARDS ***
numapu_33: folds 
Mariuoos: folds 
Joe_Li7: folds 
avstero: folds 
Giorgi675: folds 
Uncalled bet ($0.50) returned to ImaPeppaPig
ImaPeppaPig collected $1 from pot
ImaPeppaPig: doesn't show hand 
*** SUMMARY ***
Total pot $1 | Rake $0 
Seat 1: numapu_33 folded before Flop (didn't bet)
Seat 2: Mariuoos folded before Flop (didn't bet)
Seat 3: Joe_Li7 folded before Flop (didn't bet)
Seat 4: avstero (button) folded before Flop (didn't bet)
Seat 5: Giorgi675 (small blind) folded before Flop
Seat 6: ImaPeppaPig (big blind) collected ($1)



PokerStars Hand #254391599687:  Hold'em No Limit ($0.50/$1.00 USD) - 2025/01/15 23:52:34 WET [2025/01/15 18:52:34 ET]
Table 'Hanskya III' 6-max Seat #5 is the button
Seat 1: numapu_33 ($157.03 in chips) 
Seat 2: Mariuoos ($112.12 in chips) 
Seat 3: Joe_Li7 ($100 in chips) 
Seat 4: avstero ($106 in chips) 
Seat 5: Giorgi675 ($32.97 in chips) 
Seat 6: ImaPeppaPig ($186.60 in chips) 
ImaPeppaPig: posts small blind $0.50
numapu_33: posts big blind $1
*** HOLE CARDS ***
Mariuoos: folds 
Joe_Li7: raises $1.20 to $2.20
avstero: folds 
Giorgi675: folds 
ImaPeppaPig: folds 
numapu_33: folds 
Uncalled bet ($1.20) returned to Joe_Li7
Joe_Li7 collected $2.50 from pot
*** SUMMARY ***
Total pot $2.50 | Rake $0 
Seat 1: numapu_33 (big blind) folded before Flop
Seat 2: Mariuoos folded before Flop (didn't bet)
Seat 3: Joe_Li7 collected ($2.50)
Seat 4: avstero folded before Flop (didn't bet)
Seat 5: Giorgi675 (button) folded before Flop (didn't bet)
Seat 6: ImaPeppaPig (small blind) folded before Flop



PokerStars Hand #254391604967:  Hold'em No Limit ($0.50/$1.00 USD) - 2025/01/15 23:52:57 WET [2025/01/15 18:52:57 ET]
Table 'Hanskya III' 6-max Seat #6 is the button
Seat 1: numapu_33 ($156.03 in chips) 
Seat 2: Mariuoos ($112.12 in chips) 
Seat 3: Joe_Li7 ($101.50 in chips) 
Seat 4: avstero ($106 in chips) 
Seat 5: Giorgi675 ($32.97 in chips) 
Seat 6: ImaPeppaPig ($186.10 in chips) 
numapu_33: posts small blind $0.50
Mariuoos: posts big blind $1
*** HOLE CARDS ***
Joe_Li7: folds 
avstero: raises $1.20 to $2.20
Giorgi675: calls $2.20
ImaPeppaPig: folds 
numapu_33: folds 
Mariuoos: calls $1.20
*** FLOP *** [Qc Ad 2s]
Mariuoos: checks 
avstero: checks 
Giorgi675: checks 
*** TURN *** [Qc Ad 2s] [Th]
Mariuoos: checks 
avstero: bets $5.50
Giorgi675: calls $5.50
Mariuoos: calls $5.50
*** RIVER *** [Qc Ad 2s Th] [Qd]
Mariuoos: checks 
avstero: bets $98.30 and is all-in
Giorgi675: folds 
Mariuoos: folds 
Uncalled bet ($98.30) returned to avstero
avstero collected $22.42 from pot
avstero: doesn't show hand 
*** SUMMARY ***
Total pot $23.60 | Rake $1.18 
Board [Qc Ad 2s Th Qd]
Seat 1: numapu_33 (small blind) folded before Flop
Seat 2: Mariuoos (big blind) folded on the River
Seat 3: Joe_Li7 folded before Flop (didn't bet)
Seat 4: avstero collected ($22.42)
Seat 5: Giorgi675 folded on the River
Seat 6: ImaPeppaPig (button) folded before Flop (didn't bet)



PokerStars Hand #254391629412:  Hold'em No Limit ($0.50/$1.00 USD) - 2025/01/15 23:54:44 WET [2025/01/15 18:54:44 ET]
Table 'Hanskya III' 6-max Seat #1 is the button
Seat 1: numapu_33 ($155.53 in chips) 
Seat 2: Mariuoos ($104.42 in chips) 
Seat 3: Joe_Li7 ($101.50 in chips) 
Seat 4: avstero ($120.72 in chips) 
Seat 5: Giorgi675 ($25.27 in chips) 
Seat 6: ImaPeppaPig ($186.10 in chips) 
Mariuoos: posts small blind $0.50
Joe_Li7: posts big blind $1
*** HOLE CARDS ***
avstero: folds 
Giorgi675: folds 
ImaPeppaPig: folds 
numapu_33: raises $1.50 to $2.50
Mariuoos: folds 
Joe_Li7: folds 
Uncalled bet ($1.50) returned to numapu_33
numapu_33 collected $2.50 from pot
numapu_33: doesn't show hand 
*** SUMMARY ***
Total pot $2.50 | Rake $0 
Seat 1: numapu_33 (button) collected ($2.50)
Seat 2: Mariuoos (small blind) folded before Flop
Seat 3: Joe_Li7 (big blind) folded before Flop
Seat 4: avstero folded before Flop (didn't bet)
Seat 5: Giorgi675 folded before Flop (didn't bet)
Seat 6: ImaPeppaPig folded before Flop (didn't bet)



PokerStars Hand #254391634851:  Hold'em No Limit ($0.50/$1.00 USD) - 2025/01/15 23:55:07 WET [2025/01/15 18:55:07 ET]
Table 'Hanskya III' 6-max Seat #2 is the button
Seat 1: numapu_33 ($157.03 in chips) 
Seat 2: Mariuoos ($103.92 in chips) 
Seat 3: Joe_Li7 ($100.50 in chips) 
Seat 4: avstero ($120.72 in chips) 
Seat 5: Giorgi675 ($25.27 in chips) 
Seat 6: ImaPeppaPig ($186.10 in chips) 
Joe_Li7: posts small blind $0.50
avstero: posts big blind $1
*** HOLE CARDS ***
Giorgi675: folds 
ImaPeppaPig: folds 
numapu_33: folds 
Mariuoos: folds 
Joe_Li7: raises $2 to $3
avstero: folds 
Uncalled bet ($2) returned to Joe_Li7
Joe_Li7 collected $2 from pot
*** SUMMARY ***
Total pot $2 | Rake $0 
Seat 1: numapu_33 folded before Flop (didn't bet)
Seat 2: Mariuoos (button) folded before Flop (didn't bet)
Seat 3: Joe_Li7 (small blind) collected ($2)
Seat 4: avstero (big blind) folded before Flop
Seat 5: Giorgi675 folded before Flop (didn't bet)
Seat 6: ImaPeppaPig folded before Flop (didn't bet)



PokerStars Hand #254391639580:  Hold'em No Limit ($0.50/$1.00 USD) - 2025/01/15 23:55:33 WET [2025/01/15 18:55:33 ET]
Table 'Hanskya III' 6-max Seat #3 is the button
Seat 1: numapu_33 ($157.03 in chips) 
Seat 2: Mariuoos ($103.92 in chips) 
Seat 3: Joe_Li7 ($101.50 in chips) 
Seat 4: avstero ($119.72 in chips) 
Seat 5: Giorgi675 ($25.27 in chips) 
Seat 6: ImaPeppaPig ($186.10 in chips) 
avstero: posts small blind $0.50
Giorgi675: posts big blind $1
*** HOLE CARDS ***
ImaPeppaPig: folds 
numapu_33: folds 
Mariuoos: raises $1 to $2
Joe_Li7: folds 
avstero: folds 
Giorgi675: folds 
Uncalled bet ($1) returned to Mariuoos
Mariuoos collected $2.50 from pot
Mariuoos: doesn't show hand 
*** SUMMARY ***
Total pot $2.50 | Rake $0 
Seat 1: numapu_33 folded before Flop (didn't bet)
Seat 2: Mariuoos collected ($2.50)
Seat 3: Joe_Li7 (button) folded before Flop (didn't bet)
Seat 4: avstero (small blind) folded before Flop
Seat 5: Giorgi675 (big blind) folded before Flop
Seat 6: ImaPeppaPig folded before Flop (didn't bet)



PokerStars Hand #254391643246:  Hold'em No Limit ($0.50/$1.00 USD) - 2025/01/15 23:55:53 WET [2025/01/15 18:55:53 ET]
Table 'Hanskya III' 6-max Seat #4 is the button
Seat 1: numapu_33 ($157.03 in chips) 
Seat 2: Mariuoos ($105.42 in chips) 
Seat 3: Joe_Li7 ($101.50 in chips) 
Seat 4: avstero ($119.22 in chips) 
Seat 5: Giorgi675 ($24.27 in chips) 
Seat 6: ImaPeppaPig ($186.10 in chips) 
Giorgi675: posts small blind $0.50
ImaPeppaPig: posts big blind $1
*** HOLE CARDS ***
numapu_33: folds 
Mariuoos: folds 
Joe_Li7: folds 
avstero: raises $1.20 to $2.20
Giorgi675: calls $1.70
ImaPeppaPig: folds 
*** FLOP *** [Tc 3s 2c]
Giorgi675: checks 
avstero: bets $1.54
Giorgi675: folds 
Uncalled bet ($1.54) returned to avstero
avstero collected $5.13 from pot
avstero: doesn't show hand 
*** SUMMARY ***
Total pot $5.40 | Rake $0.27 
Board [Tc 3s 2c]
Seat 1: numapu_33 folded before Flop (didn't bet)
Seat 2: Mariuoos folded before Flop (didn't bet)
Seat 3: Joe_Li7 folded before Flop (didn't bet)
Seat 4: avstero (button) collected ($5.13)
Seat 5: Giorgi675 (small blind) folded on the Flop
Seat 6: ImaPeppaPig (big blind) folded before Flop



PokerStars Hand #254391650709:  Hold'em No Limit ($0.50/$1.00 USD) - 2025/01/15 23:56:34 WET [2025/01/15 18:56:34 ET]
Table 'Hanskya III' 6-max Seat #5 is the button
Seat 1: numapu_33 ($157.03 in chips) 
Seat 2: Mariuoos ($105.42 in chips) 
Seat 3: Joe_Li7 ($101.50 in chips) 
Seat 4: avstero ($122.15 in chips) 
Seat 5: Giorgi675 ($22.07 in chips) 
Seat 6: ImaPeppaPig ($185.10 in chips) 
ImaPeppaPig: posts small blind $0.50
numapu_33: posts big blind $1
*** HOLE CARDS ***
Mariuoos: raises $1 to $2
Joe_Li7: folds 
avstero: folds 
Giorgi675: folds 
ImaPeppaPig: folds 
numapu_33: folds 
Uncalled bet ($1) returned to Mariuoos
Mariuoos collected $2.50 from pot
Mariuoos: doesn't show hand 
*** SUMMARY ***
Total pot $2.50 | Rake $0 
Seat 1: numapu_33 (big blind) folded before Flop
Seat 2: Mariuoos collected ($2.50)
Seat 3: Joe_Li7 folded before Flop (didn't bet)
Seat 4: avstero folded before Flop (didn't bet)
Seat 5: Giorgi675 (button) folded before Flop (didn't bet)
Seat 6: ImaPeppaPig (small blind) folded before Flop



PokerStars Hand #254391655159:  Hold'em No Limit ($0.50/$1.00 USD) - 2025/01/15 23:56:59 WET [2025/01/15 18:56:59 ET]
Table 'Hanskya III' 6-max Seat #6 is the button
Seat 1: numapu_33 ($156.03 in chips) 
Seat 2: Mariuoos ($106.92 in chips) 
Seat 3: Joe_Li7 ($101.50 in chips) 
Seat 4: avstero ($122.15 in chips) 
Seat 5: Giorgi675 ($22.07 in chips) 
Seat 6: ImaPeppaPig ($184.60 in chips) 
numapu_33: posts small blind $0.50
Mariuoos: posts big blind $1
*** HOLE CARDS ***
Joe_Li7: folds 
avstero: folds 
Giorgi675: folds 
ImaPeppaPig: raises $1.50 to $2.50
numapu_33: raises $9.50 to $12
Mariuoos: folds 
ImaPeppaPig: folds 
Uncalled bet ($9.50) returned to numapu_33
numapu_33 collected $6 from pot
numapu_33: doesn't show hand 
*** SUMMARY ***
Total pot $6 | Rake $0 
Seat 1: numapu_33 (small blind) collected ($6)
Seat 2: Mariuoos (big blind) folded before Flop
Seat 3: Joe_Li7 folded before Flop (didn't bet)
Seat 4: avstero folded before Flop (didn't bet)
Seat 5: Giorgi675 folded before Flop (didn't bet)
Seat 6: ImaPeppaPig (button) folded before Flop



PokerStars Hand #254391659931:  Hold'em No Limit ($0.50/$1.00 USD) - 2025/01/15 23:57:25 WET [2025/01/15 18:57:25 ET]
Table 'Hanskya III' 6-max Seat #1 is the button
Seat 3: Joe_Li7 ($101.50 in chips) is sitting out
Seat 1: numapu_33 ($159.53 in chips) 
Seat 2: Mariuoos ($105.92 in chips) 
Seat 4: avstero ($122.15 in chips) 
Seat 5: Giorgi675 ($22.07 in chips) 
Seat 6: ImaPeppaPig ($182.10 in chips) 
Mariuoos: posts small blind $0.50
Joe_Li7: is sitting out 
avstero: posts big blind $1
*** HOLE CARDS ***
Giorgi675: folds 
ImaPeppaPig: raises $1.50 to $2.50
numapu_33: folds 
Mariuoos: folds 
Joe_Li7 leaves the table
avstero: folds 
Uncalled bet ($1.50) returned to ImaPeppaPig
ImaPeppaPig collected $2.50 from pot
ImaPeppaPig: doesn't show hand 
*** SUMMARY ***
Total pot $2.50 | Rake $0 
Seat 3: Joe_Li7
Seat 1: numapu_33 (button) folded before Flop (didn't bet)
Seat 2: Mariuoos (small blind) folded before Flop
Seat 4: avstero (big blind) folded before Flop
Seat 5: Giorgi675 folded before Flop (didn't bet)
Seat 6: ImaPeppaPig collected ($2.50)



PokerStars Hand #254391663456:  Hold'em No Limit ($0.50/$1.00 USD) - 2025/01/15 23:57:44 WET [2025/01/15 18:57:44 ET]
Table 'Hanskya III' 6-max Seat #2 is the button
Seat 1: numapu_33 ($159.53 in chips) 
Seat 2: Mariuoos ($105.42 in chips) 
Seat 4: avstero ($121.15 in chips) 
Seat 5: Giorgi675 ($22.07 in chips) 
Seat 6: ImaPeppaPig ($183.60 in chips) 
avstero: posts small blind $0.50
Giorgi675: posts big blind $1
*** HOLE CARDS ***
ImaPeppaPig: folds 
numapu_33: folds 
Mariuoos: folds 
avstero: folds 
Uncalled bet ($0.50) returned to Giorgi675
Giorgi675 collected $1 from pot
*** SUMMARY ***
Total pot $1 | Rake $0 
Seat 1: numapu_33 folded before Flop (didn't bet)
Seat 2: Mariuoos (button) folded before Flop (didn't bet)
Seat 4: avstero (small blind) folded before Flop
Seat 5: Giorgi675 (big blind) collected ($1)
Seat 6: ImaPeppaPig folded before Flop (didn't bet)



PokerStars Hand #254391665730:  Hold'em No Limit ($0.50/$1.00 USD) - 2025/01/15 23:57:57 WET [2025/01/15 18:57:57 ET]
Table 'Hanskya III' 6-max Seat #4 is the button
Seat 1: numapu_33 ($159.53 in chips) 
Seat 2: Mariuoos ($105.42 in chips) 
Seat 4: avstero ($120.65 in chips) 
Seat 5: Giorgi675 ($22.57 in chips) 
Seat 6: ImaPeppaPig ($183.60 in chips) 
Giorgi675: posts small blind $0.50
ImaPeppaPig: posts big blind $1
*** HOLE CARDS ***
numapu_33: folds 
Mariuoos: folds 
avstero: raises $1.20 to $2.20
Giorgi675: folds 
ImaPeppaPig: raises $9.80 to $12
avstero: raises $13.80 to $25.80
ImaPeppaPig: raises $157.80 to $183.60 and is all-in
avstero: folds 
Uncalled bet ($157.80) returned to ImaPeppaPig
ImaPeppaPig collected $52.10 from pot
ImaPeppaPig: doesn't show hand 
*** SUMMARY ***
Total pot $52.10 | Rake $0 
Seat 1: numapu_33 folded before Flop (didn't bet)
Seat 2: Mariuoos folded before Flop (didn't bet)
Seat 4: avstero (button) folded before Flop
Seat 5: Giorgi675 (small blind) folded before Flop
Seat 6: ImaPeppaPig (big blind) collected ($52.10)



PokerStars Hand #254391674816:  Hold'em No Limit ($0.50/$1.00 USD) - 2025/01/15 23:58:48 WET [2025/01/15 18:58:48 ET]
Table 'Hanskya III' 6-max Seat #5 is the button
Seat 1: numapu_33 ($159.53 in chips) 
Seat 2: Mariuoos ($105.42 in chips) 
Seat 4: avstero ($100 in chips) 
Seat 5: Giorgi675 ($22.07 in chips) 
Seat 6: ImaPeppaPig ($209.90 in chips) 
ImaPeppaPig: posts small blind $0.50
numapu_33: posts big blind $1
*** HOLE CARDS ***
Mariuoos: folds 
avstero: folds 
Giorgi675: folds 
ImaPeppaPig: folds 
Uncalled bet ($0.50) returned to numapu_33
numapu_33 collected $1 from pot
numapu_33: doesn't show hand 
*** SUMMARY ***
Total pot $1 | Rake $0 
Seat 1: numapu_33 (big blind) collected ($1)
Seat 2: Mariuoos folded before Flop (didn't bet)
Seat 4: avstero folded before Flop (didn't bet)
Seat 5: Giorgi675 (button) folded before Flop (didn't bet)
Seat 6: ImaPeppaPig (small blind) folded before Flop



PokerStars Hand #254391677043:  Hold'em No Limit ($0.50/$1.00 USD) - 2025/01/15 23:59:00 WET [2025/01/15 18:59:00 ET]
Table 'Hanskya III' 6-max Seat #6 is the button
Seat 1: numapu_33 ($160.03 in chips) 
Seat 2: Mariuoos ($105.42 in chips) 
Seat 4: avstero ($100 in chips) 
Seat 5: Giorgi675 ($22.07 in chips) 
Seat 6: ImaPeppaPig ($209.40 in chips) 
numapu_33: posts small blind $0.50
Mariuoos: posts big blind $1
*** HOLE CARDS ***
avstero: folds 
Giorgi675: folds 
ImaPeppaPig: folds 
numapu_33: folds 
Uncalled bet ($0.50) returned to Mariuoos
Mariuoos collected $1 from pot
Mariuoos: doesn't show hand 
*** SUMMARY ***
Total pot $1 | Rake $0 
Seat 1: numapu_33 (small blind) folded before Flop
Seat 2: Mariuoos (big blind) collected ($1)
Seat 4: avstero folded before Flop (didn't bet)
Seat 5: Giorgi675 folded before Flop (didn't bet)
Seat 6: ImaPeppaPig (button) folded before Flop (didn't bet)



PokerStars Hand #254391678849:  Hold'em No Limit ($0.50/$1.00 USD) - 2025/01/15 23:59:10 WET [2025/01/15 18:59:10 ET]
Table 'Hanskya III' 6-max Seat #1 is the button
Seat 1: numapu_33 ($159.53 in chips) 
Seat 2: Mariuoos ($105.92 in chips) 
Seat 4: avstero ($100 in chips) 
Seat 5: Giorgi675 ($22.07 in chips) 
Seat 6: ImaPeppaPig ($209.40 in chips) 
Mariuoos: posts small blind $0.50
avstero: posts big blind $1
*** HOLE CARDS ***
Giorgi675: folds 
ImaPeppaPig: raises $1.50 to $2.50
numapu_33: folds 
Mariuoos: folds 
avstero: folds 
Uncalled bet ($1.50) returned to ImaPeppaPig
ImaPeppaPig collected $2.50 from pot
ImaPeppaPig: doesn't show hand 
*** SUMMARY ***
Total pot $2.50 | Rake $0 
Seat 1: numapu_33 (button) folded before Flop (didn't bet)
Seat 2: Mariuoos (small blind) folded before Flop
Seat 4: avstero (big blind) folded before Flop
Seat 5: Giorgi675 folded before Flop (didn't bet)
Seat 6: ImaPeppaPig collected ($2.50)



PokerStars Hand #254391681915:  Hold'em No Limit ($0.50/$1.00 USD) - 2025/01/15 23:59:27 WET [2025/01/15 18:59:27 ET]
Table 'Hanskya III' 6-max Seat #2 is the button
Seat 1: numapu_33 ($159.53 in chips) 
Seat 2: Mariuoos ($105.42 in chips) 
Seat 4: avstero ($99 in chips) 
Seat 5: Giorgi675 ($22.07 in chips) 
Seat 6: ImaPeppaPig ($210.90 in chips) 
avstero: posts small blind $0.50
Giorgi675: posts big blind $1
*** HOLE CARDS ***
ImaPeppaPig: folds 
numapu_33: folds 
Mariuoos: raises $1.50 to $2.50
avstero: folds 
Giorgi675: calls $1.50
*** FLOP *** [2d 8s 3s]
Giorgi675: checks 
Mariuoos: bets $1.72
Giorgi675: folds 
Uncalled bet ($1.72) returned to Mariuoos
Mariuoos collected $5.22 from pot
Mariuoos: doesn't show hand 
*** SUMMARY ***
Total pot $5.50 | Rake $0.28 
Board [2d 8s 3s]
Seat 1: numapu_33 folded before Flop (didn't bet)
Seat 2: Mariuoos (button) collected ($5.22)
Seat 4: avstero (small blind) folded before Flop
Seat 5: Giorgi675 (big blind) folded on the Flop
Seat 6: ImaPeppaPig folded before Flop (didn't bet)



PokerStars Hand #254391687823:  Hold'em No Limit ($0.50/$1.00 USD) - 2025/01/15 0:00:01 WET [2025/01/15 19:00:01 ET]
Table 'Hanskya III' 6-max Seat #4 is the button
Seat 1: numapu_33 ($159.53 in chips) 
Seat 2: Mariuoos ($108.14 in chips) 
Seat 4: avstero ($100 in chips) 
Seat 5: Giorgi675 ($19.57 in chips) 
Seat 6: ImaPeppaPig ($210.90 in chips) 
Giorgi675: posts small blind $0.50
ImaPeppaPig: posts big blind $1
*** HOLE CARDS ***
numapu_33: folds 
Mariuoos: raises $1 to $2
avstero: folds 
Giorgi675: folds 
ImaPeppaPig: calls $1
*** FLOP *** [7h Qd 6s]
ImaPeppaPig: checks 
Mariuoos: bets $1.41
ImaPeppaPig: raises $4.59 to $6
Mariuoos: calls $4.59
*** TURN *** [7h Qd 6s] [Js]
ImaPeppaPig: bets $11.92
Mariuoos: calls $11.92
*** RIVER *** [7h Qd 6s Js] [5s]
ImaPeppaPig: bets $11.88
MaRKiToScoK joins the table at seat #3 
Mariuoos: raises $76.34 to $88.22 and is all-in
ImaPeppaPig: folds 
Uncalled bet ($76.34) returned to Mariuoos
Mariuoos collected $61.60 from pot
Mariuoos: doesn't show hand 
*** SUMMARY ***
Total pot $64.10 | Rake $2.50 
Board [7h Qd 6s Js 5s]
Seat 1: numapu_33 folded before Flop (didn't bet)
Seat 2: Mariuoos collected ($61.60)
Seat 4: avstero (button) folded before Flop (didn't bet)
Seat 5: Giorgi675 (small blind) folded before Flop
Seat 6: ImaPeppaPig (big blind) folded on the River



PokerStars Hand #254391704228:  Hold'em No Limit ($0.50/$1.00 USD) - 2025/01/15 0:01:24 WET [2025/01/15 19:01:24 ET]
Table 'Hanskya III' 6-max Seat #5 is the button
Seat 3: MaRKiToScoK ($100 in chips) is sitting out
Seat 1: numapu_33 ($159.53 in chips) 
Seat 2: Mariuoos ($137.94 in chips) 
Seat 4: avstero ($100 in chips) 
Seat 5: Giorgi675 ($19.07 in chips) 
Seat 6: ImaPeppaPig ($179.10 in chips) 
ImaPeppaPig: posts small blind $0.50
numapu_33: posts big blind $1
MaRKiToScoK: sits out 
*** HOLE CARDS ***
Mariuoos: folds 
avstero: folds 
Giorgi675: folds 
ImaPeppaPig: folds 
Uncalled bet ($0.50) returned to numapu_33
numapu_33 collected $1 from pot
numapu_33: doesn't show hand 
*** SUMMARY ***
Total pot $1 | Rake $0 
Seat 3: MaRKiToScoK
Seat 1: numapu_33 (big blind) collected ($1)
Seat 2: Mariuoos folded before Flop (didn't bet)
Seat 4: avstero folded before Flop (didn't bet)
Seat 5: Giorgi675 (button) folded before Flop (didn't bet)
Seat 6: ImaPeppaPig (small blind) folded before Flop



PokerStars Hand #254391706047:  Hold'em No Limit ($0.50/$1.00 USD) - 2025/01/15 0:01:33 WET [2025/01/15 19:01:33 ET]
Table 'Hanskya III' 6-max Seat #6 is the button
Seat 3: MaRKiToScoK ($100 in chips) is sitting out
Seat 1: numapu_33 ($160.03 in chips) 
Seat 2: Mariuoos ($137.94 in chips) 
Seat 4: avstero ($100 in chips) 
Seat 5: Giorgi675 ($19.07 in chips) 
Seat 6: ImaPeppaPig ($178.60 in chips) 
numapu_33: posts small blind $0.50
Mariuoos: posts big blind $1
MaRKiToScoK: sits out 
*** HOLE CARDS ***
avstero: folds 
Giorgi675: calls $1
ImaPeppaPig: folds 
numapu_33: folds 
Mariuoos: checks 
*** FLOP *** [2h 2d Qd]
Mariuoos: checks 
Giorgi675: bets $1
Mariuoos: folds 
Uncalled bet ($1) returned to Giorgi675
Giorgi675 collected $2.38 from pot
*** SUMMARY ***
Total pot $2.50 | Rake $0.12 
Board [2h 2d Qd]
Seat 3: MaRKiToScoK
Seat 1: numapu_33 (small blind) folded before Flop
Seat 2: Mariuoos (big blind) folded on the Flop
Seat 4: avstero folded before Flop (didn't bet)
Seat 5: Giorgi675 collected ($2.38)
Seat 6: ImaPeppaPig (button) folded before Flop (didn't bet)



PokerStars Hand #254391710932:  Hold'em No Limit ($0.50/$1.00 USD) - 2025/01/15 0:01:55 WET [2025/01/15 19:01:55 ET]
Table 'Hanskya III' 6-max Seat #1 is the button
Seat 1: numapu_33 ($159.53 in chips) 
Seat 2: Mariuoos ($136.94 in chips) 
Seat 3: MaRKiToScoK ($100 in chips) 
Seat 4: avstero ($100 in chips) 
Seat 5: Giorgi675 ($20.45 in chips) 
Seat 6: ImaPeppaPig ($178.60 in chips) 
Mariuoos: posts small blind $0.50
MaRKiToScoK: posts big blind $1
*** HOLE CARDS ***
avstero: folds 
Giorgi675: calls $1
ImaPeppaPig: folds 
numapu_33: folds 
Mariuoos: folds 
MaRKiToScoK: checks 
*** FLOP *** [Kd 6c 9s]
MaRKiToScoK: checks 
Giorgi675: checks 
*** TURN *** [Kd 6c 9s] [7d]
MaRKiToScoK: checks 
Giorgi675: bets $2
MaRKiToScoK: folds 
Uncalled bet ($2) returned to Giorgi675
Giorgi675 collected $2.38 from pot
*** SUMMARY ***
Total pot $2.50 | Rake $0.12 
Board [Kd 6c 9s 7d]
Seat 1: numapu_33 (button) folded before Flop (didn't bet)
Seat 2: Mariuoos (small blind) folded before Flop
Seat 3: MaRKiToScoK (big blind) folded on the Turn
Seat 4: avstero folded before Flop (didn't bet)
Seat 5: Giorgi675 collected ($2.38)
Seat 6: ImaPeppaPig folded before Flop (didn't bet)



PokerStars Hand #254391724408:  Hold'em No Limit ($0.50/$1.00 USD) - 2025/01/15 0:02:57 WET [2025/01/15 19:02:57 ET]
Table 'Hanskya III' 6-max Seat #2 is the button
Seat 1: numapu_33 ($159.53 in chips) 
Seat 2: Mariuoos ($136.44 in chips) 
Seat 3: MaRKiToScoK ($100 in chips) 
Seat 4: avstero ($100 in chips) 
Seat 5: Giorgi675 ($21.83 in chips) 
Seat 6: ImaPeppaPig ($178.60 in chips) 
MaRKiToScoK: posts small blind $0.50
avstero: posts big blind $1
*** HOLE CARDS ***
Giorgi675: folds 
ImaPeppaPig: folds 
numapu_33: raises $1.50 to $2.50
Mariuoos: raises $5.50 to $8
MaRKiToScoK: folds 
avstero: folds 
numapu_33: folds 
Uncalled bet ($5.50) returned to Mariuoos
Mariuoos collected $6.50 from pot
Mariuoos: doesn't show hand 
*** SUMMARY ***
Total pot $6.50 | Rake $0 
Seat 1: numapu_33 folded before Flop
Seat 2: Mariuoos (button) collected ($6.50)
Seat 3: MaRKiToScoK (small blind) folded before Flop
Seat 4: avstero (big blind) folded before Flop
Seat 5: Giorgi675 folded before Flop (didn't bet)
Seat 6: ImaPeppaPig folded before Flop (didn't bet)



PokerStars Hand #254391729947:  Hold'em No Limit ($0.50/$1.00 USD) - 2025/01/15 0:03:22 WET [2025/01/15 19:03:22 ET]
Table 'Hanskya III' 6-max Seat #3 is the button
Seat 1: numapu_33 ($157.03 in chips) 
Seat 2: Mariuoos ($140.44 in chips) 
Seat 3: MaRKiToScoK ($100 in chips) 
Seat 4: avstero ($99 in chips) 
Seat 5: Giorgi675 ($21.83 in chips) 
Seat 6: ImaPeppaPig ($178.60 in chips) 
avstero: posts small blind $0.50
Giorgi675: posts big blind $1
*** HOLE CARDS ***
ImaPeppaPig: folds 
numapu_33: raises $1.50 to $2.50
Mariuoos: folds 
MaRKiToScoK: folds 
avstero: folds 
Giorgi675: calls $1.50
*** FLOP *** [2s 4c 6s]
Giorgi675: checks 
numapu_33: bets $2.87
Giorgi675: raises $4.87 to $7.74
numapu_33: raises $146.79 to $154.53 and is all-in
Giorgi675: calls $11.59 and is all-in
Uncalled bet ($135.20) returned to numapu_33
*** TURN *** [2s 4c 6s] [Ts]
*** RIVER *** [2s 4c 6s Ts] [6d]
*** SHOW DOWN ***
Giorgi675: shows [Ac Kh] (a pair of Sixes)
numapu_33: shows [8c 8h] (two pair, Eights and Sixes)
numapu_33 collected $41.95 from pot
*** SUMMARY ***
Total pot $44.16 | Rake $2.21 
Board [2s 4c 6s Ts 6d]
Seat 1: numapu_33 showed [8c 8h] and won ($41.95) with two pair, Eights and Sixes
Seat 2: Mariuoos folded before Flop (didn't bet)
Seat 3: MaRKiToScoK (button) folded before Flop (didn't bet)
Seat 4: avstero (small blind) folded before Flop
Seat 5: Giorgi675 (big blind) showed [Ac Kh] and lost with a pair of Sixes
Seat 6: ImaPeppaPig folded before Flop (didn't bet)



PokerStars Hand #254391744919:  Hold'em No Limit ($0.50/$1.00 USD) - 2025/01/15 0:04:29 WET [2025/01/15 19:04:29 ET]
Table 'Hanskya III' 6-max Seat #4 is the button
Seat 1: numapu_33 ($177.15 in chips) is sitting out
Seat 5: Giorgi675 ($0 in chips) is sitting out
Seat 2: Mariuoos ($140.44 in chips) 
Seat 3: MaRKiToScoK ($100 in chips) 
Seat 4: avstero ($100 in chips) 
Seat 6: ImaPeppaPig ($178.60 in chips) 
ImaPeppaPig: posts small blind $0.50
numapu_33: is sitting out 
Mariuoos: posts big blind $1
*** HOLE CARDS ***
MaRKiToScoK: raises $1.20 to $2.20
avstero: folds 
numapu_33 leaves the table
ImaPeppaPig: folds 
Mariuoos: calls $1.20
*** FLOP *** [4h Qc Kd]
Mariuoos: checks 
MaRKiToScoK: bets $1.40
Mariuoos: calls $1.40
*** TURN *** [4h Qc Kd] [5d]
Mariuoos: checks 
MaRKiToScoK: checks 
*** RIVER *** [4h Qc Kd 5d] [Js]
Mariuoos: bets $4.90
MaRKiToScoK: raises $19.60 to $24.50
Giorgi675 leaves the table
Mariuoos: folds 
Uncalled bet ($19.60) returned to MaRKiToScoK
MaRKiToScoK collected $16.62 from pot
*** SUMMARY ***
Total pot $17.50 | Rake $0.88 
Board [4h Qc Kd 5d Js]
Seat 1: numapu_33
Seat 5: Giorgi675
Seat 2: Mariuoos (big blind) folded on the River
Seat 3: MaRKiToScoK collected ($16.62)
Seat 4: avstero (button) folded before Flop (didn't bet)
Seat 6: ImaPeppaPig (small blind) folded before Flop



PokerStars Hand #254391762275:  Hold'em No Limit ($0.50/$1.00 USD) - 2025/01/15 0:05:48 WET [2025/01/15 19:05:48 ET]
Table 'Hanskya III' 6-max Seat #2 is the button
Seat 3: MaRKiToScoK ($108.12 in chips) is sitting out
Seat 4: avstero ($100 in chips) is sitting out
Seat 2: Mariuoos ($131.94 in chips) 
Seat 6: ImaPeppaPig ($178.10 in chips) 
Mariuoos: posts small blind $0.50
MaRKiToScoK: is sitting out 
avstero: is sitting out 
ImaPeppaPig: posts big blind $1
*** HOLE CARDS ***
avstero leaves the table
MaRKiToScoK leaves the table
Mariuoos: folds 
Uncalled bet ($0.50) returned to ImaPeppaPig
ImaPeppaPig collected $1 from pot
ImaPeppaPig: doesn't show hand 
*** SUMMARY ***
Total pot $1 | Rake $0 
Seat 3: MaRKiToScoK
Seat 4: avstero
Seat 2: Mariuoos (button) (small blind) folded before Flop
Seat 6: ImaPeppaPig (big blind) collected ($1)



PokerStars Hand #254391765268:  Hold'em No Limit ($0.50/$1.00 USD) - 2025/01/15 0:06:02 WET [2025/01/15 19:06:02 ET]
Table 'Hanskya III' 6-max Seat #6 is the button
Seat 2: Mariuoos ($131.44 in chips) 
Seat 6: ImaPeppaPig ($178.60 in chips) 
ImaPeppaPig: posts small blind $0.50
Mariuoos: posts big blind $1
*** HOLE CARDS ***
ImaPeppaPig: folds 
Uncalled bet ($0.50) returned to Mariuoos
Mariuoos collected $1 from pot
Mariuoos: doesn't show hand 
*** SUMMARY ***
Total pot $1 | Rake $0 
Seat 2: Mariuoos (big blind) collected ($1)
Seat 6: ImaPeppaPig (button) (small blind) folded before Flop



PokerStars Hand #254391767026:  Hold'em No Limit ($0.50/$1.00 USD) - 2025/01/15 0:06:10 WET [2025/01/15 19:06:10 ET]
Table 'Hanskya III' 6-max Seat #2 is the button
Seat 2: Mariuoos ($131.94 in chips) 
Seat 6: ImaPeppaPig ($178.10 in chips) 
Mariuoos: posts small blind $0.50
ImaPeppaPig: posts big blind $1
*** HOLE CARDS ***
Mariuoos: folds 
Uncalled bet ($0.50) returned to ImaPeppaPig
ImaPeppaPig collected $1 from pot
ImaPeppaPig: doesn't show hand 
*** SUMMARY ***
Total pot $1 | Rake $0 
Seat 2: Mariuoos (button) (small blind) folded before Flop
Seat 6: ImaPeppaPig (big blind) collected ($1)



