PokerStars Hand #254392781698:  Hold'em No Limit ($0.50/$1.00 USD) - 2025/01/15 1:35:55 WET [2025/01/15 20:35:55 ET]
Table 'Ursa III' 6-max Seat #4 is the button
Seat 3: Mattis_brb ($0 in chips) is sitting out
Seat 1: XneferX ($101.55 in chips) 
Seat 4: Mariuoos ($100 in chips) 
Seat 5: Xenicide ($100 in chips) 
Xenicide: posts small blind $0.50
XneferX: posts big blind $1
*** HOLE CARDS ***
Mariuoos: folds 
Xenicide: raises $2.50 to $3.50
michel eduardo joins the table at seat #2 
XneferX: folds 
Uncalled bet ($2.50) returned to Xenicide
ptolejmus joins the table at seat #6 
Xenicide collected $2 from pot
*** SUMMARY ***
Total pot $2 | Rake $0 
Seat 3: Mattis_brb
Seat 1: XneferX (big blind) folded before Flop
Seat 4: Mariuoos (button) folded before Flop (didn't bet)
Seat 5: Xenicide (small blind) collected ($2)



PokerStars Hand #254392785964:  Hold'em No Limit ($0.50/$1.00 USD) - 2025/01/15 1:36:20 WET [2025/01/15 20:36:20 ET]
Table 'Ursa III' 6-max Seat #5 is the button
Seat 3: Mattis_brb ($0 in chips) is sitting out
Seat 6: ptolejmus ($12.50 in chips) is sitting out
Seat 1: XneferX ($100.55 in chips) 
Seat 2: michel eduardo ($50 in chips) 
Seat 4: Mariuoos ($100 in chips) 
Seat 5: Xenicide ($101 in chips) 
XneferX: posts small blind $0.50
michel eduardo: posts big blind $1
*** HOLE CARDS ***
Mariuoos: folds 
Xenicide: folds 
XneferX: folds 
Uncalled bet ($0.50) returned to michel eduardo
michel eduardo collected $1 from pot
michel eduardo: doesn't show hand 
*** SUMMARY ***
Total pot $1 | Rake $0 
Seat 3: Mattis_brb
Seat 6: ptolejmus
Seat 1: XneferX (small blind) folded before Flop
Seat 2: michel eduardo (big blind) collected ($1)
Seat 4: Mariuoos folded before Flop (didn't bet)
Seat 5: Xenicide (button) folded before Flop (didn't bet)



PokerStars Hand #254392791892:  Hold'em No Limit ($0.50/$1.00 USD) - 2025/01/15 1:36:53 WET [2025/01/15 20:36:53 ET]
Table 'Ursa III' 6-max Seat #1 is the button
Seat 3: Mattis_brb ($0 in chips) is sitting out
Seat 6: ptolejmus ($12.50 in chips) is sitting out
Seat 1: XneferX ($100.05 in chips) 
Seat 2: michel eduardo ($50.50 in chips) 
Seat 4: Mariuoos ($100 in chips) 
Seat 5: Xenicide ($101 in chips) 
michel eduardo: posts small blind $0.50
Mariuoos: posts big blind $1
ptolejmus: sits out 
*** HOLE CARDS ***
Xenicide: folds 
XneferX: folds 
michel eduardo: raises $1 to $2
Mariuoos: calls $1
*** FLOP *** [3s 2s 5s]
michel eduardo: bets $3
Mariuoos: folds 
Uncalled bet ($3) returned to michel eduardo
michel eduardo collected $3.80 from pot
michel eduardo: doesn't show hand 
*** SUMMARY ***
Total pot $4 | Rake $0.20 
Board [3s 2s 5s]
Seat 3: Mattis_brb
Seat 6: ptolejmus
Seat 1: XneferX (button) folded before Flop (didn't bet)
Seat 2: michel eduardo (small blind) collected ($3.80)
Seat 4: Mariuoos (big blind) folded on the Flop
Seat 5: Xenicide folded before Flop (didn't bet)



PokerStars Hand #254392797165:  Hold'em No Limit ($0.50/$1.00 USD) - 2025/01/15 1:37:23 WET [2025/01/15 20:37:23 ET]
Table 'Ursa III' 6-max Seat #2 is the button
Seat 3: Mattis_brb ($0 in chips) is sitting out
Seat 6: ptolejmus ($12.50 in chips) is sitting out
Seat 1: XneferX ($100.05 in chips) 
Seat 2: michel eduardo ($52.30 in chips) 
Seat 4: Mariuoos ($100 in chips) 
Seat 5: Xenicide ($101 in chips) 
Mariuoos: posts small blind $0.50
Xenicide: posts big blind $1
ptolejmus: sits out 
*** HOLE CARDS ***
XneferX: raises $1.30 to $2.30
michel eduardo: calls $2.30
Mariuoos: folds 
Xenicide: folds 
*** FLOP *** [7d Kh 2s]
XneferX: checks 
michel eduardo: bets $2
XneferX: calls $2
*** TURN *** [7d Kh 2s] [Js]
XneferX: checks 
michel eduardo: bets $3
XneferX: calls $3
*** RIVER *** [7d Kh 2s Js] [Qs]
XneferX: checks 
michel eduardo: bets $5
XneferX: calls $5
*** SHOW DOWN ***
michel eduardo: shows [8d Qd] (a pair of Queens)
XneferX: shows [Th Kd] (a pair of Kings)
XneferX collected $25.10 from pot
*** SUMMARY ***
Total pot $26.10 | Rake $1 
Board [7d Kh 2s Js Qs]
Seat 3: Mattis_brb
Seat 6: ptolejmus
Seat 1: XneferX showed [Th Kd] and won ($25.10) with a pair of Kings
Seat 2: michel eduardo (button) showed [8d Qd] and lost with a pair of Queens
Seat 4: Mariuoos (small blind) folded before Flop
Seat 5: Xenicide (big blind) folded before Flop



PokerStars Hand #254392809698:  Hold'em No Limit ($0.50/$1.00 USD) - 2025/01/15 1:38:34 WET [2025/01/15 20:38:34 ET]
Table 'Ursa III' 6-max Seat #4 is the button
Seat 3: Mattis_brb ($0 in chips) is sitting out
Seat 1: XneferX ($112.85 in chips) 
Seat 2: michel eduardo ($40 in chips) 
Seat 4: Mariuoos ($100 in chips) 
Seat 5: Xenicide ($100 in chips) 
Seat 6: ptolejmus ($12.50 in chips) 
Xenicide: posts small blind $0.50
ptolejmus: posts big blind $1
*** HOLE CARDS ***
XneferX: folds 
michel eduardo: folds 
Mariuoos: folds 
Xenicide: folds 
Uncalled bet ($0.50) returned to ptolejmus
ptolejmus collected $1 from pot
*** SUMMARY ***
Total pot $1 | Rake $0 
Seat 3: Mattis_brb
Seat 1: XneferX folded before Flop (didn't bet)
Seat 2: michel eduardo folded before Flop (didn't bet)
Seat 4: Mariuoos (button) folded before Flop (didn't bet)
Seat 5: Xenicide (small blind) folded before Flop
Seat 6: ptolejmus (big blind) collected ($1)



PokerStars Hand #254392812267:  Hold'em No Limit ($0.50/$1.00 USD) - 2025/01/15 1:38:48 WET [2025/01/15 20:38:48 ET]
Table 'Ursa III' 6-max Seat #5 is the button
Seat 3: Mattis_brb ($0 in chips) is sitting out
Seat 1: XneferX ($112.85 in chips) 
Seat 2: michel eduardo ($40 in chips) 
Seat 4: Mariuoos ($100 in chips) 
Seat 5: Xenicide ($100 in chips) 
Seat 6: ptolejmus ($13 in chips) 
ptolejmus: posts small blind $0.50
XneferX: posts big blind $1
*** HOLE CARDS ***
michel eduardo: calls $1
Mariuoos: raises $2 to $3
Xenicide: raises $6 to $9
ptolejmus: folds 
XneferX: folds 
michel eduardo: calls $8
Mariuoos: calls $6
*** FLOP *** [9s 8d Qc]
michel eduardo: bets $31 and is all-in
Mariuoos: folds 
Xenicide: calls $31
michel eduardo has timed out
*** TURN *** [9s 8d Qc] [7s]
Mattis_brb leaves the table
*** RIVER *** [9s 8d Qc 7s] [Ad]
*** SHOW DOWN ***
michel eduardo: shows [6s Qs] (a pair of Queens)
Xenicide: shows [8h 9h] (two pair, Nines and Eights)
Xenicide collected $88 from pot
*** SUMMARY ***
Total pot $90.50 | Rake $2.50 
Board [9s 8d Qc 7s Ad]
Seat 3: Mattis_brb
Seat 1: XneferX (big blind) folded before Flop
Seat 2: michel eduardo showed [6s Qs] and lost with a pair of Queens
Seat 4: Mariuoos folded on the Flop
Seat 5: Xenicide (button) showed [8h 9h] and won ($88) with two pair, Nines and Eights
Seat 6: ptolejmus (small blind) folded before Flop



PokerStars Hand #254392826839:  Hold'em No Limit ($0.50/$1.00 USD) - 2025/01/15 1:40:11 WET [2025/01/15 20:40:11 ET]
Table 'Ursa III' 6-max Seat #6 is the button
Seat 2: michel eduardo ($0 in chips) is sitting out
Seat 1: XneferX ($111.85 in chips) 
Seat 4: Mariuoos ($100 in chips) 
Seat 5: Xenicide ($148 in chips) 
Seat 6: ptolejmus ($12.50 in chips) 
XneferX: posts small blind $0.50
Mariuoos: posts big blind $1
*** HOLE CARDS ***
michel eduardo leaves the table
Xenicide: folds 
ptolejmus: raises $11.50 to $12.50 and is all-in
XneferX: folds 
Mariuoos: folds 
Uncalled bet ($11.50) returned to ptolejmus
ptolejmus collected $2.50 from pot
*** SUMMARY ***
Total pot $2.50 | Rake $0 
Seat 2: michel eduardo
Seat 1: XneferX (small blind) folded before Flop
Seat 4: Mariuoos (big blind) folded before Flop
Seat 5: Xenicide folded before Flop (didn't bet)
Seat 6: ptolejmus (button) collected ($2.50)



PokerStars Hand #254392831619:  Hold'em No Limit ($0.50/$1.00 USD) - 2025/01/15 1:40:38 WET [2025/01/15 20:40:38 ET]
Table 'Ursa III' 6-max Seat #1 is the button
Seat 1: XneferX ($111.35 in chips) 
Seat 4: Mariuoos ($100 in chips) 
Seat 5: Xenicide ($148 in chips) 
Seat 6: ptolejmus ($14 in chips) 
Mariuoos: posts small blind $0.50
Xenicide: posts big blind $1
*** HOLE CARDS ***
ptolejmus: folds 
ptolejmus leaves the table
XneferX: folds 
Mariuoos: folds 
Uncalled bet ($0.50) returned to Xenicide
Xenicide collected $1 from pot
Xenicide: doesn't show hand 
XneferX leaves the table
*** SUMMARY ***
Total pot $1 | Rake $0 
Seat 1: XneferX (button) folded before Flop (didn't bet)
Seat 4: Mariuoos (small blind) folded before Flop
Seat 5: Xenicide (big blind) collected ($1)
Seat 6: ptolejmus folded before Flop (didn't bet)



PokerStars Hand #254392833466:  Hold'em No Limit ($0.50/$1.00 USD) - 2025/01/15 1:40:48 WET [2025/01/15 20:40:48 ET]
Table 'Ursa III' 6-max Seat #5 is the button
Seat 4: Mariuoos ($100 in chips) 
Seat 5: Xenicide ($148.50 in chips) 
Xenicide: posts small blind $0.50
Mariuoos: posts big blind $1
*** HOLE CARDS ***
Xenicide: raises $1.25 to $2.25
Mariuoos: calls $1.25
*** FLOP *** [7h Ac 5d]
Mariuoos: checks 
Xenicide: bets $1.07
Mariuoos: raises $3.34 to $4.41
Xenicide: calls $3.34
*** TURN *** [7h Ac 5d] [Qc]
Mariuoos: bets $20
Xenicide: folds 
Uncalled bet ($20) returned to Mariuoos
Mariuoos collected $12.65 from pot
Mariuoos: doesn't show hand 
*** SUMMARY ***
Total pot $13.32 | Rake $0.67 
Board [7h Ac 5d Qc]
Seat 4: Mariuoos (big blind) collected ($12.65)
Seat 5: Xenicide (button) (small blind) folded on the Turn



PokerStars Hand #254392847273:  Hold'em No Limit ($0.50/$1.00 USD) - 2025/01/15 1:42:07 WET [2025/01/15 20:42:07 ET]
Table 'Ursa III' 6-max Seat #4 is the button
Seat 4: Mariuoos ($105.99 in chips) 
Seat 5: Xenicide ($141.84 in chips) 
Mariuoos: posts small blind $0.50
Xenicide: posts big blind $1
*** HOLE CARDS ***
Mariuoos: raises $1.50 to $2.50
Xenicide: folds 
Uncalled bet ($1.50) returned to Mariuoos
Mariuoos collected $2 from pot
Mariuoos: doesn't show hand 
*** SUMMARY ***
Total pot $2 | Rake $0 
Seat 4: Mariuoos (button) (small blind) collected ($2)
Seat 5: Xenicide (big blind) folded before Flop



