PokerStars Hand #254388648858:  Hold'em No Limit ($0.50/$1.00 USD) - 2025/01/15 20:57:12 WET [2025/01/15 15:57:12 ET]
Table 'Jole II' 6-max Seat #5 is the button
Seat 1: XneferX ($100 in chips) 
Seat 4: AIien Hand ($100 in chips) 
Seat 5: MaikonAll ($100 in chips) 
XneferX: posts small blind $0.50
AIien Hand: posts big blind $1
*** HOLE CARDS ***
MaikonAll: raises $1.50 to $2.50
XneferX: folds 
AIien Hand: calls $1.50
*** FLOP *** [2d 9d 3s]
AIien Hand: checks 
MaikonAll: bets $3.92
AIien Hand: folds 
Uncalled bet ($3.92) returned to MaikonAll
MaikonAll collected $5.22 from pot
MaikonAll: doesn't show hand 
*** SUMMARY ***
Total pot $5.50 | Rake $0.28 
Board [2d 9d 3s]
Seat 1: XneferX (small blind) folded before Flop
Seat 4: AIien Hand (big blind) folded on the Flop
Seat 5: MaikonAll (button) collected ($5.22)



PokerStars Hand #254388656427:  Hold'em No Limit ($0.50/$1.00 USD) - 2025/01/15 20:57:46 WET [2025/01/15 15:57:46 ET]
Table 'Jole II' 6-max Seat #1 is the button
Seat 1: XneferX ($100 in chips) 
Seat 4: AIien Hand ($100 in chips) 
Seat 5: MaikonAll ($102.72 in chips) 
AIien Hand: posts small blind $0.50
MaikonAll: posts big blind $1
*** HOLE CARDS ***
XneferX: folds 
AIien Hand: folds 
Uncalled bet ($0.50) returned to MaikonAll
MaikonAll collected $1 from pot
MaikonAll: doesn't show hand 
*** SUMMARY ***
Total pot $1 | Rake $0 
Seat 1: XneferX (button) folded before Flop (didn't bet)
Seat 4: AIien Hand (small blind) folded before Flop
Seat 5: MaikonAll (big blind) collected ($1)



PokerStars Hand #254388659575:  Hold'em No Limit ($0.50/$1.00 USD) - 2025/01/15 20:58:00 WET [2025/01/15 15:58:00 ET]
Table 'Jole II' 6-max Seat #4 is the button
Seat 1: XneferX ($100 in chips) 
Seat 4: AIien Hand ($100 in chips) 
Seat 5: MaikonAll ($103.22 in chips) 
MaikonAll: posts small blind $0.50
XneferX: posts big blind $1
*** HOLE CARDS ***
AIien Hand: raises $1.50 to $2.50
MaikonAll: folds 
XneferX: folds 
Uncalled bet ($1.50) returned to AIien Hand
BumHuntKing joins the table at seat #2 
AIien Hand collected $2.50 from pot
AIien Hand: doesn't show hand 
*** SUMMARY ***
Total pot $2.50 | Rake $0 
Seat 1: XneferX (big blind) folded before Flop
Seat 4: AIien Hand (button) collected ($2.50)
Seat 5: MaikonAll (small blind) folded before Flop



PokerStars Hand #254388664235:  Hold'em No Limit ($0.50/$1.00 USD) - 2025/01/15 20:58:21 WET [2025/01/15 15:58:21 ET]
Table 'Jole II' 6-max Seat #5 is the button
Seat 1: XneferX ($100 in chips) 
Seat 2: BumHuntKing ($100 in chips) 
Seat 4: AIien Hand ($101.50 in chips) 
Seat 5: MaikonAll ($102.72 in chips) 
XneferX: posts small blind $0.50
BumHuntKing: posts big blind $1
*** HOLE CARDS ***
AIien Hand: folds 
MaikonAll: folds 
XneferX: folds 
Uncalled bet ($0.50) returned to BumHuntKing
BumHuntKing collected $1 from pot
BumHuntKing: doesn't show hand 
*** SUMMARY ***
Total pot $1 | Rake $0 
Seat 1: XneferX (small blind) folded before Flop
Seat 2: BumHuntKing (big blind) collected ($1)
Seat 4: AIien Hand folded before Flop (didn't bet)
Seat 5: MaikonAll (button) folded before Flop (didn't bet)



PokerStars Hand #254388666969:  Hold'em No Limit ($0.50/$1.00 USD) - 2025/01/15 20:58:33 WET [2025/01/15 15:58:33 ET]
Table 'Jole II' 6-max Seat #1 is the button
Seat 1: XneferX ($100 in chips) 
Seat 2: BumHuntKing ($100.50 in chips) 
Seat 4: AIien Hand ($101.50 in chips) 
Seat 5: MaikonAll ($102.72 in chips) 
BumHuntKing: posts small blind $0.50
AIien Hand: posts big blind $1
*** HOLE CARDS ***
MaikonAll: raises $1.30 to $2.30
XneferX: folds 
BumHuntKing: raises $8.70 to $11
AIien Hand: folds 
MaikonAll: raises $13 to $24
BumHuntKing: folds 
Uncalled bet ($13) returned to MaikonAll
MaikonAll collected $23 from pot
MaikonAll: doesn't show hand 
*** SUMMARY ***
Total pot $23 | Rake $0 
Seat 1: XneferX (button) folded before Flop (didn't bet)
Seat 2: BumHuntKing (small blind) folded before Flop
Seat 4: AIien Hand (big blind) folded before Flop
Seat 5: MaikonAll collected ($23)



PokerStars Hand #254388676424:  Hold'em No Limit ($0.50/$1.00 USD) - 2025/01/15 20:59:16 WET [2025/01/15 15:59:16 ET]
Table 'Jole II' 6-max Seat #2 is the button
Seat 1: XneferX ($100 in chips) 
Seat 2: BumHuntKing ($100 in chips) 
Seat 4: AIien Hand ($100.50 in chips) 
Seat 5: MaikonAll ($114.72 in chips) 
AIien Hand: posts small blind $0.50
MaikonAll: posts big blind $1
*** HOLE CARDS ***
XneferX: raises $1.30 to $2.30
BumHuntKing: calls $2.30
AIien Hand: folds 
MaikonAll: folds 
*** FLOP *** [Jc 5d Qh]
XneferX: bets $2.96
BumHuntKing: calls $2.96
*** TURN *** [Jc 5d Qh] [9c]
XneferX: bets $5.82
BumHuntKing: folds 
Uncalled bet ($5.82) returned to XneferX
socito joins the table at seat #3 
BelSv joins the table at seat #6 
XneferX collected $11.42 from pot
XneferX: doesn't show hand 
*** SUMMARY ***
Total pot $12.02 | Rake $0.60 
Board [Jc 5d Qh 9c]
Seat 1: XneferX collected ($11.42)
Seat 2: BumHuntKing (button) folded on the Turn
Seat 4: AIien Hand (small blind) folded before Flop
Seat 5: MaikonAll (big blind) folded before Flop



PokerStars Hand #254388685389:  Hold'em No Limit ($0.50/$1.00 USD) - 2025/01/15 20:59:55 WET [2025/01/15 15:59:55 ET]
Table 'Jole II' 6-max Seat #4 is the button
Seat 3: socito ($100 in chips) is sitting out
Seat 6: BelSv ($100 in chips) is sitting out
Seat 1: XneferX ($106.16 in chips) 
Seat 2: BumHuntKing ($100 in chips) 
Seat 4: AIien Hand ($100 in chips) 
Seat 5: MaikonAll ($113.72 in chips) 
MaikonAll: posts small blind $0.50
XneferX: posts big blind $1
socito: sits out 
*** HOLE CARDS ***
BumHuntKing: folds 
socito leaves the table
BelSv leaves the table
AIien Hand: raises $1.50 to $2.50
MaikonAll: folds 
XneferX: folds 
Uncalled bet ($1.50) returned to AIien Hand
AIien Hand collected $2.50 from pot
AIien Hand: doesn't show hand 
*** SUMMARY ***
Total pot $2.50 | Rake $0 
Seat 3: socito
Seat 6: BelSv
Seat 1: XneferX (big blind) folded before Flop
Seat 2: BumHuntKing folded before Flop (didn't bet)
Seat 4: AIien Hand (button) collected ($2.50)
Seat 5: MaikonAll (small blind) folded before Flop



PokerStars Hand #254388688624:  Hold'em No Limit ($0.50/$1.00 USD) - 2025/01/15 21:00:10 WET [2025/01/15 16:00:10 ET]
Table 'Jole II' 6-max Seat #5 is the button
Seat 1: XneferX ($105.16 in chips) 
Seat 2: BumHuntKing ($100 in chips) 
Seat 4: AIien Hand ($101.50 in chips) 
Seat 5: MaikonAll ($113.22 in chips) 
XneferX: posts small blind $0.50
BumHuntKing: posts big blind $1
*** HOLE CARDS ***
AIien Hand: folds 
MaikonAll: folds 
XneferX: folds 
Uncalled bet ($0.50) returned to BumHuntKing
BumHuntKing collected $1 from pot
BumHuntKing: doesn't show hand 
*** SUMMARY ***
Total pot $1 | Rake $0 
Seat 1: XneferX (small blind) folded before Flop
Seat 2: BumHuntKing (big blind) collected ($1)
Seat 4: AIien Hand folded before Flop (didn't bet)
Seat 5: MaikonAll (button) folded before Flop (didn't bet)



PokerStars Hand #254388691946:  Hold'em No Limit ($0.50/$1.00 USD) - 2025/01/15 21:00:24 WET [2025/01/15 16:00:24 ET]
Table 'Jole II' 6-max Seat #1 is the button
Seat 1: XneferX ($104.66 in chips) 
Seat 2: BumHuntKing ($100.50 in chips) 
Seat 4: AIien Hand ($101.50 in chips) 
Seat 5: MaikonAll ($113.22 in chips) 
BumHuntKing: posts small blind $0.50
AIien Hand: posts big blind $1
*** HOLE CARDS ***
MaikonAll: raises $1.30 to $2.30
XneferX: folds 
BumHuntKing: raises $8.70 to $11
AIien Hand: folds 
massagegun joins the table at seat #6 
massagegun is disconnected 
Lipexxx joins the table at seat #3 
MaikonAll: folds 
Uncalled bet ($8.70) returned to BumHuntKing
Lipexxx is disconnected 
BumHuntKing collected $5.60 from pot
BumHuntKing: doesn't show hand 
*** SUMMARY ***
Total pot $5.60 | Rake $0 
Seat 1: XneferX (button) folded before Flop (didn't bet)
Seat 2: BumHuntKing (small blind) collected ($5.60)
Seat 4: AIien Hand (big blind) folded before Flop
Seat 5: MaikonAll folded before Flop



PokerStars Hand #254388698593:  Hold'em No Limit ($0.50/$1.00 USD) - 2025/01/15 21:00:52 WET [2025/01/15 16:00:52 ET]
Table 'Jole II' 6-max Seat #2 is the button
Seat 3: Lipexxx ($44.73 in chips) is sitting out
Seat 1: XneferX ($104.66 in chips) 
Seat 2: BumHuntKing ($103.80 in chips) 
Seat 4: AIien Hand ($100.50 in chips) 
Seat 5: MaikonAll ($110.92 in chips) 
Seat 6: massagegun ($40 in chips) 
AIien Hand: posts small blind $0.50
MaikonAll: posts big blind $1
massagegun: posts big blind $1
*** HOLE CARDS ***
massagegun: checks 
XneferX: folds 
BumHuntKing: folds 
AIien Hand: folds 
MaikonAll: checks 
*** FLOP *** [Td 2s Ks]
MaikonAll: checks 
massagegun: bets $2
MaikonAll: folds 
Uncalled bet ($2) returned to massagegun
massagegun collected $2.38 from pot
*** SUMMARY ***
Total pot $2.50 | Rake $0.12 
Board [Td 2s Ks]
Seat 3: Lipexxx
Seat 1: XneferX folded before Flop (didn't bet)
Seat 2: BumHuntKing (button) folded before Flop (didn't bet)
Seat 4: AIien Hand (small blind) folded before Flop
Seat 5: MaikonAll (big blind) folded on the Flop
Seat 6: massagegun collected ($2.38)



PokerStars Hand #254388710265:  Hold'em No Limit ($0.50/$1.00 USD) - 2025/01/15 21:01:35 WET [2025/01/15 16:01:35 ET]
Table 'Jole II' 6-max Seat #4 is the button
Seat 3: Lipexxx ($44.73 in chips) is sitting out
Seat 1: XneferX ($104.66 in chips) 
Seat 2: BumHuntKing ($103.80 in chips) 
Seat 4: AIien Hand ($100 in chips) 
Seat 5: MaikonAll ($109.92 in chips) 
Seat 6: massagegun ($41.38 in chips) 
MaikonAll: posts small blind $0.50
massagegun: posts big blind $1
Lipexxx: sits out 
*** HOLE CARDS ***
XneferX: raises $1.10 to $2.10
BumHuntKing: folds 
AIien Hand: folds 
MaikonAll: folds 
massagegun: calls $1.10
*** FLOP *** [6c 4d 8h]
massagegun: checks 
XneferX: checks 
*** TURN *** [6c 4d 8h] [7c]
massagegun: bets $3
XneferX: calls $3
*** RIVER *** [6c 4d 8h 7c] [3c]
massagegun: bets $10.16
XneferX: calls $10.16
*** SHOW DOWN ***
massagegun: shows [4c 3d] (two pair, Fours and Threes)
XneferX: shows [Kc Jc] (a flush, King high)
XneferX collected $29.47 from pot
*** SUMMARY ***
Total pot $31.02 | Rake $1.55 
Board [6c 4d 8h 7c 3c]
Seat 3: Lipexxx
Seat 1: XneferX showed [Kc Jc] and won ($29.47) with a flush, King high
Seat 2: BumHuntKing folded before Flop (didn't bet)
Seat 4: AIien Hand (button) folded before Flop (didn't bet)
Seat 5: MaikonAll (small blind) folded before Flop
Seat 6: massagegun (big blind) showed [4c 3d] and lost with two pair, Fours and Threes



PokerStars Hand #254388724778:  Hold'em No Limit ($0.50/$1.00 USD) - 2025/01/15 21:02:23 WET [2025/01/15 16:02:23 ET]
Table 'Jole II' 6-max Seat #5 is the button
Seat 3: Lipexxx ($44.73 in chips) is sitting out
Seat 1: XneferX ($118.87 in chips) 
Seat 2: BumHuntKing ($103.80 in chips) 
Seat 4: AIien Hand ($100 in chips) 
Seat 5: MaikonAll ($109.42 in chips) 
Seat 6: massagegun ($26.12 in chips) 
massagegun: posts small blind $0.50
XneferX: posts big blind $1
Lipexxx: sits out 
*** HOLE CARDS ***
BumHuntKing: folds 
AIien Hand: folds 
MaikonAll: folds 
massagegun: folds 
Uncalled bet ($0.50) returned to XneferX
XneferX collected $1 from pot
XneferX: doesn't show hand 
*** SUMMARY ***
Total pot $1 | Rake $0 
Seat 3: Lipexxx
Seat 1: XneferX (big blind) collected ($1)
Seat 2: BumHuntKing folded before Flop (didn't bet)
Seat 4: AIien Hand folded before Flop (didn't bet)
Seat 5: MaikonAll (button) folded before Flop (didn't bet)
Seat 6: massagegun (small blind) folded before Flop



PokerStars Hand #254388728162:  Hold'em No Limit ($0.50/$1.00 USD) - 2025/01/15 21:02:35 WET [2025/01/15 16:02:35 ET]
Table 'Jole II' 6-max Seat #6 is the button
Seat 3: Lipexxx ($44.73 in chips) is sitting out
Seat 1: XneferX ($119.37 in chips) 
Seat 2: BumHuntKing ($103.80 in chips) 
Seat 4: AIien Hand ($100 in chips) 
Seat 5: MaikonAll ($109.42 in chips) 
Seat 6: massagegun ($25.62 in chips) 
XneferX: posts small blind $0.50
BumHuntKing: posts big blind $1
Lipexxx: sits out 
*** HOLE CARDS ***
AIien Hand: folds 
MaikonAll: raises $1.30 to $2.30
massagegun: folds 
XneferX: folds 
BumHuntKing: folds 
Uncalled bet ($1.30) returned to MaikonAll
MaikonAll collected $2.50 from pot
MaikonAll: doesn't show hand 
*** SUMMARY ***
Total pot $2.50 | Rake $0 
Seat 3: Lipexxx
Seat 1: XneferX (small blind) folded before Flop
Seat 2: BumHuntKing (big blind) folded before Flop
Seat 4: AIien Hand folded before Flop (didn't bet)
Seat 5: MaikonAll collected ($2.50)
Seat 6: massagegun (button) folded before Flop (didn't bet)



PokerStars Hand #254388731925:  Hold'em No Limit ($0.50/$1.00 USD) - 2025/01/15 21:02:48 WET [2025/01/15 16:02:48 ET]
Table 'Jole II' 6-max Seat #1 is the button
Seat 1: XneferX ($118.87 in chips) 
Seat 2: BumHuntKing ($102.80 in chips) 
Seat 3: Lipexxx ($44.73 in chips) 
Seat 4: AIien Hand ($100 in chips) 
Seat 5: MaikonAll ($110.92 in chips) 
Seat 6: massagegun ($25.62 in chips) 
BumHuntKing: posts small blind $0.50
Lipexxx: posts big blind $1
*** HOLE CARDS ***
AIien Hand: folds 
MaikonAll: folds 
massagegun: folds 
XneferX: folds 
BumHuntKing: folds 
Uncalled bet ($0.50) returned to Lipexxx
Lipexxx collected $1 from pot
*** SUMMARY ***
Total pot $1 | Rake $0 
Seat 1: XneferX (button) folded before Flop (didn't bet)
Seat 2: BumHuntKing (small blind) folded before Flop
Seat 3: Lipexxx (big blind) collected ($1)
Seat 4: AIien Hand folded before Flop (didn't bet)
Seat 5: MaikonAll folded before Flop (didn't bet)
Seat 6: massagegun folded before Flop (didn't bet)



PokerStars Hand #254388739878:  Hold'em No Limit ($0.50/$1.00 USD) - 2025/01/15 21:03:13 WET [2025/01/15 16:03:13 ET]
Table 'Jole II' 6-max Seat #2 is the button
Seat 1: XneferX ($118.87 in chips) 
Seat 2: BumHuntKing ($102.30 in chips) 
Seat 3: Lipexxx ($45.23 in chips) 
Seat 4: AIien Hand ($100 in chips) 
Seat 5: MaikonAll ($110.92 in chips) 
Seat 6: massagegun ($25.62 in chips) 
Lipexxx: posts small blind $0.50
AIien Hand: posts big blind $1
*** HOLE CARDS ***
MaikonAll: folds 
massagegun: folds 
XneferX: folds 
BumHuntKing: raises $1.50 to $2.50
Lipexxx: raises $6 to $8.50
AIien Hand: folds 
BumHuntKing: folds 
Uncalled bet ($6) returned to Lipexxx
Lipexxx collected $6 from pot
*** SUMMARY ***
Total pot $6 | Rake $0 
Seat 1: XneferX folded before Flop (didn't bet)
Seat 2: BumHuntKing (button) folded before Flop
Seat 3: Lipexxx (small blind) collected ($6)
Seat 4: AIien Hand (big blind) folded before Flop
Seat 5: MaikonAll folded before Flop (didn't bet)
Seat 6: massagegun folded before Flop (didn't bet)



PokerStars Hand #254388749671:  Hold'em No Limit ($0.50/$1.00 USD) - 2025/01/15 21:03:45 WET [2025/01/15 16:03:45 ET]
Table 'Jole II' 6-max Seat #3 is the button
Seat 1: XneferX ($118.87 in chips) 
Seat 2: BumHuntKing ($100 in chips) 
Seat 3: Lipexxx ($48.73 in chips) 
Seat 4: AIien Hand ($100 in chips) 
Seat 5: MaikonAll ($110.92 in chips) 
Seat 6: massagegun ($25.62 in chips) 
AIien Hand: posts small blind $0.50
MaikonAll: posts big blind $1
*** HOLE CARDS ***
massagegun: folds 
XneferX: folds 
BumHuntKing: folds 
Lipexxx: folds 
AIien Hand: folds 
Uncalled bet ($0.50) returned to MaikonAll
MaikonAll collected $1 from pot
MaikonAll: doesn't show hand 
*** SUMMARY ***
Total pot $1 | Rake $0 
Seat 1: XneferX folded before Flop (didn't bet)
Seat 2: BumHuntKing folded before Flop (didn't bet)
Seat 3: Lipexxx (button) folded before Flop (didn't bet)
Seat 4: AIien Hand (small blind) folded before Flop
Seat 5: MaikonAll (big blind) collected ($1)
Seat 6: massagegun folded before Flop (didn't bet)



PokerStars Hand #254388758404:  Hold'em No Limit ($0.50/$1.00 USD) - 2025/01/15 21:04:14 WET [2025/01/15 16:04:14 ET]
Table 'Jole II' 6-max Seat #4 is the button
Seat 1: XneferX ($118.87 in chips) 
Seat 2: BumHuntKing ($100 in chips) 
Seat 3: Lipexxx ($48.73 in chips) 
Seat 4: AIien Hand ($100 in chips) 
Seat 5: MaikonAll ($111.42 in chips) 
Seat 6: massagegun ($25.62 in chips) 
MaikonAll: posts small blind $0.50
massagegun: posts big blind $1
*** HOLE CARDS ***
XneferX: folds 
BumHuntKing: folds 
Lipexxx: raises $2 to $3
AIien Hand: folds 
MaikonAll: calls $2.50
massagegun: calls $2
*** FLOP *** [2h 5d 7h]
MaikonAll: checks 
massagegun: checks 
Lipexxx: bets $8.55
MaikonAll: folds 
massagegun: folds 
Uncalled bet ($8.55) returned to Lipexxx
Lipexxx collected $8.55 from pot
*** SUMMARY ***
Total pot $9 | Rake $0.45 
Board [2h 5d 7h]
Seat 1: XneferX folded before Flop (didn't bet)
Seat 2: BumHuntKing folded before Flop (didn't bet)
Seat 3: Lipexxx collected ($8.55)
Seat 4: AIien Hand (button) folded before Flop (didn't bet)
Seat 5: MaikonAll (small blind) folded on the Flop
Seat 6: massagegun (big blind) folded on the Flop



PokerStars Hand #254388770508:  Hold'em No Limit ($0.50/$1.00 USD) - 2025/01/15 21:04:53 WET [2025/01/15 16:04:53 ET]
Table 'Jole II' 6-max Seat #5 is the button
Seat 1: XneferX ($118.87 in chips) is sitting out
Seat 2: BumHuntKing ($100 in chips) 
Seat 3: Lipexxx ($54.28 in chips) 
Seat 4: AIien Hand ($100 in chips) 
Seat 5: MaikonAll ($108.42 in chips) 
Seat 6: massagegun ($22.62 in chips) 
massagegun: posts small blind $0.50
XneferX: is sitting out 
BumHuntKing: posts big blind $1
*** HOLE CARDS ***
Lipexxx: folds 
AIien Hand: folds 
MaikonAll: raises $1.50 to $2.50
massagegun: folds 
XneferX leaves the table
BumHuntKing: folds 
Uncalled bet ($1.50) returned to MaikonAll
MaikonAll collected $2.50 from pot
MaikonAll: doesn't show hand 
*** SUMMARY ***
Total pot $2.50 | Rake $0 
Seat 1: XneferX
Seat 2: BumHuntKing (big blind) folded before Flop
Seat 3: Lipexxx folded before Flop (didn't bet)
Seat 4: AIien Hand folded before Flop (didn't bet)
Seat 5: MaikonAll (button) collected ($2.50)
Seat 6: massagegun (small blind) folded before Flop



PokerStars Hand #254388776631:  Hold'em No Limit ($0.50/$1.00 USD) - 2025/01/15 21:05:12 WET [2025/01/15 16:05:12 ET]
Table 'Jole II' 6-max Seat #6 is the button
Seat 2: BumHuntKing ($100 in chips) 
Seat 3: Lipexxx ($54.28 in chips) 
Seat 4: AIien Hand ($100 in chips) 
Seat 5: MaikonAll ($109.92 in chips) 
Seat 6: massagegun ($22.12 in chips) 
BumHuntKing: posts small blind $0.50
Lipexxx: posts big blind $1
*** HOLE CARDS ***
kuca86 joins the table at seat #1 
AIien Hand: folds 
MaikonAll: folds 
massagegun: raises $2 to $3
BumHuntKing: folds 
Lipexxx: folds 
Uncalled bet ($2) returned to massagegun
massagegun collected $2.50 from pot
*** SUMMARY ***
Total pot $2.50 | Rake $0 
Seat 2: BumHuntKing (small blind) folded before Flop
Seat 3: Lipexxx (big blind) folded before Flop
Seat 4: AIien Hand folded before Flop (didn't bet)
Seat 5: MaikonAll folded before Flop (didn't bet)
Seat 6: massagegun (button) collected ($2.50)



PokerStars Hand #254388781025:  Hold'em No Limit ($0.50/$1.00 USD) - 2025/01/15 21:05:26 WET [2025/01/15 16:05:26 ET]
Table 'Jole II' 6-max Seat #2 is the button
Seat 1: kuca86 ($100 in chips) is sitting out
Seat 2: BumHuntKing ($100 in chips) 
Seat 3: Lipexxx ($53.28 in chips) 
Seat 4: AIien Hand ($100 in chips) 
Seat 5: MaikonAll ($109.92 in chips) 
Seat 6: massagegun ($23.62 in chips) 
Lipexxx: posts small blind $0.50
AIien Hand: posts big blind $1
kuca86: sits out 
*** HOLE CARDS ***
MaikonAll: folds 
massagegun: folds 
BumHuntKing: raises $1.50 to $2.50
Lipexxx: raises $6 to $8.50
AIien Hand: folds 
BumHuntKing: calls $6
*** FLOP *** [Th 2d 7c]
Lipexxx: bets $17.10
BumHuntKing: calls $17.10
*** TURN *** [Th 2d 7c] [Kh]
Lipexxx: bets $27.68 and is all-in
BumHuntKing: calls $27.68
*** RIVER *** [Th 2d 7c Kh] [5s]
*** SHOW DOWN ***
Lipexxx: shows [9h 9d] (a pair of Nines)
BumHuntKing: shows [7s Ts] (two pair, Tens and Sevens)
BumHuntKing collected $105.06 from pot
*** SUMMARY ***
Total pot $107.56 | Rake $2.50 
Board [Th 2d 7c Kh 5s]
Seat 1: kuca86
Seat 2: BumHuntKing (button) showed [7s Ts] and won ($105.06) with two pair, Tens and Sevens
Seat 3: Lipexxx (small blind) showed [9h 9d] and lost with a pair of Nines
Seat 4: AIien Hand (big blind) folded before Flop
Seat 5: MaikonAll folded before Flop (didn't bet)
Seat 6: massagegun folded before Flop (didn't bet)



PokerStars Hand #254388792829:  Hold'em No Limit ($0.50/$1.00 USD) - 2025/01/15 21:06:04 WET [2025/01/15 16:06:04 ET]
Table 'Jole II' 6-max Seat #4 is the button
Seat 1: kuca86 ($100 in chips) is sitting out
Seat 3: Lipexxx ($0 in chips) is sitting out
Seat 2: BumHuntKing ($151.78 in chips) 
Seat 4: AIien Hand ($100 in chips) 
Seat 5: MaikonAll ($109.92 in chips) 
Seat 6: massagegun ($23.62 in chips) 
MaikonAll: posts small blind $0.50
massagegun: posts big blind $1
kuca86: sits out 
*** HOLE CARDS ***
BumHuntKing: folds 
AIien Hand: folds 
MaikonAll: folds 
Uncalled bet ($0.50) returned to massagegun
massagegun collected $1 from pot
*** SUMMARY ***
Total pot $1 | Rake $0 
Seat 1: kuca86
Seat 3: Lipexxx
Seat 2: BumHuntKing folded before Flop (didn't bet)
Seat 4: AIien Hand (button) folded before Flop (didn't bet)
Seat 5: MaikonAll (small blind) folded before Flop
Seat 6: massagegun (big blind) collected ($1)



PokerStars Hand #254388798335:  Hold'em No Limit ($0.50/$1.00 USD) - 2025/01/15 21:06:22 WET [2025/01/15 16:06:22 ET]
Table 'Jole II' 6-max Seat #5 is the button
Seat 1: kuca86 ($100 in chips) 
Seat 2: BumHuntKing ($151.78 in chips) 
Seat 3: Lipexxx ($100 in chips) 
Seat 4: AIien Hand ($100 in chips) 
Seat 5: MaikonAll ($109.42 in chips) 
Seat 6: massagegun ($24.12 in chips) 
massagegun: posts small blind $0.50
kuca86: posts big blind $1
*** HOLE CARDS ***
BumHuntKing: raises $1.20 to $2.20
Lipexxx: folds 
AIien Hand: folds 
MaikonAll: folds 
massagegun: folds 
kuca86: folds 
Uncalled bet ($1.20) returned to BumHuntKing
BumHuntKing collected $2.50 from pot
BumHuntKing: doesn't show hand 
*** SUMMARY ***
Total pot $2.50 | Rake $0 
Seat 1: kuca86 (big blind) folded before Flop
Seat 2: BumHuntKing collected ($2.50)
Seat 3: Lipexxx folded before Flop (didn't bet)
Seat 4: AIien Hand folded before Flop (didn't bet)
Seat 5: MaikonAll (button) folded before Flop (didn't bet)
Seat 6: massagegun (small blind) folded before Flop



PokerStars Hand #254388805052:  Hold'em No Limit ($0.50/$1.00 USD) - 2025/01/15 21:06:44 WET [2025/01/15 16:06:44 ET]
Table 'Jole II' 6-max Seat #6 is the button
Seat 1: kuca86 ($100 in chips) 
Seat 2: BumHuntKing ($153.28 in chips) 
Seat 3: Lipexxx ($100 in chips) 
Seat 4: AIien Hand ($100 in chips) 
Seat 5: MaikonAll ($109.42 in chips) 
Seat 6: massagegun ($23.62 in chips) 
kuca86: posts small blind $0.50
BumHuntKing: posts big blind $1
*** HOLE CARDS ***
Lipexxx: folds 
AIien Hand: raises $1.20 to $2.20
MaikonAll: folds 
massagegun: raises $5.90 to $8.10
kuca86: folds 
BumHuntKing: folds 
AIien Hand: raises $91.90 to $100 and is all-in
massagegun: calls $15.52 and is all-in
Uncalled bet ($76.38) returned to AIien Hand
*** FLOP *** [5h Ks As]
*** TURN *** [5h Ks As] [8d]
*** RIVER *** [5h Ks As 8d] [6s]
*** SHOW DOWN ***
AIien Hand: shows [Kc Ad] (two pair, Aces and Kings)
massagegun: shows [Qd Qh] (a pair of Queens)
AIien Hand collected $46.30 from pot
*** SUMMARY ***
Total pot $48.74 | Rake $2.44 
Board [5h Ks As 8d 6s]
Seat 1: kuca86 (small blind) folded before Flop
Seat 2: BumHuntKing (big blind) folded before Flop
Seat 3: Lipexxx folded before Flop (didn't bet)
Seat 4: AIien Hand showed [Kc Ad] and won ($46.30) with two pair, Aces and Kings
Seat 5: MaikonAll folded before Flop (didn't bet)
Seat 6: massagegun (button) showed [Qd Qh] and lost with a pair of Queens



PokerStars Hand #254388818444:  Hold'em No Limit ($0.50/$1.00 USD) - 2025/01/15 21:07:28 WET [2025/01/15 16:07:28 ET]
Table 'Jole II' 6-max Seat #1 is the button
Seat 6: massagegun ($0 in chips) is sitting out
Seat 1: kuca86 ($100 in chips) 
Seat 2: BumHuntKing ($152.28 in chips) 
Seat 3: Lipexxx ($100 in chips) 
Seat 4: AIien Hand ($122.68 in chips) 
Seat 5: MaikonAll ($109.42 in chips) 
BumHuntKing: posts small blind $0.50
Lipexxx: posts big blind $1
*** HOLE CARDS ***
AIien Hand: raises $1.20 to $2.20
MaikonAll: folds 
kuca86: folds 
BumHuntKing: folds 
Lipexxx: calls $1.20
*** FLOP *** [Kc As 6d]
Lipexxx: checks 
AIien Hand: checks 
*** TURN *** [Kc As 6d] [2c]
Lipexxx: bets $4.66
AIien Hand: folds 
Uncalled bet ($4.66) returned to Lipexxx
Lipexxx collected $4.66 from pot
*** SUMMARY ***
Total pot $4.90 | Rake $0.24 
Board [Kc As 6d 2c]
Seat 6: massagegun
Seat 1: kuca86 (button) folded before Flop (didn't bet)
Seat 2: BumHuntKing (small blind) folded before Flop
Seat 3: Lipexxx (big blind) collected ($4.66)
Seat 4: AIien Hand folded on the Turn
Seat 5: MaikonAll folded before Flop (didn't bet)



PokerStars Hand #254388827116:  Hold'em No Limit ($0.50/$1.00 USD) - 2025/01/15 21:07:56 WET [2025/01/15 16:07:56 ET]
Table 'Jole II' 6-max Seat #2 is the button
Seat 6: massagegun ($0 in chips) is sitting out
Seat 1: kuca86 ($100 in chips) 
Seat 2: BumHuntKing ($151.78 in chips) 
Seat 3: Lipexxx ($102.46 in chips) 
Seat 4: AIien Hand ($120.48 in chips) 
Seat 5: MaikonAll ($109.42 in chips) 
Lipexxx: posts small blind $0.50
AIien Hand: posts big blind $1
*** HOLE CARDS ***
MaikonAll: folds 
kuca86: folds 
BumHuntKing: raises $1.50 to $2.50
Lipexxx: folds 
AIien Hand: raises $10 to $12.50
BumHuntKing: folds 
Uncalled bet ($10) returned to AIien Hand
AIien Hand collected $5.50 from pot
AIien Hand: doesn't show hand 
*** SUMMARY ***
Total pot $5.50 | Rake $0 
Seat 6: massagegun
Seat 1: kuca86 folded before Flop (didn't bet)
Seat 2: BumHuntKing (button) folded before Flop
Seat 3: Lipexxx (small blind) folded before Flop
Seat 4: AIien Hand (big blind) collected ($5.50)
Seat 5: MaikonAll folded before Flop (didn't bet)



PokerStars Hand #254388834827:  Hold'em No Limit ($0.50/$1.00 USD) - 2025/01/15 21:08:21 WET [2025/01/15 16:08:21 ET]
Table 'Jole II' 6-max Seat #3 is the button
Seat 6: massagegun ($0 in chips) is sitting out
Seat 1: kuca86 ($100 in chips) 
Seat 2: BumHuntKing ($149.28 in chips) 
Seat 3: Lipexxx ($101.96 in chips) 
Seat 4: AIien Hand ($123.48 in chips) 
Seat 5: MaikonAll ($109.42 in chips) 
AIien Hand: posts small blind $0.50
MaikonAll: posts big blind $1
*** HOLE CARDS ***
kuca86: folds 
BumHuntKing: folds 
Lipexxx: folds 
AIien Hand: folds 
Uncalled bet ($0.50) returned to MaikonAll
MaikonAll collected $1 from pot
MaikonAll: doesn't show hand 
*** SUMMARY ***
Total pot $1 | Rake $0 
Seat 6: massagegun
Seat 1: kuca86 folded before Flop (didn't bet)
Seat 2: BumHuntKing folded before Flop (didn't bet)
Seat 3: Lipexxx (button) folded before Flop (didn't bet)
Seat 4: AIien Hand (small blind) folded before Flop
Seat 5: MaikonAll (big blind) collected ($1)



PokerStars Hand #254388838717:  Hold'em No Limit ($0.50/$1.00 USD) - 2025/01/15 21:08:34 WET [2025/01/15 16:08:34 ET]
Table 'Jole II' 6-max Seat #4 is the button
Seat 6: massagegun ($0 in chips) is sitting out
Seat 1: kuca86 ($100 in chips) 
Seat 2: BumHuntKing ($149.28 in chips) 
Seat 3: Lipexxx ($101.96 in chips) 
Seat 4: AIien Hand ($122.98 in chips) 
Seat 5: MaikonAll ($109.92 in chips) 
MaikonAll: posts small blind $0.50
kuca86: posts big blind $1
*** HOLE CARDS ***
BumHuntKing: folds 
Lipexxx: raises $2 to $3
AIien Hand: folds 
MaikonAll: folds 
kuca86: calls $2
*** FLOP *** [Tc 6d Js]
kuca86: checks 
Lipexxx: bets $6.18
kuca86: folds 
Uncalled bet ($6.18) returned to Lipexxx
Lipexxx collected $6.18 from pot
*** SUMMARY ***
Total pot $6.50 | Rake $0.32 
Board [Tc 6d Js]
Seat 6: massagegun
Seat 1: kuca86 (big blind) folded on the Flop
Seat 2: BumHuntKing folded before Flop (didn't bet)
Seat 3: Lipexxx collected ($6.18)
Seat 4: AIien Hand (button) folded before Flop (didn't bet)
Seat 5: MaikonAll (small blind) folded before Flop



PokerStars Hand #254388849765:  Hold'em No Limit ($0.50/$1.00 USD) - 2025/01/15 21:09:10 WET [2025/01/15 16:09:10 ET]
Table 'Jole II' 6-max Seat #5 is the button
Seat 6: massagegun ($0 in chips) is sitting out
Seat 1: kuca86 ($100 in chips) 
Seat 2: BumHuntKing ($149.28 in chips) 
Seat 3: Lipexxx ($105.14 in chips) 
Seat 4: AIien Hand ($122.98 in chips) 
Seat 5: MaikonAll ($109.42 in chips) 
kuca86: posts small blind $0.50
BumHuntKing: posts big blind $1
*** HOLE CARDS ***
Lipexxx: folds 
AIien Hand: folds 
MaikonAll: raises $1.50 to $2.50
kuca86: folds 
BumHuntKing: raises $10 to $12.50
MaikonAll: calls $10
*** FLOP *** [8s Ks 9d]
BumHuntKing: bets $6.05
MaikonAll: calls $6.05
*** TURN *** [8s Ks 9d] [Th]
BumHuntKing: checks 
MaikonAll: bets $17.86
BumHuntKing: raises $112.87 to $130.73 and is all-in
MaikonAll: folds 
Uncalled bet ($112.87) returned to BumHuntKing
BumHuntKing collected $70.82 from pot
BumHuntKing: doesn't show hand 
*** SUMMARY ***
Total pot $73.32 | Rake $2.50 
Board [8s Ks 9d Th]
Seat 6: massagegun
Seat 1: kuca86 (small blind) folded before Flop
Seat 2: BumHuntKing (big blind) collected ($70.82)
Seat 3: Lipexxx folded before Flop (didn't bet)
Seat 4: AIien Hand folded before Flop (didn't bet)
Seat 5: MaikonAll (button) folded on the Turn



PokerStars Hand #254388884166:  Hold'em No Limit ($0.50/$1.00 USD) - 2025/01/15 21:11:01 WET [2025/01/15 16:11:01 ET]
Table 'Jole II' 6-max Seat #1 is the button
Seat 6: massagegun ($0 in chips) is sitting out
Seat 1: kuca86 ($100 in chips) 
Seat 2: BumHuntKing ($183.69 in chips) 
Seat 3: Lipexxx ($105.14 in chips) 
Seat 4: AIien Hand ($122.98 in chips) 
Seat 5: MaikonAll ($100 in chips) 
BumHuntKing: posts small blind $0.50
Lipexxx: posts big blind $1
*** HOLE CARDS ***
AIien Hand: raises $1.20 to $2.20
MaikonAll: folds 
kuca86: folds 
BumHuntKing: folds 
Lipexxx: calls $1.20
*** FLOP *** [7d 9d Ac]
Lipexxx: checks 
AIien Hand: bets $1.40
Lipexxx: calls $1.40
*** TURN *** [7d 9d Ac] [Jc]
Lipexxx: checks 
AIien Hand: bets $10.54
Lipexxx: folds 
Uncalled bet ($10.54) returned to AIien Hand
AIien Hand collected $7.32 from pot
AIien Hand: doesn't show hand 
*** SUMMARY ***
Total pot $7.70 | Rake $0.38 
Board [7d 9d Ac Jc]
Seat 6: massagegun
Seat 1: kuca86 (button) folded before Flop (didn't bet)
Seat 2: BumHuntKing (small blind) folded before Flop
Seat 3: Lipexxx (big blind) folded on the Turn
Seat 4: AIien Hand collected ($7.32)
Seat 5: MaikonAll folded before Flop (didn't bet)



PokerStars Hand #254388903867:  Hold'em No Limit ($0.50/$1.00 USD) - 2025/01/15 21:12:04 WET [2025/01/15 16:12:04 ET]
Table 'Jole II' 6-max Seat #2 is the button
Seat 6: massagegun ($0 in chips) is sitting out
Seat 1: kuca86 ($100 in chips) 
Seat 2: BumHuntKing ($183.19 in chips) 
Seat 3: Lipexxx ($101.54 in chips) 
Seat 4: AIien Hand ($126.70 in chips) 
Seat 5: MaikonAll ($100 in chips) 
Lipexxx: posts small blind $0.50
AIien Hand: posts big blind $1
*** HOLE CARDS ***
MaikonAll: raises $1.30 to $2.30
kuca86: folds 
BumHuntKing: folds 
Lipexxx: folds 
AIien Hand: raises $10.20 to $12.50
MaikonAll: calls $10.20
*** FLOP *** [7h Jd Qh]
AIien Hand: bets $7.26
MaikonAll: calls $7.26
*** TURN *** [7h Jd Qh] [Qc]
AIien Hand: checks 
MaikonAll: bets $19.01
AIien Hand: folds 
Uncalled bet ($19.01) returned to MaikonAll
MaikonAll collected $38.02 from pot
MaikonAll: doesn't show hand 
*** SUMMARY ***
Total pot $40.02 | Rake $2 
Board [7h Jd Qh Qc]
Seat 6: massagegun
Seat 1: kuca86 folded before Flop (didn't bet)
Seat 2: BumHuntKing (button) folded before Flop (didn't bet)
Seat 3: Lipexxx (small blind) folded before Flop
Seat 4: AIien Hand (big blind) folded on the Turn
Seat 5: MaikonAll collected ($38.02)



PokerStars Hand #254388937701:  Hold'em No Limit ($0.50/$1.00 USD) - 2025/01/15 21:13:51 WET [2025/01/15 16:13:51 ET]
Table 'Jole II' 6-max Seat #3 is the button
Seat 6: massagegun ($0 in chips) is sitting out
Seat 1: kuca86 ($100 in chips) 
Seat 2: BumHuntKing ($183.19 in chips) 
Seat 3: Lipexxx ($101.04 in chips) 
Seat 4: AIien Hand ($106.94 in chips) 
Seat 5: MaikonAll ($118.26 in chips) 
AIien Hand: posts small blind $0.50
MaikonAll: posts big blind $1
*** HOLE CARDS ***
kuca86: folds 
BumHuntKing: raises $1.20 to $2.20
Lipexxx: folds 
AIien Hand: folds 
MaikonAll: folds 
Uncalled bet ($1.20) returned to BumHuntKing
BumHuntKing collected $2.50 from pot
BumHuntKing: doesn't show hand 
*** SUMMARY ***
Total pot $2.50 | Rake $0 
Seat 6: massagegun
Seat 1: kuca86 folded before Flop (didn't bet)
Seat 2: BumHuntKing collected ($2.50)
Seat 3: Lipexxx (button) folded before Flop (didn't bet)
Seat 4: AIien Hand (small blind) folded before Flop
Seat 5: MaikonAll (big blind) folded before Flop



PokerStars Hand #254388945216:  Hold'em No Limit ($0.50/$1.00 USD) - 2025/01/15 21:14:15 WET [2025/01/15 16:14:15 ET]
Table 'Jole II' 6-max Seat #4 is the button
Seat 6: massagegun ($0 in chips) is sitting out
Seat 1: kuca86 ($100 in chips) 
Seat 2: BumHuntKing ($184.69 in chips) 
Seat 3: Lipexxx ($101.04 in chips) 
Seat 4: AIien Hand ($106.44 in chips) 
Seat 5: MaikonAll ($117.26 in chips) 
MaikonAll: posts small blind $0.50
kuca86: posts big blind $1
*** HOLE CARDS ***
BumHuntKing: folds 
Lipexxx: raises $2 to $3
AIien Hand: folds 
MaikonAll: folds 
kuca86: raises $8 to $11
Lipexxx: calls $8
*** FLOP *** [Qh 8s Th]
kuca86: bets $7.91
Lipexxx: raises $11.91 to $19.82
kuca86: raises $69.18 to $89 and is all-in
Lipexxx: folds 
Uncalled bet ($69.18) returned to kuca86
kuca86 collected $59.64 from pot
kuca86: doesn't show hand 
*** SUMMARY ***
Total pot $62.14 | Rake $2.50 
Board [Qh 8s Th]
Seat 6: massagegun
Seat 1: kuca86 (big blind) collected ($59.64)
Seat 2: BumHuntKing folded before Flop (didn't bet)
Seat 3: Lipexxx folded on the Flop
Seat 4: AIien Hand (button) folded before Flop (didn't bet)
Seat 5: MaikonAll (small blind) folded before Flop



PokerStars Hand #254388966514:  Hold'em No Limit ($0.50/$1.00 USD) - 2025/01/15 21:15:23 WET [2025/01/15 16:15:23 ET]
Table 'Jole II' 6-max Seat #5 is the button
Seat 6: massagegun ($0 in chips) is sitting out
Seat 1: kuca86 ($128.82 in chips) 
Seat 2: BumHuntKing ($184.69 in chips) 
Seat 3: Lipexxx ($70.22 in chips) 
Seat 4: AIien Hand ($106.44 in chips) 
Seat 5: MaikonAll ($116.76 in chips) 
kuca86: posts small blind $0.50
BumHuntKing: posts big blind $1
*** HOLE CARDS ***
Lipexxx: folds 
AIien Hand: folds 
MaikonAll: raises $1.50 to $2.50
kuca86: folds 
BumHuntKing: folds 
Uncalled bet ($1.50) returned to MaikonAll
MaikonAll collected $2.50 from pot
MaikonAll: doesn't show hand 
*** SUMMARY ***
Total pot $2.50 | Rake $0 
Seat 6: massagegun
Seat 1: kuca86 (small blind) folded before Flop
Seat 2: BumHuntKing (big blind) folded before Flop
Seat 3: Lipexxx folded before Flop (didn't bet)
Seat 4: AIien Hand folded before Flop (didn't bet)
Seat 5: MaikonAll (button) collected ($2.50)



PokerStars Hand #254388974677:  Hold'em No Limit ($0.50/$1.00 USD) - 2025/01/15 21:15:49 WET [2025/01/15 16:15:49 ET]
Table 'Jole II' 6-max Seat #1 is the button
Seat 6: massagegun ($0 in chips) is sitting out
Seat 1: kuca86 ($128.32 in chips) 
Seat 2: BumHuntKing ($183.69 in chips) 
Seat 3: Lipexxx ($100 in chips) 
Seat 4: AIien Hand ($106.44 in chips) 
Seat 5: MaikonAll ($118.26 in chips) 
BumHuntKing: posts small blind $0.50
Lipexxx: posts big blind $1
*** HOLE CARDS ***
AIien Hand: folds 
MaikonAll: folds 
kuca86: raises $1.50 to $2.50
BumHuntKing: folds 
Lipexxx: raises $9.50 to $12
kuca86: folds 
Uncalled bet ($9.50) returned to Lipexxx
Lipexxx collected $5.50 from pot
*** SUMMARY ***
Total pot $5.50 | Rake $0 
Seat 6: massagegun
Seat 1: kuca86 (button) folded before Flop
Seat 2: BumHuntKing (small blind) folded before Flop
Seat 3: Lipexxx (big blind) collected ($5.50)
Seat 4: AIien Hand folded before Flop (didn't bet)
Seat 5: MaikonAll folded before Flop (didn't bet)



PokerStars Hand #254388981383:  Hold'em No Limit ($0.50/$1.00 USD) - 2025/01/15 21:16:10 WET [2025/01/15 16:16:10 ET]
Table 'Jole II' 6-max Seat #2 is the button
Seat 6: massagegun ($0 in chips) is sitting out
Seat 1: kuca86 ($125.82 in chips) 
Seat 2: BumHuntKing ($183.19 in chips) 
Seat 3: Lipexxx ($103 in chips) 
Seat 4: AIien Hand ($106.44 in chips) 
Seat 5: MaikonAll ($118.26 in chips) 
Lipexxx: posts small blind $0.50
AIien Hand: posts big blind $1
*** HOLE CARDS ***
MaikonAll: folds 
kuca86: folds 
BumHuntKing: folds 
Lipexxx: raises $2 to $3
AIien Hand: calls $2
*** FLOP *** [Tc Jc 3d]
Lipexxx: bets $5.70
AIien Hand: folds 
Uncalled bet ($5.70) returned to Lipexxx
Lipexxx collected $5.70 from pot
*** SUMMARY ***
Total pot $6 | Rake $0.30 
Board [Tc Jc 3d]
Seat 6: massagegun
Seat 1: kuca86 folded before Flop (didn't bet)
Seat 2: BumHuntKing (button) folded before Flop (didn't bet)
Seat 3: Lipexxx (small blind) collected ($5.70)
Seat 4: AIien Hand (big blind) folded on the Flop
Seat 5: MaikonAll folded before Flop (didn't bet)



PokerStars Hand #254388994750:  Hold'em No Limit ($0.50/$1.00 USD) - 2025/01/15 21:16:52 WET [2025/01/15 16:16:52 ET]
Table 'Jole II' 6-max Seat #3 is the button
Seat 6: massagegun ($0 in chips) is sitting out
Seat 1: kuca86 ($125.82 in chips) 
Seat 2: BumHuntKing ($183.19 in chips) 
Seat 3: Lipexxx ($105.70 in chips) 
Seat 4: AIien Hand ($103.44 in chips) 
Seat 5: MaikonAll ($118.26 in chips) 
AIien Hand: posts small blind $0.50
MaikonAll: posts big blind $1
*** HOLE CARDS ***
kuca86: folds 
BumHuntKing: folds 
Lipexxx: folds 
AIien Hand: folds 
Uncalled bet ($0.50) returned to MaikonAll
MaikonAll collected $1 from pot
MaikonAll: doesn't show hand 
*** SUMMARY ***
Total pot $1 | Rake $0 
Seat 6: massagegun
Seat 1: kuca86 folded before Flop (didn't bet)
Seat 2: BumHuntKing folded before Flop (didn't bet)
Seat 3: Lipexxx (button) folded before Flop (didn't bet)
Seat 4: AIien Hand (small blind) folded before Flop
Seat 5: MaikonAll (big blind) collected ($1)



PokerStars Hand #254388997624:  Hold'em No Limit ($0.50/$1.00 USD) - 2025/01/15 21:17:02 WET [2025/01/15 16:17:02 ET]
Table 'Jole II' 6-max Seat #4 is the button
Seat 6: massagegun ($0 in chips) is sitting out
Seat 1: kuca86 ($125.82 in chips) 
Seat 2: BumHuntKing ($183.19 in chips) 
Seat 3: Lipexxx ($105.70 in chips) 
Seat 4: AIien Hand ($102.94 in chips) 
Seat 5: MaikonAll ($118.76 in chips) 
MaikonAll: posts small blind $0.50
kuca86: posts big blind $1
*** HOLE CARDS ***
BumHuntKing: raises $1.20 to $2.20
Lipexxx: folds 
AIien Hand: raises $5.30 to $7.50
MaikonAll: folds 
kuca86: folds 
BumHuntKing: raises $12 to $19.50
AIien Hand: folds 
Uncalled bet ($12) returned to BumHuntKing
BumHuntKing collected $16.50 from pot
BumHuntKing: doesn't show hand 
*** SUMMARY ***
Total pot $16.50 | Rake $0 
Seat 6: massagegun
Seat 1: kuca86 (big blind) folded before Flop
Seat 2: BumHuntKing collected ($16.50)
Seat 3: Lipexxx folded before Flop (didn't bet)
Seat 4: AIien Hand (button) folded before Flop
Seat 5: MaikonAll (small blind) folded before Flop



PokerStars Hand #254389006250:  Hold'em No Limit ($0.50/$1.00 USD) - 2025/01/15 21:17:29 WET [2025/01/15 16:17:29 ET]
Table 'Jole II' 6-max Seat #5 is the button
Seat 6: massagegun ($0 in chips) is sitting out
Seat 1: kuca86 ($124.82 in chips) 
Seat 2: BumHuntKing ($192.19 in chips) 
Seat 3: Lipexxx ($105.70 in chips) 
Seat 4: AIien Hand ($100 in chips) 
Seat 5: MaikonAll ($118.26 in chips) 
kuca86: posts small blind $0.50
BumHuntKing: posts big blind $1
*** HOLE CARDS ***
Lipexxx: folds 
AIien Hand: raises $1.20 to $2.20
MaikonAll: folds 
kuca86: folds 
BumHuntKing: folds 
Uncalled bet ($1.20) returned to AIien Hand
AIien Hand collected $2.50 from pot
AIien Hand: doesn't show hand 
*** SUMMARY ***
Total pot $2.50 | Rake $0 
Seat 6: massagegun
Seat 1: kuca86 (small blind) folded before Flop
Seat 2: BumHuntKing (big blind) folded before Flop
Seat 3: Lipexxx folded before Flop (didn't bet)
Seat 4: AIien Hand collected ($2.50)
Seat 5: MaikonAll (button) folded before Flop (didn't bet)



PokerStars Hand #254389014029:  Hold'em No Limit ($0.50/$1.00 USD) - 2025/01/15 21:17:53 WET [2025/01/15 16:17:53 ET]
Table 'Jole II' 6-max Seat #1 is the button
Seat 6: massagegun ($0 in chips) is sitting out
Seat 1: kuca86 ($124.32 in chips) 
Seat 2: BumHuntKing ($191.19 in chips) 
Seat 3: Lipexxx ($105.70 in chips) 
Seat 4: AIien Hand ($101.50 in chips) 
Seat 5: MaikonAll ($118.26 in chips) 
BumHuntKing: posts small blind $0.50
Lipexxx: posts big blind $1
*** HOLE CARDS ***
AIien Hand: folds 
MaikonAll: folds 
kuca86: raises $1.50 to $2.50
BumHuntKing: folds 
Lipexxx: folds 
Uncalled bet ($1.50) returned to kuca86
kuca86 collected $2.50 from pot
kuca86: doesn't show hand 
*** SUMMARY ***
Total pot $2.50 | Rake $0 
Seat 6: massagegun
Seat 1: kuca86 (button) collected ($2.50)
Seat 2: BumHuntKing (small blind) folded before Flop
Seat 3: Lipexxx (big blind) folded before Flop
Seat 4: AIien Hand folded before Flop (didn't bet)
Seat 5: MaikonAll folded before Flop (didn't bet)



PokerStars Hand #254389018657:  Hold'em No Limit ($0.50/$1.00 USD) - 2025/01/15 21:18:08 WET [2025/01/15 16:18:08 ET]
Table 'Jole II' 6-max Seat #2 is the button
Seat 6: massagegun ($0 in chips) is sitting out
Seat 1: kuca86 ($125.82 in chips) 
Seat 2: BumHuntKing ($190.69 in chips) 
Seat 3: Lipexxx ($104.70 in chips) 
Seat 4: AIien Hand ($101.50 in chips) 
Seat 5: MaikonAll ($118.26 in chips) 
Lipexxx: posts small blind $0.50
AIien Hand: posts big blind $1
*** HOLE CARDS ***
MaikonAll: folds 
kuca86: folds 
BumHuntKing: raises $1.50 to $2.50
Lipexxx: raises $7.50 to $10
AIien Hand: folds 
BumHuntKing: calls $7.50
*** FLOP *** [4d 3d 9c]
Lipexxx: checks 
BumHuntKing: bets $4.99
Lipexxx: calls $4.99
*** TURN *** [4d 3d 9c] [7s]
Lipexxx: checks 
BumHuntKing: checks 
*** RIVER *** [4d 3d 9c 7s] [3c]
Lipexxx: checks 
BumHuntKing: checks 
*** SHOW DOWN ***
Lipexxx: shows [Kh Td] (a pair of Threes)
BumHuntKing: shows [Js Ks] (a pair of Threes - King+Jack kicker)
BumHuntKing collected $29.43 from pot
*** SUMMARY ***
Total pot $30.98 | Rake $1.55 
Board [4d 3d 9c 7s 3c]
Seat 6: massagegun
Seat 1: kuca86 folded before Flop (didn't bet)
Seat 2: BumHuntKing (button) showed [Js Ks] and won ($29.43) with a pair of Threes
Seat 3: Lipexxx (small blind) showed [Kh Td] and lost with a pair of Threes
Seat 4: AIien Hand (big blind) folded before Flop
Seat 5: MaikonAll folded before Flop (didn't bet)



PokerStars Hand #254389037505:  Hold'em No Limit ($0.50/$1.00 USD) - 2025/01/15 21:19:08 WET [2025/01/15 16:19:08 ET]
Table 'Jole II' 6-max Seat #3 is the button
Seat 6: massagegun ($0 in chips) is sitting out
Seat 1: kuca86 ($125.82 in chips) 
Seat 2: BumHuntKing ($205.13 in chips) 
Seat 3: Lipexxx ($89.71 in chips) 
Seat 4: AIien Hand ($100.50 in chips) 
Seat 5: MaikonAll ($118.26 in chips) 
AIien Hand: posts small blind $0.50
MaikonAll: posts big blind $1
*** HOLE CARDS ***
kuca86: folds 
BumHuntKing: folds 
Lipexxx: folds 
AIien Hand: raises $2 to $3
MaikonAll: folds 
Uncalled bet ($2) returned to AIien Hand
AIien Hand collected $2 from pot
AIien Hand: doesn't show hand 
*** SUMMARY ***
Total pot $2 | Rake $0 
Seat 6: massagegun
Seat 1: kuca86 folded before Flop (didn't bet)
Seat 2: BumHuntKing folded before Flop (didn't bet)
Seat 3: Lipexxx (button) folded before Flop (didn't bet)
Seat 4: AIien Hand (small blind) collected ($2)
Seat 5: MaikonAll (big blind) folded before Flop



PokerStars Hand #254389041830:  Hold'em No Limit ($0.50/$1.00 USD) - 2025/01/15 21:19:22 WET [2025/01/15 16:19:22 ET]
Table 'Jole II' 6-max Seat #4 is the button
Seat 1: kuca86 ($125.82 in chips) is sitting out
Seat 6: massagegun ($0 in chips) is sitting out
Seat 2: BumHuntKing ($205.13 in chips) 
Seat 3: Lipexxx ($100 in chips) 
Seat 4: AIien Hand ($101.50 in chips) 
Seat 5: MaikonAll ($117.26 in chips) 
MaikonAll: posts small blind $0.50
kuca86: is sitting out 
BumHuntKing: posts big blind $1
*** HOLE CARDS ***
Lipexxx: folds 
AIien Hand: folds 
MaikonAll: raises $2 to $3
BumHuntKing: calls $2
*** FLOP *** [9h Kd Ts]
kuca86 leaves the table
MaikonAll: bets $1.43
Lipexxx leaves the table
z00mba joins the table at seat #1 
BumHuntKing: folds 
Uncalled bet ($1.43) returned to MaikonAll
tukeiron joins the table at seat #3 
MaikonAll collected $5.70 from pot
massagegun leaves the table
MaikonAll: doesn't show hand 
*** SUMMARY ***
Total pot $6 | Rake $0.30 
Board [9h Kd Ts]
Seat 1: kuca86
Seat 6: massagegun
Seat 2: BumHuntKing (big blind) folded on the Flop
Seat 3: Lipexxx folded before Flop (didn't bet)
Seat 4: AIien Hand (button) folded before Flop (didn't bet)
Seat 5: MaikonAll (small blind) collected ($5.70)



PokerStars Hand #254389054843:  Hold'em No Limit ($0.50/$1.00 USD) - 2025/01/15 21:20:02 WET [2025/01/15 16:20:02 ET]
Table 'Jole II' 6-max Seat #5 is the button
Seat 1: z00mba ($100 in chips) is sitting out
Seat 2: BumHuntKing ($202.13 in chips) 
Seat 3: tukeiron ($100 in chips) 
Seat 4: AIien Hand ($101.50 in chips) 
Seat 5: MaikonAll ($119.96 in chips) 
BumHuntKing: posts small blind $0.50
tukeiron: posts big blind $1
*** HOLE CARDS ***
AIien Hand: folds 
MaikonAll: raises $1.50 to $2.50
z00mba leaves the table
BumHuntKing: raises $9 to $11.50
tukeiron: folds 
MaikonAll: folds 
Uncalled bet ($9) returned to BumHuntKing
BumHuntKing collected $6 from pot
BumHuntKing: doesn't show hand 
*** SUMMARY ***
Total pot $6 | Rake $0 
Seat 1: z00mba
Seat 2: BumHuntKing (small blind) collected ($6)
Seat 3: tukeiron (big blind) folded before Flop
Seat 4: AIien Hand folded before Flop (didn't bet)
Seat 5: MaikonAll (button) folded before Flop



PokerStars Hand #254389064183:  Hold'em No Limit ($0.50/$1.00 USD) - 2025/01/15 21:20:32 WET [2025/01/15 16:20:32 ET]
Table 'Jole II' 6-max Seat #2 is the button
Seat 2: BumHuntKing ($205.63 in chips) 
Seat 3: tukeiron ($100 in chips) 
Seat 4: AIien Hand ($101.50 in chips) 
Seat 5: MaikonAll ($117.46 in chips) 
tukeiron: posts small blind $0.50
AIien Hand: posts big blind $1
*** HOLE CARDS ***
MaikonAll: folds 
BumHuntKing: raises $1.50 to $2.50
tukeiron: folds 
AIien Hand: folds 
Uncalled bet ($1.50) returned to BumHuntKing
BumHuntKing collected $2.50 from pot
BumHuntKing: doesn't show hand 
*** SUMMARY ***
Total pot $2.50 | Rake $0 
Seat 2: BumHuntKing (button) collected ($2.50)
Seat 3: tukeiron (small blind) folded before Flop
Seat 4: AIien Hand (big blind) folded before Flop
Seat 5: MaikonAll folded before Flop (didn't bet)



PokerStars Hand #254389068257:  Hold'em No Limit ($0.50/$1.00 USD) - 2025/01/15 21:20:45 WET [2025/01/15 16:20:45 ET]
Table 'Jole II' 6-max Seat #3 is the button
Seat 5: MaikonAll ($117.46 in chips) is sitting out
Seat 2: BumHuntKing ($207.13 in chips) 
Seat 3: tukeiron ($100 in chips) 
Seat 4: AIien Hand ($100.50 in chips) 
AIien Hand: posts small blind $0.50
MaikonAll: is sitting out 
BumHuntKing: posts big blind $1
*** HOLE CARDS ***
tukeiron: folds 
AIien Hand: raises $2 to $3
BumHuntKing: folds 
Uncalled bet ($2) returned to AIien Hand
AIien Hand collected $2 from pot
AIien Hand: doesn't show hand 
*** SUMMARY ***
Total pot $2 | Rake $0 
Seat 5: MaikonAll
Seat 2: BumHuntKing (big blind) folded before Flop
Seat 3: tukeiron (button) folded before Flop (didn't bet)
Seat 4: AIien Hand (small blind) collected ($2)



