PokerStars Hand #254383943555:  Hold'em No Limit ($0.50/$1.00 USD) - 2025/01/15 16:06:00 WET [2025/01/15 11:06:00 ET]
Table 'Alwine III' 6-max Seat #2 is the button
Seat 5: Poker9803 ($100 in chips) is sitting out
Seat 1: Caiovhb ($100 in chips) 
Seat 2: Gfoer ($100 in chips) 
Seat 3: poker_soul11 ($101 in chips) 
Seat 4: Evelexy1 ($100 in chips) 
Seat 6: dominicAaaa ($41.38 in chips) 
poker_soul11: posts small blind $0.50
Evelexy1: posts big blind $1
Poker9803: sits out 
*** HOLE CARDS ***
dominicAaaa: calls $1
Caiovhb: folds 
Gfoer: raises $3.50 to $4.50
poker_soul11: folds 
Evelexy1: folds 
dominicAaaa: calls $3.50
*** FLOP *** [6h Ad 6s]
dominicAaaa: bets $36.88 and is all-in
Gfoer: folds 
Uncalled bet ($36.88) returned to dominicAaaa
dominicAaaa collected $9.98 from pot
*** SUMMARY ***
Total pot $10.50 | Rake $0.52 
Board [6h Ad 6s]
Seat 5: Poker9803
Seat 1: Caiovhb folded before Flop (didn't bet)
Seat 2: Gfoer (button) folded on the Flop
Seat 3: poker_soul11 (small blind) folded before Flop
Seat 4: Evelexy1 (big blind) folded before Flop
Seat 6: dominicAaaa collected ($9.98)



PokerStars Hand #254383950872:  Hold'em No Limit ($0.50/$1.00 USD) - 2025/01/15 16:06:32 WET [2025/01/15 11:06:32 ET]
Table 'Alwine III' 6-max Seat #3 is the button
Seat 1: Caiovhb ($100 in chips) 
Seat 2: Gfoer ($100 in chips) 
Seat 3: poker_soul11 ($100.50 in chips) 
Seat 4: Evelexy1 ($100 in chips) 
Seat 5: Poker9803 ($100 in chips) 
Seat 6: dominicAaaa ($46.86 in chips) 
Evelexy1: posts small blind $0.50
Poker9803: posts big blind $1
*** HOLE CARDS ***
dominicAaaa: calls $1
Caiovhb has timed out
Caiovhb: folds 
Caiovhb leaves the table
Gfoer: folds 
Zvst joins the table at seat #1 
poker_soul11: folds 
Evelexy1: raises $3 to $4
Poker9803: folds 
dominicAaaa: raises $3 to $7
Evelexy1: calls $3
*** FLOP *** [2d Th 7d]
Evelexy1: checks 
dominicAaaa: bets $7.13
Evelexy1: calls $7.13
*** TURN *** [2d Th 7d] [Qc]
Evelexy1: checks 
dominicAaaa: bets $32.73 and is all-in
Evelexy1: calls $32.73
*** RIVER *** [2d Th 7d Qc] [Qh]
*** SHOW DOWN ***
Evelexy1: shows [Qd Ts] (a full house, Queens full of Tens)
dominicAaaa: shows [Td Ks] (two pair, Queens and Tens)
Evelexy1 collected $92.22 from pot
*** SUMMARY ***
Total pot $94.72 | Rake $2.50 
Board [2d Th 7d Qc Qh]
Seat 1: Caiovhb folded before Flop (didn't bet)
Seat 2: Gfoer folded before Flop (didn't bet)
Seat 3: poker_soul11 (button) folded before Flop (didn't bet)
Seat 4: Evelexy1 (small blind) showed [Qd Ts] and won ($92.22) with a full house, Queens full of Tens
Seat 5: Poker9803 (big blind) folded before Flop
Seat 6: dominicAaaa showed [Td Ks] and lost with two pair, Queens and Tens



PokerStars Hand #254383965834:  Hold'em No Limit ($0.50/$1.00 USD) - 2025/01/15 16:07:38 WET [2025/01/15 11:07:38 ET]
Table 'Alwine III' 6-max Seat #4 is the button
Seat 6: dominicAaaa ($0 in chips) is sitting out
Seat 1: Zvst ($100 in chips) 
Seat 2: Gfoer ($100 in chips) 
Seat 3: poker_soul11 ($100.50 in chips) 
Seat 4: Evelexy1 ($145.36 in chips) 
Seat 5: Poker9803 ($100 in chips) 
Poker9803: posts small blind $0.50
Zvst: posts big blind $1
*** HOLE CARDS ***
Gfoer: folds 
poker_soul11: raises $1.20 to $2.20
Evelexy1: folds 
Poker9803: folds 
Zvst: folds 
Uncalled bet ($1.20) returned to poker_soul11
poker_soul11 collected $2.50 from pot
poker_soul11: doesn't show hand 
*** SUMMARY ***
Total pot $2.50 | Rake $0 
Seat 6: dominicAaaa
Seat 1: Zvst (big blind) folded before Flop
Seat 2: Gfoer folded before Flop (didn't bet)
Seat 3: poker_soul11 collected ($2.50)
Seat 4: Evelexy1 (button) folded before Flop (didn't bet)
Seat 5: Poker9803 (small blind) folded before Flop



PokerStars Hand #254383972494:  Hold'em No Limit ($0.50/$1.00 USD) - 2025/01/15 16:08:07 WET [2025/01/15 11:08:07 ET]
Table 'Alwine III' 6-max Seat #5 is the button
Seat 6: dominicAaaa ($0 in chips) is sitting out
Seat 1: Zvst ($100 in chips) 
Seat 2: Gfoer ($100 in chips) 
Seat 3: poker_soul11 ($102 in chips) 
Seat 4: Evelexy1 ($145.36 in chips) 
Seat 5: Poker9803 ($100 in chips) 
Zvst: posts small blind $0.50
Gfoer: posts big blind $1
*** HOLE CARDS ***
poker_soul11: folds 
Evelexy1: raises $1.50 to $2.50
Poker9803: folds 
dominicAaaa is disconnected 
Zvst: raises $9.50 to $12
Gfoer: folds 
Evelexy1: folds 
Uncalled bet ($9.50) returned to Zvst
Zvst collected $6 from pot
Zvst: doesn't show hand 
*** SUMMARY ***
Total pot $6 | Rake $0 
Seat 6: dominicAaaa
Seat 1: Zvst (small blind) collected ($6)
Seat 2: Gfoer (big blind) folded before Flop
Seat 3: poker_soul11 folded before Flop (didn't bet)
Seat 4: Evelexy1 folded before Flop
Seat 5: Poker9803 (button) folded before Flop (didn't bet)



PokerStars Hand #254383978872:  Hold'em No Limit ($0.50/$1.00 USD) - 2025/01/15 16:08:35 WET [2025/01/15 11:08:35 ET]
Table 'Alwine III' 6-max Seat #1 is the button
Seat 6: dominicAaaa ($0 in chips) is sitting out
Seat 1: Zvst ($103.50 in chips) 
Seat 2: Gfoer ($100 in chips) 
Seat 3: poker_soul11 ($102 in chips) 
Seat 4: Evelexy1 ($142.86 in chips) 
Seat 5: Poker9803 ($100 in chips) 
Gfoer: posts small blind $0.50
poker_soul11: posts big blind $1
*** HOLE CARDS ***
Evelexy1: raises $1 to $2
Poker9803: folds 
Zvst: folds 
Gfoer: folds 
poker_soul11: calls $1
*** FLOP *** [6s 8c 5d]
poker_soul11: checks 
Evelexy1: checks 
*** TURN *** [6s 8c 5d] [6c]
poker_soul11: bets $2.14
Evelexy1: folds 
Uncalled bet ($2.14) returned to poker_soul11
poker_soul11 collected $4.28 from pot
poker_soul11: doesn't show hand 
*** SUMMARY ***
Total pot $4.50 | Rake $0.22 
Board [6s 8c 5d 6c]
Seat 6: dominicAaaa
Seat 1: Zvst (button) folded before Flop (didn't bet)
Seat 2: Gfoer (small blind) folded before Flop
Seat 3: poker_soul11 (big blind) collected ($4.28)
Seat 4: Evelexy1 folded on the Turn
Seat 5: Poker9803 folded before Flop (didn't bet)



PokerStars Hand #254383987939:  Hold'em No Limit ($0.50/$1.00 USD) - 2025/01/15 16:09:16 WET [2025/01/15 11:09:16 ET]
Table 'Alwine III' 6-max Seat #2 is the button
Seat 6: dominicAaaa ($0 in chips) is sitting out
Seat 1: Zvst ($103.50 in chips) 
Seat 2: Gfoer ($100 in chips) 
Seat 3: poker_soul11 ($104.28 in chips) 
Seat 4: Evelexy1 ($140.86 in chips) 
Seat 5: Poker9803 ($100 in chips) 
poker_soul11: posts small blind $0.50
Evelexy1: posts big blind $1
*** HOLE CARDS ***
Poker9803: folds 
Zvst: raises $1.50 to $2.50
dominicAaaa leaves the table
Poker9803 leaves the table
Gfoer: folds 
Kristo 914 joins the table at seat #6 
poker_soul11: folds 
Evelexy1: calls $1.50
*** FLOP *** [Ac 3d Ad]
Evelexy1: checks 
Zvst: bets $1.72
Evelexy1: raises $3.78 to $5.50
Zvst: folds 
Uncalled bet ($3.78) returned to Evelexy1
Evelexy1 collected $8.49 from pot
Evelexy1: doesn't show hand 
*** SUMMARY ***
Total pot $8.94 | Rake $0.45 
Board [Ac 3d Ad]
Seat 6: dominicAaaa
Seat 1: Zvst folded on the Flop
Seat 2: Gfoer (button) folded before Flop (didn't bet)
Seat 3: poker_soul11 (small blind) folded before Flop
Seat 4: Evelexy1 (big blind) collected ($8.49)
Seat 5: Poker9803 folded before Flop (didn't bet)



PokerStars Hand #254383996789:  Hold'em No Limit ($0.50/$1.00 USD) - 2025/01/15 16:09:54 WET [2025/01/15 11:09:54 ET]
Table 'Alwine III' 6-max Seat #1 is the button
Seat 2: Gfoer ($100 in chips) is sitting out
Seat 6: Kristo 914 ($100 in chips) is sitting out
Seat 1: Zvst ($100 in chips) 
Seat 3: poker_soul11 ($103.78 in chips) 
Zvst: posts small blind $0.50
Gfoer: is sitting out 
poker_soul11: posts big blind $1
*** HOLE CARDS ***
Zvst: raises $1.50 to $2.50
poker_soul11: folds 
Uncalled bet ($1.50) returned to Zvst
Gfoer leaves the table
Zvst collected $2 from pot
Zvst: doesn't show hand 
*** SUMMARY ***
Total pot $2 | Rake $0 
Seat 2: Gfoer
Seat 6: Kristo 914
Seat 1: Zvst (button) (small blind) collected ($2)
Seat 3: poker_soul11 (big blind) folded before Flop



PokerStars Hand #254383998863:  Hold'em No Limit ($0.50/$1.00 USD) - 2025/01/15 16:10:03 WET [2025/01/15 11:10:03 ET]
Table 'Alwine III' 6-max Seat #1 is the button
Seat 1: Zvst ($101 in chips) 
Seat 3: poker_soul11 ($102.78 in chips) 
Seat 6: Kristo 914 ($100 in chips) 
poker_soul11: posts small blind $0.50
Kristo 914: posts big blind $1
*** HOLE CARDS ***
Zvst: folds 
Tomanfredi12 joins the table at seat #2 
poker_soul11: raises $2 to $3
Kristo 914: folds 
Uncalled bet ($2) returned to poker_soul11
poker_soul11 collected $2 from pot
poker_soul11: doesn't show hand 
*** SUMMARY ***
Total pot $2 | Rake $0 
Seat 1: Zvst (button) folded before Flop (didn't bet)
Seat 3: poker_soul11 (small blind) collected ($2)
Seat 6: Kristo 914 (big blind) folded before Flop



PokerStars Hand #254384000997:  Hold'em No Limit ($0.50/$1.00 USD) - 2025/01/15 16:10:13 WET [2025/01/15 11:10:13 ET]
Table 'Alwine III' 6-max Seat #3 is the button
Seat 2: Tomanfredi12 ($100 in chips) is sitting out
Seat 1: Zvst ($101 in chips) 
Seat 3: poker_soul11 ($103.78 in chips) 
Seat 6: Kristo 914 ($100 in chips) 
Kristo 914: posts small blind $0.50
Zvst: posts big blind $1
Tomanfredi12: sits out 
*** HOLE CARDS ***
poker_soul11: folds 
Kristo 914: folds 
Uncalled bet ($0.50) returned to Zvst
Zvst collected $1 from pot
Zvst: doesn't show hand 
*** SUMMARY ***
Total pot $1 | Rake $0 
Seat 2: Tomanfredi12
Seat 1: Zvst (big blind) collected ($1)
Seat 3: poker_soul11 (button) folded before Flop (didn't bet)
Seat 6: Kristo 914 (small blind) folded before Flop



PokerStars Hand #254384004470:  Hold'em No Limit ($0.50/$1.00 USD) - 2025/01/15 16:10:27 WET [2025/01/15 11:10:27 ET]
Table 'Alwine III' 6-max Seat #6 is the button
Seat 1: Zvst ($101.50 in chips) 
Seat 2: Tomanfredi12 ($100 in chips) 
Seat 3: poker_soul11 ($103.78 in chips) 
Seat 6: Kristo 914 ($100 in chips) 
Zvst: posts small blind $0.50
Tomanfredi12: posts big blind $1
*** HOLE CARDS ***
poker_soul11: folds 
Kristo 914: folds 
Zvst: raises $2 to $3
Tomanfredi12: calls $2
*** FLOP *** [6d 3s 8c]
Zvst: checks 
Tomanfredi12: bets $5.70
Zvst: folds 
Uncalled bet ($5.70) returned to Tomanfredi12
Tomanfredi12 collected $5.70 from pot
Tomanfredi12: doesn't show hand 
Zvst leaves the table
*** SUMMARY ***
Total pot $6 | Rake $0.30 
Board [6d 3s 8c]
Seat 1: Zvst (small blind) folded on the Flop
Seat 2: Tomanfredi12 (big blind) collected ($5.70)
Seat 3: poker_soul11 folded before Flop (didn't bet)
Seat 6: Kristo 914 (button) folded before Flop (didn't bet)



PokerStars Hand #254384009751:  Hold'em No Limit ($0.50/$1.00 USD) - 2025/01/15 16:10:51 WET [2025/01/15 11:10:51 ET]
Table 'Alwine III' 6-max Seat #2 is the button
Seat 2: Tomanfredi12 ($102.70 in chips) 
Seat 3: poker_soul11 ($103.78 in chips) 
Seat 6: Kristo 914 ($100 in chips) 
poker_soul11: posts small blind $0.50
Kristo 914: posts big blind $1
*** HOLE CARDS ***
Tomanfredi12: calls $1
poker_soul11: folds 
Kristo 914: checks 
*** FLOP *** [8s Ts 3s]
Kristo 914: checks 
Tomanfredi12: bets $2.38
Kristo 914: folds 
Uncalled bet ($2.38) returned to Tomanfredi12
Tomanfredi12 collected $2.38 from pot
Tomanfredi12: doesn't show hand 
*** SUMMARY ***
Total pot $2.50 | Rake $0.12 
Board [8s Ts 3s]
Seat 2: Tomanfredi12 (button) collected ($2.38)
Seat 3: poker_soul11 (small blind) folded before Flop
Seat 6: Kristo 914 (big blind) folded on the Flop



PokerStars Hand #254384013804:  Hold'em No Limit ($0.50/$1.00 USD) - 2025/01/15 16:11:08 WET [2025/01/15 11:11:08 ET]
Table 'Alwine III' 6-max Seat #3 is the button
Seat 2: Tomanfredi12 ($104.08 in chips) 
Seat 3: poker_soul11 ($103.28 in chips) 
Seat 6: Kristo 914 ($100 in chips) 
Kristo 914: posts small blind $0.50
Tomanfredi12: posts big blind $1
*** HOLE CARDS ***
poker_soul11: raises $1.20 to $2.20
Kristo 914: folds 
Lucastitos joins the table at seat #4 
Tomanfredi12: calls $1.20
*** FLOP *** [Jd 4c 3c]
Tomanfredi12: checks 
poker_soul11: checks 
*** TURN *** [Jd 4c 3c] [8h]
Tomanfredi12: bets $4.66
poker_soul11: folds 
Uncalled bet ($4.66) returned to Tomanfredi12
Tomanfredi12 collected $4.66 from pot
Tomanfredi12: doesn't show hand 
*** SUMMARY ***
Total pot $4.90 | Rake $0.24 
Board [Jd 4c 3c 8h]
Seat 2: Tomanfredi12 (big blind) collected ($4.66)
Seat 3: poker_soul11 (button) folded on the Turn
Seat 6: Kristo 914 (small blind) folded before Flop



PokerStars Hand #254384024017:  Hold'em No Limit ($0.50/$1.00 USD) - 2025/01/15 16:11:52 WET [2025/01/15 11:11:52 ET]
Table 'Alwine III' 6-max Seat #6 is the button
Seat 4: Lucastitos ($100 in chips) is sitting out
Seat 2: Tomanfredi12 ($106.54 in chips) 
Seat 3: poker_soul11 ($101.08 in chips) 
Seat 6: Kristo 914 ($100 in chips) 
Tomanfredi12: posts small blind $0.50
poker_soul11: posts big blind $1
Lucastitos: sits out 
*** HOLE CARDS ***
Kristo 914: folds 
Tomanfredi12: folds 
Uncalled bet ($0.50) returned to poker_soul11
poker_soul11 collected $1 from pot
poker_soul11: doesn't show hand 
*** SUMMARY ***
Total pot $1 | Rake $0 
Seat 4: Lucastitos
Seat 2: Tomanfredi12 (small blind) folded before Flop
Seat 3: poker_soul11 (big blind) collected ($1)
Seat 6: Kristo 914 (button) folded before Flop (didn't bet)



PokerStars Hand #254384025509:  Hold'em No Limit ($0.50/$1.00 USD) - 2025/01/15 16:11:58 WET [2025/01/15 11:11:58 ET]
Table 'Alwine III' 6-max Seat #2 is the button
Seat 2: Tomanfredi12 ($106.04 in chips) 
Seat 3: poker_soul11 ($101.58 in chips) 
Seat 4: Lucastitos ($100 in chips) 
Seat 6: Kristo 914 ($100 in chips) 
poker_soul11: posts small blind $0.50
Lucastitos: posts big blind $1
*** HOLE CARDS ***
Kristo 914: folds 
Tomanfredi12: folds 
poker_soul11: folds 
Uncalled bet ($0.50) returned to Lucastitos
Lucastitos collected $1 from pot
Lucastitos: doesn't show hand 
*** SUMMARY ***
Total pot $1 | Rake $0 
Seat 2: Tomanfredi12 (button) folded before Flop (didn't bet)
Seat 3: poker_soul11 (small blind) folded before Flop
Seat 4: Lucastitos (big blind) collected ($1)
Seat 6: Kristo 914 folded before Flop (didn't bet)



PokerStars Hand #254384027864:  Hold'em No Limit ($0.50/$1.00 USD) - 2025/01/15 16:12:08 WET [2025/01/15 11:12:08 ET]
Table 'Alwine III' 6-max Seat #3 is the button
Seat 2: Tomanfredi12 ($106.04 in chips) 
Seat 3: poker_soul11 ($101.08 in chips) 
Seat 4: Lucastitos ($100.50 in chips) 
Seat 6: Kristo 914 ($100 in chips) 
Lucastitos: posts small blind $0.50
Kristo 914: posts big blind $1
*** HOLE CARDS ***
Tomanfredi12: folds 
poker_soul11: raises $1.20 to $2.20
markyh213213 joins the table at seat #1 
markyh213213 is disconnected 
Lucastitos: folds 
Kristo 914: calls $1.20
*** FLOP *** [5d Js 3c]
Kristo 914: checks 
Evelexy1 joins the table at seat #5 
poker_soul11: bets $1.54
Kristo 914: calls $1.54
*** TURN *** [5d Js 3c] [9d]
Kristo 914: checks 
poker_soul11: bets $5.69
Kristo 914: raises $14.41 to $20.10
poker_soul11: folds 
Uncalled bet ($14.41) returned to Kristo 914
Kristo 914 collected $18.39 from pot
Kristo 914: doesn't show hand 
*** SUMMARY ***
Total pot $19.36 | Rake $0.97 
Board [5d Js 3c 9d]
Seat 2: Tomanfredi12 folded before Flop (didn't bet)
Seat 3: poker_soul11 (button) folded on the Turn
Seat 4: Lucastitos (small blind) folded before Flop
Seat 6: Kristo 914 (big blind) collected ($18.39)



PokerStars Hand #254384045352:  Hold'em No Limit ($0.50/$1.00 USD) - 2025/01/15 16:13:24 WET [2025/01/15 11:13:24 ET]
Table 'Alwine III' 6-max Seat #4 is the button
Seat 5: Evelexy1 ($145.13 in chips) is sitting out
Seat 1: markyh213213 ($80 in chips) 
Seat 2: Tomanfredi12 ($106.04 in chips) 
Seat 3: poker_soul11 ($100 in chips) 
Seat 4: Lucastitos ($100 in chips) 
Seat 6: Kristo 914 ($108.96 in chips) 
Kristo 914: posts small blind $0.50
markyh213213: posts big blind $1
*** HOLE CARDS ***
Tomanfredi12: raises $1 to $2
poker_soul11: folds 
Lucastitos: folds 
Kristo 914: folds 
markyh213213: folds 
Uncalled bet ($1) returned to Tomanfredi12
Tomanfredi12 collected $2.50 from pot
Tomanfredi12: doesn't show hand 
*** SUMMARY ***
Total pot $2.50 | Rake $0 
Seat 5: Evelexy1
Seat 1: markyh213213 (big blind) folded before Flop
Seat 2: Tomanfredi12 collected ($2.50)
Seat 3: poker_soul11 folded before Flop (didn't bet)
Seat 4: Lucastitos (button) folded before Flop (didn't bet)
Seat 6: Kristo 914 (small blind) folded before Flop



PokerStars Hand #254384079576:  Hold'em No Limit ($0.50/$1.00 USD) - 2025/01/15 16:16:01 WET [2025/01/15 11:16:01 ET]
Table 'Alwine III' 6-max Seat #4 is the button
Seat 1: markyh213213 ($78.50 in chips) 
Seat 2: Tomanfredi12 ($106.14 in chips) 
Seat 3: poker_soul11 ($100 in chips) 
Seat 4: Lucastitos ($100 in chips) 
Seat 5: Evelexy1 ($154.72 in chips) 
Seat 6: Kristo 914 ($113.74 in chips) 
Evelexy1: posts small blind $0.50
Kristo 914: posts big blind $1
*** HOLE CARDS ***
markyh213213: folds 
Tomanfredi12: raises $1 to $2
poker_soul11: folds 
Lucastitos: folds 
Evelexy1: folds 
Kristo 914: folds 
Uncalled bet ($1) returned to Tomanfredi12
Tomanfredi12 collected $2.50 from pot
Tomanfredi12: doesn't show hand 
*** SUMMARY ***
Total pot $2.50 | Rake $0 
Seat 1: markyh213213 folded before Flop (didn't bet)
Seat 2: Tomanfredi12 collected ($2.50)
Seat 3: poker_soul11 folded before Flop (didn't bet)
Seat 4: Lucastitos (button) folded before Flop (didn't bet)
Seat 5: Evelexy1 (small blind) folded before Flop
Seat 6: Kristo 914 (big blind) folded before Flop



PokerStars Hand #254384085081:  Hold'em No Limit ($0.50/$1.00 USD) - 2025/01/15 16:16:28 WET [2025/01/15 11:16:28 ET]
Table 'Alwine III' 6-max Seat #5 is the button
Seat 1: markyh213213 ($78.50 in chips) 
Seat 2: Tomanfredi12 ($107.64 in chips) 
Seat 3: poker_soul11 ($100 in chips) 
Seat 4: Lucastitos ($100 in chips) 
Seat 5: Evelexy1 ($154.22 in chips) 
Seat 6: Kristo 914 ($112.74 in chips) 
Kristo 914: posts small blind $0.50
markyh213213: posts big blind $1
*** HOLE CARDS ***
Tomanfredi12: raises $1 to $2
poker_soul11: folds 
Lucastitos: raises $4 to $6
Evelexy1: folds 
Kristo 914: folds 
markyh213213: folds 
Tomanfredi12: calls $4
*** FLOP *** [4c 7d Ks]
Tomanfredi12: checks 
Lucastitos: bets $3.46
Tomanfredi12: calls $3.46
*** TURN *** [4c 7d Ks] [Kc]
Tomanfredi12: bets $19.40
Lucastitos: calls $19.40
*** RIVER *** [4c 7d Ks Kc] [9c]
Tomanfredi12: checks 
Lucastitos: checks 
*** SHOW DOWN ***
Tomanfredi12: shows [Qs Js] (a pair of Kings)
Lucastitos: shows [Tc Kh] (three of a kind, Kings)
Lucastitos collected $56.72 from pot
*** SUMMARY ***
Total pot $59.22 | Rake $2.50 
Board [4c 7d Ks Kc 9c]
Seat 1: markyh213213 (big blind) folded before Flop
Seat 2: Tomanfredi12 showed [Qs Js] and lost with a pair of Kings
Seat 3: poker_soul11 folded before Flop (didn't bet)
Seat 4: Lucastitos showed [Tc Kh] and won ($56.72) with three of a kind, Kings
Seat 5: Evelexy1 (button) folded before Flop (didn't bet)
Seat 6: Kristo 914 (small blind) folded before Flop



PokerStars Hand #254384093993:  Hold'em No Limit ($0.50/$1.00 USD) - 2025/01/15 16:17:11 WET [2025/01/15 11:17:11 ET]
Table 'Alwine III' 6-max Seat #6 is the button
Seat 1: markyh213213 ($77.50 in chips) 
Seat 2: Tomanfredi12 ($78.78 in chips) 
Seat 3: poker_soul11 ($100 in chips) 
Seat 4: Lucastitos ($127.86 in chips) 
Seat 5: Evelexy1 ($154.22 in chips) 
Seat 6: Kristo 914 ($112.24 in chips) 
markyh213213: posts small blind $0.50
Tomanfredi12: posts big blind $1
*** HOLE CARDS ***
poker_soul11: raises $1.20 to $2.20
Lucastitos: folds 
Evelexy1: folds 
Kristo 914: folds 
markyh213213: calls $1.70
Tomanfredi12: calls $1.20
*** FLOP *** [7d Jc 6c]
markyh213213: checks 
Tomanfredi12: bets $6.27
poker_soul11: raises $6.27 to $12.54
markyh213213: folds 
Tomanfredi12: folds 
Uncalled bet ($6.27) returned to poker_soul11
poker_soul11 collected $18.18 from pot
poker_soul11: doesn't show hand 
*** SUMMARY ***
Total pot $19.14 | Rake $0.96 
Board [7d Jc 6c]
Seat 1: markyh213213 (small blind) folded on the Flop
Seat 2: Tomanfredi12 (big blind) folded on the Flop
Seat 3: poker_soul11 collected ($18.18)
Seat 4: Lucastitos folded before Flop (didn't bet)
Seat 5: Evelexy1 folded before Flop (didn't bet)
Seat 6: Kristo 914 (button) folded before Flop (didn't bet)



PokerStars Hand #254384102942:  Hold'em No Limit ($0.50/$1.00 USD) - 2025/01/15 16:17:57 WET [2025/01/15 11:17:57 ET]
Table 'Alwine III' 6-max Seat #1 is the button
Seat 1: markyh213213 ($75.30 in chips) 
Seat 2: Tomanfredi12 ($70.31 in chips) 
Seat 3: poker_soul11 ($109.71 in chips) 
Seat 4: Lucastitos ($127.86 in chips) 
Seat 5: Evelexy1 ($154.22 in chips) 
Seat 6: Kristo 914 ($112.24 in chips) 
Tomanfredi12: posts small blind $0.50
poker_soul11: posts big blind $1
*** HOLE CARDS ***
Lucastitos: folds 
Evelexy1: folds 
Evelexy1 leaves the table
Joe_Li7 joins the table at seat #5 
Kristo 914: folds 
markyh213213: folds 
Tomanfredi12: folds 
Uncalled bet ($0.50) returned to poker_soul11
poker_soul11 collected $1 from pot
poker_soul11: doesn't show hand 
*** SUMMARY ***
Total pot $1 | Rake $0 
Seat 1: markyh213213 (button) folded before Flop (didn't bet)
Seat 2: Tomanfredi12 (small blind) folded before Flop
Seat 3: poker_soul11 (big blind) collected ($1)
Seat 4: Lucastitos folded before Flop (didn't bet)
Seat 5: Evelexy1 folded before Flop (didn't bet)
Seat 6: Kristo 914 folded before Flop (didn't bet)



PokerStars Hand #254384106389:  Hold'em No Limit ($0.50/$1.00 USD) - 2025/01/15 16:18:15 WET [2025/01/15 11:18:15 ET]
Table 'Alwine III' 6-max Seat #2 is the button
Seat 5: Joe_Li7 ($100 in chips) is sitting out
Seat 1: markyh213213 ($75.30 in chips) 
Seat 2: Tomanfredi12 ($69.81 in chips) 
Seat 3: poker_soul11 ($110.21 in chips) 
Seat 4: Lucastitos ($127.86 in chips) 
Seat 6: Kristo 914 ($112.24 in chips) 
poker_soul11: posts small blind $0.50
Lucastitos: posts big blind $1
Joe_Li7: sits out 
*** HOLE CARDS ***
Kristo 914: raises $1.40 to $2.40
markyh213213: folds 
Tomanfredi12: folds 
poker_soul11: folds 
Lucastitos: calls $1.40
*** FLOP *** [Kd 2h 4d]
Lucastitos: checks 
Kristo 914: bets $1.46
Lucastitos: raises $4.54 to $6
Kristo 914: calls $4.54
*** TURN *** [Kd 2h 4d] [Qh]
Lucastitos: bets $23
Kristo 914: calls $23
*** RIVER *** [Kd 2h 4d Qh] [7h]
Lucastitos: checks 
Kristo 914: bets $37.41
Lucastitos: calls $37.41
*** SHOW DOWN ***
Kristo 914: shows [6d Ad] (high card Ace)
Lucastitos: shows [4c 4s] (three of a kind, Fours)
Lucastitos collected $135.62 from pot
*** SUMMARY ***
Total pot $138.12 | Rake $2.50 
Board [Kd 2h 4d Qh 7h]
Seat 5: Joe_Li7
Seat 1: markyh213213 folded before Flop (didn't bet)
Seat 2: Tomanfredi12 (button) folded before Flop (didn't bet)
Seat 3: poker_soul11 (small blind) folded before Flop
Seat 4: Lucastitos (big blind) showed [4c 4s] and won ($135.62) with three of a kind, Fours
Seat 6: Kristo 914 showed [6d Ad] and lost with high card Ace



PokerStars Hand #254384123060:  Hold'em No Limit ($0.50/$1.00 USD) - 2025/01/15 16:19:44 WET [2025/01/15 11:19:44 ET]
Table 'Alwine III' 6-max Seat #3 is the button
Seat 1: markyh213213 ($75.30 in chips) 
Seat 2: Tomanfredi12 ($74.90 in chips) 
Seat 3: poker_soul11 ($109.71 in chips) 
Seat 4: Lucastitos ($194.67 in chips) 
Seat 5: Joe_Li7 ($100 in chips) 
Seat 6: Kristo 914 ($100 in chips) 
Lucastitos: posts small blind $0.50
Joe_Li7: posts big blind $1
*** HOLE CARDS ***
Kristo 914: folds 
markyh213213: folds 
Tomanfredi12: folds 
poker_soul11: folds 
Lucastitos: folds 
Uncalled bet ($0.50) returned to Joe_Li7
Joe_Li7 collected $1 from pot
*** SUMMARY ***
Total pot $1 | Rake $0 
Seat 1: markyh213213 folded before Flop (didn't bet)
Seat 2: Tomanfredi12 folded before Flop (didn't bet)
Seat 3: poker_soul11 (button) folded before Flop (didn't bet)
Seat 4: Lucastitos (small blind) folded before Flop
Seat 5: Joe_Li7 (big blind) collected ($1)
Seat 6: Kristo 914 folded before Flop (didn't bet)



PokerStars Hand #254384125411:  Hold'em No Limit ($0.50/$1.00 USD) - 2025/01/15 16:19:57 WET [2025/01/15 11:19:57 ET]
Table 'Alwine III' 6-max Seat #4 is the button
Seat 1: markyh213213 ($75.30 in chips) 
Seat 2: Tomanfredi12 ($74.90 in chips) 
Seat 3: poker_soul11 ($109.71 in chips) 
Seat 4: Lucastitos ($194.17 in chips) 
Seat 5: Joe_Li7 ($100.50 in chips) 
Seat 6: Kristo 914 ($100 in chips) 
Joe_Li7: posts small blind $0.50
Kristo 914: posts big blind $1
*** HOLE CARDS ***
markyh213213: raises $1.50 to $2.50
Tomanfredi12: calls $2.50
poker_soul11: calls $2.50
Lucastitos: folds 
Joe_Li7: folds 
Kristo 914: folds 
*** FLOP *** [5d 9d 9h]
markyh213213: checks 
Tomanfredi12: checks 
poker_soul11: checks 
*** TURN *** [5d 9d 9h] [Qd]
markyh213213: checks 
Tomanfredi12: checks 
poker_soul11: checks 
*** RIVER *** [5d 9d 9h Qd] [Th]
markyh213213: bets $7.50
Tomanfredi12: calls $7.50
poker_soul11: folds 
*** SHOW DOWN ***
markyh213213: shows [Jc 2c] (a pair of Nines)
Tomanfredi12: shows [As Ts] (two pair, Tens and Nines)
Tomanfredi12 collected $22.80 from pot
*** SUMMARY ***
Total pot $24 | Rake $1.20 
Board [5d 9d 9h Qd Th]
Seat 1: markyh213213 showed [Jc 2c] and lost with a pair of Nines
Seat 2: Tomanfredi12 showed [As Ts] and won ($22.80) with two pair, Tens and Nines
Seat 3: poker_soul11 folded on the River
Seat 4: Lucastitos (button) folded before Flop (didn't bet)
Seat 5: Joe_Li7 (small blind) folded before Flop
Seat 6: Kristo 914 (big blind) folded before Flop



PokerStars Hand #254384135325:  Hold'em No Limit ($0.50/$1.00 USD) - 2025/01/15 16:20:51 WET [2025/01/15 11:20:51 ET]
Table 'Alwine III' 6-max Seat #5 is the button
Seat 1: markyh213213 ($65.30 in chips) 
Seat 2: Tomanfredi12 ($87.70 in chips) 
Seat 3: poker_soul11 ($107.21 in chips) 
Seat 4: Lucastitos ($194.17 in chips) 
Seat 5: Joe_Li7 ($100 in chips) 
Seat 6: Kristo 914 ($100 in chips) 
Kristo 914: posts small blind $0.50
markyh213213: posts big blind $1
*** HOLE CARDS ***
Tomanfredi12: calls $1
poker_soul11: folds 
Lucastitos: folds 
Joe_Li7: folds 
Kristo 914: raises $4.50 to $5.50
markyh213213: folds 
Tomanfredi12: calls $4.50
*** FLOP *** [6c 6s Tc]
Kristo 914: bets $5.81
Tomanfredi12: folds 
Uncalled bet ($5.81) returned to Kristo 914
Kristo 914 collected $11.40 from pot
Kristo 914: doesn't show hand 
*** SUMMARY ***
Total pot $12 | Rake $0.60 
Board [6c 6s Tc]
Seat 1: markyh213213 (big blind) folded before Flop
Seat 2: Tomanfredi12 folded on the Flop
Seat 3: poker_soul11 folded before Flop (didn't bet)
Seat 4: Lucastitos folded before Flop (didn't bet)
Seat 5: Joe_Li7 (button) folded before Flop (didn't bet)
Seat 6: Kristo 914 (small blind) collected ($11.40)



PokerStars Hand #254384140369:  Hold'em No Limit ($0.50/$1.00 USD) - 2025/01/15 16:21:19 WET [2025/01/15 11:21:19 ET]
Table 'Alwine III' 6-max Seat #6 is the button
Seat 1: markyh213213 ($64.30 in chips) 
Seat 2: Tomanfredi12 ($82.20 in chips) 
Seat 3: poker_soul11 ($107.21 in chips) 
Seat 4: Lucastitos ($194.17 in chips) 
Seat 5: Joe_Li7 ($100 in chips) 
Seat 6: Kristo 914 ($105.90 in chips) 
markyh213213: posts small blind $0.50
Tomanfredi12: posts big blind $1
*** HOLE CARDS ***
poker_soul11: folds 
Lucastitos: folds 
Joe_Li7: raises $1.20 to $2.20
Kristo 914: folds 
markyh213213: folds 
Tomanfredi12: calls $1.20
*** FLOP *** [2c 4d Th]
Tomanfredi12: checks 
Joe_Li7: bets $2.33
Tomanfredi12: folds 
Uncalled bet ($2.33) returned to Joe_Li7
Joe_Li7 collected $4.66 from pot
*** SUMMARY ***
Total pot $4.90 | Rake $0.24 
Board [2c 4d Th]
Seat 1: markyh213213 (small blind) folded before Flop
Seat 2: Tomanfredi12 (big blind) folded on the Flop
Seat 3: poker_soul11 folded before Flop (didn't bet)
Seat 4: Lucastitos folded before Flop (didn't bet)
Seat 5: Joe_Li7 collected ($4.66)
Seat 6: Kristo 914 (button) folded before Flop (didn't bet)



PokerStars Hand #254384145490:  Hold'em No Limit ($0.50/$1.00 USD) - 2025/01/15 16:21:48 WET [2025/01/15 11:21:48 ET]
Table 'Alwine III' 6-max Seat #1 is the button
Seat 1: markyh213213 ($63.80 in chips) 
Seat 2: Tomanfredi12 ($80 in chips) 
Seat 3: poker_soul11 ($107.21 in chips) 
Seat 4: Lucastitos ($194.17 in chips) 
Seat 5: Joe_Li7 ($102.46 in chips) 
Seat 6: Kristo 914 ($105.90 in chips) 
Tomanfredi12: posts small blind $0.50
poker_soul11: posts big blind $1
*** HOLE CARDS ***
Lucastitos: folds 
Joe_Li7: folds 
Kristo 914: raises $1.40 to $2.40
markyh213213: calls $2.40
Tomanfredi12: folds 
poker_soul11: folds 
*** FLOP *** [2c 3s 3h]
Kristo 914: checks 
markyh213213: bets $1.80
Kristo 914: calls $1.80
*** TURN *** [2c 3s 3h] [As]
Kristo 914: checks 
markyh213213: checks 
*** RIVER *** [2c 3s 3h As] [7h]
Kristo 914: bets $3.85
markyh213213: folds 
Uncalled bet ($3.85) returned to Kristo 914
Kristo 914 collected $9.40 from pot
Kristo 914: doesn't show hand 
*** SUMMARY ***
Total pot $9.90 | Rake $0.50 
Board [2c 3s 3h As 7h]
Seat 1: markyh213213 (button) folded on the River
Seat 2: Tomanfredi12 (small blind) folded before Flop
Seat 3: poker_soul11 (big blind) folded before Flop
Seat 4: Lucastitos folded before Flop (didn't bet)
Seat 5: Joe_Li7 folded before Flop (didn't bet)
Seat 6: Kristo 914 collected ($9.40)



PokerStars Hand #254384155753:  Hold'em No Limit ($0.50/$1.00 USD) - 2025/01/15 16:22:45 WET [2025/01/15 11:22:45 ET]
Table 'Alwine III' 6-max Seat #2 is the button
Seat 1: markyh213213 ($59.60 in chips) 
Seat 2: Tomanfredi12 ($79.50 in chips) 
Seat 3: poker_soul11 ($106.21 in chips) 
Seat 4: Lucastitos ($194.17 in chips) 
Seat 5: Joe_Li7 ($102.46 in chips) 
Seat 6: Kristo 914 ($111.10 in chips) 
poker_soul11: posts small blind $0.50
Lucastitos: posts big blind $1
*** HOLE CARDS ***
Joe_Li7: folds 
Kristo 914: raises $1.40 to $2.40
markyh213213: calls $2.40
Tomanfredi12: folds 
poker_soul11: folds 
Lucastitos: folds 
*** FLOP *** [5c 4d Qd]
Kristo 914: checks 
markyh213213: bets $1.80
Kristo 914: calls $1.80
*** TURN *** [5c 4d Qd] [3h]
Kristo 914: checks 
markyh213213: bets $7.75
Kristo 914: folds 
Uncalled bet ($7.75) returned to markyh213213
markyh213213 collected $9.40 from pot
*** SUMMARY ***
Total pot $9.90 | Rake $0.50 
Board [5c 4d Qd 3h]
Seat 1: markyh213213 collected ($9.40)
Seat 2: Tomanfredi12 (button) folded before Flop (didn't bet)
Seat 3: poker_soul11 (small blind) folded before Flop
Seat 4: Lucastitos (big blind) folded before Flop
Seat 5: Joe_Li7 folded before Flop (didn't bet)
Seat 6: Kristo 914 folded on the Turn



PokerStars Hand #254384164594:  Hold'em No Limit ($0.50/$1.00 USD) - 2025/01/15 16:23:36 WET [2025/01/15 11:23:36 ET]
Table 'Alwine III' 6-max Seat #3 is the button
Seat 1: markyh213213 ($64.80 in chips) 
Seat 2: Tomanfredi12 ($79.50 in chips) 
Seat 3: poker_soul11 ($105.71 in chips) 
Seat 4: Lucastitos ($193.17 in chips) 
Seat 5: Joe_Li7 ($102.46 in chips) 
Seat 6: Kristo 914 ($106.90 in chips) 
Lucastitos: posts small blind $0.50
Joe_Li7: posts big blind $1
*** HOLE CARDS ***
Kristo 914: raises $1.40 to $2.40
markyh213213: folds 
Tomanfredi12: folds 
poker_soul11: folds 
Lucastitos: folds 
Joe_Li7: folds 
Uncalled bet ($1.40) returned to Kristo 914
Kristo 914 collected $2.50 from pot
Kristo 914: doesn't show hand 
*** SUMMARY ***
Total pot $2.50 | Rake $0 
Seat 1: markyh213213 folded before Flop (didn't bet)
Seat 2: Tomanfredi12 folded before Flop (didn't bet)
Seat 3: poker_soul11 (button) folded before Flop (didn't bet)
Seat 4: Lucastitos (small blind) folded before Flop
Seat 5: Joe_Li7 (big blind) folded before Flop
Seat 6: Kristo 914 collected ($2.50)



PokerStars Hand #254384166914:  Hold'em No Limit ($0.50/$1.00 USD) - 2025/01/15 16:23:49 WET [2025/01/15 11:23:49 ET]
Table 'Alwine III' 6-max Seat #4 is the button
Seat 1: markyh213213 ($64.80 in chips) 
Seat 2: Tomanfredi12 ($79.50 in chips) 
Seat 3: poker_soul11 ($105.71 in chips) 
Seat 4: Lucastitos ($192.67 in chips) 
Seat 5: Joe_Li7 ($101.46 in chips) 
Seat 6: Kristo 914 ($108.40 in chips) 
Joe_Li7: posts small blind $0.50
Kristo 914: posts big blind $1
*** HOLE CARDS ***
markyh213213: folds 
Tomanfredi12: folds 
poker_soul11: folds 
Lucastitos: folds 
Joe_Li7: raises $2 to $3
Kristo 914: raises $6 to $9
Joe_Li7: folds 
Uncalled bet ($6) returned to Kristo 914
Kristo 914 collected $6 from pot
Kristo 914: doesn't show hand 
*** SUMMARY ***
Total pot $6 | Rake $0 
Seat 1: markyh213213 folded before Flop (didn't bet)
Seat 2: Tomanfredi12 folded before Flop (didn't bet)
Seat 3: poker_soul11 folded before Flop (didn't bet)
Seat 4: Lucastitos (button) folded before Flop (didn't bet)
Seat 5: Joe_Li7 (small blind) folded before Flop
Seat 6: Kristo 914 (big blind) collected ($6)



PokerStars Hand #254384174924:  Hold'em No Limit ($0.50/$1.00 USD) - 2025/01/15 16:24:34 WET [2025/01/15 11:24:34 ET]
Table 'Alwine III' 6-max Seat #5 is the button
Seat 1: markyh213213 ($64.80 in chips) 
Seat 2: Tomanfredi12 ($79.50 in chips) 
Seat 3: poker_soul11 ($105.71 in chips) 
Seat 4: Lucastitos ($192.67 in chips) 
Seat 5: Joe_Li7 ($100 in chips) 
Seat 6: Kristo 914 ($111.40 in chips) 
Kristo 914: posts small blind $0.50
markyh213213: posts big blind $1
*** HOLE CARDS ***
Tomanfredi12: folds 
poker_soul11: folds 
Lucastitos: folds 
Joe_Li7: folds 
Kristo 914: folds 
Uncalled bet ($0.50) returned to markyh213213
markyh213213 collected $1 from pot
*** SUMMARY ***
Total pot $1 | Rake $0 
Seat 1: markyh213213 (big blind) collected ($1)
Seat 2: Tomanfredi12 folded before Flop (didn't bet)
Seat 3: poker_soul11 folded before Flop (didn't bet)
Seat 4: Lucastitos folded before Flop (didn't bet)
Seat 5: Joe_Li7 (button) folded before Flop (didn't bet)
Seat 6: Kristo 914 (small blind) folded before Flop



PokerStars Hand #254384177951:  Hold'em No Limit ($0.50/$1.00 USD) - 2025/01/15 16:24:50 WET [2025/01/15 11:24:50 ET]
Table 'Alwine III' 6-max Seat #6 is the button
Seat 1: markyh213213 ($65.30 in chips) 
Seat 2: Tomanfredi12 ($79.50 in chips) 
Seat 3: poker_soul11 ($105.71 in chips) 
Seat 4: Lucastitos ($192.67 in chips) 
Seat 5: Joe_Li7 ($100 in chips) 
Seat 6: Kristo 914 ($110.90 in chips) 
markyh213213: posts small blind $0.50
Tomanfredi12: posts big blind $1
*** HOLE CARDS ***
poker_soul11: folds 
Lucastitos: folds 
Joe_Li7: raises $1.20 to $2.20
Kristo 914: folds 
markyh213213: folds 
Tomanfredi12: folds 
Uncalled bet ($1.20) returned to Joe_Li7
Joe_Li7 collected $2.50 from pot
*** SUMMARY ***
Total pot $2.50 | Rake $0 
Seat 1: markyh213213 (small blind) folded before Flop
Seat 2: Tomanfredi12 (big blind) folded before Flop
Seat 3: poker_soul11 folded before Flop (didn't bet)
Seat 4: Lucastitos folded before Flop (didn't bet)
Seat 5: Joe_Li7 collected ($2.50)
Seat 6: Kristo 914 (button) folded before Flop (didn't bet)



PokerStars Hand #254384181771:  Hold'em No Limit ($0.50/$1.00 USD) - 2025/01/15 16:25:10 WET [2025/01/15 11:25:10 ET]
Table 'Alwine III' 6-max Seat #1 is the button
Seat 1: markyh213213 ($64.80 in chips) 
Seat 2: Tomanfredi12 ($78.50 in chips) 
Seat 3: poker_soul11 ($105.71 in chips) 
Seat 4: Lucastitos ($192.67 in chips) 
Seat 5: Joe_Li7 ($101.50 in chips) 
Seat 6: Kristo 914 ($110.90 in chips) 
Tomanfredi12: posts small blind $0.50
poker_soul11: posts big blind $1
*** HOLE CARDS ***
Lucastitos: folds 
Joe_Li7: folds 
Kristo 914: folds 
markyh213213: raises $1.50 to $2.50
Tomanfredi12: folds 
poker_soul11: folds 
Uncalled bet ($1.50) returned to markyh213213
markyh213213 collected $2.50 from pot
*** SUMMARY ***
Total pot $2.50 | Rake $0 
Seat 1: markyh213213 (button) collected ($2.50)
Seat 2: Tomanfredi12 (small blind) folded before Flop
Seat 3: poker_soul11 (big blind) folded before Flop
Seat 4: Lucastitos folded before Flop (didn't bet)
Seat 5: Joe_Li7 folded before Flop (didn't bet)
Seat 6: Kristo 914 folded before Flop (didn't bet)



PokerStars Hand #254384184721:  Hold'em No Limit ($0.50/$1.00 USD) - 2025/01/15 16:25:26 WET [2025/01/15 11:25:26 ET]
Table 'Alwine III' 6-max Seat #2 is the button
Seat 1: markyh213213 ($66.30 in chips) 
Seat 2: Tomanfredi12 ($78 in chips) 
Seat 3: poker_soul11 ($104.71 in chips) 
Seat 4: Lucastitos ($192.67 in chips) 
Seat 5: Joe_Li7 ($101.50 in chips) 
Seat 6: Kristo 914 ($110.90 in chips) 
poker_soul11: posts small blind $0.50
Lucastitos: posts big blind $1
*** HOLE CARDS ***
Joe_Li7: folds 
Kristo 914: folds 
markyh213213: raises $1.20 to $2.20
Tomanfredi12: folds 
poker_soul11: folds 
Lucastitos: raises $7.80 to $10
markyh213213: folds 
Uncalled bet ($7.80) returned to Lucastitos
Lucastitos collected $4.90 from pot
Lucastitos: doesn't show hand 
*** SUMMARY ***
Total pot $4.90 | Rake $0 
Seat 1: markyh213213 folded before Flop
Seat 2: Tomanfredi12 (button) folded before Flop (didn't bet)
Seat 3: poker_soul11 (small blind) folded before Flop
Seat 4: Lucastitos (big blind) collected ($4.90)
Seat 5: Joe_Li7 folded before Flop (didn't bet)
Seat 6: Kristo 914 folded before Flop (didn't bet)



PokerStars Hand #254384191352:  Hold'em No Limit ($0.50/$1.00 USD) - 2025/01/15 16:26:00 WET [2025/01/15 11:26:00 ET]
Table 'Alwine III' 6-max Seat #3 is the button
Seat 1: markyh213213 ($64.10 in chips) 
Seat 2: Tomanfredi12 ($78 in chips) 
Seat 3: poker_soul11 ($104.21 in chips) 
Seat 4: Lucastitos ($195.37 in chips) 
Seat 5: Joe_Li7 ($101.50 in chips) 
Seat 6: Kristo 914 ($110.90 in chips) 
Lucastitos: posts small blind $0.50
Joe_Li7: posts big blind $1
*** HOLE CARDS ***
Kristo 914: raises $1.40 to $2.40
markyh213213: folds 
Tomanfredi12: folds 
poker_soul11: folds 
Lucastitos: folds 
Joe_Li7: raises $8.60 to $11
Kristo 914: raises $12 to $23
Joe_Li7: calls $12
*** FLOP *** [7h Kc 5s]
Joe_Li7: checks 
Kristo 914: bets $9.94
Joe_Li7: folds 
Uncalled bet ($9.94) returned to Kristo 914
Kristo 914 collected $44.18 from pot
Kristo 914: doesn't show hand 
*** SUMMARY ***
Total pot $46.50 | Rake $2.32 
Board [7h Kc 5s]
Seat 1: markyh213213 folded before Flop (didn't bet)
Seat 2: Tomanfredi12 folded before Flop (didn't bet)
Seat 3: poker_soul11 (button) folded before Flop (didn't bet)
Seat 4: Lucastitos (small blind) folded before Flop
Seat 5: Joe_Li7 (big blind) folded on the Flop
Seat 6: Kristo 914 collected ($44.18)



PokerStars Hand #254384203576:  Hold'em No Limit ($0.50/$1.00 USD) - 2025/01/15 16:27:02 WET [2025/01/15 11:27:02 ET]
Table 'Alwine III' 6-max Seat #4 is the button
Seat 1: markyh213213 ($64.10 in chips) 
Seat 2: Tomanfredi12 ($78 in chips) 
Seat 3: poker_soul11 ($104.21 in chips) 
Seat 4: Lucastitos ($194.87 in chips) 
Seat 5: Joe_Li7 ($100 in chips) 
Seat 6: Kristo 914 ($132.08 in chips) 
Joe_Li7: posts small blind $0.50
Kristo 914: posts big blind $1
*** HOLE CARDS ***
markyh213213: folds 
Tomanfredi12: folds 
poker_soul11: folds 
Lucastitos: raises $1.40 to $2.40
Joe_Li7: raises $8.10 to $10.50
Kristo 914: folds 
Lucastitos: raises $11.50 to $22
Joe_Li7: raises $78 to $100 and is all-in
Lucastitos: calls $78
*** FLOP *** [Kc 5h 3h]
*** TURN *** [Kc 5h 3h] [6c]
*** RIVER *** [Kc 5h 3h 6c] [Kh]
*** SHOW DOWN ***
Joe_Li7: shows [Qd Qc] (two pair, Kings and Queens)
Lucastitos: shows [Ac Ah] (two pair, Aces and Kings)
Lucastitos collected $198.50 from pot
*** SUMMARY ***
Total pot $201 | Rake $2.50 
Board [Kc 5h 3h 6c Kh]
Seat 1: markyh213213 folded before Flop (didn't bet)
Seat 2: Tomanfredi12 folded before Flop (didn't bet)
Seat 3: poker_soul11 folded before Flop (didn't bet)
Seat 4: Lucastitos (button) showed [Ac Ah] and won ($198.50) with two pair, Aces and Kings
Seat 5: Joe_Li7 (small blind) showed [Qd Qc] and lost with two pair, Kings and Queens
Seat 6: Kristo 914 (big blind) folded before Flop



PokerStars Hand #254384215163:  Hold'em No Limit ($0.50/$1.00 USD) - 2025/01/15 16:27:59 WET [2025/01/15 11:27:59 ET]
Table 'Alwine III' 6-max Seat #5 is the button
Seat 1: markyh213213 ($64.10 in chips) 
Seat 2: Tomanfredi12 ($78 in chips) 
Seat 3: poker_soul11 ($104.21 in chips) 
Seat 4: Lucastitos ($293.37 in chips) 
Seat 5: Joe_Li7 ($100 in chips) 
Seat 6: Kristo 914 ($131.08 in chips) 
Kristo 914: posts small blind $0.50
markyh213213: posts big blind $1
*** HOLE CARDS ***
Tomanfredi12: folds 
poker_soul11: folds 
Lucastitos: folds 
Joe_Li7: raises $1.50 to $2.50
Kristo 914: raises $8.50 to $11
markyh213213: folds 
Joe_Li7: raises $13 to $24
Kristo 914: folds 
Uncalled bet ($13) returned to Joe_Li7
Joe_Li7 collected $23 from pot
*** SUMMARY ***
Total pot $23 | Rake $0 
Seat 1: markyh213213 (big blind) folded before Flop
Seat 2: Tomanfredi12 folded before Flop (didn't bet)
Seat 3: poker_soul11 folded before Flop (didn't bet)
Seat 4: Lucastitos folded before Flop (didn't bet)
Seat 5: Joe_Li7 (button) collected ($23)
Seat 6: Kristo 914 (small blind) folded before Flop



PokerStars Hand #254384227840:  Hold'em No Limit ($0.50/$1.00 USD) - 2025/01/15 16:29:00 WET [2025/01/15 11:29:00 ET]
Table 'Alwine III' 6-max Seat #6 is the button
Seat 1: markyh213213 ($63.10 in chips) 
Seat 2: Tomanfredi12 ($78 in chips) 
Seat 3: poker_soul11 ($104.21 in chips) 
Seat 4: Lucastitos ($293.37 in chips) 
Seat 5: Joe_Li7 ($112 in chips) 
Seat 6: Kristo 914 ($120.08 in chips) 
markyh213213: posts small blind $0.50
Tomanfredi12: posts big blind $1
*** HOLE CARDS ***
poker_soul11: folds 
Lucastitos: raises $1.10 to $2.10
Joe_Li7: folds 
Kristo 914: folds 
markyh213213: folds 
Tomanfredi12: folds 
Uncalled bet ($1.10) returned to Lucastitos
Lucastitos collected $2.50 from pot
Lucastitos: doesn't show hand 
*** SUMMARY ***
Total pot $2.50 | Rake $0 
Seat 1: markyh213213 (small blind) folded before Flop
Seat 2: Tomanfredi12 (big blind) folded before Flop
Seat 3: poker_soul11 folded before Flop (didn't bet)
Seat 4: Lucastitos collected ($2.50)
Seat 5: Joe_Li7 folded before Flop (didn't bet)
Seat 6: Kristo 914 (button) folded before Flop (didn't bet)



PokerStars Hand #254384230914:  Hold'em No Limit ($0.50/$1.00 USD) - 2025/01/15 16:29:15 WET [2025/01/15 11:29:15 ET]
Table 'Alwine III' 6-max Seat #1 is the button
Seat 1: markyh213213 ($62.60 in chips) 
Seat 2: Tomanfredi12 ($77 in chips) 
Seat 3: poker_soul11 ($104.21 in chips) 
Seat 4: Lucastitos ($294.87 in chips) 
Seat 5: Joe_Li7 ($112 in chips) 
Seat 6: Kristo 914 ($120.08 in chips) 
Tomanfredi12: posts small blind $0.50
poker_soul11: posts big blind $1
*** HOLE CARDS ***
Lucastitos: folds 
Joe_Li7: folds 
Kristo 914: folds 
markyh213213: calls $1
Tomanfredi12: calls $0.50
poker_soul11: checks 
*** FLOP *** [Jd 5h 5s]
Tomanfredi12: checks 
poker_soul11: checks 
markyh213213: bets $1
Tomanfredi12: folds 
poker_soul11: calls $1
*** TURN *** [Jd 5h 5s] [3c]
poker_soul11: checks 
markyh213213: bets $2
poker_soul11: folds 
Uncalled bet ($2) returned to markyh213213
markyh213213 collected $4.75 from pot
*** SUMMARY ***
Total pot $5 | Rake $0.25 
Board [Jd 5h 5s 3c]
Seat 1: markyh213213 (button) collected ($4.75)
Seat 2: Tomanfredi12 (small blind) folded on the Flop
Seat 3: poker_soul11 (big blind) folded on the Turn
Seat 4: Lucastitos folded before Flop (didn't bet)
Seat 5: Joe_Li7 folded before Flop (didn't bet)
Seat 6: Kristo 914 folded before Flop (didn't bet)



PokerStars Hand #254384239662:  Hold'em No Limit ($0.50/$1.00 USD) - 2025/01/15 16:29:55 WET [2025/01/15 11:29:55 ET]
Table 'Alwine III' 6-max Seat #2 is the button
Seat 4: Lucastitos ($294.87 in chips) is sitting out
Seat 1: markyh213213 ($65.35 in chips) 
Seat 2: Tomanfredi12 ($76 in chips) 
Seat 3: poker_soul11 ($102.21 in chips) 
Seat 5: Joe_Li7 ($112 in chips) 
Seat 6: Kristo 914 ($120.08 in chips) 
poker_soul11: posts small blind $0.50
Lucastitos: is sitting out 
Joe_Li7: posts big blind $1
*** HOLE CARDS ***
Kristo 914: folds 
Lucastitos leaves the table
markyh213213: raises $1.20 to $2.20
Tomanfredi12: calls $2.20
poker_soul11: calls $1.70
IREQO joins the table at seat #4 
Joe_Li7: folds 
*** FLOP *** [2c Th 6h]
poker_soul11: checks 
markyh213213: bets $4
Tomanfredi12: calls $4
poker_soul11: folds 
*** TURN *** [2c Th 6h] [Qs]
markyh213213: checks 
Tomanfredi12: bets $14.82
markyh213213: raises $44.33 to $59.15 and is all-in
Tomanfredi12: folds 
Uncalled bet ($44.33) returned to markyh213213
markyh213213 collected $42.98 from pot
*** SUMMARY ***
Total pot $45.24 | Rake $2.26 
Board [2c Th 6h Qs]
Seat 4: Lucastitos
Seat 1: markyh213213 collected ($42.98)
Seat 2: Tomanfredi12 (button) folded on the Turn
Seat 3: poker_soul11 (small blind) folded on the Flop
Seat 5: Joe_Li7 (big blind) folded before Flop
Seat 6: Kristo 914 folded before Flop (didn't bet)



PokerStars Hand #254384250186:  Hold'em No Limit ($0.50/$1.00 USD) - 2025/01/15 16:30:44 WET [2025/01/15 11:30:44 ET]
Table 'Alwine III' 6-max Seat #3 is the button
Seat 4: IREQO ($100 in chips) is sitting out
Seat 1: markyh213213 ($87.31 in chips) 
Seat 2: Tomanfredi12 ($54.98 in chips) 
Seat 3: poker_soul11 ($100.01 in chips) 
Seat 5: Joe_Li7 ($111 in chips) 
Seat 6: Kristo 914 ($120.08 in chips) 
Joe_Li7: posts small blind $0.50
Kristo 914: posts big blind $1
*** HOLE CARDS ***
markyh213213: folds 
Tomanfredi12: raises $1 to $2
poker_soul11: raises $4.50 to $6.50
Joe_Li7: folds 
Kristo 914: folds 
Tomanfredi12: calls $4.50
*** FLOP *** [2h 4c Ts]
Tomanfredi12: checks 
poker_soul11: bets $3.45
Tomanfredi12: raises $10.34 to $13.79
poker_soul11: calls $10.34
*** TURN *** [2h 4c Ts] [4h]
Tomanfredi12: bets $34.69 and is all-in
poker_soul11: folds 
Uncalled bet ($34.69) returned to Tomanfredi12
Tomanfredi12 collected $39.98 from pot
Tomanfredi12: doesn't show hand 
*** SUMMARY ***
Total pot $42.08 | Rake $2.10 
Board [2h 4c Ts 4h]
Seat 4: IREQO
Seat 1: markyh213213 folded before Flop (didn't bet)
Seat 2: Tomanfredi12 collected ($39.98)
Seat 3: poker_soul11 (button) folded on the Turn
Seat 5: Joe_Li7 (small blind) folded before Flop
Seat 6: Kristo 914 (big blind) folded before Flop



PokerStars Hand #254384261243:  Hold'em No Limit ($0.50/$1.00 USD) - 2025/01/15 16:31:34 WET [2025/01/15 11:31:34 ET]
Table 'Alwine III' 6-max Seat #5 is the button
Seat 4: IREQO ($100 in chips) is sitting out
Seat 1: markyh213213 ($87.31 in chips) 
Seat 2: Tomanfredi12 ($74.67 in chips) 
Seat 3: poker_soul11 ($100 in chips) 
Seat 5: Joe_Li7 ($110.50 in chips) 
Seat 6: Kristo 914 ($119.08 in chips) 
Kristo 914: posts small blind $0.50
markyh213213: posts big blind $1
IREQO: sits out 
*** HOLE CARDS ***
Tomanfredi12: folds 
poker_soul11: folds 
Joe_Li7: folds 
Kristo 914: raises $2 to $3
markyh213213: folds 
Uncalled bet ($2) returned to Kristo 914
Kristo 914 collected $2 from pot
Kristo 914: doesn't show hand 
*** SUMMARY ***
Total pot $2 | Rake $0 
Seat 4: IREQO
Seat 1: markyh213213 (big blind) folded before Flop
Seat 2: Tomanfredi12 folded before Flop (didn't bet)
Seat 3: poker_soul11 folded before Flop (didn't bet)
Seat 5: Joe_Li7 (button) folded before Flop (didn't bet)
Seat 6: Kristo 914 (small blind) collected ($2)



PokerStars Hand #254384264968:  Hold'em No Limit ($0.50/$1.00 USD) - 2025/01/15 16:31:50 WET [2025/01/15 11:31:50 ET]
Table 'Alwine III' 6-max Seat #6 is the button
Seat 4: IREQO ($100 in chips) is sitting out
Seat 1: markyh213213 ($86.31 in chips) 
Seat 2: Tomanfredi12 ($74.67 in chips) 
Seat 3: poker_soul11 ($100 in chips) 
Seat 5: Joe_Li7 ($110.50 in chips) 
Seat 6: Kristo 914 ($120.08 in chips) 
markyh213213: posts small blind $0.50
Tomanfredi12: posts big blind $1
IREQO: sits out 
*** HOLE CARDS ***
poker_soul11: folds 
Joe_Li7: folds 
Kristo 914: folds 
markyh213213: folds 
Uncalled bet ($0.50) returned to Tomanfredi12
Tomanfredi12 collected $1 from pot
Tomanfredi12: doesn't show hand 
*** SUMMARY ***
Total pot $1 | Rake $0 
Seat 4: IREQO
Seat 1: markyh213213 (small blind) folded before Flop
Seat 2: Tomanfredi12 (big blind) collected ($1)
Seat 3: poker_soul11 folded before Flop (didn't bet)
Seat 5: Joe_Li7 folded before Flop (didn't bet)
Seat 6: Kristo 914 (button) folded before Flop (didn't bet)



PokerStars Hand #254384267527:  Hold'em No Limit ($0.50/$1.00 USD) - 2025/01/15 16:32:02 WET [2025/01/15 11:32:02 ET]
Table 'Alwine III' 6-max Seat #1 is the button
Seat 4: IREQO ($100 in chips) is sitting out
Seat 1: markyh213213 ($85.81 in chips) 
Seat 2: Tomanfredi12 ($75.17 in chips) 
Seat 3: poker_soul11 ($100 in chips) 
Seat 5: Joe_Li7 ($110.50 in chips) 
Seat 6: Kristo 914 ($120.08 in chips) 
Tomanfredi12: posts small blind $0.50
poker_soul11: posts big blind $1
IREQO: sits out 
*** HOLE CARDS ***
Joe_Li7: folds 
Kristo 914: folds 
markyh213213: folds 
Tomanfredi12: calls $0.50
poker_soul11: checks 
*** FLOP *** [6d 8c 8s]
Tomanfredi12: checks 
poker_soul11: bets $1
Tomanfredi12: calls $1
*** TURN *** [6d 8c 8s] [Qs]
Tomanfredi12: checks 
poker_soul11: checks 
*** RIVER *** [6d 8c 8s Qs] [Jd]
Tomanfredi12: checks 
poker_soul11: checks 
*** SHOW DOWN ***
Tomanfredi12: shows [6c 9c] (two pair, Eights and Sixes)
poker_soul11: shows [9s 6h] (two pair, Eights and Sixes)
Tomanfredi12 collected $1.90 from pot
poker_soul11 collected $1.90 from pot
*** SUMMARY ***
Total pot $4 | Rake $0.20 
Board [6d 8c 8s Qs Jd]
Seat 4: IREQO
Seat 1: markyh213213 (button) folded before Flop (didn't bet)
Seat 2: Tomanfredi12 (small blind) showed [6c 9c] and won ($1.90) with two pair, Eights and Sixes
Seat 3: poker_soul11 (big blind) showed [9s 6h] and won ($1.90) with two pair, Eights and Sixes
Seat 5: Joe_Li7 folded before Flop (didn't bet)
Seat 6: Kristo 914 folded before Flop (didn't bet)



PokerStars Hand #254384278872:  Hold'em No Limit ($0.50/$1.00 USD) - 2025/01/15 16:32:53 WET [2025/01/15 11:32:53 ET]
Table 'Alwine III' 6-max Seat #2 is the button
Seat 1: markyh213213 ($85.81 in chips) 
Seat 2: Tomanfredi12 ($75.07 in chips) 
Seat 3: poker_soul11 ($100 in chips) 
Seat 4: IREQO ($100 in chips) 
Seat 5: Joe_Li7 ($110.50 in chips) 
Seat 6: Kristo 914 ($120.08 in chips) 
poker_soul11: posts small blind $0.50
IREQO: posts big blind $1
*** HOLE CARDS ***
Joe_Li7: folds 
Kristo 914: folds 
markyh213213: raises $1.20 to $2.20
Tomanfredi12: folds 
poker_soul11: folds 
IREQO: calls $1.20
*** FLOP *** [3c 9d 3d]
IREQO: checks 
markyh213213: bets $3
IREQO: folds 
Uncalled bet ($3) returned to markyh213213
markyh213213 collected $4.66 from pot
*** SUMMARY ***
Total pot $4.90 | Rake $0.24 
Board [3c 9d 3d]
Seat 1: markyh213213 collected ($4.66)
Seat 2: Tomanfredi12 (button) folded before Flop (didn't bet)
Seat 3: poker_soul11 (small blind) folded before Flop
Seat 4: IREQO (big blind) folded on the Flop
Seat 5: Joe_Li7 folded before Flop (didn't bet)
Seat 6: Kristo 914 folded before Flop (didn't bet)



PokerStars Hand #254384290901:  Hold'em No Limit ($0.50/$1.00 USD) - 2025/01/15 16:33:46 WET [2025/01/15 11:33:46 ET]
Table 'Alwine III' 6-max Seat #3 is the button
Seat 1: markyh213213 ($88.27 in chips) 
Seat 2: Tomanfredi12 ($75.07 in chips) 
Seat 3: poker_soul11 ($100 in chips) 
Seat 4: IREQO ($100 in chips) 
Seat 5: Joe_Li7 ($110.50 in chips) 
Seat 6: Kristo 914 ($120.08 in chips) 
IREQO: posts small blind $0.50
Joe_Li7: posts big blind $1
*** HOLE CARDS ***
Kristo 914: folds 
markyh213213: raises $1 to $2
Tomanfredi12: raises $1 to $3
poker_soul11: folds 
IREQO: folds 
Joe_Li7: calls $2
markyh213213: calls $1
*** FLOP *** [Qc 4d Jc]
Joe_Li7: checks 
markyh213213: checks 
Tomanfredi12: bets $9.02
Joe_Li7: folds 
markyh213213: folds 
Uncalled bet ($9.02) returned to Tomanfredi12
Tomanfredi12 collected $9.02 from pot
Tomanfredi12: doesn't show hand 
*** SUMMARY ***
Total pot $9.50 | Rake $0.48 
Board [Qc 4d Jc]
Seat 1: markyh213213 folded on the Flop
Seat 2: Tomanfredi12 collected ($9.02)
Seat 3: poker_soul11 (button) folded before Flop (didn't bet)
Seat 4: IREQO (small blind) folded before Flop
Seat 5: Joe_Li7 (big blind) folded on the Flop
Seat 6: Kristo 914 folded before Flop (didn't bet)



PokerStars Hand #254384301843:  Hold'em No Limit ($0.50/$1.00 USD) - 2025/01/15 16:34:34 WET [2025/01/15 11:34:34 ET]
Table 'Alwine III' 6-max Seat #4 is the button
Seat 1: markyh213213 ($85.27 in chips) 
Seat 2: Tomanfredi12 ($81.09 in chips) 
Seat 3: poker_soul11 ($100 in chips) 
Seat 4: IREQO ($100 in chips) 
Seat 5: Joe_Li7 ($107.50 in chips) 
Seat 6: Kristo 914 ($120.08 in chips) 
Joe_Li7: posts small blind $0.50
Kristo 914: posts big blind $1
*** HOLE CARDS ***
markyh213213: folds 
Tomanfredi12: folds 
poker_soul11: folds 
IREQO: raises $1.50 to $2.50
Joe_Li7: folds 
Kristo 914: folds 
Uncalled bet ($1.50) returned to IREQO
IREQO collected $2.50 from pot
IREQO: doesn't show hand 
*** SUMMARY ***
Total pot $2.50 | Rake $0 
Seat 1: markyh213213 folded before Flop (didn't bet)
Seat 2: Tomanfredi12 folded before Flop (didn't bet)
Seat 3: poker_soul11 folded before Flop (didn't bet)
Seat 4: IREQO (button) collected ($2.50)
Seat 5: Joe_Li7 (small blind) folded before Flop
Seat 6: Kristo 914 (big blind) folded before Flop



PokerStars Hand #254384306460:  Hold'em No Limit ($0.50/$1.00 USD) - 2025/01/15 16:34:54 WET [2025/01/15 11:34:54 ET]
Table 'Alwine III' 6-max Seat #5 is the button
Seat 1: markyh213213 ($85.27 in chips) 
Seat 2: Tomanfredi12 ($81.09 in chips) 
Seat 3: poker_soul11 ($100 in chips) 
Seat 4: IREQO ($101.50 in chips) 
Seat 5: Joe_Li7 ($107 in chips) 
Seat 6: Kristo 914 ($119.08 in chips) 
Kristo 914: posts small blind $0.50
markyh213213: posts big blind $1
*** HOLE CARDS ***
Tomanfredi12: folds 
poker_soul11: folds 
IREQO: folds 
Joe_Li7: raises $1.50 to $2.50
Kristo 914: folds 
markyh213213: raises $7 to $9.50
Joe_Li7: folds 
Uncalled bet ($7) returned to markyh213213
markyh213213 collected $5.50 from pot
*** SUMMARY ***
Total pot $5.50 | Rake $0 
Seat 1: markyh213213 (big blind) collected ($5.50)
Seat 2: Tomanfredi12 folded before Flop (didn't bet)
Seat 3: poker_soul11 folded before Flop (didn't bet)
Seat 4: IREQO folded before Flop (didn't bet)
Seat 5: Joe_Li7 (button) folded before Flop
Seat 6: Kristo 914 (small blind) folded before Flop



PokerStars Hand #254384312095:  Hold'em No Limit ($0.50/$1.00 USD) - 2025/01/15 16:35:19 WET [2025/01/15 11:35:19 ET]
Table 'Alwine III' 6-max Seat #6 is the button
Seat 1: markyh213213 ($88.27 in chips) 
Seat 2: Tomanfredi12 ($81.09 in chips) 
Seat 3: poker_soul11 ($100 in chips) 
Seat 4: IREQO ($101.50 in chips) 
Seat 5: Joe_Li7 ($104.50 in chips) 
Seat 6: Kristo 914 ($118.58 in chips) 
markyh213213: posts small blind $0.50
Tomanfredi12: posts big blind $1
*** HOLE CARDS ***
poker_soul11: folds 
IREQO: folds 
Joe_Li7: folds 
Kristo 914: raises $1.40 to $2.40
markyh213213: calls $1.90
Tomanfredi12: calls $1.40
*** FLOP *** [Qd 2h Kc]
markyh213213: checks 
Tomanfredi12: bets $6.84
Kristo 914: folds 
markyh213213: raises $12.16 to $19
Tomanfredi12: raises $59.69 to $78.69 and is all-in
markyh213213: calls $59.69
*** TURN *** [Qd 2h Kc] [7d]
*** RIVER *** [Qd 2h Kc 7d] [Ks]
*** SHOW DOWN ***
markyh213213: shows [Js Kd] (three of a kind, Kings)
Tomanfredi12: shows [Td Kh] (three of a kind, Kings - lower kicker)
markyh213213 cashed out the hand for $126.52 | Cash Out Fee $2.58
*** SUMMARY ***
Total pot $164.58 | Rake $2.50 
Board [Qd 2h Kc 7d Ks]
Seat 1: markyh213213 (small blind) showed [Js Kd] and won ($162.08) with three of a kind, Kings (pot not awarded as player cashed out)
Seat 2: Tomanfredi12 (big blind) showed [Td Kh] and lost with three of a kind, Kings
Seat 3: poker_soul11 folded before Flop (didn't bet)
Seat 4: IREQO folded before Flop (didn't bet)
Seat 5: Joe_Li7 folded before Flop (didn't bet)
Seat 6: Kristo 914 (button) folded on the Flop



PokerStars Hand #254384328075:  Hold'em No Limit ($0.50/$1.00 USD) - 2025/01/15 16:36:28 WET [2025/01/15 11:36:28 ET]
Table 'Alwine III' 6-max Seat #1 is the button
Seat 2: Tomanfredi12 ($0 in chips) is sitting out
Seat 1: markyh213213 ($133.70 in chips) 
Seat 3: poker_soul11 ($100 in chips) 
Seat 4: IREQO ($101.50 in chips) 
Seat 5: Joe_Li7 ($104.50 in chips) 
Seat 6: Kristo 914 ($116.18 in chips) 
poker_soul11: posts small blind $0.50
IREQO: posts big blind $1
*** HOLE CARDS ***
Joe_Li7: raises $1.20 to $2.20
Kristo 914: folds 
markyh213213: folds 
poker_soul11: folds 
IREQO: calls $1.20
*** FLOP *** [3d Js Tc]
IREQO: checks 
Joe_Li7: bets $1.17
IREQO: raises $2.83 to $4
Joe_Li7: calls $2.83
*** TURN *** [3d Js Tc] [7d]
IREQO: checks 
Joe_Li7: checks 
*** RIVER *** [3d Js Tc 7d] [Qh]
IREQO: checks 
Joe_Li7: bets $9.23
IREQO: folds 
Uncalled bet ($9.23) returned to Joe_Li7
Joe_Li7 collected $12.26 from pot
*** SUMMARY ***
Total pot $12.90 | Rake $0.64 
Board [3d Js Tc 7d Qh]
Seat 2: Tomanfredi12
Seat 1: markyh213213 (button) folded before Flop (didn't bet)
Seat 3: poker_soul11 (small blind) folded before Flop
Seat 4: IREQO (big blind) folded on the River
Seat 5: Joe_Li7 collected ($12.26)
Seat 6: Kristo 914 folded before Flop (didn't bet)



PokerStars Hand #254384365410:  Hold'em No Limit ($0.50/$1.00 USD) - 2025/01/15 16:39:08 WET [2025/01/15 11:39:08 ET]
Table 'Alwine III' 6-max Seat #3 is the button
Seat 2: Tomanfredi12 ($0 in chips) is sitting out
Seat 1: markyh213213 ($133.70 in chips) 
Seat 3: poker_soul11 ($100 in chips) 
Seat 4: IREQO ($100 in chips) 
Seat 5: Joe_Li7 ($110.56 in chips) 
Seat 6: Kristo 914 ($116.18 in chips) 
IREQO: posts small blind $0.50
Joe_Li7: posts big blind $1
*** HOLE CARDS ***
Kristo 914: folds 
markyh213213: folds 
poker_soul11: raises $1.20 to $2.20
IREQO: folds 
Joe_Li7: folds 
Uncalled bet ($1.20) returned to poker_soul11
poker_soul11 collected $2.50 from pot
poker_soul11: doesn't show hand 
*** SUMMARY ***
Total pot $2.50 | Rake $0 
Seat 2: Tomanfredi12
Seat 1: markyh213213 folded before Flop (didn't bet)
Seat 3: poker_soul11 (button) collected ($2.50)
Seat 4: IREQO (small blind) folded before Flop
Seat 5: Joe_Li7 (big blind) folded before Flop
Seat 6: Kristo 914 folded before Flop (didn't bet)



PokerStars Hand #254384370081:  Hold'em No Limit ($0.50/$1.00 USD) - 2025/01/15 16:39:28 WET [2025/01/15 11:39:28 ET]
Table 'Alwine III' 6-max Seat #4 is the button
Seat 1: markyh213213 ($133.70 in chips) is sitting out
Seat 2: Tomanfredi12 ($0 in chips) is sitting out
Seat 6: Kristo 914 ($116.18 in chips) is sitting out
Seat 3: poker_soul11 ($101.50 in chips) 
Seat 4: IREQO ($100 in chips) 
Seat 5: Joe_Li7 ($109.56 in chips) 
Joe_Li7: posts small blind $0.50
Kristo 914: is sitting out 
markyh213213: is sitting out 
poker_soul11: posts big blind $1
*** HOLE CARDS ***
IREQO has timed out
IREQO: folds 
Joe_Li7: raises $2 to $3
poker_soul11: calls $2
*** FLOP *** [Qc Kh As]
Joe_Li7: bets $1.43
poker_soul11: calls $1.43
*** TURN *** [Qc Kh As] [6d]
markyh213213 leaves the table
coeeeelho joins the table at seat #1 
Joe_Li7: bets $10.69
coeeeelho leaves the table
poker_soul11: folds 
Uncalled bet ($10.69) returned to Joe_Li7
Joe_Li7 collected $8.42 from pot
IREQO leaves the table
*** SUMMARY ***
Total pot $8.86 | Rake $0.44 
Board [Qc Kh As 6d]
Seat 1: markyh213213
Seat 2: Tomanfredi12
Seat 6: Kristo 914
Seat 3: poker_soul11 (big blind) folded on the Turn
Seat 4: IREQO (button) folded before Flop (didn't bet)
Seat 5: Joe_Li7 (small blind) collected ($8.42)



