PokerStars Hand #254388446779:  Hold'em No Limit ($0.50/$1.00 USD) - 2025/01/15 20:45:36 WET [2025/01/15 15:45:36 ET]
Table 'Ndola III' 6-max Seat #6 is the button
Seat 3: Gfoer ($100 in chips) is sitting out
Seat 1: MaikonAll ($100 in chips) 
Seat 2: BumHuntKing ($100 in chips) 
Seat 4: Nicedaymybro ($101.50 in chips) 
Seat 5: blackclan7 ($101 in chips) 
Seat 6: easy_sarcasm ($104.50 in chips) 
MaikonAll: posts small blind $0.50
BumHuntKing: posts big blind $1
Gfoer: sits out 
*** HOLE CARDS ***
Nicedaymybro: folds 
blackclan7: raises $1.30 to $2.30
easy_sarcasm: folds 
MaikonAll: folds 
BumHuntKing: calls $1.30
*** FLOP *** [2h Qh Kh]
BumHuntKing: checks 
blackclan7: bets $1.60
BumHuntKing: folds 
Uncalled bet ($1.60) returned to blackclan7
blackclan7 collected $4.84 from pot
blackclan7: doesn't show hand 
*** SUMMARY ***
Total pot $5.10 | Rake $0.26 
Board [2h Qh Kh]
Seat 3: Gfoer
Seat 1: MaikonAll (small blind) folded before Flop
Seat 2: BumHuntKing (big blind) folded on the Flop
Seat 4: Nicedaymybro folded before Flop (didn't bet)
Seat 5: blackclan7 collected ($4.84)
Seat 6: easy_sarcasm (button) folded before Flop (didn't bet)



PokerStars Hand #254388454515:  Hold'em No Limit ($0.50/$1.00 USD) - 2025/01/15 20:46:01 WET [2025/01/15 15:46:01 ET]
Table 'Ndola III' 6-max Seat #1 is the button
Seat 1: MaikonAll ($100 in chips) 
Seat 2: BumHuntKing ($100 in chips) 
Seat 3: Gfoer ($100 in chips) 
Seat 4: Nicedaymybro ($101.50 in chips) 
Seat 5: blackclan7 ($103.54 in chips) 
Seat 6: easy_sarcasm ($104.50 in chips) 
BumHuntKing: posts small blind $0.50
Gfoer: posts big blind $1
*** HOLE CARDS ***
Nicedaymybro: folds 
blackclan7: folds 
easy_sarcasm: folds 
MaikonAll: raises $1.50 to $2.50
BumHuntKing: folds 
Gfoer: folds 
Uncalled bet ($1.50) returned to MaikonAll
MaikonAll collected $2.50 from pot
MaikonAll: doesn't show hand 
*** SUMMARY ***
Total pot $2.50 | Rake $0 
Seat 1: MaikonAll (button) collected ($2.50)
Seat 2: BumHuntKing (small blind) folded before Flop
Seat 3: Gfoer (big blind) folded before Flop
Seat 4: Nicedaymybro folded before Flop (didn't bet)
Seat 5: blackclan7 folded before Flop (didn't bet)
Seat 6: easy_sarcasm folded before Flop (didn't bet)



PokerStars Hand #254388459293:  Hold'em No Limit ($0.50/$1.00 USD) - 2025/01/15 20:46:17 WET [2025/01/15 15:46:17 ET]
Table 'Ndola III' 6-max Seat #2 is the button
Seat 1: MaikonAll ($101.50 in chips) 
Seat 2: BumHuntKing ($100 in chips) 
Seat 3: Gfoer ($100 in chips) 
Seat 4: Nicedaymybro ($101.50 in chips) 
Seat 5: blackclan7 ($103.54 in chips) 
Seat 6: easy_sarcasm ($104.50 in chips) 
Gfoer: posts small blind $0.50
Nicedaymybro: posts big blind $1
*** HOLE CARDS ***
blackclan7: folds 
easy_sarcasm: raises $2 to $3
MaikonAll: folds 
BumHuntKing: folds 
Gfoer: raises $10 to $13
Nicedaymybro: folds 
easy_sarcasm: folds 
Uncalled bet ($10) returned to Gfoer
Gfoer collected $7 from pot
Gfoer: doesn't show hand 
*** SUMMARY ***
Total pot $7 | Rake $0 
Seat 1: MaikonAll folded before Flop (didn't bet)
Seat 2: BumHuntKing (button) folded before Flop (didn't bet)
Seat 3: Gfoer (small blind) collected ($7)
Seat 4: Nicedaymybro (big blind) folded before Flop
Seat 5: blackclan7 folded before Flop (didn't bet)
Seat 6: easy_sarcasm folded before Flop



PokerStars Hand #254388467273:  Hold'em No Limit ($0.50/$1.00 USD) - 2025/01/15 20:46:43 WET [2025/01/15 15:46:43 ET]
Table 'Ndola III' 6-max Seat #3 is the button
Seat 1: MaikonAll ($101.50 in chips) is sitting out
Seat 5: blackclan7 ($103.54 in chips) is sitting out
Seat 6: easy_sarcasm ($101.50 in chips) is sitting out
Seat 2: BumHuntKing ($100 in chips) 
Seat 3: Gfoer ($104 in chips) 
Seat 4: Nicedaymybro ($100.50 in chips) 
Nicedaymybro: posts small blind $0.50
blackclan7: is sitting out 
easy_sarcasm: is sitting out 
MaikonAll: is sitting out 
BumHuntKing: posts big blind $1
*** HOLE CARDS ***
blackclan7 leaves the table
easy_sarcasm leaves the table
Gfoer: folds 
Nicedaymybro: raises $2 to $3
BumHuntKing: folds 
Uncalled bet ($2) returned to Nicedaymybro
Nicedaymybro collected $2 from pot
Nicedaymybro: doesn't show hand 
*** SUMMARY ***
Total pot $2 | Rake $0 
Seat 1: MaikonAll
Seat 5: blackclan7
Seat 6: easy_sarcasm
Seat 2: BumHuntKing (big blind) folded before Flop
Seat 3: Gfoer (button) folded before Flop (didn't bet)
Seat 4: Nicedaymybro (small blind) collected ($2)



PokerStars Hand #254388474381:  Hold'em No Limit ($0.50/$1.00 USD) - 2025/01/15 20:47:06 WET [2025/01/15 15:47:06 ET]
Table 'Ndola III' 6-max Seat #1 is the button
Seat 1: MaikonAll ($101.50 in chips) 
Seat 2: BumHuntKing ($100 in chips) 
MaikonAll: posts small blind $0.50
BumHuntKing: posts big blind $1
*** HOLE CARDS ***
MaikonAll: raises $1.50 to $2.50
BumHuntKing: calls $1.50
*** FLOP *** [6s 6c 9c]
BumHuntKing: checks 
MaikonAll: bets $1.19
BumHuntKing: raises $4.16 to $5.35
MaikonAll: calls $4.16
*** TURN *** [6s 6c 9c] [Td]
BumHuntKing: checks 
MaikonAll: bets $3.73
BumHuntKing: calls $3.73
*** RIVER *** [6s 6c 9c Td] [Kc]
BumHuntKing: checks 
MaikonAll: checks 
*** SHOW DOWN ***
BumHuntKing: shows [Tc Ks] (two pair, Kings and Tens)
MaikonAll: shows [3h 6h] (three of a kind, Sixes)
MaikonAll collected $22.16 from pot
*** SUMMARY ***
Total pot $23.16 | Rake $1 
Board [6s 6c 9c Td Kc]
Seat 1: MaikonAll (button) (small blind) showed [3h 6h] and won ($22.16) with three of a kind, Sixes
Seat 2: BumHuntKing (big blind) showed [Tc Ks] and lost with two pair, Kings and Tens



PokerStars Hand #254388904806:  Hold'em No Limit ($0.50/$1.00 USD) - 2025/01/15 21:12:07 WET [2025/01/15 16:12:07 ET]
Table 'Ndola III' 6-max Seat #2 is the button
Seat 4: Gfoer ($100 in chips) is sitting out
Seat 6: alextony1 ($93.83 in chips) is sitting out
Seat 1: tukeiron ($100 in chips) 
Seat 2: santi820 ($111.27 in chips) 
Seat 3: Rasmusemusic ($42.93 in chips) 
Seat 5: Unipoker11 ($100 in chips) 
Rasmusemusic: posts small blind $0.50
Gfoer: is sitting out 
Unipoker11: posts big blind $1
alextony1: sits out 
*** HOLE CARDS ***
tukeiron: folds 
Gfoer leaves the table
santi820: raises $1.50 to $2.50
Rasmusemusic: calls $2
NISIY joins the table at seat #4 
Unipoker11: folds 
*** FLOP *** [Td Js 6c]
Rasmusemusic: checks 
santi820: bets $1.88
Rasmusemusic: calls $1.88
*** TURN *** [Td Js 6c] [4h]
Rasmusemusic: checks 
santi820: checks 
*** RIVER *** [Td Js 6c 4h] [3h]
Rasmusemusic: bets $5
santi820: folds 
Uncalled bet ($5) returned to Rasmusemusic
Rasmusemusic collected $9.27 from pot
*** SUMMARY ***
Total pot $9.76 | Rake $0.49 
Board [Td Js 6c 4h 3h]
Seat 4: Gfoer
Seat 6: alextony1
Seat 1: tukeiron folded before Flop (didn't bet)
Seat 2: santi820 (button) folded on the River
Seat 3: Rasmusemusic (small blind) collected ($9.27)
Seat 5: Unipoker11 (big blind) folded before Flop



PokerStars Hand #254388930174:  Hold'em No Limit ($0.50/$1.00 USD) - 2025/01/15 21:13:27 WET [2025/01/15 16:13:27 ET]
Table 'Ndola III' 6-max Seat #3 is the button
Seat 4: NISIY ($100 in chips) is sitting out
Seat 1: tukeiron ($100 in chips) 
Seat 2: santi820 ($106.89 in chips) 
Seat 3: Rasmusemusic ($47.82 in chips) 
Seat 5: Unipoker11 ($100 in chips) 
Seat 6: alextony1 ($93.83 in chips) 
Unipoker11: posts small blind $0.50
alextony1: posts big blind $1
*** HOLE CARDS ***
tukeiron: raises $1.50 to $2.50
santi820: folds 
Rasmusemusic: folds 
Unipoker11: folds 
alextony1: calls $1.50
*** FLOP *** [9c 5h 4c]
alextony1: bets $5.22
tukeiron: folds 
Uncalled bet ($5.22) returned to alextony1
alextony1 collected $5.22 from pot
*** SUMMARY ***
Total pot $5.50 | Rake $0.28 
Board [9c 5h 4c]
Seat 4: NISIY
Seat 1: tukeiron folded on the Flop
Seat 2: santi820 folded before Flop (didn't bet)
Seat 3: Rasmusemusic (button) folded before Flop (didn't bet)
Seat 5: Unipoker11 (small blind) folded before Flop
Seat 6: alextony1 (big blind) collected ($5.22)



PokerStars Hand #254388938052:  Hold'em No Limit ($0.50/$1.00 USD) - 2025/01/15 21:13:52 WET [2025/01/15 16:13:52 ET]
Table 'Ndola III' 6-max Seat #5 is the button
Seat 4: NISIY ($100 in chips) is sitting out
Seat 1: tukeiron ($100 in chips) 
Seat 2: santi820 ($106.89 in chips) 
Seat 3: Rasmusemusic ($47.82 in chips) 
Seat 5: Unipoker11 ($100 in chips) 
Seat 6: alextony1 ($96.55 in chips) 
alextony1: posts small blind $0.50
tukeiron: posts big blind $1
NISIY: sits out 
*** HOLE CARDS ***
santi820: folds 
Rasmusemusic: raises $1.50 to $2.50
Unipoker11: folds 
alextony1: folds 
tukeiron: raises $2.50 to $5
Rasmusemusic: calls $2.50
*** FLOP *** [7d 4d 2s]
tukeiron: bets $3.29
Rasmusemusic: calls $3.29
*** TURN *** [7d 4d 2s] [4s]
tukeiron: bets $8.12
Rasmusemusic: folds 
Uncalled bet ($8.12) returned to tukeiron
tukeiron collected $16.23 from pot
tukeiron: doesn't show hand 
*** SUMMARY ***
Total pot $17.08 | Rake $0.85 
Board [7d 4d 2s 4s]
Seat 4: NISIY
Seat 1: tukeiron (big blind) collected ($16.23)
Seat 2: santi820 folded before Flop (didn't bet)
Seat 3: Rasmusemusic folded on the Turn
Seat 5: Unipoker11 (button) folded before Flop (didn't bet)
Seat 6: alextony1 (small blind) folded before Flop



PokerStars Hand #254388959022:  Hold'em No Limit ($0.50/$1.00 USD) - 2025/01/15 21:14:59 WET [2025/01/15 16:14:59 ET]
Table 'Ndola III' 6-max Seat #6 is the button
Seat 4: NISIY ($100 in chips) is sitting out
Seat 1: tukeiron ($107.94 in chips) 
Seat 2: santi820 ($106.89 in chips) 
Seat 3: Rasmusemusic ($39.53 in chips) 
Seat 5: Unipoker11 ($100 in chips) 
Seat 6: alextony1 ($96.05 in chips) 
tukeiron: posts small blind $0.50
santi820: posts big blind $1
NISIY: sits out 
*** HOLE CARDS ***
Rasmusemusic: folds 
Unipoker11: folds 
alextony1: folds 
tukeiron: raises $2 to $3
santi820: folds 
Uncalled bet ($2) returned to tukeiron
tukeiron collected $2 from pot
tukeiron: doesn't show hand 
*** SUMMARY ***
Total pot $2 | Rake $0 
Seat 4: NISIY
Seat 1: tukeiron (small blind) collected ($2)
Seat 2: santi820 (big blind) folded before Flop
Seat 3: Rasmusemusic folded before Flop (didn't bet)
Seat 5: Unipoker11 folded before Flop (didn't bet)
Seat 6: alextony1 (button) folded before Flop (didn't bet)



PokerStars Hand #254388965678:  Hold'em No Limit ($0.50/$1.00 USD) - 2025/01/15 21:15:20 WET [2025/01/15 16:15:20 ET]
Table 'Ndola III' 6-max Seat #1 is the button
Seat 4: NISIY ($100 in chips) is sitting out
Seat 1: tukeiron ($108.94 in chips) 
Seat 2: santi820 ($105.89 in chips) 
Seat 3: Rasmusemusic ($39.53 in chips) 
Seat 5: Unipoker11 ($100 in chips) 
Seat 6: alextony1 ($96.05 in chips) 
santi820: posts small blind $0.50
Rasmusemusic: posts big blind $1
NISIY: sits out 
*** HOLE CARDS ***
Unipoker11: folds 
alextony1: folds 
tukeiron: folds 
santi820: raises $1.70 to $2.70
Rasmusemusic: calls $1.70
*** FLOP *** [3d 4s Ah]
santi820: bets $1.69
Rasmusemusic: folds 
Uncalled bet ($1.69) returned to santi820
santi820 collected $5.13 from pot
santi820: doesn't show hand 
*** SUMMARY ***
Total pot $5.40 | Rake $0.27 
Board [3d 4s Ah]
Seat 4: NISIY
Seat 1: tukeiron (button) folded before Flop (didn't bet)
Seat 2: santi820 (small blind) collected ($5.13)
Seat 3: Rasmusemusic (big blind) folded on the Flop
Seat 5: Unipoker11 folded before Flop (didn't bet)
Seat 6: alextony1 folded before Flop (didn't bet)



PokerStars Hand #254388974587:  Hold'em No Limit ($0.50/$1.00 USD) - 2025/01/15 21:15:48 WET [2025/01/15 16:15:48 ET]
Table 'Ndola III' 6-max Seat #2 is the button
Seat 1: tukeiron ($108.94 in chips) 
Seat 2: santi820 ($108.32 in chips) 
Seat 3: Rasmusemusic ($36.83 in chips) 
Seat 4: NISIY ($100 in chips) 
Seat 5: Unipoker11 ($100 in chips) 
Seat 6: alextony1 ($96.05 in chips) 
Rasmusemusic: posts small blind $0.50
NISIY: posts big blind $1
*** HOLE CARDS ***
Unipoker11: folds 
alextony1: raises $2 to $3
tukeiron: folds 
santi820: folds 
Rasmusemusic: folds 
NISIY: calls $2
*** FLOP *** [2s Jc Ad]
NISIY: checks 
alextony1: bets $3.09
NISIY: calls $3.09
*** TURN *** [2s Jc Ad] [6d]
NISIY: checks 
alextony1: checks 
*** RIVER *** [2s Jc Ad 6d] [8h]
NISIY: bets $1.50
alextony1: raises $3.50 to $5
NISIY: calls $3.50
*** SHOW DOWN ***
alextony1: shows [Kc Qd] (high card Ace)
NISIY: shows [Qh Jh] (a pair of Jacks)
NISIY collected $21.55 from pot
*** SUMMARY ***
Total pot $22.68 | Rake $1.13 
Board [2s Jc Ad 6d 8h]
Seat 1: tukeiron folded before Flop (didn't bet)
Seat 2: santi820 (button) folded before Flop (didn't bet)
Seat 3: Rasmusemusic (small blind) folded before Flop
Seat 4: NISIY (big blind) showed [Qh Jh] and won ($21.55) with a pair of Jacks
Seat 5: Unipoker11 folded before Flop (didn't bet)
Seat 6: alextony1 showed [Kc Qd] and lost with high card Ace



PokerStars Hand #254388986372:  Hold'em No Limit ($0.50/$1.00 USD) - 2025/01/15 21:16:26 WET [2025/01/15 16:16:26 ET]
Table 'Ndola III' 6-max Seat #3 is the button
Seat 1: tukeiron ($108.94 in chips) 
Seat 2: santi820 ($108.32 in chips) 
Seat 3: Rasmusemusic ($36.33 in chips) 
Seat 4: NISIY ($110.46 in chips) 
Seat 5: Unipoker11 ($100 in chips) 
Seat 6: alextony1 ($84.96 in chips) 
NISIY: posts small blind $0.50
Unipoker11: posts big blind $1
*** HOLE CARDS ***
alextony1: calls $1
tukeiron: folds 
santi820: folds 
Rasmusemusic: folds 
NISIY: folds 
Unipoker11: checks 
*** FLOP *** [Kc 3c Jh]
Unipoker11: checks 
alextony1: checks 
*** TURN *** [Kc 3c Jh] [Kd]
Unipoker11: checks 
alextony1: bets $1
Unipoker11: calls $1
*** RIVER *** [Kc 3c Jh Kd] [2s]
Unipoker11: bets $1.41
alextony1: folds 
Uncalled bet ($1.41) returned to Unipoker11
Unipoker11 collected $4.28 from pot
Unipoker11: doesn't show hand 
*** SUMMARY ***
Total pot $4.50 | Rake $0.22 
Board [Kc 3c Jh Kd 2s]
Seat 1: tukeiron folded before Flop (didn't bet)
Seat 2: santi820 folded before Flop (didn't bet)
Seat 3: Rasmusemusic (button) folded before Flop (didn't bet)
Seat 4: NISIY (small blind) folded before Flop
Seat 5: Unipoker11 (big blind) collected ($4.28)
Seat 6: alextony1 folded on the River



PokerStars Hand #254389005249:  Hold'em No Limit ($0.50/$1.00 USD) - 2025/01/15 21:17:26 WET [2025/01/15 16:17:26 ET]
Table 'Ndola III' 6-max Seat #4 is the button
Seat 1: tukeiron ($108.94 in chips) 
Seat 2: santi820 ($108.32 in chips) 
Seat 3: Rasmusemusic ($36.33 in chips) 
Seat 4: NISIY ($109.96 in chips) 
Seat 5: Unipoker11 ($102.28 in chips) 
Seat 6: alextony1 ($82.96 in chips) 
Unipoker11: posts small blind $0.50
alextony1: posts big blind $1
*** HOLE CARDS ***
tukeiron: folds 
santi820: raises $1 to $2
Rasmusemusic: folds 
NISIY: folds 
Unipoker11: folds 
alextony1: calls $1
*** FLOP *** [Kd 5s 2h]
alextony1: checks 
santi820: checks 
*** TURN *** [Kd 5s 2h] [Ts]
alextony1: checks 
santi820: checks 
*** RIVER *** [Kd 5s 2h Ts] [Qc]
alextony1: checks 
santi820: bets $1.41
alextony1: folds 
Uncalled bet ($1.41) returned to santi820
santi820 collected $4.28 from pot
santi820: doesn't show hand 
*** SUMMARY ***
Total pot $4.50 | Rake $0.22 
Board [Kd 5s 2h Ts Qc]
Seat 1: tukeiron folded before Flop (didn't bet)
Seat 2: santi820 collected ($4.28)
Seat 3: Rasmusemusic folded before Flop (didn't bet)
Seat 4: NISIY (button) folded before Flop (didn't bet)
Seat 5: Unipoker11 (small blind) folded before Flop
Seat 6: alextony1 (big blind) folded on the River



PokerStars Hand #254389022362:  Hold'em No Limit ($0.50/$1.00 USD) - 2025/01/15 21:18:20 WET [2025/01/15 16:18:20 ET]
Table 'Ndola III' 6-max Seat #5 is the button
Seat 1: tukeiron ($108.94 in chips) 
Seat 2: santi820 ($110.60 in chips) 
Seat 3: Rasmusemusic ($36.33 in chips) 
Seat 4: NISIY ($109.96 in chips) 
Seat 5: Unipoker11 ($101.78 in chips) 
Seat 6: alextony1 ($80.96 in chips) 
alextony1: posts small blind $0.50
tukeiron: posts big blind $1
*** HOLE CARDS ***
santi820: folds 
Rasmusemusic: folds 
NISIY: folds 
Unipoker11: folds 
alextony1: folds 
Uncalled bet ($0.50) returned to tukeiron
tukeiron collected $1 from pot
*** SUMMARY ***
Total pot $1 | Rake $0 
Seat 1: tukeiron (big blind) collected ($1)
Seat 2: santi820 folded before Flop (didn't bet)
Seat 3: Rasmusemusic folded before Flop (didn't bet)
Seat 4: NISIY folded before Flop (didn't bet)
Seat 5: Unipoker11 (button) folded before Flop (didn't bet)
Seat 6: alextony1 (small blind) folded before Flop



PokerStars Hand #254389027896:  Hold'em No Limit ($0.50/$1.00 USD) - 2025/01/15 21:18:37 WET [2025/01/15 16:18:37 ET]
Table 'Ndola III' 6-max Seat #6 is the button
Seat 1: tukeiron ($109.44 in chips) 
Seat 2: santi820 ($110.60 in chips) 
Seat 3: Rasmusemusic ($36.33 in chips) 
Seat 4: NISIY ($109.96 in chips) 
Seat 5: Unipoker11 ($101.78 in chips) 
Seat 6: alextony1 ($80.46 in chips) 
tukeiron: posts small blind $0.50
santi820: posts big blind $1
*** HOLE CARDS ***
Rasmusemusic: folds 
NISIY: folds 
Unipoker11: raises $1.30 to $2.30
alextony1: folds 
tukeiron: raises $8.70 to $11
santi820: folds 
Unipoker11: folds 
Uncalled bet ($8.70) returned to tukeiron
tukeiron collected $5.60 from pot
*** SUMMARY ***
Total pot $5.60 | Rake $0 
Seat 1: tukeiron (small blind) collected ($5.60)
Seat 2: santi820 (big blind) folded before Flop
Seat 3: Rasmusemusic folded before Flop (didn't bet)
Seat 4: NISIY folded before Flop (didn't bet)
Seat 5: Unipoker11 folded before Flop
Seat 6: alextony1 (button) folded before Flop (didn't bet)



PokerStars Hand #254389041039:  Hold'em No Limit ($0.50/$1.00 USD) - 2025/01/15 21:19:19 WET [2025/01/15 16:19:19 ET]
Table 'Ndola III' 6-max Seat #1 is the button
Seat 1: tukeiron ($112.74 in chips) 
Seat 2: santi820 ($109.60 in chips) 
Seat 3: Rasmusemusic ($36.33 in chips) 
Seat 4: NISIY ($109.96 in chips) 
Seat 5: Unipoker11 ($100 in chips) 
Seat 6: alextony1 ($80.46 in chips) 
santi820: posts small blind $0.50
Rasmusemusic: posts big blind $1
*** HOLE CARDS ***
NISIY: folds 
Unipoker11: raises $1 to $2
alextony1: folds 
tukeiron: calls $2
santi820: folds 
Rasmusemusic: calls $1
*** FLOP *** [Ts 4s 6s]
Rasmusemusic: checks 
Unipoker11: checks 
tukeiron: checks 
*** TURN *** [Ts 4s 6s] [Tc]
Rasmusemusic: checks 
Unipoker11: checks 
tukeiron: checks 
*** RIVER *** [Ts 4s 6s Tc] [Ac]
Rasmusemusic: checks 
Unipoker11: checks 
tukeiron: bets $6.18
Rasmusemusic: folds 
Unipoker11: calls $6.18
*** SHOW DOWN ***
tukeiron: shows [Ah Jd] (two pair, Aces and Tens)
Unipoker11: mucks hand 
tukeiron collected $17.92 from pot
*** SUMMARY ***
Total pot $18.86 | Rake $0.94 
Board [Ts 4s 6s Tc Ac]
Seat 1: tukeiron (button) showed [Ah Jd] and won ($17.92) with two pair, Aces and Tens
Seat 2: santi820 (small blind) folded before Flop
Seat 3: Rasmusemusic (big blind) folded on the River
Seat 4: NISIY folded before Flop (didn't bet)
Seat 5: Unipoker11 mucked
Seat 6: alextony1 folded before Flop (didn't bet)



PokerStars Hand #254389076778:  Hold'em No Limit ($0.50/$1.00 USD) - 2025/01/15 21:21:12 WET [2025/01/15 16:21:12 ET]
Table 'Ndola III' 6-max Seat #2 is the button
Seat 1: tukeiron ($122.48 in chips) 
Seat 2: santi820 ($109.10 in chips) 
Seat 3: Rasmusemusic ($34.33 in chips) 
Seat 4: NISIY ($109.96 in chips) 
Seat 5: Unipoker11 ($100 in chips) 
Seat 6: alextony1 ($80.46 in chips) 
Rasmusemusic: posts small blind $0.50
NISIY: posts big blind $1
*** HOLE CARDS ***
Unipoker11: folds 
alextony1: folds 
tukeiron: folds 
santi820: folds 
Rasmusemusic: raises $2 to $3
NISIY: calls $2
*** FLOP *** [Tc Jc 6d]
Rasmusemusic: bets $3
NISIY: calls $3
*** TURN *** [Tc Jc 6d] [Ks]
Rasmusemusic: checks 
NISIY: bets $7.52
Rasmusemusic: folds 
Uncalled bet ($7.52) returned to NISIY
NISIY collected $11.40 from pot
NISIY: doesn't show hand 
*** SUMMARY ***
Total pot $12 | Rake $0.60 
Board [Tc Jc 6d Ks]
Seat 1: tukeiron folded before Flop (didn't bet)
Seat 2: santi820 (button) folded before Flop (didn't bet)
Seat 3: Rasmusemusic (small blind) folded on the Turn
Seat 4: NISIY (big blind) collected ($11.40)
Seat 5: Unipoker11 folded before Flop (didn't bet)
Seat 6: alextony1 folded before Flop (didn't bet)



PokerStars Hand #254389088636:  Hold'em No Limit ($0.50/$1.00 USD) - 2025/01/15 21:21:50 WET [2025/01/15 16:21:50 ET]
Table 'Ndola III' 6-max Seat #3 is the button
Seat 1: tukeiron ($122.48 in chips) 
Seat 2: santi820 ($109.10 in chips) 
Seat 3: Rasmusemusic ($28.33 in chips) 
Seat 4: NISIY ($115.36 in chips) 
Seat 5: Unipoker11 ($100 in chips) 
Seat 6: alextony1 ($80.46 in chips) 
NISIY: posts small blind $0.50
Unipoker11: posts big blind $1
*** HOLE CARDS ***
alextony1: raises $1 to $2
tukeiron: folds 
santi820: folds 
Rasmusemusic: folds 
NISIY: folds 
Unipoker11: folds 
Uncalled bet ($1) returned to alextony1
alextony1 collected $2.50 from pot
*** SUMMARY ***
Total pot $2.50 | Rake $0 
Seat 1: tukeiron folded before Flop (didn't bet)
Seat 2: santi820 folded before Flop (didn't bet)
Seat 3: Rasmusemusic (button) folded before Flop (didn't bet)
Seat 4: NISIY (small blind) folded before Flop
Seat 5: Unipoker11 (big blind) folded before Flop
Seat 6: alextony1 collected ($2.50)



PokerStars Hand #254389094181:  Hold'em No Limit ($0.50/$1.00 USD) - 2025/01/15 21:22:08 WET [2025/01/15 16:22:08 ET]
Table 'Ndola III' 6-max Seat #4 is the button
Seat 1: tukeiron ($122.48 in chips) 
Seat 2: santi820 ($109.10 in chips) 
Seat 3: Rasmusemusic ($28.33 in chips) 
Seat 4: NISIY ($114.86 in chips) 
Seat 5: Unipoker11 ($100 in chips) 
Seat 6: alextony1 ($81.96 in chips) 
Unipoker11: posts small blind $0.50
alextony1: posts big blind $1
*** HOLE CARDS ***
tukeiron: folds 
santi820: folds 
Rasmusemusic: calls $1
NISIY: folds 
Unipoker11: folds 
alextony1: checks 
*** FLOP *** [Qd Kc 9h]
alextony1: checks 
Rasmusemusic: bets $1
alextony1: folds 
Uncalled bet ($1) returned to Rasmusemusic
Rasmusemusic collected $2.38 from pot
*** SUMMARY ***
Total pot $2.50 | Rake $0.12 
Board [Qd Kc 9h]
Seat 1: tukeiron folded before Flop (didn't bet)
Seat 2: santi820 folded before Flop (didn't bet)
Seat 3: Rasmusemusic collected ($2.38)
Seat 4: NISIY (button) folded before Flop (didn't bet)
Seat 5: Unipoker11 (small blind) folded before Flop
Seat 6: alextony1 (big blind) folded on the Flop



PokerStars Hand #254389102118:  Hold'em No Limit ($0.50/$1.00 USD) - 2025/01/15 21:22:33 WET [2025/01/15 16:22:33 ET]
Table 'Ndola III' 6-max Seat #5 is the button
Seat 1: tukeiron ($122.48 in chips) 
Seat 2: santi820 ($109.10 in chips) 
Seat 3: Rasmusemusic ($29.71 in chips) 
Seat 4: NISIY ($114.86 in chips) 
Seat 5: Unipoker11 ($100 in chips) 
Seat 6: alextony1 ($80.96 in chips) 
alextony1: posts small blind $0.50
tukeiron: posts big blind $1
*** HOLE CARDS ***
santi820: folds 
Rasmusemusic: raises $1 to $2
NISIY: calls $2
Unipoker11: calls $2
alextony1: calls $1.50
tukeiron: calls $1
*** FLOP *** [5h Jd 2h]
alextony1: checks 
tukeiron: checks 
Rasmusemusic: checks 
NISIY: checks 
Unipoker11: checks 
*** TURN *** [5h Jd 2h] [Ad]
alextony1: checks 
tukeiron: checks 
Rasmusemusic: checks 
NISIY: checks 
Unipoker11: bets $6.36
alextony1: folds 
tukeiron: folds 
Rasmusemusic: folds 
alextony1 leaves the table
NISIY: folds 
Uncalled bet ($6.36) returned to Unipoker11
Unipoker11 collected $9.50 from pot
Unipoker11: doesn't show hand 
*** SUMMARY ***
Total pot $10 | Rake $0.50 
Board [5h Jd 2h Ad]
Seat 1: tukeiron (big blind) folded on the Turn
Seat 2: santi820 folded before Flop (didn't bet)
Seat 3: Rasmusemusic folded on the Turn
Seat 4: NISIY folded on the Turn
Seat 5: Unipoker11 (button) collected ($9.50)
Seat 6: alextony1 (small blind) folded on the Turn



PokerStars Hand #254389124820:  Hold'em No Limit ($0.50/$1.00 USD) - 2025/01/15 21:23:47 WET [2025/01/15 16:23:47 ET]
Table 'Ndola III' 6-max Seat #1 is the button
Seat 1: tukeiron ($120.48 in chips) 
Seat 2: santi820 ($109.10 in chips) 
Seat 3: Rasmusemusic ($27.71 in chips) 
Seat 4: NISIY ($112.86 in chips) 
Seat 5: Unipoker11 ($107.50 in chips) 
santi820: posts small blind $0.50
Rasmusemusic: posts big blind $1
*** HOLE CARDS ***
NISIY: folds 
NISIY leaves the table
Unipoker11: raises $1.30 to $2.30
BumHuntKing joins the table at seat #6 
tukeiron: folds 
santi820: folds 
Rasmusemusic: folds 
Uncalled bet ($1.30) returned to Unipoker11
Unipoker11 collected $2.50 from pot
Unipoker11: doesn't show hand 
*** SUMMARY ***
Total pot $2.50 | Rake $0 
Seat 1: tukeiron (button) folded before Flop (didn't bet)
Seat 2: santi820 (small blind) folded before Flop
Seat 3: Rasmusemusic (big blind) folded before Flop
Seat 4: NISIY folded before Flop (didn't bet)
Seat 5: Unipoker11 collected ($2.50)



PokerStars Hand #254389130793:  Hold'em No Limit ($0.50/$1.00 USD) - 2025/01/15 21:24:06 WET [2025/01/15 16:24:06 ET]
Table 'Ndola III' 6-max Seat #2 is the button
Seat 6: BumHuntKing ($100 in chips) is sitting out
Seat 1: tukeiron ($120.48 in chips) 
Seat 2: santi820 ($108.60 in chips) 
Seat 3: Rasmusemusic ($26.71 in chips) 
Seat 5: Unipoker11 ($109 in chips) 
Rasmusemusic: posts small blind $0.50
Unipoker11: posts big blind $1
BumHuntKing: sits out 
*** HOLE CARDS ***
tukeiron: folds 
santi820: folds 
Rasmusemusic: raises $2 to $3
Unipoker11: folds 
Uncalled bet ($2) returned to Rasmusemusic
Rasmusemusic collected $2 from pot
*** SUMMARY ***
Total pot $2 | Rake $0 
Seat 6: BumHuntKing
Seat 1: tukeiron folded before Flop (didn't bet)
Seat 2: santi820 (button) folded before Flop (didn't bet)
Seat 3: Rasmusemusic (small blind) collected ($2)
Seat 5: Unipoker11 (big blind) folded before Flop



PokerStars Hand #254389134813:  Hold'em No Limit ($0.50/$1.00 USD) - 2025/01/15 21:24:19 WET [2025/01/15 16:24:19 ET]
Table 'Ndola III' 6-max Seat #3 is the button
Seat 1: tukeiron ($120.48 in chips) 
Seat 2: santi820 ($108.60 in chips) 
Seat 3: Rasmusemusic ($27.71 in chips) 
Seat 5: Unipoker11 ($108 in chips) 
Seat 6: BumHuntKing ($100 in chips) 
Unipoker11: posts small blind $0.50
BumHuntKing: posts big blind $1
*** HOLE CARDS ***
tukeiron: folds 
nastja336 joins the table at seat #4 
santi820: raises $1 to $2
Rasmusemusic: folds 
Unipoker11: folds 
BumHuntKing: folds 
Uncalled bet ($1) returned to santi820
santi820 collected $2.50 from pot
santi820: doesn't show hand 
*** SUMMARY ***
Total pot $2.50 | Rake $0 
Seat 1: tukeiron folded before Flop (didn't bet)
Seat 2: santi820 collected ($2.50)
Seat 3: Rasmusemusic (button) folded before Flop (didn't bet)
Seat 5: Unipoker11 (small blind) folded before Flop
Seat 6: BumHuntKing (big blind) folded before Flop



PokerStars Hand #254389142234:  Hold'em No Limit ($0.50/$1.00 USD) - 2025/01/15 21:24:43 WET [2025/01/15 16:24:43 ET]
Table 'Ndola III' 6-max Seat #5 is the button
Seat 4: nastja336 ($100 in chips) is sitting out
Seat 1: tukeiron ($120.48 in chips) 
Seat 2: santi820 ($110.10 in chips) 
Seat 3: Rasmusemusic ($27.71 in chips) 
Seat 5: Unipoker11 ($107.50 in chips) 
Seat 6: BumHuntKing ($100 in chips) 
BumHuntKing: posts small blind $0.50
tukeiron: posts big blind $1
nastja336: sits out 
*** HOLE CARDS ***
santi820: folds 
Rasmusemusic: folds 
Unipoker11: folds 
BumHuntKing: folds 
Uncalled bet ($0.50) returned to tukeiron
tukeiron collected $1 from pot
*** SUMMARY ***
Total pot $1 | Rake $0 
Seat 4: nastja336
Seat 1: tukeiron (big blind) collected ($1)
Seat 2: santi820 folded before Flop (didn't bet)
Seat 3: Rasmusemusic folded before Flop (didn't bet)
Seat 5: Unipoker11 (button) folded before Flop (didn't bet)
Seat 6: BumHuntKing (small blind) folded before Flop



PokerStars Hand #254389145848:  Hold'em No Limit ($0.50/$1.00 USD) - 2025/01/15 21:24:54 WET [2025/01/15 16:24:54 ET]
Table 'Ndola III' 6-max Seat #6 is the button
Seat 4: nastja336 ($100 in chips) is sitting out
Seat 1: tukeiron ($120.98 in chips) 
Seat 2: santi820 ($110.10 in chips) 
Seat 3: Rasmusemusic ($27.71 in chips) 
Seat 5: Unipoker11 ($107.50 in chips) 
Seat 6: BumHuntKing ($100 in chips) 
tukeiron: posts small blind $0.50
santi820: posts big blind $1
nastja336: sits out 
*** HOLE CARDS ***
Rasmusemusic: folds 
Unipoker11: folds 
BumHuntKing: folds 
tukeiron: folds 
Uncalled bet ($0.50) returned to santi820
santi820 collected $1 from pot
santi820: doesn't show hand 
*** SUMMARY ***
Total pot $1 | Rake $0 
Seat 4: nastja336
Seat 1: tukeiron (small blind) folded before Flop
Seat 2: santi820 (big blind) collected ($1)
Seat 3: Rasmusemusic folded before Flop (didn't bet)
Seat 5: Unipoker11 folded before Flop (didn't bet)
Seat 6: BumHuntKing (button) folded before Flop (didn't bet)



PokerStars Hand #254389149520:  Hold'em No Limit ($0.50/$1.00 USD) - 2025/01/15 21:25:06 WET [2025/01/15 16:25:06 ET]
Table 'Ndola III' 6-max Seat #1 is the button
Seat 4: nastja336 ($100 in chips) is sitting out
Seat 1: tukeiron ($120.48 in chips) 
Seat 2: santi820 ($110.60 in chips) 
Seat 3: Rasmusemusic ($27.71 in chips) 
Seat 5: Unipoker11 ($107.50 in chips) 
Seat 6: BumHuntKing ($100 in chips) 
santi820: posts small blind $0.50
Rasmusemusic: posts big blind $1
nastja336: sits out 
*** HOLE CARDS ***
Unipoker11: folds 
BumHuntKing: raises $1.20 to $2.20
tukeiron: folds 
santi820: folds 
Rasmusemusic: folds 
Uncalled bet ($1.20) returned to BumHuntKing
BumHuntKing collected $2.50 from pot
BumHuntKing: doesn't show hand 
*** SUMMARY ***
Total pot $2.50 | Rake $0 
Seat 4: nastja336
Seat 1: tukeiron (button) folded before Flop (didn't bet)
Seat 2: santi820 (small blind) folded before Flop
Seat 3: Rasmusemusic (big blind) folded before Flop
Seat 5: Unipoker11 folded before Flop (didn't bet)
Seat 6: BumHuntKing collected ($2.50)



PokerStars Hand #254389157145:  Hold'em No Limit ($0.50/$1.00 USD) - 2025/01/15 21:25:30 WET [2025/01/15 16:25:30 ET]
Table 'Ndola III' 6-max Seat #2 is the button
Seat 1: tukeiron ($120.48 in chips) 
Seat 2: santi820 ($110.10 in chips) 
Seat 3: Rasmusemusic ($26.71 in chips) 
Seat 4: nastja336 ($100 in chips) 
Seat 5: Unipoker11 ($107.50 in chips) 
Seat 6: BumHuntKing ($101.50 in chips) 
Rasmusemusic: posts small blind $0.50
nastja336: posts big blind $1
*** HOLE CARDS ***
Unipoker11: folds 
BumHuntKing: folds 
tukeiron: folds 
santi820: raises $1.50 to $2.50
Rasmusemusic: folds 
nastja336: folds 
Uncalled bet ($1.50) returned to santi820
santi820 collected $2.50 from pot
santi820: doesn't show hand 
*** SUMMARY ***
Total pot $2.50 | Rake $0 
Seat 1: tukeiron folded before Flop (didn't bet)
Seat 2: santi820 (button) collected ($2.50)
Seat 3: Rasmusemusic (small blind) folded before Flop
Seat 4: nastja336 (big blind) folded before Flop
Seat 5: Unipoker11 folded before Flop (didn't bet)
Seat 6: BumHuntKing folded before Flop (didn't bet)



PokerStars Hand #254389168300:  Hold'em No Limit ($0.50/$1.00 USD) - 2025/01/15 21:26:05 WET [2025/01/15 16:26:05 ET]
Table 'Ndola III' 6-max Seat #3 is the button
Seat 1: tukeiron ($120.48 in chips) 
Seat 2: santi820 ($111.60 in chips) 
Seat 3: Rasmusemusic ($26.21 in chips) 
Seat 4: nastja336 ($100 in chips) 
Seat 5: Unipoker11 ($107.50 in chips) 
Seat 6: BumHuntKing ($101.50 in chips) 
nastja336: posts small blind $0.50
Unipoker11: posts big blind $1
*** HOLE CARDS ***
BumHuntKing: raises $1.20 to $2.20
tukeiron: folds 
santi820: folds 
Rasmusemusic: folds 
nastja336: folds 
Unipoker11: folds 
Uncalled bet ($1.20) returned to BumHuntKing
BumHuntKing collected $2.50 from pot
BumHuntKing: doesn't show hand 
*** SUMMARY ***
Total pot $2.50 | Rake $0 
Seat 1: tukeiron folded before Flop (didn't bet)
Seat 2: santi820 folded before Flop (didn't bet)
Seat 3: Rasmusemusic (button) folded before Flop (didn't bet)
Seat 4: nastja336 (small blind) folded before Flop
Seat 5: Unipoker11 (big blind) folded before Flop
Seat 6: BumHuntKing collected ($2.50)



PokerStars Hand #254389175095:  Hold'em No Limit ($0.50/$1.00 USD) - 2025/01/15 21:26:27 WET [2025/01/15 16:26:27 ET]
Table 'Ndola III' 6-max Seat #4 is the button
Seat 1: tukeiron ($120.48 in chips) 
Seat 2: santi820 ($111.60 in chips) 
Seat 3: Rasmusemusic ($26.21 in chips) 
Seat 4: nastja336 ($100 in chips) 
Seat 5: Unipoker11 ($106.50 in chips) 
Seat 6: BumHuntKing ($103 in chips) 
Unipoker11: posts small blind $0.50
BumHuntKing: posts big blind $1
*** HOLE CARDS ***
tukeiron: folds 
santi820: raises $1 to $2
Rasmusemusic: folds 
nastja336: folds 
Unipoker11: folds 
BumHuntKing: folds 
Uncalled bet ($1) returned to santi820
santi820 collected $2.50 from pot
santi820: doesn't show hand 
*** SUMMARY ***
Total pot $2.50 | Rake $0 
Seat 1: tukeiron folded before Flop (didn't bet)
Seat 2: santi820 collected ($2.50)
Seat 3: Rasmusemusic folded before Flop (didn't bet)
Seat 4: nastja336 (button) folded before Flop (didn't bet)
Seat 5: Unipoker11 (small blind) folded before Flop
Seat 6: BumHuntKing (big blind) folded before Flop



PokerStars Hand #254389182588:  Hold'em No Limit ($0.50/$1.00 USD) - 2025/01/15 21:26:50 WET [2025/01/15 16:26:50 ET]
Table 'Ndola III' 6-max Seat #5 is the button
Seat 1: tukeiron ($120.48 in chips) 
Seat 2: santi820 ($113.10 in chips) 
Seat 3: Rasmusemusic ($26.21 in chips) 
Seat 4: nastja336 ($100 in chips) 
Seat 5: Unipoker11 ($106 in chips) 
Seat 6: BumHuntKing ($102 in chips) 
BumHuntKing: posts small blind $0.50
tukeiron: posts big blind $1
*** HOLE CARDS ***
santi820: folds 
Rasmusemusic: calls $1
nastja336: raises $3 to $4
Unipoker11: folds 
BumHuntKing: folds 
tukeiron: folds 
Rasmusemusic: folds 
Uncalled bet ($3) returned to nastja336
nastja336 collected $3.50 from pot
nastja336: doesn't show hand 
*** SUMMARY ***
Total pot $3.50 | Rake $0 
Seat 1: tukeiron (big blind) folded before Flop
Seat 2: santi820 folded before Flop (didn't bet)
Seat 3: Rasmusemusic folded before Flop
Seat 4: nastja336 collected ($3.50)
Seat 5: Unipoker11 (button) folded before Flop (didn't bet)
Seat 6: BumHuntKing (small blind) folded before Flop



PokerStars Hand #254389188859:  Hold'em No Limit ($0.50/$1.00 USD) - 2025/01/15 21:27:10 WET [2025/01/15 16:27:10 ET]
Table 'Ndola III' 6-max Seat #6 is the button
Seat 1: tukeiron ($119.48 in chips) 
Seat 2: santi820 ($113.10 in chips) 
Seat 3: Rasmusemusic ($25.21 in chips) 
Seat 4: nastja336 ($102.50 in chips) 
Seat 5: Unipoker11 ($106 in chips) 
Seat 6: BumHuntKing ($101.50 in chips) 
tukeiron: posts small blind $0.50
santi820: posts big blind $1
*** HOLE CARDS ***
Rasmusemusic: folds 
nastja336: raises $1.50 to $2.50
Unipoker11: folds 
BumHuntKing: folds 
tukeiron: folds 
santi820: folds 
Uncalled bet ($1.50) returned to nastja336
nastja336 collected $2.50 from pot
nastja336: doesn't show hand 
*** SUMMARY ***
Total pot $2.50 | Rake $0 
Seat 1: tukeiron (small blind) folded before Flop
Seat 2: santi820 (big blind) folded before Flop
Seat 3: Rasmusemusic folded before Flop (didn't bet)
Seat 4: nastja336 collected ($2.50)
Seat 5: Unipoker11 folded before Flop (didn't bet)
Seat 6: BumHuntKing (button) folded before Flop (didn't bet)



PokerStars Hand #254389196311:  Hold'em No Limit ($0.50/$1.00 USD) - 2025/01/15 21:27:34 WET [2025/01/15 16:27:34 ET]
Table 'Ndola III' 6-max Seat #1 is the button
Seat 1: tukeiron ($118.98 in chips) 
Seat 2: santi820 ($112.10 in chips) 
Seat 3: Rasmusemusic ($25.21 in chips) 
Seat 4: nastja336 ($104 in chips) 
Seat 5: Unipoker11 ($106 in chips) 
Seat 6: BumHuntKing ($101.50 in chips) 
santi820: posts small blind $0.50
Rasmusemusic: posts big blind $1
*** HOLE CARDS ***
nastja336: folds 
Unipoker11: folds 
BumHuntKing: folds 
tukeiron: folds 
santi820: raises $1.50 to $2.50
Rasmusemusic: folds 
Uncalled bet ($1.50) returned to santi820
santi820 collected $2 from pot
santi820: doesn't show hand 
*** SUMMARY ***
Total pot $2 | Rake $0 
Seat 1: tukeiron (button) folded before Flop (didn't bet)
Seat 2: santi820 (small blind) collected ($2)
Seat 3: Rasmusemusic (big blind) folded before Flop
Seat 4: nastja336 folded before Flop (didn't bet)
Seat 5: Unipoker11 folded before Flop (didn't bet)
Seat 6: BumHuntKing folded before Flop (didn't bet)



PokerStars Hand #254389201880:  Hold'em No Limit ($0.50/$1.00 USD) - 2025/01/15 21:27:51 WET [2025/01/15 16:27:51 ET]
Table 'Ndola III' 6-max Seat #2 is the button
Seat 4: nastja336 ($104 in chips) is sitting out
Seat 1: tukeiron ($118.98 in chips) 
Seat 2: santi820 ($113.10 in chips) 
Seat 3: Rasmusemusic ($24.21 in chips) 
Seat 5: Unipoker11 ($106 in chips) 
Seat 6: BumHuntKing ($101.50 in chips) 
Rasmusemusic: posts small blind $0.50
nastja336: is sitting out 
Unipoker11: posts big blind $1
*** HOLE CARDS ***
nastja336 leaves the table
BumHuntKing: folds 
tukeiron: raises $1.50 to $2.50
santi820: folds 
Rasmusemusic: folds 
z00mba joins the table at seat #4 
Unipoker11: folds 
Uncalled bet ($1.50) returned to tukeiron
tukeiron collected $2.50 from pot
*** SUMMARY ***
Total pot $2.50 | Rake $0 
Seat 4: nastja336
Seat 1: tukeiron collected ($2.50)
Seat 2: santi820 (button) folded before Flop (didn't bet)
Seat 3: Rasmusemusic (small blind) folded before Flop
Seat 5: Unipoker11 (big blind) folded before Flop
Seat 6: BumHuntKing folded before Flop (didn't bet)



PokerStars Hand #254389208162:  Hold'em No Limit ($0.50/$1.00 USD) - 2025/01/15 21:28:11 WET [2025/01/15 16:28:11 ET]
Table 'Ndola III' 6-max Seat #3 is the button
Seat 4: z00mba ($100 in chips) is sitting out
Seat 1: tukeiron ($120.48 in chips) 
Seat 2: santi820 ($113.10 in chips) 
Seat 3: Rasmusemusic ($23.71 in chips) 
Seat 5: Unipoker11 ($105 in chips) 
Seat 6: BumHuntKing ($101.50 in chips) 
Unipoker11: posts small blind $0.50
BumHuntKing: posts big blind $1
*** HOLE CARDS ***
tukeiron: folds 
santi820: folds 
Rasmusemusic: folds 
Unipoker11: raises $2 to $3
BumHuntKing: folds 
Uncalled bet ($2) returned to Unipoker11
Unipoker11 collected $2 from pot
Unipoker11: doesn't show hand 
*** SUMMARY ***
Total pot $2 | Rake $0 
Seat 4: z00mba
Seat 1: tukeiron folded before Flop (didn't bet)
Seat 2: santi820 folded before Flop (didn't bet)
Seat 3: Rasmusemusic (button) folded before Flop (didn't bet)
Seat 5: Unipoker11 (small blind) collected ($2)
Seat 6: BumHuntKing (big blind) folded before Flop



PokerStars Hand #254389214280:  Hold'em No Limit ($0.50/$1.00 USD) - 2025/01/15 21:28:31 WET [2025/01/15 16:28:31 ET]
Table 'Ndola III' 6-max Seat #5 is the button
Seat 4: z00mba ($100 in chips) is sitting out
Seat 1: tukeiron ($120.48 in chips) 
Seat 2: santi820 ($113.10 in chips) 
Seat 3: Rasmusemusic ($23.71 in chips) 
Seat 5: Unipoker11 ($106 in chips) 
Seat 6: BumHuntKing ($100.50 in chips) 
BumHuntKing: posts small blind $0.50
tukeiron: posts big blind $1
z00mba: sits out 
*** HOLE CARDS ***
santi820: folds 
Rasmusemusic: folds 
Unipoker11: folds 
BumHuntKing: raises $2 to $3
tukeiron: folds 
Uncalled bet ($2) returned to BumHuntKing
BumHuntKing collected $2 from pot
BumHuntKing: doesn't show hand 
*** SUMMARY ***
Total pot $2 | Rake $0 
Seat 4: z00mba
Seat 1: tukeiron (big blind) folded before Flop
Seat 2: santi820 folded before Flop (didn't bet)
Seat 3: Rasmusemusic folded before Flop (didn't bet)
Seat 5: Unipoker11 (button) folded before Flop (didn't bet)
Seat 6: BumHuntKing (small blind) collected ($2)



PokerStars Hand #254389276708:  Hold'em No Limit ($0.50/$1.00 USD) - 2025/01/15 21:31:48 WET [2025/01/15 16:31:48 ET]
Table 'Ndola III' 6-max Seat #6 is the button
Seat 1: tukeiron ($117.98 in chips) 
Seat 2: santi820 ($109.53 in chips) 
Seat 3: Rasmusemusic ($28.37 in chips) 
Seat 4: Christianzt1 ($101.50 in chips) 
Seat 5: Unipoker11 ($104.50 in chips) 
Seat 6: BumHuntKing ($101.50 in chips) 
tukeiron: posts small blind $0.50
santi820: posts big blind $1
*** HOLE CARDS ***
Rasmusemusic: folds 
Christianzt1: raises $1.40 to $2.40
Unipoker11: folds 
BumHuntKing: calls $2.40
tukeiron: folds 
santi820: folds 
*** FLOP *** [3c 9c Tc]
Christianzt1: checks 
BumHuntKing: bets $1.97
Christianzt1: calls $1.97
*** TURN *** [3c 9c Tc] [3d]
Christianzt1: checks 
BumHuntKing: bets $12.16
Christianzt1: calls $12.16
*** RIVER *** [3c 9c Tc 3d] [2s]
Christianzt1: checks 
BumHuntKing: bets $84.97 and is all-in
Christianzt1: folds 
Uncalled bet ($84.97) returned to BumHuntKing
BumHuntKing collected $32.83 from pot
BumHuntKing: doesn't show hand 
*** SUMMARY ***
Total pot $34.56 | Rake $1.73 
Board [3c 9c Tc 3d 2s]
Seat 1: tukeiron (small blind) folded before Flop
Seat 2: santi820 (big blind) folded before Flop
Seat 3: Rasmusemusic folded before Flop (didn't bet)
Seat 4: Christianzt1 folded on the River
Seat 5: Unipoker11 folded before Flop (didn't bet)
Seat 6: BumHuntKing (button) collected ($32.83)



PokerStars Hand #254389303564:  Hold'em No Limit ($0.50/$1.00 USD) - 2025/01/15 21:33:13 WET [2025/01/15 16:33:13 ET]
Table 'Ndola III' 6-max Seat #1 is the button
Seat 1: tukeiron ($117.48 in chips) 
Seat 2: santi820 ($108.53 in chips) 
Seat 3: Rasmusemusic ($28.37 in chips) 
Seat 4: Christianzt1 ($100 in chips) 
Seat 5: Unipoker11 ($104.50 in chips) 
Seat 6: BumHuntKing ($117.80 in chips) 
santi820: posts small blind $0.50
Rasmusemusic: posts big blind $1
*** HOLE CARDS ***
Christianzt1: folds 
Unipoker11: folds 
BumHuntKing: folds 
tukeiron: folds 
santi820: folds 
Uncalled bet ($0.50) returned to Rasmusemusic
Rasmusemusic collected $1 from pot
*** SUMMARY ***
Total pot $1 | Rake $0 
Seat 1: tukeiron (button) folded before Flop (didn't bet)
Seat 2: santi820 (small blind) folded before Flop
Seat 3: Rasmusemusic (big blind) collected ($1)
Seat 4: Christianzt1 folded before Flop (didn't bet)
Seat 5: Unipoker11 folded before Flop (didn't bet)
Seat 6: BumHuntKing folded before Flop (didn't bet)



PokerStars Hand #254389310185:  Hold'em No Limit ($0.50/$1.00 USD) - 2025/01/15 21:33:35 WET [2025/01/15 16:33:35 ET]
Table 'Ndola III' 6-max Seat #2 is the button
Seat 4: Christianzt1 ($100 in chips) is sitting out
Seat 5: Unipoker11 ($104.50 in chips) is sitting out
Seat 1: tukeiron ($117.48 in chips) 
Seat 2: santi820 ($108.03 in chips) 
Seat 3: Rasmusemusic ($28.87 in chips) 
Seat 6: BumHuntKing ($117.80 in chips) 
Rasmusemusic: posts small blind $0.50
Christianzt1: is sitting out 
Unipoker11: is sitting out 
BumHuntKing: posts big blind $1
*** HOLE CARDS ***
Christianzt1 leaves the table
tukeiron: folds 
ImaPeppaPig joins the table at seat #4 
santi820: raises $1.50 to $2.50
Rasmusemusic: folds 
BumHuntKing: folds 
Uncalled bet ($1.50) returned to santi820
santi820 collected $2.50 from pot
santi820: doesn't show hand 
*** SUMMARY ***
Total pot $2.50 | Rake $0 
Seat 4: Christianzt1
Seat 5: Unipoker11
Seat 1: tukeiron folded before Flop (didn't bet)
Seat 2: santi820 (button) collected ($2.50)
Seat 3: Rasmusemusic (small blind) folded before Flop
Seat 6: BumHuntKing (big blind) folded before Flop



PokerStars Hand #254389318124:  Hold'em No Limit ($0.50/$1.00 USD) - 2025/01/15 21:34:00 WET [2025/01/15 16:34:00 ET]
Table 'Ndola III' 6-max Seat #3 is the button
Seat 4: ImaPeppaPig ($100 in chips) is sitting out
Seat 5: Unipoker11 ($104.50 in chips) is sitting out
Seat 1: tukeiron ($117.48 in chips) 
Seat 2: santi820 ($109.53 in chips) 
Seat 3: Rasmusemusic ($28.37 in chips) 
Seat 6: BumHuntKing ($116.80 in chips) 
BumHuntKing: posts small blind $0.50
tukeiron: posts big blind $1
*** HOLE CARDS ***
santi820: folds 
Rasmusemusic: raises $1.50 to $2.50
BumHuntKing: folds 
tukeiron: calls $1.50
*** FLOP *** [8h 3d 5s]
tukeiron: checks 
Rasmusemusic: bets $2.50
tukeiron: calls $2.50
*** TURN *** [8h 3d 5s] [Qh]
tukeiron: checks 
Rasmusemusic: bets $4
tukeiron: calls $4
*** RIVER *** [8h 3d 5s Qh] [Qs]
tukeiron: checks 
Rasmusemusic: checks 
*** SHOW DOWN ***
tukeiron: shows [Qd 7d] (three of a kind, Queens)
Rasmusemusic: mucks hand 
tukeiron collected $17.58 from pot
*** SUMMARY ***
Total pot $18.50 | Rake $0.92 
Board [8h 3d 5s Qh Qs]
Seat 4: ImaPeppaPig
Seat 5: Unipoker11
Seat 1: tukeiron (big blind) showed [Qd 7d] and won ($17.58) with three of a kind, Queens
Seat 2: santi820 folded before Flop (didn't bet)
Seat 3: Rasmusemusic (button) mucked
Seat 6: BumHuntKing (small blind) folded before Flop



PokerStars Hand #254389337402:  Hold'em No Limit ($0.50/$1.00 USD) - 2025/01/15 21:35:01 WET [2025/01/15 16:35:01 ET]
Table 'Ndola III' 6-max Seat #6 is the button
Seat 4: ImaPeppaPig ($100 in chips) is sitting out
Seat 5: Unipoker11 ($104.50 in chips) is sitting out
Seat 1: tukeiron ($126.06 in chips) 
Seat 2: santi820 ($109.53 in chips) 
Seat 3: Rasmusemusic ($19.37 in chips) 
Seat 6: BumHuntKing ($116.30 in chips) 
tukeiron: posts small blind $0.50
santi820: posts big blind $1
ImaPeppaPig: sits out 
Unipoker11: sits out 
*** HOLE CARDS ***
Rasmusemusic: calls $1
BumHuntKing: raises $2.50 to $3.50
tukeiron: folds 
santi820: raises $11.50 to $15
Rasmusemusic: raises $4.37 to $19.37 and is all-in
BumHuntKing: folds 
santi820: calls $4.37
*** FLOP *** [Th Ah 8c]
*** TURN *** [Th Ah 8c] [6h]
*** RIVER *** [Th Ah 8c 6h] [4c]
*** SHOW DOWN ***
santi820: shows [As Js] (a pair of Aces)
Rasmusemusic: shows [Ac Kh] (a pair of Aces - King kicker)
Rasmusemusic collected $41.74 from pot
BumHuntKing leaves the table
*** SUMMARY ***
Total pot $42.74 | Rake $1 
Board [Th Ah 8c 6h 4c]
Seat 4: ImaPeppaPig
Seat 5: Unipoker11
Seat 1: tukeiron (small blind) folded before Flop
Seat 2: santi820 (big blind) showed [As Js] and lost with a pair of Aces
Seat 3: Rasmusemusic showed [Ac Kh] and won ($41.74) with a pair of Aces
Seat 6: BumHuntKing (button) folded before Flop



PokerStars Hand #254389353295:  Hold'em No Limit ($0.50/$1.00 USD) - 2025/01/15 21:35:52 WET [2025/01/15 16:35:52 ET]
Table 'Ndola III' 6-max Seat #1 is the button
Seat 4: ImaPeppaPig ($100 in chips) is sitting out
Seat 5: Unipoker11 ($104.50 in chips) is sitting out
Seat 1: tukeiron ($125.56 in chips) 
Seat 2: santi820 ($100 in chips) 
Seat 3: Rasmusemusic ($41.74 in chips) 
santi820: posts small blind $0.50
Rasmusemusic: posts big blind $1
ImaPeppaPig: sits out 
Unipoker11: sits out 
*** HOLE CARDS ***
tukeiron: folds 
santi820: folds 
Uncalled bet ($0.50) returned to Rasmusemusic
Rasmusemusic collected $1 from pot
*** SUMMARY ***
Total pot $1 | Rake $0 
Seat 4: ImaPeppaPig
Seat 5: Unipoker11
Seat 1: tukeiron (button) folded before Flop (didn't bet)
Seat 2: santi820 (small blind) folded before Flop
Seat 3: Rasmusemusic (big blind) collected ($1)



PokerStars Hand #254389355894:  Hold'em No Limit ($0.50/$1.00 USD) - 2025/01/15 21:36:00 WET [2025/01/15 16:36:00 ET]
Table 'Ndola III' 6-max Seat #2 is the button
Seat 5: Unipoker11 ($104.50 in chips) is sitting out
Seat 1: tukeiron ($125.56 in chips) 
Seat 2: santi820 ($100 in chips) 
Seat 3: Rasmusemusic ($42.24 in chips) 
Seat 4: ImaPeppaPig ($100 in chips) 
Rasmusemusic: posts small blind $0.50
BGS013 joins the table at seat #6 
ImaPeppaPig: posts big blind $1
Unipoker11: sits out 
*** HOLE CARDS ***
tukeiron: raises $1.50 to $2.50
santi820: folds 
Rasmusemusic: folds 
ImaPeppaPig: folds 
Uncalled bet ($1.50) returned to tukeiron
tukeiron collected $2.50 from pot
tukeiron: doesn't show hand 
*** SUMMARY ***
Total pot $2.50 | Rake $0 
Seat 5: Unipoker11
Seat 1: tukeiron collected ($2.50)
Seat 2: santi820 (button) folded before Flop (didn't bet)
Seat 3: Rasmusemusic (small blind) folded before Flop
Seat 4: ImaPeppaPig (big blind) folded before Flop



PokerStars Hand #254389366643:  Hold'em No Limit ($0.50/$1.00 USD) - 2025/01/15 21:36:35 WET [2025/01/15 16:36:35 ET]
Table 'Ndola III' 6-max Seat #3 is the button
Seat 6: BGS013 ($100 in chips) is sitting out
Seat 1: tukeiron ($127.06 in chips) 
Seat 2: santi820 ($100 in chips) 
Seat 3: Rasmusemusic ($41.74 in chips) 
Seat 4: ImaPeppaPig ($100 in chips) 
Seat 5: Unipoker11 ($104.50 in chips) 
ImaPeppaPig: posts small blind $0.50
Unipoker11: posts big blind $1
BGS013: sits out 
*** HOLE CARDS ***
tukeiron: folds 
santi820: folds 
Rasmusemusic: folds 
ImaPeppaPig: raises $2 to $3
Unipoker11: calls $2
*** FLOP *** [9d Ah Ad]
ImaPeppaPig: checks 
Unipoker11: checks 
*** TURN *** [9d Ah Ad] [7s]
ImaPeppaPig: checks 
Unipoker11: bets $1.88
ImaPeppaPig: folds 
Uncalled bet ($1.88) returned to Unipoker11
Unipoker11 collected $5.70 from pot
Unipoker11: doesn't show hand 
*** SUMMARY ***
Total pot $6 | Rake $0.30 
Board [9d Ah Ad 7s]
Seat 6: BGS013
Seat 1: tukeiron folded before Flop (didn't bet)
Seat 2: santi820 folded before Flop (didn't bet)
Seat 3: Rasmusemusic (button) folded before Flop (didn't bet)
Seat 4: ImaPeppaPig (small blind) folded on the Turn
Seat 5: Unipoker11 (big blind) collected ($5.70)



PokerStars Hand #254389380623:  Hold'em No Limit ($0.50/$1.00 USD) - 2025/01/15 21:37:20 WET [2025/01/15 16:37:20 ET]
Table 'Ndola III' 6-max Seat #4 is the button
Seat 1: tukeiron ($127.06 in chips) 
Seat 2: santi820 ($100 in chips) 
Seat 3: Rasmusemusic ($41.74 in chips) 
Seat 4: ImaPeppaPig ($100 in chips) 
Seat 5: Unipoker11 ($107.20 in chips) 
Seat 6: BGS013 ($100 in chips) 
Unipoker11: posts small blind $0.50
BGS013: posts big blind $1
*** HOLE CARDS ***
tukeiron: folds 
santi820: folds 
Rasmusemusic: raises $1.50 to $2.50
ImaPeppaPig: folds 
Unipoker11: folds 
BGS013: calls $1.50
*** FLOP *** [Tc Ac 2d]
BGS013: checks 
Rasmusemusic: bets $3
BGS013: calls $3
*** TURN *** [Tc Ac 2d] [3c]
BGS013: checks 
Rasmusemusic: checks 
*** RIVER *** [Tc Ac 2d 3c] [Ad]
BGS013: bets $2.84
Rasmusemusic: calls $2.84
*** SHOW DOWN ***
BGS013: shows [Qh Td] (two pair, Aces and Tens)
Rasmusemusic: mucks hand 
BGS013 collected $16.32 from pot
*** SUMMARY ***
Total pot $17.18 | Rake $0.86 
Board [Tc Ac 2d 3c Ad]
Seat 1: tukeiron folded before Flop (didn't bet)
Seat 2: santi820 folded before Flop (didn't bet)
Seat 3: Rasmusemusic mucked
Seat 4: ImaPeppaPig (button) folded before Flop (didn't bet)
Seat 5: Unipoker11 (small blind) folded before Flop
Seat 6: BGS013 (big blind) showed [Qh Td] and won ($16.32) with two pair, Aces and Tens



PokerStars Hand #254389396721:  Hold'em No Limit ($0.50/$1.00 USD) - 2025/01/15 21:38:12 WET [2025/01/15 16:38:12 ET]
Table 'Ndola III' 6-max Seat #5 is the button
Seat 1: tukeiron ($127.06 in chips) 
Seat 2: santi820 ($100 in chips) 
Seat 3: Rasmusemusic ($33.40 in chips) 
Seat 4: ImaPeppaPig ($100 in chips) 
Seat 5: Unipoker11 ($106.70 in chips) 
Seat 6: BGS013 ($107.98 in chips) 
BGS013: posts small blind $0.50
tukeiron: posts big blind $1
*** HOLE CARDS ***
santi820: folds 
Rasmusemusic: folds 
ImaPeppaPig: folds 
Unipoker11 has timed out
Unipoker11: folds 
BGS013: folds 
Uncalled bet ($0.50) returned to tukeiron
tukeiron collected $1 from pot
*** SUMMARY ***
Total pot $1 | Rake $0 
Seat 1: tukeiron (big blind) collected ($1)
Seat 2: santi820 folded before Flop (didn't bet)
Seat 3: Rasmusemusic folded before Flop (didn't bet)
Seat 4: ImaPeppaPig folded before Flop (didn't bet)
Seat 5: Unipoker11 (button) folded before Flop (didn't bet)
Seat 6: BGS013 (small blind) folded before Flop



PokerStars Hand #254389407922:  Hold'em No Limit ($0.50/$1.00 USD) - 2025/01/15 21:38:48 WET [2025/01/15 16:38:48 ET]
Table 'Ndola III' 6-max Seat #6 is the button
Seat 1: tukeiron ($127.56 in chips) 
Seat 2: santi820 ($100 in chips) 
Seat 3: Rasmusemusic ($33.40 in chips) 
Seat 4: ImaPeppaPig ($100 in chips) 
Seat 5: Unipoker11 ($106.70 in chips) 
Seat 6: BGS013 ($107.48 in chips) 
tukeiron: posts small blind $0.50
santi820: posts big blind $1
*** HOLE CARDS ***
Rasmusemusic: folds 
ImaPeppaPig: folds 
Unipoker11: folds 
BGS013: folds 
tukeiron: raises $2 to $3
santi820: calls $2
*** FLOP *** [7s 2c 3c]
tukeiron: bets $4.28
santi820: calls $4.28
*** TURN *** [7s 2c 3c] [7h]
tukeiron: checks 
santi820: bets $10.37
tukeiron: folds 
Uncalled bet ($10.37) returned to santi820
santi820 collected $13.83 from pot
santi820: doesn't show hand 
*** SUMMARY ***
Total pot $14.56 | Rake $0.73 
Board [7s 2c 3c 7h]
Seat 1: tukeiron (small blind) folded on the Turn
Seat 2: santi820 (big blind) collected ($13.83)
Seat 3: Rasmusemusic folded before Flop (didn't bet)
Seat 4: ImaPeppaPig folded before Flop (didn't bet)
Seat 5: Unipoker11 folded before Flop (didn't bet)
Seat 6: BGS013 (button) folded before Flop (didn't bet)



PokerStars Hand #254389440005:  Hold'em No Limit ($0.50/$1.00 USD) - 2025/01/15 21:40:31 WET [2025/01/15 16:40:31 ET]
Table 'Ndola III' 6-max Seat #1 is the button
Seat 1: tukeiron ($120.28 in chips) 
Seat 2: santi820 ($106.55 in chips) 
Seat 3: Rasmusemusic ($33.40 in chips) 
Seat 4: ImaPeppaPig ($100 in chips) 
Seat 5: Unipoker11 ($106.70 in chips) 
Seat 6: BGS013 ($107.48 in chips) 
santi820: posts small blind $0.50
Rasmusemusic: posts big blind $1
*** HOLE CARDS ***
ImaPeppaPig: raises $1.50 to $2.50
Unipoker11: folds 
BGS013: folds 
tukeiron: folds 
santi820: folds 
Rasmusemusic: calls $1.50
*** FLOP *** [8h 8s 4s]
Rasmusemusic: checks 
ImaPeppaPig: checks 
*** TURN *** [8h 8s 4s] [Jh]
Rasmusemusic: checks 
ImaPeppaPig: checks 
*** RIVER *** [8h 8s 4s Jh] [Js]
Rasmusemusic: checks 
ImaPeppaPig: checks 
*** SHOW DOWN ***
Rasmusemusic: shows [Td 8d] (a full house, Eights full of Jacks)
ImaPeppaPig: mucks hand 
Rasmusemusic collected $5.22 from pot
*** SUMMARY ***
Total pot $5.50 | Rake $0.28 
Board [8h 8s 4s Jh Js]
Seat 1: tukeiron (button) folded before Flop (didn't bet)
Seat 2: santi820 (small blind) folded before Flop
Seat 3: Rasmusemusic (big blind) showed [Td 8d] and won ($5.22) with a full house, Eights full of Jacks
Seat 4: ImaPeppaPig mucked
Seat 5: Unipoker11 folded before Flop (didn't bet)
Seat 6: BGS013 folded before Flop (didn't bet)



PokerStars Hand #254389451030:  Hold'em No Limit ($0.50/$1.00 USD) - 2025/01/15 21:41:06 WET [2025/01/15 16:41:06 ET]
Table 'Ndola III' 6-max Seat #2 is the button
Seat 1: tukeiron ($120.28 in chips) 
Seat 2: santi820 ($106.05 in chips) 
Seat 3: Rasmusemusic ($36.12 in chips) 
Seat 4: ImaPeppaPig ($100 in chips) 
Seat 5: Unipoker11 ($106.70 in chips) 
Seat 6: BGS013 ($107.48 in chips) 
Rasmusemusic: posts small blind $0.50
ImaPeppaPig: posts big blind $1
*** HOLE CARDS ***
Unipoker11: folds 
BGS013: raises $1 to $2
tukeiron: folds 
santi820: folds 
Rasmusemusic: calls $1.50
ImaPeppaPig: raises $11 to $13
BGS013: raises $11.50 to $24.50
Rasmusemusic: folds 
ImaPeppaPig: folds 
Uncalled bet ($11.50) returned to BGS013
BGS013 collected $28 from pot
BGS013: doesn't show hand 
*** SUMMARY ***
Total pot $28 | Rake $0 
Seat 1: tukeiron folded before Flop (didn't bet)
Seat 2: santi820 (button) folded before Flop (didn't bet)
Seat 3: Rasmusemusic (small blind) folded before Flop
Seat 4: ImaPeppaPig (big blind) folded before Flop
Seat 5: Unipoker11 folded before Flop (didn't bet)
Seat 6: BGS013 collected ($28)



PokerStars Hand #254389462417:  Hold'em No Limit ($0.50/$1.00 USD) - 2025/01/15 21:41:43 WET [2025/01/15 16:41:43 ET]
Table 'Ndola III' 6-max Seat #3 is the button
Seat 1: tukeiron ($120.28 in chips) 
Seat 2: santi820 ($106.05 in chips) 
Seat 3: Rasmusemusic ($34.12 in chips) 
Seat 4: ImaPeppaPig ($100 in chips) 
Seat 5: Unipoker11 ($106.70 in chips) 
Seat 6: BGS013 ($122.48 in chips) 
ImaPeppaPig: posts small blind $0.50
Unipoker11: posts big blind $1
*** HOLE CARDS ***
BGS013: folds 
tukeiron: folds 
santi820: raises $1.30 to $2.30
Rasmusemusic: raises $4.30 to $6.60
ImaPeppaPig: folds 
Unipoker11: folds 
santi820: folds 
Uncalled bet ($4.30) returned to Rasmusemusic
Rasmusemusic collected $6.10 from pot
*** SUMMARY ***
Total pot $6.10 | Rake $0 
Seat 1: tukeiron folded before Flop (didn't bet)
Seat 2: santi820 folded before Flop
Seat 3: Rasmusemusic (button) collected ($6.10)
Seat 4: ImaPeppaPig (small blind) folded before Flop
Seat 5: Unipoker11 (big blind) folded before Flop
Seat 6: BGS013 folded before Flop (didn't bet)



PokerStars Hand #254389472631:  Hold'em No Limit ($0.50/$1.00 USD) - 2025/01/15 21:42:16 WET [2025/01/15 16:42:16 ET]
Table 'Ndola III' 6-max Seat #4 is the button
Seat 1: tukeiron ($120.28 in chips) 
Seat 2: santi820 ($103.75 in chips) 
Seat 3: Rasmusemusic ($37.92 in chips) 
Seat 4: ImaPeppaPig ($100 in chips) 
Seat 5: Unipoker11 ($105.70 in chips) 
Seat 6: BGS013 ($122.48 in chips) 
Unipoker11: posts small blind $0.50
BGS013: posts big blind $1
*** HOLE CARDS ***
tukeiron: folds 
santi820: raises $1.30 to $2.30
Rasmusemusic: folds 
ImaPeppaPig: folds 
Unipoker11: folds 
BGS013: folds 
Uncalled bet ($1.30) returned to santi820
santi820 collected $2.50 from pot
santi820: doesn't show hand 
*** SUMMARY ***
Total pot $2.50 | Rake $0 
Seat 1: tukeiron folded before Flop (didn't bet)
Seat 2: santi820 collected ($2.50)
Seat 3: Rasmusemusic folded before Flop (didn't bet)
Seat 4: ImaPeppaPig (button) folded before Flop (didn't bet)
Seat 5: Unipoker11 (small blind) folded before Flop
Seat 6: BGS013 (big blind) folded before Flop



PokerStars Hand #254389479954:  Hold'em No Limit ($0.50/$1.00 USD) - 2025/01/15 21:42:39 WET [2025/01/15 16:42:39 ET]
Table 'Ndola III' 6-max Seat #5 is the button
Seat 1: tukeiron ($120.28 in chips) 
Seat 2: santi820 ($105.25 in chips) 
Seat 3: Rasmusemusic ($37.92 in chips) 
Seat 4: ImaPeppaPig ($100 in chips) 
Seat 5: Unipoker11 ($105.20 in chips) 
Seat 6: BGS013 ($121.48 in chips) 
BGS013: posts small blind $0.50
tukeiron: posts big blind $1
*** HOLE CARDS ***
santi820: folds 
Rasmusemusic: raises $1 to $2
ImaPeppaPig: raises $5 to $7
Unipoker11: folds 
BGS013: folds 
tukeiron: folds 
Rasmusemusic: folds 
Uncalled bet ($5) returned to ImaPeppaPig
ImaPeppaPig collected $5.50 from pot
ImaPeppaPig: doesn't show hand 
*** SUMMARY ***
Total pot $5.50 | Rake $0 
Seat 1: tukeiron (big blind) folded before Flop
Seat 2: santi820 folded before Flop (didn't bet)
Seat 3: Rasmusemusic folded before Flop
Seat 4: ImaPeppaPig collected ($5.50)
Seat 5: Unipoker11 (button) folded before Flop (didn't bet)
Seat 6: BGS013 (small blind) folded before Flop



PokerStars Hand #254389486675:  Hold'em No Limit ($0.50/$1.00 USD) - 2025/01/15 21:43:01 WET [2025/01/15 16:43:01 ET]
Table 'Ndola III' 6-max Seat #6 is the button
Seat 1: tukeiron ($119.28 in chips) 
Seat 2: santi820 ($105.25 in chips) 
Seat 3: Rasmusemusic ($35.92 in chips) 
Seat 4: ImaPeppaPig ($103.50 in chips) 
Seat 5: Unipoker11 ($105.20 in chips) 
Seat 6: BGS013 ($120.98 in chips) 
tukeiron: posts small blind $0.50
santi820: posts big blind $1
*** HOLE CARDS ***
Rasmusemusic: folds 
ImaPeppaPig: folds 
Unipoker11: raises $1.30 to $2.30
BGS013: folds 
tukeiron: folds 
santi820: calls $1.30
*** FLOP *** [Td 2h 4d]
santi820: checks 
Unipoker11: bets $2.42
santi820: folds 
Uncalled bet ($2.42) returned to Unipoker11
Unipoker11 collected $4.84 from pot
Unipoker11: doesn't show hand 
*** SUMMARY ***
Total pot $5.10 | Rake $0.26 
Board [Td 2h 4d]
Seat 1: tukeiron (small blind) folded before Flop
Seat 2: santi820 (big blind) folded on the Flop
Seat 3: Rasmusemusic folded before Flop (didn't bet)
Seat 4: ImaPeppaPig folded before Flop (didn't bet)
Seat 5: Unipoker11 collected ($4.84)
Seat 6: BGS013 (button) folded before Flop (didn't bet)



PokerStars Hand #254389509363:  Hold'em No Limit ($0.50/$1.00 USD) - 2025/01/15 21:44:15 WET [2025/01/15 16:44:15 ET]
Table 'Ndola III' 6-max Seat #1 is the button
Seat 1: tukeiron ($118.78 in chips) 
Seat 2: santi820 ($102.95 in chips) 
Seat 3: Rasmusemusic ($35.92 in chips) 
Seat 4: ImaPeppaPig ($103.50 in chips) 
Seat 5: Unipoker11 ($107.74 in chips) 
Seat 6: BGS013 ($120.98 in chips) 
santi820: posts small blind $0.50
Rasmusemusic: posts big blind $1
*** HOLE CARDS ***
ImaPeppaPig: folds 
Unipoker11: folds 
BGS013: folds 
tukeiron: folds 
santi820: raises $1.70 to $2.70
Rasmusemusic: folds 
Uncalled bet ($1.70) returned to santi820
santi820 collected $2 from pot
santi820: doesn't show hand 
*** SUMMARY ***
Total pot $2 | Rake $0 
Seat 1: tukeiron (button) folded before Flop (didn't bet)
Seat 2: santi820 (small blind) collected ($2)
Seat 3: Rasmusemusic (big blind) folded before Flop
Seat 4: ImaPeppaPig folded before Flop (didn't bet)
Seat 5: Unipoker11 folded before Flop (didn't bet)
Seat 6: BGS013 folded before Flop (didn't bet)



PokerStars Hand #254389515129:  Hold'em No Limit ($0.50/$1.00 USD) - 2025/01/15 21:44:34 WET [2025/01/15 16:44:34 ET]
Table 'Ndola III' 6-max Seat #2 is the button
Seat 1: tukeiron ($118.78 in chips) 
Seat 2: santi820 ($103.95 in chips) 
Seat 3: Rasmusemusic ($34.92 in chips) 
Seat 4: ImaPeppaPig ($103.50 in chips) 
Seat 5: Unipoker11 ($107.74 in chips) 
Seat 6: BGS013 ($120.98 in chips) 
Rasmusemusic: posts small blind $0.50
ImaPeppaPig: posts big blind $1
*** HOLE CARDS ***
Unipoker11: raises $1 to $2
BGS013: folds 
tukeiron: folds 
santi820: folds 
Rasmusemusic: folds 
ImaPeppaPig: folds 
Uncalled bet ($1) returned to Unipoker11
Unipoker11 collected $2.50 from pot
Unipoker11: doesn't show hand 
*** SUMMARY ***
Total pot $2.50 | Rake $0 
Seat 1: tukeiron folded before Flop (didn't bet)
Seat 2: santi820 (button) folded before Flop (didn't bet)
Seat 3: Rasmusemusic (small blind) folded before Flop
Seat 4: ImaPeppaPig (big blind) folded before Flop
Seat 5: Unipoker11 collected ($2.50)
Seat 6: BGS013 folded before Flop (didn't bet)



PokerStars Hand #254389518122:  Hold'em No Limit ($0.50/$1.00 USD) - 2025/01/15 21:44:43 WET [2025/01/15 16:44:43 ET]
Table 'Ndola III' 6-max Seat #3 is the button
Seat 1: tukeiron ($118.78 in chips) 
Seat 2: santi820 ($103.95 in chips) 
Seat 3: Rasmusemusic ($34.42 in chips) 
Seat 4: ImaPeppaPig ($102.50 in chips) 
Seat 5: Unipoker11 ($109.24 in chips) 
Seat 6: BGS013 ($120.98 in chips) 
ImaPeppaPig: posts small blind $0.50
Unipoker11: posts big blind $1
*** HOLE CARDS ***
BGS013: folds 
tukeiron: folds 
santi820: folds 
Rasmusemusic: raises $1.50 to $2.50
ImaPeppaPig: folds 
Unipoker11: folds 
Uncalled bet ($1.50) returned to Rasmusemusic
Rasmusemusic collected $2.50 from pot
*** SUMMARY ***
Total pot $2.50 | Rake $0 
Seat 1: tukeiron folded before Flop (didn't bet)
Seat 2: santi820 folded before Flop (didn't bet)
Seat 3: Rasmusemusic (button) collected ($2.50)
Seat 4: ImaPeppaPig (small blind) folded before Flop
Seat 5: Unipoker11 (big blind) folded before Flop
Seat 6: BGS013 folded before Flop (didn't bet)



PokerStars Hand #254389526031:  Hold'em No Limit ($0.50/$1.00 USD) - 2025/01/15 21:45:09 WET [2025/01/15 16:45:09 ET]
Table 'Ndola III' 6-max Seat #4 is the button
Seat 1: tukeiron ($118.78 in chips) 
Seat 2: santi820 ($103.95 in chips) 
Seat 3: Rasmusemusic ($35.92 in chips) 
Seat 4: ImaPeppaPig ($102 in chips) 
Seat 5: Unipoker11 ($108.24 in chips) 
Seat 6: BGS013 ($120.98 in chips) 
Unipoker11: posts small blind $0.50
BGS013: posts big blind $1
*** HOLE CARDS ***
tukeiron: folds 
santi820: folds 
Rasmusemusic: folds 
ImaPeppaPig: raises $1.50 to $2.50
Unipoker11: folds 
BGS013: calls $1.50
*** FLOP *** [7c 8c 4c]
BGS013: checks 
ImaPeppaPig: checks 
*** TURN *** [7c 8c 4c] [2c]
BGS013: bets $1.36
ImaPeppaPig: folds 
Uncalled bet ($1.36) returned to BGS013
BGS013 collected $5.22 from pot
BGS013: doesn't show hand 
*** SUMMARY ***
Total pot $5.50 | Rake $0.28 
Board [7c 8c 4c 2c]
Seat 1: tukeiron folded before Flop (didn't bet)
Seat 2: santi820 folded before Flop (didn't bet)
Seat 3: Rasmusemusic folded before Flop (didn't bet)
Seat 4: ImaPeppaPig (button) folded on the Turn
Seat 5: Unipoker11 (small blind) folded before Flop
Seat 6: BGS013 (big blind) collected ($5.22)



PokerStars Hand #254389538563:  Hold'em No Limit ($0.50/$1.00 USD) - 2025/01/15 21:45:49 WET [2025/01/15 16:45:49 ET]
Table 'Ndola III' 6-max Seat #5 is the button
Seat 1: tukeiron ($118.78 in chips) 
Seat 2: santi820 ($103.95 in chips) 
Seat 3: Rasmusemusic ($35.92 in chips) 
Seat 4: ImaPeppaPig ($100 in chips) 
Seat 5: Unipoker11 ($107.74 in chips) 
Seat 6: BGS013 ($123.70 in chips) 
BGS013: posts small blind $0.50
tukeiron: posts big blind $1
*** HOLE CARDS ***
santi820: folds 
Rasmusemusic: folds 
ImaPeppaPig: folds 
Unipoker11: folds 
BGS013: folds 
Uncalled bet ($0.50) returned to tukeiron
tukeiron collected $1 from pot
*** SUMMARY ***
Total pot $1 | Rake $0 
Seat 1: tukeiron (big blind) collected ($1)
Seat 2: santi820 folded before Flop (didn't bet)
Seat 3: Rasmusemusic folded before Flop (didn't bet)
Seat 4: ImaPeppaPig folded before Flop (didn't bet)
Seat 5: Unipoker11 (button) folded before Flop (didn't bet)
Seat 6: BGS013 (small blind) folded before Flop



PokerStars Hand #254389541882:  Hold'em No Limit ($0.50/$1.00 USD) - 2025/01/15 21:46:00 WET [2025/01/15 16:46:00 ET]
Table 'Ndola III' 6-max Seat #6 is the button
Seat 2: santi820 ($103.95 in chips) is sitting out
Seat 1: tukeiron ($119.28 in chips) 
Seat 3: Rasmusemusic ($35.92 in chips) 
Seat 4: ImaPeppaPig ($100 in chips) 
Seat 5: Unipoker11 ($107.74 in chips) 
Seat 6: BGS013 ($123.20 in chips) 
tukeiron: posts small blind $0.50
santi820: is sitting out 
Rasmusemusic: posts big blind $1
*** HOLE CARDS ***
ImaPeppaPig: folds 
Unipoker11: folds 
BGS013: folds 
santi820 leaves the table
tukeiron: folds 
Uncalled bet ($0.50) returned to Rasmusemusic
Rasmusemusic collected $1 from pot
*** SUMMARY ***
Total pot $1 | Rake $0 
Seat 2: santi820
Seat 1: tukeiron (small blind) folded before Flop
Seat 3: Rasmusemusic (big blind) collected ($1)
Seat 4: ImaPeppaPig folded before Flop (didn't bet)
Seat 5: Unipoker11 folded before Flop (didn't bet)
Seat 6: BGS013 (button) folded before Flop (didn't bet)



PokerStars Hand #254389545806:  Hold'em No Limit ($0.50/$1.00 USD) - 2025/01/15 21:46:13 WET [2025/01/15 16:46:13 ET]
Table 'Ndola III' 6-max Seat #1 is the button
Seat 1: tukeiron ($118.78 in chips) 
Seat 3: Rasmusemusic ($36.42 in chips) 
Seat 4: ImaPeppaPig ($100 in chips) 
Seat 5: Unipoker11 ($107.74 in chips) 
Seat 6: BGS013 ($123.20 in chips) 
Rasmusemusic: posts small blind $0.50
ImaPeppaPig: posts big blind $1
*** HOLE CARDS ***
Unipoker11: folds 
BGS013: folds 
tukeiron: folds 
Rasmusemusic: folds 
Uncalled bet ($0.50) returned to ImaPeppaPig
ImaPeppaPig collected $1 from pot
ImaPeppaPig: doesn't show hand 
Fero128 joins the table at seat #2 
Fero128 is disconnected 
*** SUMMARY ***
Total pot $1 | Rake $0 
Seat 1: tukeiron (button) folded before Flop (didn't bet)
Seat 3: Rasmusemusic (small blind) folded before Flop
Seat 4: ImaPeppaPig (big blind) collected ($1)
Seat 5: Unipoker11 folded before Flop (didn't bet)
Seat 6: BGS013 folded before Flop (didn't bet)



PokerStars Hand #254389549888:  Hold'em No Limit ($0.50/$1.00 USD) - 2025/01/15 21:46:26 WET [2025/01/15 16:46:26 ET]
Table 'Ndola III' 6-max Seat #3 is the button
Seat 2: Fero128 ($49.90 in chips) is sitting out
Seat 1: tukeiron ($118.78 in chips) 
Seat 3: Rasmusemusic ($35.92 in chips) 
Seat 4: ImaPeppaPig ($100.50 in chips) 
Seat 5: Unipoker11 ($107.74 in chips) 
Seat 6: BGS013 ($123.20 in chips) 
ImaPeppaPig: posts small blind $0.50
Unipoker11: posts big blind $1
Fero128: sits out 
*** HOLE CARDS ***
BGS013: folds 
tukeiron: folds 
Rasmusemusic: raises $1.50 to $2.50
ImaPeppaPig: folds 
Unipoker11: calls $1.50
*** FLOP *** [Kh 6c 4s]
Unipoker11: checks 
Rasmusemusic: bets $2
Unipoker11: calls $2
*** TURN *** [Kh 6c 4s] [3c]
Unipoker11: checks 
Rasmusemusic: checks 
*** RIVER *** [Kh 6c 4s 3c] [Ac]
Unipoker11: checks 
Rasmusemusic: bets $6
Unipoker11: calls $6
*** SHOW DOWN ***
Rasmusemusic: shows [Th Ad] (a pair of Aces)
Unipoker11: mucks hand 
Rasmusemusic collected $20.42 from pot
*** SUMMARY ***
Total pot $21.50 | Rake $1.08 
Board [Kh 6c 4s 3c Ac]
Seat 2: Fero128
Seat 1: tukeiron folded before Flop (didn't bet)
Seat 3: Rasmusemusic (button) showed [Th Ad] and won ($20.42) with a pair of Aces
Seat 4: ImaPeppaPig (small blind) folded before Flop
Seat 5: Unipoker11 (big blind) mucked
Seat 6: BGS013 folded before Flop (didn't bet)



PokerStars Hand #254389575399:  Hold'em No Limit ($0.50/$1.00 USD) - 2025/01/15 21:47:49 WET [2025/01/15 16:47:49 ET]
Table 'Ndola III' 6-max Seat #4 is the button
Seat 1: tukeiron ($118.78 in chips) 
Seat 2: Fero128 ($49.90 in chips) 
Seat 3: Rasmusemusic ($45.84 in chips) 
Seat 4: ImaPeppaPig ($100 in chips) 
Seat 5: Unipoker11 ($100 in chips) 
Seat 6: BGS013 ($123.20 in chips) 
Unipoker11: posts small blind $0.50
BGS013: posts big blind $1
Fero128: posts big blind $1
*** HOLE CARDS ***
tukeiron: folds 
Fero128: checks 
Rasmusemusic: raises $1.50 to $2.50
ImaPeppaPig: folds 
Unipoker11: folds 
BGS013: folds 
Fero128: folds 
Uncalled bet ($1.50) returned to Rasmusemusic
Rasmusemusic collected $3.50 from pot
*** SUMMARY ***
Total pot $3.50 | Rake $0 
Seat 1: tukeiron folded before Flop (didn't bet)
Seat 2: Fero128 folded before Flop (didn't bet)
Seat 3: Rasmusemusic collected ($3.50)
Seat 4: ImaPeppaPig (button) folded before Flop (didn't bet)
Seat 5: Unipoker11 (small blind) folded before Flop
Seat 6: BGS013 (big blind) folded before Flop



PokerStars Hand #254389581200:  Hold'em No Limit ($0.50/$1.00 USD) - 2025/01/15 21:48:08 WET [2025/01/15 16:48:08 ET]
Table 'Ndola III' 6-max Seat #5 is the button
Seat 1: tukeiron ($118.78 in chips) 
Seat 2: Fero128 ($48.90 in chips) 
Seat 3: Rasmusemusic ($48.34 in chips) 
Seat 4: ImaPeppaPig ($100 in chips) 
Seat 5: Unipoker11 ($100 in chips) 
Seat 6: BGS013 ($122.20 in chips) 
BGS013: posts small blind $0.50
tukeiron: posts big blind $1
*** HOLE CARDS ***
Fero128: folds 
Rasmusemusic: folds 
ImaPeppaPig: folds 
Unipoker11 has timed out
Unipoker11: folds 
BGS013: folds 
Uncalled bet ($0.50) returned to tukeiron
tukeiron collected $1 from pot
*** SUMMARY ***
Total pot $1 | Rake $0 
Seat 1: tukeiron (big blind) collected ($1)
Seat 2: Fero128 folded before Flop (didn't bet)
Seat 3: Rasmusemusic folded before Flop (didn't bet)
Seat 4: ImaPeppaPig folded before Flop (didn't bet)
Seat 5: Unipoker11 (button) folded before Flop (didn't bet)
Seat 6: BGS013 (small blind) folded before Flop



PokerStars Hand #254389589732:  Hold'em No Limit ($0.50/$1.00 USD) - 2025/01/15 21:48:37 WET [2025/01/15 16:48:37 ET]
Table 'Ndola III' 6-max Seat #6 is the button
Seat 1: tukeiron ($119.28 in chips) 
Seat 2: Fero128 ($48.90 in chips) 
Seat 3: Rasmusemusic ($48.34 in chips) 
Seat 4: ImaPeppaPig ($100 in chips) 
Seat 5: Unipoker11 ($100 in chips) 
Seat 6: BGS013 ($121.70 in chips) 
tukeiron: posts small blind $0.50
Fero128: posts big blind $1
*** HOLE CARDS ***
Rasmusemusic: folds 
ImaPeppaPig: folds 
Unipoker11: folds 
BGS013: raises $1.50 to $2.50
tukeiron: folds 
Fero128: calls $1.50
*** FLOP *** [Ad Td 4h]
Fero128: checks 
BGS013: bets $1.36
Fero128: calls $1.36
*** TURN *** [Ad Td 4h] [Js]
Fero128: checks 
BGS013: checks 
*** RIVER *** [Ad Td 4h Js] [5c]
Fero128: bets $3.91
BGS013: raises $12.09 to $16
Fero128: calls $12.09
*** SHOW DOWN ***
BGS013: shows [Kc 7d] (high card Ace)
Fero128: shows [As 9d] (a pair of Aces)
Fero128 collected $38.21 from pot
*** SUMMARY ***
Total pot $40.22 | Rake $2.01 
Board [Ad Td 4h Js 5c]
Seat 1: tukeiron (small blind) folded before Flop
Seat 2: Fero128 (big blind) showed [As 9d] and won ($38.21) with a pair of Aces
Seat 3: Rasmusemusic folded before Flop (didn't bet)
Seat 4: ImaPeppaPig folded before Flop (didn't bet)
Seat 5: Unipoker11 folded before Flop (didn't bet)
Seat 6: BGS013 (button) showed [Kc 7d] and lost with high card Ace



PokerStars Hand #254389605727:  Hold'em No Limit ($0.50/$1.00 USD) - 2025/01/15 21:49:30 WET [2025/01/15 16:49:30 ET]
Table 'Ndola III' 6-max Seat #1 is the button
Seat 1: tukeiron ($118.78 in chips) 
Seat 2: Fero128 ($67.25 in chips) 
Seat 3: Rasmusemusic ($48.34 in chips) 
Seat 4: ImaPeppaPig ($100 in chips) 
Seat 5: Unipoker11 ($100 in chips) 
Seat 6: BGS013 ($101.84 in chips) 
Fero128: posts small blind $0.50
Rasmusemusic: posts big blind $1
*** HOLE CARDS ***
ImaPeppaPig: folds 
Unipoker11: folds 
BGS013: folds 
tukeiron: raises $1.50 to $2.50
Fero128: folds 
Rasmusemusic: calls $1.50
*** FLOP *** [7c Tc Qd]
Rasmusemusic: checks 
tukeiron: bets $1.72
Rasmusemusic: folds 
Uncalled bet ($1.72) returned to tukeiron
tukeiron collected $5.22 from pot
*** SUMMARY ***
Total pot $5.50 | Rake $0.28 
Board [7c Tc Qd]
Seat 1: tukeiron (button) collected ($5.22)
Seat 2: Fero128 (small blind) folded before Flop
Seat 3: Rasmusemusic (big blind) folded on the Flop
Seat 4: ImaPeppaPig folded before Flop (didn't bet)
Seat 5: Unipoker11 folded before Flop (didn't bet)
Seat 6: BGS013 folded before Flop (didn't bet)



PokerStars Hand #254389615134:  Hold'em No Limit ($0.50/$1.00 USD) - 2025/01/15 21:50:01 WET [2025/01/15 16:50:01 ET]
Table 'Ndola III' 6-max Seat #2 is the button
Seat 1: tukeiron ($121.50 in chips) 
Seat 2: Fero128 ($66.75 in chips) 
Seat 3: Rasmusemusic ($45.84 in chips) 
Seat 4: ImaPeppaPig ($100 in chips) 
Seat 5: Unipoker11 ($100 in chips) 
Seat 6: BGS013 ($101.84 in chips) 
Rasmusemusic: posts small blind $0.50
ImaPeppaPig: posts big blind $1
*** HOLE CARDS ***
Unipoker11: raises $1 to $2
BGS013: raises $5 to $7
tukeiron: folds 
Fero128: calls $7
Rasmusemusic: folds 
ImaPeppaPig: folds 
Unipoker11: folds 
*** FLOP *** [5h 8c 8h]
BGS013: bets $4.32
Fero128: calls $4.32
*** TURN *** [5h 8c 8h] [6c]
BGS013: checks 
Fero128: checks 
*** RIVER *** [5h 8c 8h 6c] [6s]
BGS013: bets $90.52 and is all-in
Fero128: folds 
Uncalled bet ($90.52) returned to BGS013
BGS013 collected $24.83 from pot
BGS013: doesn't show hand 
*** SUMMARY ***
Total pot $26.14 | Rake $1.31 
Board [5h 8c 8h 6c 6s]
Seat 1: tukeiron folded before Flop (didn't bet)
Seat 2: Fero128 (button) folded on the River
Seat 3: Rasmusemusic (small blind) folded before Flop
Seat 4: ImaPeppaPig (big blind) folded before Flop
Seat 5: Unipoker11 folded before Flop
Seat 6: BGS013 collected ($24.83)



PokerStars Hand #254389627658:  Hold'em No Limit ($0.50/$1.00 USD) - 2025/01/15 21:50:42 WET [2025/01/15 16:50:42 ET]
Table 'Ndola III' 6-max Seat #3 is the button
Seat 5: Unipoker11 ($100 in chips) is sitting out
Seat 1: tukeiron ($121.50 in chips) 
Seat 2: Fero128 ($55.43 in chips) 
Seat 3: Rasmusemusic ($45.34 in chips) 
Seat 4: ImaPeppaPig ($100 in chips) 
Seat 6: BGS013 ($115.35 in chips) 
ImaPeppaPig: posts small blind $0.50
Unipoker11: is sitting out 
BGS013: posts big blind $1
*** HOLE CARDS ***
Unipoker11 leaves the table
tukeiron: folds 
Fero128: calls $1
Rasmusemusic: folds 
ImaPeppaPig: folds 
BGS013: checks 
*** FLOP *** [5h 3s 2d]
BGS013: bets $1
nikalas22 joins the table at seat #5 
Fero128: calls $1
*** TURN *** [5h 3s 2d] [6s]
BGS013: bets $2.35
Fero128: calls $2.35
*** RIVER *** [5h 3s 2d 6s] [4h]
BGS013: checks 
Fero128: checks 
*** SHOW DOWN ***
BGS013: shows [6d 2h] (a straight, Deuce to Six)
Fero128: shows [Ad 4c] (a straight, Deuce to Six)
BGS013 collected $4.37 from pot
Fero128 collected $4.37 from pot
*** SUMMARY ***
Total pot $9.20 | Rake $0.46 
Board [5h 3s 2d 6s 4h]
Seat 5: Unipoker11
Seat 1: tukeiron folded before Flop (didn't bet)
Seat 2: Fero128 showed [Ad 4c] and won ($4.37) with a straight, Deuce to Six
Seat 3: Rasmusemusic (button) folded before Flop (didn't bet)
Seat 4: ImaPeppaPig (small blind) folded before Flop
Seat 6: BGS013 (big blind) showed [6d 2h] and won ($4.37) with a straight, Deuce to Six



PokerStars Hand #254389633931:  Hold'em No Limit ($0.50/$1.00 USD) - 2025/01/15 21:51:03 WET [2025/01/15 16:51:03 ET]
Table 'Ndola III' 6-max Seat #4 is the button
Seat 5: nikalas22 ($100 in chips) is sitting out
Seat 1: tukeiron ($121.50 in chips) 
Seat 2: Fero128 ($55.45 in chips) 
Seat 3: Rasmusemusic ($45.34 in chips) 
Seat 4: ImaPeppaPig ($100 in chips) 
Seat 6: BGS013 ($115.37 in chips) 
BGS013: posts small blind $0.50
tukeiron: posts big blind $1
*** HOLE CARDS ***
Fero128: raises $2 to $3
Rasmusemusic: folds 
ImaPeppaPig: folds 
BGS013: folds 
tukeiron: raises $12 to $15
Fero128: raises $40.45 to $55.45 and is all-in
tukeiron: calls $40.45
*** FIRST FLOP *** [7h Tc 9s]
*** FIRST TURN *** [7h Tc 9s] [5s]
*** FIRST RIVER *** [7h Tc 9s 5s] [Qd]
*** SECOND FLOP *** [Ah 3h 4d]
*** SECOND TURN *** [Ah 3h 4d] [Kh]
*** SECOND RIVER *** [Ah 3h 4d Kh] [Jc]
*** FIRST SHOW DOWN ***
tukeiron: shows [Ts Td] (three of a kind, Tens)
Fero128: shows [7c 7s] (three of a kind, Sevens)
tukeiron collected $54.45 from pot
*** SECOND SHOW DOWN ***
tukeiron: shows [Ts Td] (a pair of Tens)
Fero128: shows [7c 7s] (a pair of Sevens)
tukeiron collected $54.45 from pot
*** SUMMARY ***
Total pot $111.40 | Rake $2.50 
Hand was run twice
FIRST Board [7h Tc 9s 5s Qd]
SECOND Board [Ah 3h 4d Kh Jc]
Seat 5: nikalas22
Seat 1: tukeiron (big blind) showed [Ts Td] and won ($54.45) with three of a kind, Tens, and won ($54.45) with a pair of Tens
Seat 2: Fero128 showed [7c 7s] and lost with three of a kind, Sevens, and lost with a pair of Sevens
Seat 3: Rasmusemusic folded before Flop (didn't bet)
Seat 4: ImaPeppaPig (button) folded before Flop (didn't bet)
Seat 6: BGS013 (small blind) folded before Flop



PokerStars Hand #254389643715:  Hold'em No Limit ($0.50/$1.00 USD) - 2025/01/15 21:51:35 WET [2025/01/15 16:51:35 ET]
Table 'Ndola III' 6-max Seat #6 is the button
Seat 2: Fero128 ($0 in chips) is sitting out
Seat 5: nikalas22 ($100 in chips) is sitting out
Seat 1: tukeiron ($174.95 in chips) 
Seat 3: Rasmusemusic ($45.34 in chips) 
Seat 4: ImaPeppaPig ($100 in chips) 
Seat 6: BGS013 ($114.87 in chips) 
tukeiron: posts small blind $0.50
Rasmusemusic: posts big blind $1
nikalas22: sits out 
*** HOLE CARDS ***
ImaPeppaPig: folds 
BGS013: raises $1.50 to $2.50
tukeiron: folds 
Rasmusemusic: calls $1.50
*** FLOP *** [7h Ad 3s]
Fero128 is disconnected 
Rasmusemusic: checks 
BGS013: bets $1.36
Rasmusemusic: calls $1.36
*** TURN *** [7h Ad 3s] [9d]
Rasmusemusic: checks 
BGS013: bets $7
Rasmusemusic: calls $7
*** RIVER *** [7h Ad 3s 9d] [Jc]
Rasmusemusic: checks 
BGS013: bets $104.01 and is all-in
Rasmusemusic: folds 
Uncalled bet ($104.01) returned to BGS013
BGS013 collected $21.22 from pot
BGS013: doesn't show hand 
*** SUMMARY ***
Total pot $22.22 | Rake $1 
Board [7h Ad 3s 9d Jc]
Seat 2: Fero128
Seat 5: nikalas22
Seat 1: tukeiron (small blind) folded before Flop
Seat 3: Rasmusemusic (big blind) folded on the River
Seat 4: ImaPeppaPig folded before Flop (didn't bet)
Seat 6: BGS013 (button) collected ($21.22)



PokerStars Hand #254389655897:  Hold'em No Limit ($0.50/$1.00 USD) - 2025/01/15 21:52:15 WET [2025/01/15 16:52:15 ET]
Table 'Ndola III' 6-max Seat #1 is the button
Seat 2: Fero128 ($0 in chips) is sitting out
Seat 5: nikalas22 ($100 in chips) is sitting out
Seat 1: tukeiron ($174.45 in chips) 
Seat 3: Rasmusemusic ($34.48 in chips) 
Seat 4: ImaPeppaPig ($100 in chips) 
Seat 6: BGS013 ($125.23 in chips) 
Rasmusemusic: posts small blind $0.50
ImaPeppaPig: posts big blind $1
nikalas22: sits out 
*** HOLE CARDS ***
BGS013: folds 
tukeiron: raises $1.50 to $2.50
Rasmusemusic: folds 
ImaPeppaPig: calls $1.50
*** FLOP *** [2s Jh Td]
ImaPeppaPig: checks 
tukeiron: bets $1.31
ImaPeppaPig: folds 
Uncalled bet ($1.31) returned to tukeiron
tukeiron collected $5.22 from pot
*** SUMMARY ***
Total pot $5.50 | Rake $0.28 
Board [2s Jh Td]
Seat 2: Fero128
Seat 5: nikalas22
Seat 1: tukeiron (button) collected ($5.22)
Seat 3: Rasmusemusic (small blind) folded before Flop
Seat 4: ImaPeppaPig (big blind) folded on the Flop
Seat 6: BGS013 folded before Flop (didn't bet)



PokerStars Hand #254389665923:  Hold'em No Limit ($0.50/$1.00 USD) - 2025/01/15 21:52:48 WET [2025/01/15 16:52:48 ET]
Table 'Ndola III' 6-max Seat #3 is the button
Seat 2: Fero128 ($0 in chips) is sitting out
Seat 1: tukeiron ($177.17 in chips) 
Seat 3: Rasmusemusic ($33.98 in chips) 
Seat 4: ImaPeppaPig ($100 in chips) 
Seat 5: nikalas22 ($100 in chips) 
Seat 6: BGS013 ($125.23 in chips) 
ImaPeppaPig: posts small blind $0.50
nikalas22: posts big blind $1
*** HOLE CARDS ***
BGS013: folds 
tukeiron: folds 
Rasmusemusic: raises $1.50 to $2.50
ImaPeppaPig: folds 
nikalas22: folds 
Uncalled bet ($1.50) returned to Rasmusemusic
Rasmusemusic collected $2.50 from pot
*** SUMMARY ***
Total pot $2.50 | Rake $0 
Seat 2: Fero128
Seat 1: tukeiron folded before Flop (didn't bet)
Seat 3: Rasmusemusic (button) collected ($2.50)
Seat 4: ImaPeppaPig (small blind) folded before Flop
Seat 5: nikalas22 (big blind) folded before Flop
Seat 6: BGS013 folded before Flop (didn't bet)



PokerStars Hand #254389671539:  Hold'em No Limit ($0.50/$1.00 USD) - 2025/01/15 21:53:07 WET [2025/01/15 16:53:07 ET]
Table 'Ndola III' 6-max Seat #4 is the button
Seat 2: Fero128 ($0 in chips) is sitting out
Seat 1: tukeiron ($177.17 in chips) 
Seat 3: Rasmusemusic ($35.48 in chips) 
Seat 4: ImaPeppaPig ($100 in chips) 
Seat 5: nikalas22 ($100 in chips) 
Seat 6: BGS013 ($125.23 in chips) 
nikalas22: posts small blind $0.50
BGS013: posts big blind $1
*** HOLE CARDS ***
tukeiron: folds 
Rasmusemusic: folds 
ImaPeppaPig: folds 
nikalas22: folds 
Uncalled bet ($0.50) returned to BGS013
BGS013 collected $1 from pot
BGS013: doesn't show hand 
*** SUMMARY ***
Total pot $1 | Rake $0 
Seat 2: Fero128
Seat 1: tukeiron folded before Flop (didn't bet)
Seat 3: Rasmusemusic folded before Flop (didn't bet)
Seat 4: ImaPeppaPig (button) folded before Flop (didn't bet)
Seat 5: nikalas22 (small blind) folded before Flop
Seat 6: BGS013 (big blind) collected ($1)



PokerStars Hand #254389675237:  Hold'em No Limit ($0.50/$1.00 USD) - 2025/01/15 21:53:19 WET [2025/01/15 16:53:19 ET]
Table 'Ndola III' 6-max Seat #5 is the button
Seat 2: Fero128 ($0 in chips) is sitting out
Seat 1: tukeiron ($177.17 in chips) 
Seat 3: Rasmusemusic ($35.48 in chips) 
Seat 4: ImaPeppaPig ($100 in chips) 
Seat 5: nikalas22 ($100 in chips) 
Seat 6: BGS013 ($125.73 in chips) 
BGS013: posts small blind $0.50
tukeiron: posts big blind $1
*** HOLE CARDS ***
Rasmusemusic: raises $1.50 to $2.50
ImaPeppaPig: folds 
nikalas22: raises $5.50 to $8
BGS013: folds 
tukeiron: folds 
Rasmusemusic: calls $5.50
*** FLOP *** [Ad Ts Th]
Rasmusemusic: checks 
nikalas22: bets $4.99
Rasmusemusic: raises $22.49 to $27.48 and is all-in
nikalas22: folds 
Uncalled bet ($22.49) returned to Rasmusemusic
Rasmusemusic collected $26.11 from pot
*** SUMMARY ***
Total pot $27.48 | Rake $1.37 
Board [Ad Ts Th]
Seat 2: Fero128
Seat 1: tukeiron (big blind) folded before Flop
Seat 3: Rasmusemusic collected ($26.11)
Seat 4: ImaPeppaPig folded before Flop (didn't bet)
Seat 5: nikalas22 (button) folded on the Flop
Seat 6: BGS013 (small blind) folded before Flop



PokerStars Hand #254389685767:  Hold'em No Limit ($0.50/$1.00 USD) - 2025/01/15 21:53:55 WET [2025/01/15 16:53:55 ET]
Table 'Ndola III' 6-max Seat #6 is the button
Seat 2: Fero128 ($0 in chips) is sitting out
Seat 1: tukeiron ($176.17 in chips) 
Seat 3: Rasmusemusic ($48.60 in chips) 
Seat 4: ImaPeppaPig ($100 in chips) 
Seat 5: nikalas22 ($100 in chips) 
Seat 6: BGS013 ($125.23 in chips) 
tukeiron: posts small blind $0.50
Rasmusemusic: posts big blind $1
*** HOLE CARDS ***
ImaPeppaPig: folds 
nikalas22: folds 
BGS013: raises $1.50 to $2.50
tukeiron: folds 
Rasmusemusic: folds 
Uncalled bet ($1.50) returned to BGS013
BGS013 collected $2.50 from pot
BGS013: doesn't show hand 
*** SUMMARY ***
Total pot $2.50 | Rake $0 
Seat 2: Fero128
Seat 1: tukeiron (small blind) folded before Flop
Seat 3: Rasmusemusic (big blind) folded before Flop
Seat 4: ImaPeppaPig folded before Flop (didn't bet)
Seat 5: nikalas22 folded before Flop (didn't bet)
Seat 6: BGS013 (button) collected ($2.50)



PokerStars Hand #254389691487:  Hold'em No Limit ($0.50/$1.00 USD) - 2025/01/15 21:54:14 WET [2025/01/15 16:54:14 ET]
Table 'Ndola III' 6-max Seat #1 is the button
Seat 2: Fero128 ($0 in chips) is sitting out
Seat 1: tukeiron ($175.67 in chips) 
Seat 3: Rasmusemusic ($47.60 in chips) 
Seat 4: ImaPeppaPig ($100 in chips) 
Seat 5: nikalas22 ($100 in chips) 
Seat 6: BGS013 ($126.73 in chips) 
Rasmusemusic: posts small blind $0.50
ImaPeppaPig: posts big blind $1
*** HOLE CARDS ***
nikalas22: folds 
BGS013: folds 
tukeiron: folds 
Rasmusemusic: raises $2 to $3
ImaPeppaPig: folds 
Uncalled bet ($2) returned to Rasmusemusic
Rasmusemusic collected $2 from pot
*** SUMMARY ***
Total pot $2 | Rake $0 
Seat 2: Fero128
Seat 1: tukeiron (button) folded before Flop (didn't bet)
Seat 3: Rasmusemusic (small blind) collected ($2)
Seat 4: ImaPeppaPig (big blind) folded before Flop
Seat 5: nikalas22 folded before Flop (didn't bet)
Seat 6: BGS013 folded before Flop (didn't bet)



PokerStars Hand #254389697832:  Hold'em No Limit ($0.50/$1.00 USD) - 2025/01/15 21:54:36 WET [2025/01/15 16:54:36 ET]
Table 'Ndola III' 6-max Seat #3 is the button
Seat 2: Fero128 ($0 in chips) is sitting out
Seat 1: tukeiron ($175.67 in chips) 
Seat 3: Rasmusemusic ($48.60 in chips) 
Seat 4: ImaPeppaPig ($100 in chips) 
Seat 5: nikalas22 ($100 in chips) 
Seat 6: BGS013 ($126.73 in chips) 
ImaPeppaPig: posts small blind $0.50
nikalas22: posts big blind $1
*** HOLE CARDS ***
BGS013: folds 
tukeiron: folds 
Rasmusemusic: folds 
ImaPeppaPig: raises $2 to $3
nikalas22: folds 
Uncalled bet ($2) returned to ImaPeppaPig
ImaPeppaPig collected $2 from pot
ImaPeppaPig: doesn't show hand 
*** SUMMARY ***
Total pot $2 | Rake $0 
Seat 2: Fero128
Seat 1: tukeiron folded before Flop (didn't bet)
Seat 3: Rasmusemusic (button) folded before Flop (didn't bet)
Seat 4: ImaPeppaPig (small blind) collected ($2)
Seat 5: nikalas22 (big blind) folded before Flop
Seat 6: BGS013 folded before Flop (didn't bet)



PokerStars Hand #254389705679:  Hold'em No Limit ($0.50/$1.00 USD) - 2025/01/15 21:55:02 WET [2025/01/15 16:55:02 ET]
Table 'Ndola III' 6-max Seat #4 is the button
Seat 2: Fero128 ($0 in chips) is sitting out
Seat 1: tukeiron ($175.67 in chips) 
Seat 3: Rasmusemusic ($48.60 in chips) 
Seat 4: ImaPeppaPig ($101 in chips) 
Seat 5: nikalas22 ($100 in chips) 
Seat 6: BGS013 ($126.73 in chips) 
nikalas22: posts small blind $0.50
BGS013: posts big blind $1
*** HOLE CARDS ***
tukeiron: folds 
Rasmusemusic: folds 
ImaPeppaPig: raises $1.50 to $2.50
nikalas22: folds 
BGS013: folds 
Uncalled bet ($1.50) returned to ImaPeppaPig
ImaPeppaPig collected $2.50 from pot
ImaPeppaPig: doesn't show hand 
*** SUMMARY ***
Total pot $2.50 | Rake $0 
Seat 2: Fero128
Seat 1: tukeiron folded before Flop (didn't bet)
Seat 3: Rasmusemusic folded before Flop (didn't bet)
Seat 4: ImaPeppaPig (button) collected ($2.50)
Seat 5: nikalas22 (small blind) folded before Flop
Seat 6: BGS013 (big blind) folded before Flop



PokerStars Hand #254389710670:  Hold'em No Limit ($0.50/$1.00 USD) - 2025/01/15 21:55:22 WET [2025/01/15 16:55:22 ET]
Table 'Ndola III' 6-max Seat #5 is the button
Seat 2: Fero128 ($0 in chips) is sitting out
Seat 1: tukeiron ($175.67 in chips) 
Seat 3: Rasmusemusic ($48.60 in chips) 
Seat 4: ImaPeppaPig ($102.50 in chips) 
Seat 5: nikalas22 ($100 in chips) 
Seat 6: BGS013 ($125.73 in chips) 
BGS013: posts small blind $0.50
tukeiron: posts big blind $1
*** HOLE CARDS ***
Rasmusemusic: raises $1.50 to $2.50
ImaPeppaPig: raises $5.50 to $8
nikalas22: folds 
BGS013: folds 
tukeiron: folds 
Rasmusemusic: calls $5.50
*** FLOP *** [2s 8s Qc]
Rasmusemusic: checks 
ImaPeppaPig: bets $5
Rasmusemusic: calls $5
*** TURN *** [2s 8s Qc] [Jd]
Rasmusemusic: checks 
ImaPeppaPig: checks 
*** RIVER *** [2s 8s Qc Jd] [Ts]
Rasmusemusic: checks 
ImaPeppaPig: bets $42
Rasmusemusic: calls $35.60 and is all-in
Uncalled bet ($6.40) returned to ImaPeppaPig
*** SHOW DOWN ***
ImaPeppaPig: shows [Ah Ks] (a straight, Ten to Ace)
Rasmusemusic: shows [7s As] (a flush, Ace high)
Rasmusemusic collected $96.20 from pot
*** SUMMARY ***
Total pot $98.70 | Rake $2.50 
Board [2s 8s Qc Jd Ts]
Seat 2: Fero128
Seat 1: tukeiron (big blind) folded before Flop
Seat 3: Rasmusemusic showed [7s As] and won ($96.20) with a flush, Ace high
Seat 4: ImaPeppaPig showed [Ah Ks] and lost with a straight, Ten to Ace
Seat 5: nikalas22 (button) folded before Flop (didn't bet)
Seat 6: BGS013 (small blind) folded before Flop



PokerStars Hand #254389722878:  Hold'em No Limit ($0.50/$1.00 USD) - 2025/01/15 21:56:18 WET [2025/01/15 16:56:18 ET]
Table 'Ndola III' 6-max Seat #6 is the button
Seat 2: Fero128 ($0 in chips) is sitting out
Seat 1: tukeiron ($174.67 in chips) 
Seat 3: Rasmusemusic ($96.20 in chips) 
Seat 4: ImaPeppaPig ($100 in chips) 
Seat 5: nikalas22 ($100 in chips) 
Seat 6: BGS013 ($125.23 in chips) 
tukeiron: posts small blind $0.50
Rasmusemusic: posts big blind $1
*** HOLE CARDS ***
ImaPeppaPig: folds 
nikalas22: folds 
BGS013: raises $1.50 to $2.50
tukeiron: folds 
Rasmusemusic: folds 
Uncalled bet ($1.50) returned to BGS013
BGS013 collected $2.50 from pot
BGS013: doesn't show hand 
*** SUMMARY ***
Total pot $2.50 | Rake $0 
Seat 2: Fero128
Seat 1: tukeiron (small blind) folded before Flop
Seat 3: Rasmusemusic (big blind) folded before Flop
Seat 4: ImaPeppaPig folded before Flop (didn't bet)
Seat 5: nikalas22 folded before Flop (didn't bet)
Seat 6: BGS013 (button) collected ($2.50)



PokerStars Hand #254389726804:  Hold'em No Limit ($0.50/$1.00 USD) - 2025/01/15 21:56:36 WET [2025/01/15 16:56:36 ET]
Table 'Ndola III' 6-max Seat #1 is the button
Seat 2: Fero128 ($0 in chips) is sitting out
Seat 1: tukeiron ($174.17 in chips) 
Seat 3: Rasmusemusic ($95.20 in chips) 
Seat 4: ImaPeppaPig ($100 in chips) 
Seat 5: nikalas22 ($100 in chips) 
Seat 6: BGS013 ($126.73 in chips) 
Rasmusemusic: posts small blind $0.50
ImaPeppaPig: posts big blind $1
*** HOLE CARDS ***
nikalas22: folds 
BGS013: raises $1.50 to $2.50
tukeiron: folds 
Rasmusemusic: folds 
ImaPeppaPig: calls $1.50
*** FLOP *** [9d Th 7c]
ImaPeppaPig: checks 
BGS013: bets $1.36
ImaPeppaPig: folds 
Uncalled bet ($1.36) returned to BGS013
BGS013 collected $5.22 from pot
BGS013: doesn't show hand 
*** SUMMARY ***
Total pot $5.50 | Rake $0.28 
Board [9d Th 7c]
Seat 2: Fero128
Seat 1: tukeiron (button) folded before Flop (didn't bet)
Seat 3: Rasmusemusic (small blind) folded before Flop
Seat 4: ImaPeppaPig (big blind) folded on the Flop
Seat 5: nikalas22 folded before Flop (didn't bet)
Seat 6: BGS013 collected ($5.22)



PokerStars Hand #254389731879:  Hold'em No Limit ($0.50/$1.00 USD) - 2025/01/15 21:56:59 WET [2025/01/15 16:56:59 ET]
Table 'Ndola III' 6-max Seat #3 is the button
Seat 2: Fero128 ($0 in chips) is sitting out
Seat 1: tukeiron ($174.17 in chips) 
Seat 3: Rasmusemusic ($94.70 in chips) 
Seat 4: ImaPeppaPig ($100 in chips) 
Seat 5: nikalas22 ($100 in chips) 
Seat 6: BGS013 ($129.45 in chips) 
ImaPeppaPig: posts small blind $0.50
nikalas22: posts big blind $1
*** HOLE CARDS ***
BGS013: folds 
tukeiron: folds 
Rasmusemusic: raises $1.50 to $2.50
ImaPeppaPig: folds 
nikalas22: folds 
Uncalled bet ($1.50) returned to Rasmusemusic
Rasmusemusic collected $2.50 from pot
*** SUMMARY ***
Total pot $2.50 | Rake $0 
Seat 2: Fero128
Seat 1: tukeiron folded before Flop (didn't bet)
Seat 3: Rasmusemusic (button) collected ($2.50)
Seat 4: ImaPeppaPig (small blind) folded before Flop
Seat 5: nikalas22 (big blind) folded before Flop
Seat 6: BGS013 folded before Flop (didn't bet)



PokerStars Hand #254389735315:  Hold'em No Limit ($0.50/$1.00 USD) - 2025/01/15 21:57:14 WET [2025/01/15 16:57:14 ET]
Table 'Ndola III' 6-max Seat #4 is the button
Seat 2: Fero128 ($0 in chips) is sitting out
Seat 1: tukeiron ($174.17 in chips) 
Seat 3: Rasmusemusic ($96.20 in chips) 
Seat 4: ImaPeppaPig ($100 in chips) 
Seat 5: nikalas22 ($100 in chips) 
Seat 6: BGS013 ($129.45 in chips) 
nikalas22: posts small blind $0.50
BGS013: posts big blind $1
*** HOLE CARDS ***
tukeiron: raises $1.50 to $2.50
Rasmusemusic: calls $2.50
ImaPeppaPig: folds 
nikalas22: folds 
BGS013: folds 
*** FLOP *** [8s Qs 2c]
tukeiron: bets $2.04
Rasmusemusic: calls $2.04
*** TURN *** [8s Qs 2c] [As]
tukeiron: bets $15.08
Rasmusemusic: calls $15.08
*** RIVER *** [8s Qs 2c As] [6c]
tukeiron: bets $25.54
Rasmusemusic: raises $51.04 to $76.58 and is all-in
tukeiron: calls $51.04
*** SHOW DOWN ***
Rasmusemusic: shows [Ad Qc] (two pair, Aces and Queens)
tukeiron: shows [Ks 7s] (a flush, Ace high)
tukeiron collected $191.40 from pot
*** SUMMARY ***
Total pot $193.90 | Rake $2.50 
Board [8s Qs 2c As 6c]
Seat 2: Fero128
Seat 1: tukeiron showed [Ks 7s] and won ($191.40) with a flush, Ace high
Seat 3: Rasmusemusic showed [Ad Qc] and lost with two pair, Aces and Queens
Seat 4: ImaPeppaPig (button) folded before Flop (didn't bet)
Seat 5: nikalas22 (small blind) folded before Flop
Seat 6: BGS013 (big blind) folded before Flop



PokerStars Hand #254389749991:  Hold'em No Limit ($0.50/$1.00 USD) - 2025/01/15 21:58:20 WET [2025/01/15 16:58:20 ET]
Table 'Ndola III' 6-max Seat #5 is the button
Seat 1: tukeiron ($269.37 in chips) is sitting out
Seat 2: Fero128 ($0 in chips) is sitting out
Seat 3: Rasmusemusic ($0 in chips) is sitting out
Seat 4: ImaPeppaPig ($100 in chips) 
Seat 5: nikalas22 ($100 in chips) 
Seat 6: BGS013 ($128.45 in chips) 
BGS013: posts small blind $0.50
tukeiron: is sitting out 
ImaPeppaPig: posts big blind $1
*** HOLE CARDS ***
Rasmusemusic is disconnected 
tukeiron leaves the table
nikalas22: raises $1.50 to $2.50
BGS013: folds 
ImaPeppaPig: folds 
Uncalled bet ($1.50) returned to nikalas22
BumHuntKing joins the table at seat #1 
nikalas22 collected $2.50 from pot
Fero128 leaves the table
nikalas22: doesn't show hand 
*** SUMMARY ***
Total pot $2.50 | Rake $0 
Seat 1: tukeiron
Seat 2: Fero128
Seat 3: Rasmusemusic
Seat 4: ImaPeppaPig (big blind) folded before Flop
Seat 5: nikalas22 (button) collected ($2.50)
Seat 6: BGS013 (small blind) folded before Flop



PokerStars Hand #254389752545:  Hold'em No Limit ($0.50/$1.00 USD) - 2025/01/15 21:58:32 WET [2025/01/15 16:58:32 ET]
Table 'Ndola III' 6-max Seat #6 is the button
Seat 1: BumHuntKing ($112.80 in chips) is sitting out
Seat 3: Rasmusemusic ($0 in chips) is sitting out
Seat 4: ImaPeppaPig ($100 in chips) 
Seat 5: nikalas22 ($101.50 in chips) 
Seat 6: BGS013 ($127.95 in chips) 
ImaPeppaPig: posts small blind $0.50
nikalas22: posts big blind $1
*** HOLE CARDS ***
BGS013: folds 
ImaPeppaPig: folds 
Uncalled bet ($0.50) returned to nikalas22
nikalas22 collected $1 from pot
nikalas22: doesn't show hand 
*** SUMMARY ***
Total pot $1 | Rake $0 
Seat 1: BumHuntKing
Seat 3: Rasmusemusic
Seat 4: ImaPeppaPig (small blind) folded before Flop
Seat 5: nikalas22 (big blind) collected ($1)
Seat 6: BGS013 (button) folded before Flop (didn't bet)



PokerStars Hand #254389754238:  Hold'em No Limit ($0.50/$1.00 USD) - 2025/01/15 21:58:39 WET [2025/01/15 16:58:39 ET]
Table 'Ndola III' 6-max Seat #4 is the button
Seat 1: BumHuntKing ($112.80 in chips) is sitting out
Seat 3: Rasmusemusic ($0 in chips) is sitting out
Seat 4: ImaPeppaPig ($100 in chips) 
Seat 5: nikalas22 ($102 in chips) 
Seat 6: BGS013 ($127.95 in chips) 
nikalas22: posts small blind $0.50
BGS013: posts big blind $1
BumHuntKing: sits out 
*** HOLE CARDS ***
ImaPeppaPig: folds 
nikalas22: raises $2 to $3
BGS013: raises $6.50 to $9.50
nikalas22: raises $12.50 to $22
SingingPancake joins the table at seat #2 
BGS013: calls $12.50
*** FLOP *** [Jh As 5c]
nikalas22: bets $10
BGS013: calls $10
*** TURN *** [Jh As 5c] [7h]
nikalas22: checks 
BGS013: bets $16.50
nikalas22: folds 
Uncalled bet ($16.50) returned to BGS013
BGS013 collected $63 from pot
BGS013: doesn't show hand 
*** SUMMARY ***
Total pot $64 | Rake $1 
Board [Jh As 5c 7h]
Seat 1: BumHuntKing
Seat 3: Rasmusemusic
Seat 4: ImaPeppaPig (button) folded before Flop (didn't bet)
Seat 5: nikalas22 (small blind) folded on the Turn
Seat 6: BGS013 (big blind) collected ($63)



PokerStars Hand #254389766645:  Hold'em No Limit ($0.50/$1.00 USD) - 2025/01/15 21:59:34 WET [2025/01/15 16:59:34 ET]
Table 'Ndola III' 6-max Seat #5 is the button
Seat 2: SingingPancake ($100 in chips) is sitting out
Seat 3: Rasmusemusic ($0 in chips) is sitting out
Seat 1: BumHuntKing ($112.80 in chips) 
Seat 4: ImaPeppaPig ($100 in chips) 
Seat 5: nikalas22 ($100 in chips) 
Seat 6: BGS013 ($158.95 in chips) 
BGS013: posts small blind $0.50
BumHuntKing: posts big blind $1
SingingPancake: sits out 
*** HOLE CARDS ***
ImaPeppaPig: folds 
nikalas22: folds 
BGS013: folds 
Uncalled bet ($0.50) returned to BumHuntKing
BumHuntKing collected $1 from pot
BumHuntKing: doesn't show hand 
*** SUMMARY ***
Total pot $1 | Rake $0 
Seat 2: SingingPancake
Seat 3: Rasmusemusic
Seat 1: BumHuntKing (big blind) collected ($1)
Seat 4: ImaPeppaPig folded before Flop (didn't bet)
Seat 5: nikalas22 (button) folded before Flop (didn't bet)
Seat 6: BGS013 (small blind) folded before Flop



PokerStars Hand #254389769762:  Hold'em No Limit ($0.50/$1.00 USD) - 2025/01/15 21:59:48 WET [2025/01/15 16:59:48 ET]
Table 'Ndola III' 6-max Seat #6 is the button
Seat 3: Rasmusemusic ($0 in chips) is sitting out
Seat 1: BumHuntKing ($113.30 in chips) 
Seat 2: SingingPancake ($100 in chips) 
Seat 4: ImaPeppaPig ($100 in chips) 
Seat 5: nikalas22 ($100 in chips) 
Seat 6: BGS013 ($158.45 in chips) 
BumHuntKing: posts small blind $0.50
SingingPancake: posts big blind $1
*** HOLE CARDS ***
ImaPeppaPig: folds 
nikalas22: raises $1.50 to $2.50
BGS013: folds 
BumHuntKing: folds 
SingingPancake: calls $1.50
*** FLOP *** [5h Qs 6d]
SingingPancake: checks 
nikalas22: bets $1.57
SingingPancake: calls $1.57
*** TURN *** [5h Qs 6d] [Td]
SingingPancake: checks 
nikalas22: bets $12.32
SingingPancake: calls $12.32
*** RIVER *** [5h Qs 6d Td] [Qd]
SingingPancake: checks 
nikalas22: checks 
*** SHOW DOWN ***
SingingPancake: shows [Kd Jd] (a flush, King high)
nikalas22: mucks hand 
SingingPancake collected $31.62 from pot
*** SUMMARY ***
Total pot $33.28 | Rake $1.66 
Board [5h Qs 6d Td Qd]
Seat 3: Rasmusemusic
Seat 1: BumHuntKing (small blind) folded before Flop
Seat 2: SingingPancake (big blind) showed [Kd Jd] and won ($31.62) with a flush, King high
Seat 4: ImaPeppaPig folded before Flop (didn't bet)
Seat 5: nikalas22 mucked
Seat 6: BGS013 (button) folded before Flop (didn't bet)



PokerStars Hand #254389779978:  Hold'em No Limit ($0.50/$1.00 USD) - 2025/01/15 22:00:33 WET [2025/01/15 17:00:33 ET]
Table 'Ndola III' 6-max Seat #1 is the button
Seat 3: Rasmusemusic ($0 in chips) is sitting out
Seat 1: BumHuntKing ($112.80 in chips) 
Seat 2: SingingPancake ($115.23 in chips) 
Seat 4: ImaPeppaPig ($100 in chips) 
Seat 5: nikalas22 ($100 in chips) 
Seat 6: BGS013 ($158.45 in chips) 
SingingPancake: posts small blind $0.50
ImaPeppaPig: posts big blind $1
*** HOLE CARDS ***
nikalas22: raises $1.50 to $2.50
BGS013: folds 
BumHuntKing: folds 
SingingPancake: folds 
ImaPeppaPig: calls $1.50
*** FLOP *** [3h Kd 4h]
ImaPeppaPig: checks 
nikalas22: bets $1.57
ImaPeppaPig: folds 
Uncalled bet ($1.57) returned to nikalas22
nikalas22 collected $5.22 from pot
nikalas22: doesn't show hand 
*** SUMMARY ***
Total pot $5.50 | Rake $0.28 
Board [3h Kd 4h]
Seat 3: Rasmusemusic
Seat 1: BumHuntKing (button) folded before Flop (didn't bet)
Seat 2: SingingPancake (small blind) folded before Flop
Seat 4: ImaPeppaPig (big blind) folded on the Flop
Seat 5: nikalas22 collected ($5.22)
Seat 6: BGS013 folded before Flop (didn't bet)



PokerStars Hand #254389785578:  Hold'em No Limit ($0.50/$1.00 USD) - 2025/01/15 22:00:55 WET [2025/01/15 17:00:55 ET]
Table 'Ndola III' 6-max Seat #2 is the button
Seat 3: Rasmusemusic ($0 in chips) is sitting out
Seat 1: BumHuntKing ($112.80 in chips) 
Seat 2: SingingPancake ($114.73 in chips) 
Seat 4: ImaPeppaPig ($100 in chips) 
Seat 5: nikalas22 ($102.72 in chips) 
Seat 6: BGS013 ($158.45 in chips) 
ImaPeppaPig: posts small blind $0.50
nikalas22: posts big blind $1
*** HOLE CARDS ***
BGS013: folds 
BumHuntKing: folds 
SingingPancake: folds 
ImaPeppaPig: raises $2 to $3
nikalas22: raises $6 to $9
ImaPeppaPig: calls $6
*** FLOP *** [4c Td Th]
ImaPeppaPig: checks 
nikalas22: bets $8.55
ImaPeppaPig: raises $13.45 to $22
nikalas22: calls $13.45
*** TURN *** [4c Td Th] [9s]
ImaPeppaPig: checks 
nikalas22: bets $17.85
ImaPeppaPig: calls $17.85
*** RIVER *** [4c Td Th 9s] [8h]
ImaPeppaPig: checks 
nikalas22: bets $53.87 and is all-in
ImaPeppaPig: folds 
Uncalled bet ($53.87) returned to nikalas22
nikalas22 collected $95.20 from pot
nikalas22: doesn't show hand 
*** SUMMARY ***
Total pot $97.70 | Rake $2.50 
Board [4c Td Th 9s 8h]
Seat 3: Rasmusemusic
Seat 1: BumHuntKing folded before Flop (didn't bet)
Seat 2: SingingPancake (button) folded before Flop (didn't bet)
Seat 4: ImaPeppaPig (small blind) folded on the River
Seat 5: nikalas22 (big blind) collected ($95.20)
Seat 6: BGS013 folded before Flop (didn't bet)



PokerStars Hand #254389804963:  Hold'em No Limit ($0.50/$1.00 USD) - 2025/01/15 22:02:05 WET [2025/01/15 17:02:05 ET]
Table 'Ndola III' 6-max Seat #4 is the button
Seat 3: Rasmusemusic ($0 in chips) is sitting out
Seat 1: BumHuntKing ($112.80 in chips) 
Seat 2: SingingPancake ($114.73 in chips) 
Seat 4: ImaPeppaPig ($100 in chips) 
Seat 5: nikalas22 ($149.07 in chips) 
Seat 6: BGS013 ($158.45 in chips) 
nikalas22: posts small blind $0.50
BGS013: posts big blind $1
*** HOLE CARDS ***
BumHuntKing: folds 
SingingPancake: raises $1.50 to $2.50
ImaPeppaPig: folds 
nikalas22: folds 
BGS013: calls $1.50
*** FLOP *** [Js 4s 5c]
BGS013: checks 
SingingPancake: checks 
*** TURN *** [Js 4s 5c] [Kh]
BGS013: checks 
SingingPancake: bets $3
BGS013: folds 
Uncalled bet ($3) returned to SingingPancake
SingingPancake collected $5.22 from pot
SingingPancake: doesn't show hand 
*** SUMMARY ***
Total pot $5.50 | Rake $0.28 
Board [Js 4s 5c Kh]
Seat 3: Rasmusemusic
Seat 1: BumHuntKing folded before Flop (didn't bet)
Seat 2: SingingPancake collected ($5.22)
Seat 4: ImaPeppaPig (button) folded before Flop (didn't bet)
Seat 5: nikalas22 (small blind) folded before Flop
Seat 6: BGS013 (big blind) folded on the Turn



PokerStars Hand #254389817995:  Hold'em No Limit ($0.50/$1.00 USD) - 2025/01/15 22:02:50 WET [2025/01/15 17:02:50 ET]
Table 'Ndola III' 6-max Seat #5 is the button
Seat 3: Rasmusemusic ($0 in chips) is sitting out
Seat 1: BumHuntKing ($112.80 in chips) 
Seat 2: SingingPancake ($117.45 in chips) 
Seat 4: ImaPeppaPig ($100 in chips) 
Seat 5: nikalas22 ($148.57 in chips) 
Seat 6: BGS013 ($155.95 in chips) 
BGS013: posts small blind $0.50
BumHuntKing: posts big blind $1
*** HOLE CARDS ***
SingingPancake: raises $1.25 to $2.25
ImaPeppaPig: folds 
nikalas22: folds 
BGS013: folds 
BumHuntKing: folds 
Uncalled bet ($1.25) returned to SingingPancake
SingingPancake collected $2.50 from pot
SingingPancake: doesn't show hand 
*** SUMMARY ***
Total pot $2.50 | Rake $0 
Seat 3: Rasmusemusic
Seat 1: BumHuntKing (big blind) folded before Flop
Seat 2: SingingPancake collected ($2.50)
Seat 4: ImaPeppaPig folded before Flop (didn't bet)
Seat 5: nikalas22 (button) folded before Flop (didn't bet)
Seat 6: BGS013 (small blind) folded before Flop



PokerStars Hand #254389828094:  Hold'em No Limit ($0.50/$1.00 USD) - 2025/01/15 22:03:23 WET [2025/01/15 17:03:23 ET]
Table 'Ndola III' 6-max Seat #6 is the button
Seat 3: Rasmusemusic ($0 in chips) is sitting out
Seat 1: BumHuntKing ($111.80 in chips) 
Seat 2: SingingPancake ($118.95 in chips) 
Seat 4: ImaPeppaPig ($100 in chips) 
Seat 5: nikalas22 ($148.57 in chips) 
Seat 6: BGS013 ($155.45 in chips) 
BumHuntKing: posts small blind $0.50
SingingPancake: posts big blind $1
*** HOLE CARDS ***
ImaPeppaPig: folds 
nikalas22: folds 
BGS013: raises $1.50 to $2.50
BumHuntKing: folds 
SingingPancake: folds 
Uncalled bet ($1.50) returned to BGS013
BGS013 collected $2.50 from pot
BGS013: doesn't show hand 
*** SUMMARY ***
Total pot $2.50 | Rake $0 
Seat 3: Rasmusemusic
Seat 1: BumHuntKing (small blind) folded before Flop
Seat 2: SingingPancake (big blind) folded before Flop
Seat 4: ImaPeppaPig folded before Flop (didn't bet)
Seat 5: nikalas22 folded before Flop (didn't bet)
Seat 6: BGS013 (button) collected ($2.50)



PokerStars Hand #254389834663:  Hold'em No Limit ($0.50/$1.00 USD) - 2025/01/15 22:03:45 WET [2025/01/15 17:03:45 ET]
Table 'Ndola III' 6-max Seat #1 is the button
Seat 3: Rasmusemusic ($0 in chips) is sitting out
Seat 1: BumHuntKing ($111.30 in chips) 
Seat 2: SingingPancake ($117.95 in chips) 
Seat 4: ImaPeppaPig ($100 in chips) 
Seat 5: nikalas22 ($148.57 in chips) 
Seat 6: BGS013 ($156.95 in chips) 
SingingPancake: posts small blind $0.50
ImaPeppaPig: posts big blind $1
*** HOLE CARDS ***
nikalas22: folds 
BGS013: folds 
BumHuntKing: folds 
SingingPancake: folds 
Uncalled bet ($0.50) returned to ImaPeppaPig
ImaPeppaPig collected $1 from pot
ImaPeppaPig: doesn't show hand 
*** SUMMARY ***
Total pot $1 | Rake $0 
Seat 3: Rasmusemusic
Seat 1: BumHuntKing (button) folded before Flop (didn't bet)
Seat 2: SingingPancake (small blind) folded before Flop
Seat 4: ImaPeppaPig (big blind) collected ($1)
Seat 5: nikalas22 folded before Flop (didn't bet)
Seat 6: BGS013 folded before Flop (didn't bet)



PokerStars Hand #254389837155:  Hold'em No Limit ($0.50/$1.00 USD) - 2025/01/15 22:03:53 WET [2025/01/15 17:03:53 ET]
Table 'Ndola III' 6-max Seat #2 is the button
Seat 3: Rasmusemusic ($0 in chips) is sitting out
Seat 1: BumHuntKing ($111.30 in chips) 
Seat 2: SingingPancake ($117.45 in chips) 
Seat 4: ImaPeppaPig ($100.50 in chips) 
Seat 5: nikalas22 ($148.57 in chips) 
Seat 6: BGS013 ($156.95 in chips) 
ImaPeppaPig: posts small blind $0.50
nikalas22: posts big blind $1
*** HOLE CARDS ***
BGS013: folds 
BumHuntKing: folds 
SingingPancake: raises $1.30 to $2.30
ImaPeppaPig: folds 
nikalas22: folds 
Uncalled bet ($1.30) returned to SingingPancake
SingingPancake collected $2.50 from pot
SingingPancake: doesn't show hand 
*** SUMMARY ***
Total pot $2.50 | Rake $0 
Seat 3: Rasmusemusic
Seat 1: BumHuntKing folded before Flop (didn't bet)
Seat 2: SingingPancake (button) collected ($2.50)
Seat 4: ImaPeppaPig (small blind) folded before Flop
Seat 5: nikalas22 (big blind) folded before Flop
Seat 6: BGS013 folded before Flop (didn't bet)



PokerStars Hand #254389844272:  Hold'em No Limit ($0.50/$1.00 USD) - 2025/01/15 22:04:16 WET [2025/01/15 17:04:16 ET]
Table 'Ndola III' 6-max Seat #4 is the button
Seat 3: Rasmusemusic ($0 in chips) is sitting out
Seat 1: BumHuntKing ($111.30 in chips) 
Seat 2: SingingPancake ($118.95 in chips) 
Seat 4: ImaPeppaPig ($100 in chips) 
Seat 5: nikalas22 ($147.57 in chips) 
Seat 6: BGS013 ($156.95 in chips) 
nikalas22: posts small blind $0.50
BGS013: posts big blind $1
*** HOLE CARDS ***
BumHuntKing: folds 
SingingPancake: folds 
ImaPeppaPig: folds 
nikalas22: folds 
Uncalled bet ($0.50) returned to BGS013
BGS013 collected $1 from pot
BGS013: doesn't show hand 
*** SUMMARY ***
Total pot $1 | Rake $0 
Seat 3: Rasmusemusic
Seat 1: BumHuntKing folded before Flop (didn't bet)
Seat 2: SingingPancake folded before Flop (didn't bet)
Seat 4: ImaPeppaPig (button) folded before Flop (didn't bet)
Seat 5: nikalas22 (small blind) folded before Flop
Seat 6: BGS013 (big blind) collected ($1)



PokerStars Hand #254389848666:  Hold'em No Limit ($0.50/$1.00 USD) - 2025/01/15 22:04:31 WET [2025/01/15 17:04:31 ET]
Table 'Ndola III' 6-max Seat #5 is the button
Seat 3: Rasmusemusic ($0 in chips) is sitting out
Seat 1: BumHuntKing ($111.30 in chips) 
Seat 2: SingingPancake ($118.95 in chips) 
Seat 4: ImaPeppaPig ($100 in chips) 
Seat 5: nikalas22 ($147.07 in chips) 
Seat 6: BGS013 ($157.45 in chips) 
BGS013: posts small blind $0.50
BumHuntKing: posts big blind $1
*** HOLE CARDS ***
SingingPancake: folds 
ImaPeppaPig: folds 
nikalas22: folds 
BGS013: raises $2 to $3
BumHuntKing: calls $2
*** FLOP *** [6h 7s 6s]
BGS013: checks 
BumHuntKing: bets $1.43
BGS013: calls $1.43
*** TURN *** [6h 7s 6s] [Qd]
BGS013: checks 
BumHuntKing: bets $10.53
BGS013: folds 
Uncalled bet ($10.53) returned to BumHuntKing
BumHuntKing collected $8.42 from pot
BumHuntKing: doesn't show hand 
*** SUMMARY ***
Total pot $8.86 | Rake $0.44 
Board [6h 7s 6s Qd]
Seat 3: Rasmusemusic
Seat 1: BumHuntKing (big blind) collected ($8.42)
Seat 2: SingingPancake folded before Flop (didn't bet)
Seat 4: ImaPeppaPig folded before Flop (didn't bet)
Seat 5: nikalas22 (button) folded before Flop (didn't bet)
Seat 6: BGS013 (small blind) folded on the Turn



PokerStars Hand #254389866488:  Hold'em No Limit ($0.50/$1.00 USD) - 2025/01/15 22:05:30 WET [2025/01/15 17:05:30 ET]
Table 'Ndola III' 6-max Seat #6 is the button
Seat 3: Rasmusemusic ($0 in chips) is sitting out
Seat 1: BumHuntKing ($115.29 in chips) 
Seat 2: SingingPancake ($118.95 in chips) 
Seat 4: ImaPeppaPig ($100 in chips) 
Seat 5: nikalas22 ($147.07 in chips) 
Seat 6: BGS013 ($153.02 in chips) 
BumHuntKing: posts small blind $0.50
SingingPancake: posts big blind $1
*** HOLE CARDS ***
ImaPeppaPig: folds 
nikalas22: raises $1.50 to $2.50
BGS013: folds 
BumHuntKing: folds 
SingingPancake: calls $1.50
*** FLOP *** [Td Qs 7s]
SingingPancake: checks 
nikalas22: bets $3.92
SingingPancake: calls $3.92
*** TURN *** [Td Qs 7s] [Kh]
SingingPancake: checks 
nikalas22: checks 
*** RIVER *** [Td Qs 7s Kh] [2s]
SingingPancake: bets $6.34
nikalas22: calls $6.34
*** SHOW DOWN ***
SingingPancake: shows [2d 7h] (two pair, Sevens and Deuces)
nikalas22: mucks hand 
SingingPancake collected $24.72 from pot
*** SUMMARY ***
Total pot $26.02 | Rake $1.30 
Board [Td Qs 7s Kh 2s]
Seat 3: Rasmusemusic
Seat 1: BumHuntKing (small blind) folded before Flop
Seat 2: SingingPancake (big blind) showed [2d 7h] and won ($24.72) with two pair, Sevens and Deuces
Seat 4: ImaPeppaPig folded before Flop (didn't bet)
Seat 5: nikalas22 mucked
Seat 6: BGS013 (button) folded before Flop (didn't bet)



PokerStars Hand #254389877956:  Hold'em No Limit ($0.50/$1.00 USD) - 2025/01/15 22:06:07 WET [2025/01/15 17:06:07 ET]
Table 'Ndola III' 6-max Seat #1 is the button
Seat 3: Rasmusemusic ($0 in chips) is sitting out
Seat 1: BumHuntKing ($114.79 in chips) 
Seat 2: SingingPancake ($130.91 in chips) 
Seat 4: ImaPeppaPig ($100 in chips) 
Seat 5: nikalas22 ($134.31 in chips) 
Seat 6: BGS013 ($153.02 in chips) 
SingingPancake: posts small blind $0.50
ImaPeppaPig: posts big blind $1
*** HOLE CARDS ***
nikalas22: raises $1.50 to $2.50
BGS013: raises $5.50 to $8
BumHuntKing: folds 
SingingPancake: folds 
ImaPeppaPig: folds 
nikalas22: folds 
Uncalled bet ($5.50) returned to BGS013
BGS013 collected $6.50 from pot
Rasmusemusic leaves the table
BGS013: doesn't show hand 
*** SUMMARY ***
Total pot $6.50 | Rake $0 
Seat 3: Rasmusemusic
Seat 1: BumHuntKing (button) folded before Flop (didn't bet)
Seat 2: SingingPancake (small blind) folded before Flop
Seat 4: ImaPeppaPig (big blind) folded before Flop
Seat 5: nikalas22 folded before Flop
Seat 6: BGS013 collected ($6.50)



PokerStars Hand #254389884181:  Hold'em No Limit ($0.50/$1.00 USD) - 2025/01/15 22:06:27 WET [2025/01/15 17:06:27 ET]
Table 'Ndola III' 6-max Seat #2 is the button
Seat 1: BumHuntKing ($114.79 in chips) 
Seat 2: SingingPancake ($130.41 in chips) 
Seat 4: ImaPeppaPig ($100 in chips) 
Seat 5: nikalas22 ($131.81 in chips) 
Seat 6: BGS013 ($157.02 in chips) 
ImaPeppaPig: posts small blind $0.50
nikalas22: posts big blind $1
*** HOLE CARDS ***
BGS013: folds 
BumHuntKing: raises $1.20 to $2.20
SingingPancake: calls $2.20
NISIY joins the table at seat #3 
ImaPeppaPig: folds 
nikalas22: calls $1.20
*** FLOP *** [3c Qd 3d]
nikalas22: checks 
BumHuntKing: checks 
SingingPancake: checks 
*** TURN *** [3c Qd 3d] [9s]
nikalas22: bets $5.06
BumHuntKing: folds 
SingingPancake: folds 
Uncalled bet ($5.06) returned to nikalas22
nikalas22 collected $6.74 from pot
nikalas22: doesn't show hand 
*** SUMMARY ***
Total pot $7.10 | Rake $0.36 
Board [3c Qd 3d 9s]
Seat 1: BumHuntKing folded on the Turn
Seat 2: SingingPancake (button) folded on the Turn
Seat 4: ImaPeppaPig (small blind) folded before Flop
Seat 5: nikalas22 (big blind) collected ($6.74)
Seat 6: BGS013 folded before Flop (didn't bet)



PokerStars Hand #254389894927:  Hold'em No Limit ($0.50/$1.00 USD) - 2025/01/15 22:07:02 WET [2025/01/15 17:07:02 ET]
Table 'Ndola III' 6-max Seat #4 is the button
Seat 3: NISIY ($112.86 in chips) is sitting out
Seat 1: BumHuntKing ($112.59 in chips) 
Seat 2: SingingPancake ($128.21 in chips) 
Seat 4: ImaPeppaPig ($100 in chips) 
Seat 5: nikalas22 ($136.35 in chips) 
Seat 6: BGS013 ($157.02 in chips) 
nikalas22: posts small blind $0.50
BGS013: posts big blind $1
NISIY: sits out 
*** HOLE CARDS ***
BumHuntKing: folds 
SingingPancake: folds 
ImaPeppaPig: raises $1.50 to $2.50
nikalas22: folds 
BGS013: calls $1.50
*** FLOP *** [6s 5s Th]
BGS013: checks 
ImaPeppaPig: bets $3.97
BGS013: folds 
Uncalled bet ($3.97) returned to ImaPeppaPig
ImaPeppaPig collected $5.22 from pot
ImaPeppaPig: doesn't show hand 
*** SUMMARY ***
Total pot $5.50 | Rake $0.28 
Board [6s 5s Th]
Seat 3: NISIY
Seat 1: BumHuntKing folded before Flop (didn't bet)
Seat 2: SingingPancake folded before Flop (didn't bet)
Seat 4: ImaPeppaPig (button) collected ($5.22)
Seat 5: nikalas22 (small blind) folded before Flop
Seat 6: BGS013 (big blind) folded on the Flop



PokerStars Hand #254389905244:  Hold'em No Limit ($0.50/$1.00 USD) - 2025/01/15 22:07:35 WET [2025/01/15 17:07:35 ET]
Table 'Ndola III' 6-max Seat #5 is the button
Seat 1: BumHuntKing ($112.59 in chips) is sitting out
Seat 3: NISIY ($112.86 in chips) is sitting out
Seat 2: SingingPancake ($128.21 in chips) 
Seat 4: ImaPeppaPig ($102.72 in chips) 
Seat 5: nikalas22 ($135.85 in chips) 
Seat 6: BGS013 ($154.52 in chips) 
BGS013: posts small blind $0.50
BumHuntKing: is sitting out 
SingingPancake: posts big blind $1
NISIY: sits out 
*** HOLE CARDS ***
ImaPeppaPig: raises $1.50 to $2.50
nikalas22: folds 
BGS013: folds 
SingingPancake: raises $6.50 to $9
ImaPeppaPig: folds 
Uncalled bet ($6.50) returned to SingingPancake
SingingPancake collected $5.50 from pot
SingingPancake: doesn't show hand 
*** SUMMARY ***
Total pot $5.50 | Rake $0 
Seat 1: BumHuntKing
Seat 3: NISIY
Seat 2: SingingPancake (big blind) collected ($5.50)
Seat 4: ImaPeppaPig folded before Flop
Seat 5: nikalas22 (button) folded before Flop (didn't bet)
Seat 6: BGS013 (small blind) folded before Flop



PokerStars Hand #254389913138:  Hold'em No Limit ($0.50/$1.00 USD) - 2025/01/15 22:08:01 WET [2025/01/15 17:08:01 ET]
Table 'Ndola III' 6-max Seat #6 is the button
Seat 1: BumHuntKing ($112.59 in chips) is sitting out
Seat 2: SingingPancake ($131.21 in chips) 
Seat 3: NISIY ($112.86 in chips) 
Seat 4: ImaPeppaPig ($100.22 in chips) 
Seat 5: nikalas22 ($135.85 in chips) 
Seat 6: BGS013 ($154.02 in chips) 
SingingPancake: posts small blind $0.50
NISIY: posts big blind $1
*** HOLE CARDS ***
ImaPeppaPig: folds 
nikalas22: folds 
BGS013: raises $1.50 to $2.50
SingingPancake: calls $2
NISIY: raises $12.50 to $15
BGS013: folds 
SingingPancake: folds 
Uncalled bet ($12.50) returned to NISIY
NISIY collected $7.50 from pot
NISIY: doesn't show hand 
*** SUMMARY ***
Total pot $7.50 | Rake $0 
Seat 1: BumHuntKing
Seat 2: SingingPancake (small blind) folded before Flop
Seat 3: NISIY (big blind) collected ($7.50)
Seat 4: ImaPeppaPig folded before Flop (didn't bet)
Seat 5: nikalas22 folded before Flop (didn't bet)
Seat 6: BGS013 (button) folded before Flop



PokerStars Hand #254389921369:  Hold'em No Limit ($0.50/$1.00 USD) - 2025/01/15 22:08:28 WET [2025/01/15 17:08:28 ET]
Table 'Ndola III' 6-max Seat #2 is the button
Seat 1: BumHuntKing ($112.59 in chips) is sitting out
Seat 2: SingingPancake ($128.71 in chips) 
Seat 3: NISIY ($117.86 in chips) 
Seat 4: ImaPeppaPig ($100.22 in chips) 
Seat 5: nikalas22 ($135.85 in chips) 
Seat 6: BGS013 ($151.52 in chips) 
NISIY: posts small blind $0.50
ImaPeppaPig: posts big blind $1
*** HOLE CARDS ***
nikalas22: raises $1.50 to $2.50
BGS013: raises $5.50 to $8
SingingPancake: folds 
NISIY: folds 
ImaPeppaPig: folds 
nikalas22: folds 
Uncalled bet ($5.50) returned to BGS013
BGS013 collected $6.50 from pot
BGS013: doesn't show hand 
*** SUMMARY ***
Total pot $6.50 | Rake $0 
Seat 1: BumHuntKing
Seat 2: SingingPancake (button) folded before Flop (didn't bet)
Seat 3: NISIY (small blind) folded before Flop
Seat 4: ImaPeppaPig (big blind) folded before Flop
Seat 5: nikalas22 folded before Flop
Seat 6: BGS013 collected ($6.50)



PokerStars Hand #254389931348:  Hold'em No Limit ($0.50/$1.00 USD) - 2025/01/15 22:09:01 WET [2025/01/15 17:09:01 ET]
Table 'Ndola III' 6-max Seat #3 is the button
Seat 1: BumHuntKing ($112.59 in chips) is sitting out
Seat 2: SingingPancake ($128.71 in chips) 
Seat 3: NISIY ($117.36 in chips) 
Seat 4: ImaPeppaPig ($100 in chips) 
Seat 5: nikalas22 ($133.35 in chips) 
Seat 6: BGS013 ($155.52 in chips) 
ImaPeppaPig: posts small blind $0.50
nikalas22: posts big blind $1
*** HOLE CARDS ***
BGS013: folds 
SingingPancake: folds 
NISIY: folds 
ImaPeppaPig: raises $2 to $3
nikalas22: raises $6 to $9
ImaPeppaPig: calls $6
*** FLOP *** [Kd Ks Qd]
ImaPeppaPig: checks 
nikalas22: bets $5.13
ImaPeppaPig: folds 
Uncalled bet ($5.13) returned to nikalas22
nikalas22 collected $17.10 from pot
nikalas22: doesn't show hand 
*** SUMMARY ***
Total pot $18 | Rake $0.90 
Board [Kd Ks Qd]
Seat 1: BumHuntKing
Seat 2: SingingPancake folded before Flop (didn't bet)
Seat 3: NISIY (button) folded before Flop (didn't bet)
Seat 4: ImaPeppaPig (small blind) folded on the Flop
Seat 5: nikalas22 (big blind) collected ($17.10)
Seat 6: BGS013 folded before Flop (didn't bet)



PokerStars Hand #254389941646:  Hold'em No Limit ($0.50/$1.00 USD) - 2025/01/15 22:09:34 WET [2025/01/15 17:09:34 ET]
Table 'Ndola III' 6-max Seat #4 is the button
Seat 1: BumHuntKing ($112.59 in chips) is sitting out
Seat 2: SingingPancake ($128.71 in chips) 
Seat 3: NISIY ($117.36 in chips) 
Seat 4: ImaPeppaPig ($100 in chips) 
Seat 5: nikalas22 ($141.45 in chips) 
Seat 6: BGS013 ($155.52 in chips) 
nikalas22: posts small blind $0.50
BGS013: posts big blind $1
*** HOLE CARDS ***
SingingPancake: folds 
NISIY: folds 
ImaPeppaPig: folds 
nikalas22: folds 
Uncalled bet ($0.50) returned to BGS013
BGS013 collected $1 from pot
BGS013: doesn't show hand 
*** SUMMARY ***
Total pot $1 | Rake $0 
Seat 1: BumHuntKing
Seat 2: SingingPancake folded before Flop (didn't bet)
Seat 3: NISIY folded before Flop (didn't bet)
Seat 4: ImaPeppaPig (button) folded before Flop (didn't bet)
Seat 5: nikalas22 (small blind) folded before Flop
Seat 6: BGS013 (big blind) collected ($1)



PokerStars Hand #254389945420:  Hold'em No Limit ($0.50/$1.00 USD) - 2025/01/15 22:09:47 WET [2025/01/15 17:09:47 ET]
Table 'Ndola III' 6-max Seat #5 is the button
Seat 1: BumHuntKing ($112.59 in chips) is sitting out
Seat 2: SingingPancake ($128.71 in chips) 
Seat 3: NISIY ($117.36 in chips) 
Seat 4: ImaPeppaPig ($100 in chips) 
Seat 5: nikalas22 ($140.95 in chips) 
Seat 6: BGS013 ($156.02 in chips) 
BGS013: posts small blind $0.50
SingingPancake: posts big blind $1
*** HOLE CARDS ***
NISIY: folds 
ImaPeppaPig: folds 
nikalas22: raises $1.50 to $2.50
BGS013: folds 
SingingPancake: calls $1.50
*** FLOP *** [7c Ad 6s]
SingingPancake: checks 
nikalas22: bets $1.57
SingingPancake: calls $1.57
*** TURN *** [7c Ad 6s] [2s]
SingingPancake: checks 
nikalas22: checks 
*** RIVER *** [7c Ad 6s 2s] [6d]
SingingPancake: bets $5
nikalas22: folds 
Uncalled bet ($5) returned to SingingPancake
SingingPancake collected $8.21 from pot
SingingPancake: doesn't show hand 
*** SUMMARY ***
Total pot $8.64 | Rake $0.43 
Board [7c Ad 6s 2s 6d]
Seat 1: BumHuntKing
Seat 2: SingingPancake (big blind) collected ($8.21)
Seat 3: NISIY folded before Flop (didn't bet)
Seat 4: ImaPeppaPig folded before Flop (didn't bet)
Seat 5: nikalas22 (button) folded on the River
Seat 6: BGS013 (small blind) folded before Flop



PokerStars Hand #254389955482:  Hold'em No Limit ($0.50/$1.00 USD) - 2025/01/15 22:10:20 WET [2025/01/15 17:10:20 ET]
Table 'Ndola III' 6-max Seat #6 is the button
Seat 1: BumHuntKing ($112.59 in chips) is sitting out
Seat 2: SingingPancake ($132.85 in chips) 
Seat 3: NISIY ($117.36 in chips) 
Seat 4: ImaPeppaPig ($100 in chips) 
Seat 5: nikalas22 ($136.88 in chips) 
Seat 6: BGS013 ($155.52 in chips) 
SingingPancake: posts small blind $0.50
NISIY: posts big blind $1
*** HOLE CARDS ***
BumHuntKing leaves the table
ImaPeppaPig: folds 
nikalas22: folds 
BGS013: folds 
SingingPancake: folds 
Uncalled bet ($0.50) returned to NISIY
NISIY collected $1 from pot
NISIY: doesn't show hand 
*** SUMMARY ***
Total pot $1 | Rake $0 
Seat 1: BumHuntKing
Seat 2: SingingPancake (small blind) folded before Flop
Seat 3: NISIY (big blind) collected ($1)
Seat 4: ImaPeppaPig folded before Flop (didn't bet)
Seat 5: nikalas22 folded before Flop (didn't bet)
Seat 6: BGS013 (button) folded before Flop (didn't bet)



PokerStars Hand #254389958170:  Hold'em No Limit ($0.50/$1.00 USD) - 2025/01/15 22:10:28 WET [2025/01/15 17:10:28 ET]
Table 'Ndola III' 6-max Seat #2 is the button
Seat 2: SingingPancake ($132.35 in chips) 
Seat 3: NISIY ($117.86 in chips) 
Seat 4: ImaPeppaPig ($100 in chips) 
Seat 5: nikalas22 ($136.88 in chips) 
Seat 6: BGS013 ($155.52 in chips) 
NISIY: posts small blind $0.50
ImaPeppaPig: posts big blind $1
*** HOLE CARDS ***
nikalas22: folds 
BGS013: folds 
SingingPancake: folds 
NISIY: folds 
Uncalled bet ($0.50) returned to ImaPeppaPig
ImaPeppaPig collected $1 from pot
ImaPeppaPig: doesn't show hand 
*** SUMMARY ***
Total pot $1 | Rake $0 
Seat 2: SingingPancake (button) folded before Flop (didn't bet)
Seat 3: NISIY (small blind) folded before Flop
Seat 4: ImaPeppaPig (big blind) collected ($1)
Seat 5: nikalas22 folded before Flop (didn't bet)
Seat 6: BGS013 folded before Flop (didn't bet)



PokerStars Hand #254389961135:  Hold'em No Limit ($0.50/$1.00 USD) - 2025/01/15 22:10:38 WET [2025/01/15 17:10:38 ET]
Table 'Ndola III' 6-max Seat #3 is the button
Seat 2: SingingPancake ($132.35 in chips) 
Seat 3: NISIY ($117.36 in chips) 
Seat 4: ImaPeppaPig ($100.50 in chips) 
Seat 5: nikalas22 ($136.88 in chips) 
Seat 6: BGS013 ($155.52 in chips) 
ImaPeppaPig: posts small blind $0.50
nikalas22: posts big blind $1
*** HOLE CARDS ***
BGS013: folds 
SingingPancake: folds 
NISIY: folds 
ImaPeppaPig: raises $2 to $3
nikalas22: folds 
Uncalled bet ($2) returned to ImaPeppaPig
ImaPeppaPig collected $2 from pot
ImaPeppaPig: doesn't show hand 
*** SUMMARY ***
Total pot $2 | Rake $0 
Seat 2: SingingPancake folded before Flop (didn't bet)
Seat 3: NISIY (button) folded before Flop (didn't bet)
Seat 4: ImaPeppaPig (small blind) collected ($2)
Seat 5: nikalas22 (big blind) folded before Flop
Seat 6: BGS013 folded before Flop (didn't bet)



PokerStars Hand #254389964642:  Hold'em No Limit ($0.50/$1.00 USD) - 2025/01/15 22:10:50 WET [2025/01/15 17:10:50 ET]
Table 'Ndola III' 6-max Seat #4 is the button
Seat 2: SingingPancake ($132.35 in chips) 
Seat 3: NISIY ($117.36 in chips) 
Seat 4: ImaPeppaPig ($101.50 in chips) 
Seat 5: nikalas22 ($135.88 in chips) 
Seat 6: BGS013 ($155.52 in chips) 
nikalas22: posts small blind $0.50
BGS013: posts big blind $1
*** HOLE CARDS ***
SingingPancake: raises $1.40 to $2.40
NISIY: raises $5.10 to $7.50
ImaPeppaPig: folds 
nikalas22: folds 
BGS013: folds 
SingingPancake: calls $5.10
*** FLOP *** [7d 7c 8h]
SingingPancake: checks 
NISIY: bets $5.17
SingingPancake: calls $5.17
*** TURN *** [7d 7c 8h] [3h]
SingingPancake: checks 
NISIY: bets $19.13
XneferX joins the table at seat #1 
SingingPancake: calls $19.13
*** RIVER *** [7d 7c 8h 3h] [Kh]
SingingPancake: checks 
NISIY: bets $41.32
SingingPancake: folds 
Uncalled bet ($41.32) returned to NISIY
NISIY collected $62.60 from pot
NISIY: doesn't show hand 
*** SUMMARY ***
Total pot $65.10 | Rake $2.50 
Board [7d 7c 8h 3h Kh]
Seat 2: SingingPancake folded on the River
Seat 3: NISIY collected ($62.60)
Seat 4: ImaPeppaPig (button) folded before Flop (didn't bet)
Seat 5: nikalas22 (small blind) folded before Flop
Seat 6: BGS013 (big blind) folded before Flop



PokerStars Hand #254389991557:  Hold'em No Limit ($0.50/$1.00 USD) - 2025/01/15 22:12:18 WET [2025/01/15 17:12:18 ET]
Table 'Ndola III' 6-max Seat #5 is the button
Seat 1: XneferX ($100 in chips) 
Seat 2: SingingPancake ($100.55 in chips) 
Seat 3: NISIY ($148.16 in chips) 
Seat 4: ImaPeppaPig ($101.50 in chips) 
Seat 5: nikalas22 ($135.38 in chips) 
Seat 6: BGS013 ($154.52 in chips) 
BGS013: posts small blind $0.50
XneferX: posts big blind $1
*** HOLE CARDS ***
SingingPancake: folds 
NISIY has timed out
NISIY: folds 
ImaPeppaPig: folds 
nikalas22: raises $1.50 to $2.50
BGS013: folds 
XneferX: calls $1.50
*** FLOP *** [2d Qd 8c]
XneferX: checks 
SingingPancake leaves the table
nikalas22: bets $1.57
raiseinthedarkk joins the table at seat #2 
NISIY leaves the table
XneferX: calls $1.57
*** TURN *** [2d Qd 8c] [7h]
raiseinthedarkk leaves the table
XneferX: checks 
nikalas22: checks 
*** RIVER *** [2d Qd 8c 7h] [4s]
XneferX: checks 
nikalas22: checks 
*** SHOW DOWN ***
XneferX: shows [Td 8d] (a pair of Eights)
nikalas22: mucks hand 
XneferX collected $8.21 from pot
*** SUMMARY ***
Total pot $8.64 | Rake $0.43 
Board [2d Qd 8c 7h 4s]
Seat 1: XneferX (big blind) showed [Td 8d] and won ($8.21) with a pair of Eights
Seat 2: SingingPancake folded before Flop (didn't bet)
Seat 3: NISIY folded before Flop (didn't bet)
Seat 4: ImaPeppaPig folded before Flop (didn't bet)
Seat 5: nikalas22 (button) mucked
Seat 6: BGS013 (small blind) folded before Flop



PokerStars Hand #254390009312:  Hold'em No Limit ($0.50/$1.00 USD) - 2025/01/15 22:13:17 WET [2025/01/15 17:13:17 ET]
Table 'Ndola III' 6-max Seat #6 is the button
Seat 1: XneferX ($104.14 in chips) 
Seat 4: ImaPeppaPig ($101.50 in chips) 
Seat 5: nikalas22 ($131.31 in chips) 
Seat 6: BGS013 ($154.02 in chips) 
XneferX: posts small blind $0.50
ImaPeppaPig: posts big blind $1
*** HOLE CARDS ***
nikalas22: folds 
BGS013: raises $1.50 to $2.50
XneferX: folds 
ImaPeppaPig: folds 
Uncalled bet ($1.50) returned to BGS013
BGS013 collected $2.50 from pot
BGS013: doesn't show hand 
*** SUMMARY ***
Total pot $2.50 | Rake $0 
Seat 1: XneferX (small blind) folded before Flop
Seat 4: ImaPeppaPig (big blind) folded before Flop
Seat 5: nikalas22 folded before Flop (didn't bet)
Seat 6: BGS013 (button) collected ($2.50)



PokerStars Hand #254390012635:  Hold'em No Limit ($0.50/$1.00 USD) - 2025/01/15 22:13:28 WET [2025/01/15 17:13:28 ET]
Table 'Ndola III' 6-max Seat #1 is the button
Seat 5: nikalas22 ($131.31 in chips) is sitting out
Seat 1: XneferX ($103.64 in chips) 
Seat 4: ImaPeppaPig ($100.50 in chips) 
Seat 6: BGS013 ($155.52 in chips) 
ImaPeppaPig: posts small blind $0.50
nikalas22: is sitting out 
BGS013: posts big blind $1
*** HOLE CARDS ***
nikalas22 leaves the table
XneferX: folds 
ImaPeppaPig: raises $2 to $3
BGS013: calls $2
*** FLOP *** [5d 4s 5c]
ImaPeppaPig: checks 
BGS013: bets $1.48
XneferX leaves the table
ImaPeppaPig: calls $1.48
*** TURN *** [5d 4s 5c] [2h]
ImaPeppaPig: checks 
BGS013: bets $7.50
ImaPeppaPig: folds 
Uncalled bet ($7.50) returned to BGS013
BGS013 collected $8.51 from pot
BGS013: doesn't show hand 
*** SUMMARY ***
Total pot $8.96 | Rake $0.45 
Board [5d 4s 5c 2h]
Seat 5: nikalas22
Seat 1: XneferX (button) folded before Flop (didn't bet)
Seat 4: ImaPeppaPig (small blind) folded on the Turn
Seat 6: BGS013 (big blind) collected ($8.51)



PokerStars Hand #254390024953:  Hold'em No Limit ($0.50/$1.00 USD) - 2025/01/15 22:14:09 WET [2025/01/15 17:14:09 ET]
Table 'Ndola III' 6-max Seat #6 is the button
Seat 4: ImaPeppaPig ($100 in chips) 
Seat 6: BGS013 ($159.55 in chips) 
BGS013: posts small blind $0.50
ImaPeppaPig: posts big blind $1
*** HOLE CARDS ***
BGS013: folds 
Uncalled bet ($0.50) returned to ImaPeppaPig
ImaPeppaPig collected $1 from pot
ImaPeppaPig: doesn't show hand 
*** SUMMARY ***
Total pot $1 | Rake $0 
Seat 4: ImaPeppaPig (big blind) collected ($1)
Seat 6: BGS013 (button) (small blind) folded before Flop



PokerStars Hand #254390026664:  Hold'em No Limit ($0.50/$1.00 USD) - 2025/01/15 22:14:15 WET [2025/01/15 17:14:15 ET]
Table 'Ndola III' 6-max Seat #4 is the button
Seat 4: ImaPeppaPig ($100.50 in chips) 
Seat 6: BGS013 ($159.05 in chips) 
ImaPeppaPig: posts small blind $0.50
BGS013: posts big blind $1
*** HOLE CARDS ***
ImaPeppaPig: raises $1.50 to $2.50
BGS013: calls $1.50
*** FLOP *** [Ts 7s 8s]
BGS013: checks 
ImaPeppaPig: bets $1
BGS013: calls $1
*** TURN *** [Ts 7s 8s] [Ah]
BGS013: checks 
ImaPeppaPig: bets $3.46
BGS013: calls $3.46
*** RIVER *** [Ts 7s 8s Ah] [5c]
BGS013: checks 
ImaPeppaPig: checks 
*** SHOW DOWN ***
BGS013: shows [Jc 9s] (a straight, Seven to Jack)
ImaPeppaPig: mucks hand 
BGS013 collected $13.22 from pot
*** SUMMARY ***
Total pot $13.92 | Rake $0.70 
Board [Ts 7s 8s Ah 5c]
Seat 4: ImaPeppaPig (button) (small blind) mucked
Seat 6: BGS013 (big blind) showed [Jc 9s] and won ($13.22) with a straight, Seven to Jack



PokerStars Hand #254390100124:  Hold'em No Limit ($0.50/$1.00 USD) - 2025/01/15 22:18:19 WET [2025/01/15 17:18:19 ET]
Table 'Ndola III' 6-max Seat #5 is the button
Seat 3: Supermegopro ($100 in chips) is sitting out
Seat 1: nikalas22 ($131.31 in chips) 
Seat 5: BGS013 ($165.31 in chips) 
BGS013: posts small blind $0.50
nikalas22: posts big blind $1
*** HOLE CARDS ***
BGS013: folds 
Uncalled bet ($0.50) returned to nikalas22
nikalas22 collected $1 from pot
nikalas22: doesn't show hand 
*** SUMMARY ***
Total pot $1 | Rake $0 
Seat 3: Supermegopro
Seat 1: nikalas22 (big blind) collected ($1)
Seat 5: BGS013 (button) (small blind) folded before Flop



PokerStars Hand #254390102529:  Hold'em No Limit ($0.50/$1.00 USD) - 2025/01/15 22:18:27 WET [2025/01/15 17:18:27 ET]
Table 'Ndola III' 6-max Seat #5 is the button
Seat 1: nikalas22 ($131.81 in chips) 
Seat 3: Supermegopro ($100 in chips) 
Seat 5: BGS013 ($164.81 in chips) 
nikalas22: posts small blind $0.50
Supermegopro: posts big blind $1
*** HOLE CARDS ***
BGS013: folds 
nikalas22: raises $2 to $3
Supermegopro: raises $8 to $11
nikalas22: folds 
Uncalled bet ($8) returned to Supermegopro
Supermegopro collected $6 from pot
Supermegopro: doesn't show hand 
*** SUMMARY ***
Total pot $6 | Rake $0 
Seat 1: nikalas22 (small blind) folded before Flop
Seat 3: Supermegopro (big blind) collected ($6)
Seat 5: BGS013 (button) folded before Flop (didn't bet)



PokerStars Hand #254390107136:  Hold'em No Limit ($0.50/$1.00 USD) - 2025/01/15 22:18:42 WET [2025/01/15 17:18:42 ET]
Table 'Ndola III' 6-max Seat #1 is the button
Seat 1: nikalas22 ($128.81 in chips) 
Seat 3: Supermegopro ($103 in chips) 
Seat 5: BGS013 ($164.81 in chips) 
Supermegopro: posts small blind $0.50
BGS013: posts big blind $1
*** HOLE CARDS ***
nikalas22: folds 
Supermegopro: raises $2 to $3
BGS013: folds 
Uncalled bet ($2) returned to Supermegopro
Supermegopro collected $2 from pot
Supermegopro: doesn't show hand 
*** SUMMARY ***
Total pot $2 | Rake $0 
Seat 1: nikalas22 (button) folded before Flop (didn't bet)
Seat 3: Supermegopro (small blind) collected ($2)
Seat 5: BGS013 (big blind) folded before Flop



PokerStars Hand #254390110197:  Hold'em No Limit ($0.50/$1.00 USD) - 2025/01/15 22:18:53 WET [2025/01/15 17:18:53 ET]
Table 'Ndola III' 6-max Seat #3 is the button
Seat 1: nikalas22 ($128.81 in chips) 
Seat 3: Supermegopro ($104 in chips) 
Seat 5: BGS013 ($163.81 in chips) 
BGS013: posts small blind $0.50
nikalas22: posts big blind $1
*** HOLE CARDS ***
Supermegopro: raises $1.50 to $2.50
BGS013: folds 
nikalas22: raises $9.50 to $12
Supermegopro: folds 
Uncalled bet ($9.50) returned to nikalas22
nikalas22 collected $5.50 from pot
nikalas22: doesn't show hand 
*** SUMMARY ***
Total pot $5.50 | Rake $0 
Seat 1: nikalas22 (big blind) collected ($5.50)
Seat 3: Supermegopro (button) folded before Flop
Seat 5: BGS013 (small blind) folded before Flop



PokerStars Hand #254390115584:  Hold'em No Limit ($0.50/$1.00 USD) - 2025/01/15 22:19:11 WET [2025/01/15 17:19:11 ET]
Table 'Ndola III' 6-max Seat #5 is the button
Seat 1: nikalas22 ($131.81 in chips) 
Seat 3: Supermegopro ($101.50 in chips) 
Seat 5: BGS013 ($163.31 in chips) 
nikalas22: posts small blind $0.50
Supermegopro: posts big blind $1
*** HOLE CARDS ***
BGS013: folds 
nikalas22: folds 
Uncalled bet ($0.50) returned to Supermegopro
Supermegopro collected $1 from pot
Supermegopro: doesn't show hand 
*** SUMMARY ***
Total pot $1 | Rake $0 
Seat 1: nikalas22 (small blind) folded before Flop
Seat 3: Supermegopro (big blind) collected ($1)
Seat 5: BGS013 (button) folded before Flop (didn't bet)



PokerStars Hand #254390117827:  Hold'em No Limit ($0.50/$1.00 USD) - 2025/01/15 22:19:19 WET [2025/01/15 17:19:19 ET]
Table 'Ndola III' 6-max Seat #1 is the button
Seat 1: nikalas22 ($131.31 in chips) 
Seat 3: Supermegopro ($102 in chips) 
Seat 5: BGS013 ($163.31 in chips) 
Supermegopro: posts small blind $0.50
BGS013: posts big blind $1
*** HOLE CARDS ***
nikalas22: raises $1.50 to $2.50
Supermegopro: folds 
BGS013: folds 
Uncalled bet ($1.50) returned to nikalas22
nikalas22 collected $2.50 from pot
nikalas22: doesn't show hand 
*** SUMMARY ***
Total pot $2.50 | Rake $0 
Seat 1: nikalas22 (button) collected ($2.50)
Seat 3: Supermegopro (small blind) folded before Flop
Seat 5: BGS013 (big blind) folded before Flop



PokerStars Hand #254390121154:  Hold'em No Limit ($0.50/$1.00 USD) - 2025/01/15 22:19:29 WET [2025/01/15 17:19:29 ET]
Table 'Ndola III' 6-max Seat #3 is the button
Seat 1: nikalas22 ($132.81 in chips) 
Seat 3: Supermegopro ($101.50 in chips) 
Seat 5: BGS013 ($162.31 in chips) 
BGS013: posts small blind $0.50
nikalas22: posts big blind $1
*** HOLE CARDS ***
Supermegopro: folds 
BGS013: raises $2 to $3
nikalas22: calls $2
*** FLOP *** [6d 4s 8c]
Supermegopro leaves the table
BGS013: checks 
nikalas22: checks 
*** TURN *** [6d 4s 8c] [6c]
BGS013: checks 
nikalas22: bets $8.55
BGS013: folds 
Uncalled bet ($8.55) returned to nikalas22
nikalas22 collected $5.70 from pot
nikalas22: doesn't show hand 
*** SUMMARY ***
Total pot $6 | Rake $0.30 
Board [6d 4s 8c 6c]
Seat 1: nikalas22 (big blind) collected ($5.70)
Seat 3: Supermegopro (button) folded before Flop (didn't bet)
Seat 5: BGS013 (small blind) folded on the Turn



