PokerStars Hand #254378957454:  Hold'em No Limit ($0.50/$1.00 USD) - 2025/01/15 8:30:34 WET [2025/01/15 3:30:34 ET]
Table 'Patroclus III' 6-max Seat #3 is the button
Seat 6: Pon4uk.ua ($100 in chips) is sitting out
Seat 1: ChuckNorrisQ ($115.07 in chips) 
Seat 2: mrstanyer ($95.04 in chips) 
Seat 3: Burlica2013 ($100 in chips) 
Seat 4: mironchikvld ($100 in chips) 
Seat 5: Kreayshawn ($100 in chips) 
mironchikvld: posts small blind $0.50
Kreayshawn: posts big blind $1
Pon4uk.ua: sits out 
*** HOLE CARDS ***
ChuckNorrisQ: folds 
mrstanyer: calls $1
Burlica2013: raises $2 to $3
mironchikvld: folds 
Kreayshawn: folds 
mrstanyer: calls $2
*** FLOP *** [8c Jh 2s]
mrstanyer: checks 
Burlica2013: bets $2.35
mrstanyer: calls $2.35
*** TURN *** [8c Jh 2s] [7h]
mrstanyer: checks 
Burlica2013: checks 
*** RIVER *** [8c Jh 2s 7h] [Td]
mrstanyer: bets $3
Burlica2013: calls $3
*** SHOW DOWN ***
mrstanyer: shows [9d 6s] (a straight, Seven to Jack)
Burlica2013: mucks hand 
mrstanyer collected $17.29 from pot
*** SUMMARY ***
Total pot $18.20 | Rake $0.91 
Board [8c Jh 2s 7h Td]
Seat 6: Pon4uk.ua
Seat 1: ChuckNorrisQ folded before Flop (didn't bet)
Seat 2: mrstanyer showed [9d 6s] and won ($17.29) with a straight, Seven to Jack
Seat 3: Burlica2013 (button) mucked
Seat 4: mironchikvld (small blind) folded before Flop
Seat 5: Kreayshawn (big blind) folded before Flop



PokerStars Hand #254378961090:  Hold'em No Limit ($0.50/$1.00 USD) - 2025/01/15 8:31:21 WET [2025/01/15 3:31:21 ET]
Table 'Patroclus III' 6-max Seat #4 is the button
Seat 1: ChuckNorrisQ ($115.07 in chips) 
Seat 2: mrstanyer ($103.98 in chips) 
Seat 3: Burlica2013 ($100 in chips) 
Seat 4: mironchikvld ($100 in chips) 
Seat 5: Kreayshawn ($100 in chips) 
Seat 6: Pon4uk.ua ($100 in chips) 
Kreayshawn: posts small blind $0.50
Pon4uk.ua: posts big blind $1
*** HOLE CARDS ***
ChuckNorrisQ: folds 
mrstanyer: calls $1
Burlica2013: folds 
mironchikvld: raises $2 to $3
Kreayshawn: folds 
Pon4uk.ua: folds 
mrstanyer: calls $2
*** FLOP *** [5c Jh 7s]
mrstanyer: checks 
mironchikvld: bets $3.56
mrstanyer: folds 
Uncalled bet ($3.56) returned to mironchikvld
mironchikvld collected $7.12 from pot
mironchikvld: doesn't show hand 
mrstanyer leaves the table
*** SUMMARY ***
Total pot $7.50 | Rake $0.38 
Board [5c Jh 7s]
Seat 1: ChuckNorrisQ folded before Flop (didn't bet)
Seat 2: mrstanyer folded on the Flop
Seat 3: Burlica2013 folded before Flop (didn't bet)
Seat 4: mironchikvld (button) collected ($7.12)
Seat 5: Kreayshawn (small blind) folded before Flop
Seat 6: Pon4uk.ua (big blind) folded before Flop



PokerStars Hand #254378966517:  Hold'em No Limit ($0.50/$1.00 USD) - 2025/01/15 8:32:32 WET [2025/01/15 3:32:32 ET]
Table 'Patroclus III' 6-max Seat #5 is the button
Seat 1: ChuckNorrisQ ($115.07 in chips) 
Seat 3: Burlica2013 ($100 in chips) 
Seat 4: mironchikvld ($104.12 in chips) 
Seat 5: Kreayshawn ($100 in chips) 
Seat 6: Pon4uk.ua ($100 in chips) 
Pon4uk.ua: posts small blind $0.50
ChuckNorrisQ: posts big blind $1
*** HOLE CARDS ***
Burlica2013: folds 
mironchikvld: raises $2 to $3
Burlica2013 leaves the table
Kreayshawn: folds 
Pon4uk.ua: folds 
ChuckNorrisQ: folds 
Uncalled bet ($2) returned to mironchikvld
mironchikvld collected $2.50 from pot
mironchikvld: doesn't show hand 
*** SUMMARY ***
Total pot $2.50 | Rake $0 
Seat 1: ChuckNorrisQ (big blind) folded before Flop
Seat 3: Burlica2013 folded before Flop (didn't bet)
Seat 4: mironchikvld collected ($2.50)
Seat 5: Kreayshawn (button) folded before Flop (didn't bet)
Seat 6: Pon4uk.ua (small blind) folded before Flop



PokerStars Hand #254378967953:  Hold'em No Limit ($0.50/$1.00 USD) - 2025/01/15 8:32:51 WET [2025/01/15 3:32:51 ET]
Table 'Patroclus III' 6-max Seat #1 is the button
Seat 4: mironchikvld ($105.62 in chips) is sitting out
Seat 5: Kreayshawn ($100 in chips) is sitting out
Seat 1: ChuckNorrisQ ($114.07 in chips) 
Seat 6: Pon4uk.ua ($100 in chips) 
ChuckNorrisQ: posts small blind $0.50
mironchikvld: is sitting out 
Kreayshawn: is sitting out 
Pon4uk.ua: posts big blind $1
*** HOLE CARDS ***
mironchikvld leaves the table
ChuckNorrisQ: folds 
Uncalled bet ($0.50) returned to Pon4uk.ua
Pon4uk.ua collected $1 from pot
Pon4uk.ua: doesn't show hand 
*** SUMMARY ***
Total pot $1 | Rake $0 
Seat 4: mironchikvld
Seat 5: Kreayshawn
Seat 1: ChuckNorrisQ (button) (small blind) folded before Flop
Seat 6: Pon4uk.ua (big blind) collected ($1)



