PokerStars Hand #254384181062:  Hold'em No Limit ($0.50/$1.00 USD) - 2025/01/15 16:25:06 WET [2025/01/15 11:25:06 ET]
Table 'Aries III' 6-max Seat #5 is the button
Seat 1: m1lkdud ($100 in chips) 
Seat 2: raiseinthedarkk ($100 in chips) 
Seat 3: PayTaxOrDie ($100 in chips) 
Seat 4: Usska ($100 in chips) 
Seat 5: kuhclemO ($100 in chips) 
Seat 6: Evelexy1 ($100 in chips) 
Evelexy1: posts small blind $0.50
m1lkdud: posts big blind $1
*** HOLE CARDS ***
raiseinthedarkk: folds 
PayTaxOrDie: folds 
Usska: raises $1.50 to $2.50
kuhclemO: folds 
Evelexy1: folds 
m1lkdud: raises $6.50 to $9
Usska: folds 
Uncalled bet ($6.50) returned to m1lkdud
m1lkdud collected $5.50 from pot
*** SUMMARY ***
Total pot $5.50 | Rake $0 
Seat 1: m1lkdud (big blind) collected ($5.50)
Seat 2: raiseinthedarkk folded before Flop (didn't bet)
Seat 3: PayTaxOrDie folded before Flop (didn't bet)
Seat 4: Usska folded before Flop
Seat 5: kuhclemO (button) folded before Flop (didn't bet)
Seat 6: Evelexy1 (small blind) folded before Flop



PokerStars Hand #254384185391:  Hold'em No Limit ($0.50/$1.00 USD) - 2025/01/15 16:25:29 WET [2025/01/15 11:25:29 ET]
Table 'Aries III' 6-max Seat #6 is the button
Seat 1: m1lkdud ($103 in chips) 
Seat 2: raiseinthedarkk ($100 in chips) 
Seat 3: PayTaxOrDie ($100 in chips) 
Seat 4: Usska ($100 in chips) 
Seat 5: kuhclemO ($100 in chips) 
Seat 6: Evelexy1 ($100 in chips) 
m1lkdud: posts small blind $0.50
raiseinthedarkk: posts big blind $1
*** HOLE CARDS ***
PayTaxOrDie: folds 
Usska: folds 
kuhclemO: raises $1.50 to $2.50
Evelexy1: folds 
m1lkdud: folds 
raiseinthedarkk: folds 
Uncalled bet ($1.50) returned to kuhclemO
kuhclemO collected $2.50 from pot
kuhclemO: doesn't show hand 
*** SUMMARY ***
Total pot $2.50 | Rake $0 
Seat 1: m1lkdud (small blind) folded before Flop
Seat 2: raiseinthedarkk (big blind) folded before Flop
Seat 3: PayTaxOrDie folded before Flop (didn't bet)
Seat 4: Usska folded before Flop (didn't bet)
Seat 5: kuhclemO collected ($2.50)
Seat 6: Evelexy1 (button) folded before Flop (didn't bet)



PokerStars Hand #254384188542:  Hold'em No Limit ($0.50/$1.00 USD) - 2025/01/15 16:25:45 WET [2025/01/15 11:25:45 ET]
Table 'Aries III' 6-max Seat #1 is the button
Seat 1: m1lkdud ($102.50 in chips) 
Seat 2: raiseinthedarkk ($100 in chips) 
Seat 3: PayTaxOrDie ($100 in chips) 
Seat 4: Usska ($100 in chips) 
Seat 5: kuhclemO ($101.50 in chips) 
Seat 6: Evelexy1 ($100 in chips) 
raiseinthedarkk: posts small blind $0.50
PayTaxOrDie: posts big blind $1
*** HOLE CARDS ***
Usska: folds 
kuhclemO: raises $1.50 to $2.50
Evelexy1: folds 
m1lkdud: folds 
raiseinthedarkk: folds 
PayTaxOrDie: calls $1.50
*** FLOP *** [3s 6s 5h]
PayTaxOrDie: checks 
kuhclemO: bets $1.72
PayTaxOrDie: folds 
Uncalled bet ($1.72) returned to kuhclemO
kuhclemO collected $5.22 from pot
kuhclemO: doesn't show hand 
*** SUMMARY ***
Total pot $5.50 | Rake $0.28 
Board [3s 6s 5h]
Seat 1: m1lkdud (button) folded before Flop (didn't bet)
Seat 2: raiseinthedarkk (small blind) folded before Flop
Seat 3: PayTaxOrDie (big blind) folded on the Flop
Seat 4: Usska folded before Flop (didn't bet)
Seat 5: kuhclemO collected ($5.22)
Seat 6: Evelexy1 folded before Flop (didn't bet)



PokerStars Hand #254384195989:  Hold'em No Limit ($0.50/$1.00 USD) - 2025/01/15 16:26:24 WET [2025/01/15 11:26:24 ET]
Table 'Aries III' 6-max Seat #2 is the button
Seat 1: m1lkdud ($102.50 in chips) 
Seat 2: raiseinthedarkk ($100 in chips) 
Seat 3: PayTaxOrDie ($100 in chips) 
Seat 4: Usska ($100 in chips) 
Seat 5: kuhclemO ($104.22 in chips) 
Seat 6: Evelexy1 ($100 in chips) 
PayTaxOrDie: posts small blind $0.50
Usska: posts big blind $1
*** HOLE CARDS ***
kuhclemO: folds 
Evelexy1: folds 
m1lkdud: folds 
raiseinthedarkk: raises $1.50 to $2.50
PayTaxOrDie: raises $9.50 to $12
Usska: folds 
raiseinthedarkk: folds 
Uncalled bet ($9.50) returned to PayTaxOrDie
PayTaxOrDie collected $6 from pot
PayTaxOrDie: doesn't show hand 
*** SUMMARY ***
Total pot $6 | Rake $0 
Seat 1: m1lkdud folded before Flop (didn't bet)
Seat 2: raiseinthedarkk (button) folded before Flop
Seat 3: PayTaxOrDie (small blind) collected ($6)
Seat 4: Usska (big blind) folded before Flop
Seat 5: kuhclemO folded before Flop (didn't bet)
Seat 6: Evelexy1 folded before Flop (didn't bet)



PokerStars Hand #254384199617:  Hold'em No Limit ($0.50/$1.00 USD) - 2025/01/15 16:26:41 WET [2025/01/15 11:26:41 ET]
Table 'Aries III' 6-max Seat #3 is the button
Seat 1: m1lkdud ($102.50 in chips) 
Seat 2: raiseinthedarkk ($100 in chips) 
Seat 3: PayTaxOrDie ($103.50 in chips) 
Seat 4: Usska ($100 in chips) 
Seat 5: kuhclemO ($104.22 in chips) 
Seat 6: Evelexy1 ($100 in chips) 
Usska: posts small blind $0.50
kuhclemO: posts big blind $1
*** HOLE CARDS ***
Evelexy1: folds 
m1lkdud: folds 
raiseinthedarkk: folds 
PayTaxOrDie: folds 
Usska: folds 
Uncalled bet ($0.50) returned to kuhclemO
kuhclemO collected $1 from pot
kuhclemO: doesn't show hand 
*** SUMMARY ***
Total pot $1 | Rake $0 
Seat 1: m1lkdud folded before Flop (didn't bet)
Seat 2: raiseinthedarkk folded before Flop (didn't bet)
Seat 3: PayTaxOrDie (button) folded before Flop (didn't bet)
Seat 4: Usska (small blind) folded before Flop
Seat 5: kuhclemO (big blind) collected ($1)
Seat 6: Evelexy1 folded before Flop (didn't bet)



PokerStars Hand #254384201841:  Hold'em No Limit ($0.50/$1.00 USD) - 2025/01/15 16:26:53 WET [2025/01/15 11:26:53 ET]
Table 'Aries III' 6-max Seat #4 is the button
Seat 1: m1lkdud ($102.50 in chips) 
Seat 2: raiseinthedarkk ($100 in chips) 
Seat 3: PayTaxOrDie ($103.50 in chips) 
Seat 4: Usska ($100 in chips) 
Seat 5: kuhclemO ($104.72 in chips) 
Seat 6: Evelexy1 ($100 in chips) 
kuhclemO: posts small blind $0.50
Evelexy1: posts big blind $1
*** HOLE CARDS ***
m1lkdud: folds 
raiseinthedarkk: folds 
PayTaxOrDie: folds 
Usska: raises $1.50 to $2.50
kuhclemO: folds 
Evelexy1: calls $1.50
*** FLOP *** [9s 6s 8h]
Evelexy1: checks 
Usska: checks 
*** TURN *** [9s 6s 8h] [3s]
Evelexy1: checks 
Usska: checks 
*** RIVER *** [9s 6s 8h 3s] [7h]
Evelexy1: bets $7.83
Usska: calls $7.83
*** SHOW DOWN ***
Evelexy1: shows [Ts Kh] (a straight, Six to Ten)
Usska: shows [Kd Tc] (a straight, Six to Ten)
Evelexy1 collected $10.05 from pot
Usska collected $10.05 from pot
*** SUMMARY ***
Total pot $21.16 | Rake $1.06 
Board [9s 6s 8h 3s 7h]
Seat 1: m1lkdud folded before Flop (didn't bet)
Seat 2: raiseinthedarkk folded before Flop (didn't bet)
Seat 3: PayTaxOrDie folded before Flop (didn't bet)
Seat 4: Usska (button) showed [Kd Tc] and won ($10.05) with a straight, Six to Ten
Seat 5: kuhclemO (small blind) folded before Flop
Seat 6: Evelexy1 (big blind) showed [Ts Kh] and won ($10.05) with a straight, Six to Ten



PokerStars Hand #254384209013:  Hold'em No Limit ($0.50/$1.00 USD) - 2025/01/15 16:27:28 WET [2025/01/15 11:27:28 ET]
Table 'Aries III' 6-max Seat #5 is the button
Seat 1: m1lkdud ($102.50 in chips) 
Seat 2: raiseinthedarkk ($100 in chips) 
Seat 3: PayTaxOrDie ($103.50 in chips) 
Seat 4: Usska ($100 in chips) 
Seat 5: kuhclemO ($104.22 in chips) 
Seat 6: Evelexy1 ($100 in chips) 
Evelexy1: posts small blind $0.50
m1lkdud: posts big blind $1
*** HOLE CARDS ***
raiseinthedarkk: folds 
PayTaxOrDie: folds 
Usska: folds 
kuhclemO: folds 
Evelexy1: raises $2 to $3
m1lkdud: folds 
Uncalled bet ($2) returned to Evelexy1
Evelexy1 collected $2 from pot
Evelexy1: doesn't show hand 
*** SUMMARY ***
Total pot $2 | Rake $0 
Seat 1: m1lkdud (big blind) folded before Flop
Seat 2: raiseinthedarkk folded before Flop (didn't bet)
Seat 3: PayTaxOrDie folded before Flop (didn't bet)
Seat 4: Usska folded before Flop (didn't bet)
Seat 5: kuhclemO (button) folded before Flop (didn't bet)
Seat 6: Evelexy1 (small blind) collected ($2)



PokerStars Hand #254384211637:  Hold'em No Limit ($0.50/$1.00 USD) - 2025/01/15 16:27:41 WET [2025/01/15 11:27:41 ET]
Table 'Aries III' 6-max Seat #6 is the button
Seat 1: m1lkdud ($101.50 in chips) 
Seat 2: raiseinthedarkk ($100 in chips) 
Seat 3: PayTaxOrDie ($103.50 in chips) 
Seat 4: Usska ($100 in chips) 
Seat 5: kuhclemO ($104.22 in chips) 
Seat 6: Evelexy1 ($101 in chips) 
m1lkdud: posts small blind $0.50
raiseinthedarkk: posts big blind $1
*** HOLE CARDS ***
PayTaxOrDie: folds 
Usska: folds 
kuhclemO: folds 
Evelexy1: raises $1.50 to $2.50
m1lkdud: raises $7 to $9.50
raiseinthedarkk: folds 
Evelexy1: folds 
Uncalled bet ($7) returned to m1lkdud
m1lkdud collected $6 from pot
*** SUMMARY ***
Total pot $6 | Rake $0 
Seat 1: m1lkdud (small blind) collected ($6)
Seat 2: raiseinthedarkk (big blind) folded before Flop
Seat 3: PayTaxOrDie folded before Flop (didn't bet)
Seat 4: Usska folded before Flop (didn't bet)
Seat 5: kuhclemO folded before Flop (didn't bet)
Seat 6: Evelexy1 (button) folded before Flop



PokerStars Hand #254384214680:  Hold'em No Limit ($0.50/$1.00 USD) - 2025/01/15 16:27:56 WET [2025/01/15 11:27:56 ET]
Table 'Aries III' 6-max Seat #1 is the button
Seat 1: m1lkdud ($105 in chips) 
Seat 2: raiseinthedarkk ($100 in chips) 
Seat 3: PayTaxOrDie ($103.50 in chips) 
Seat 4: Usska ($100 in chips) 
Seat 5: kuhclemO ($104.22 in chips) 
Seat 6: Evelexy1 ($100 in chips) 
raiseinthedarkk: posts small blind $0.50
PayTaxOrDie: posts big blind $1
*** HOLE CARDS ***
Usska: raises $1.50 to $2.50
kuhclemO: folds 
Evelexy1: folds 
m1lkdud: folds 
raiseinthedarkk: folds 
PayTaxOrDie: folds 
Uncalled bet ($1.50) returned to Usska
Usska collected $2.50 from pot
Usska: doesn't show hand 
*** SUMMARY ***
Total pot $2.50 | Rake $0 
Seat 1: m1lkdud (button) folded before Flop (didn't bet)
Seat 2: raiseinthedarkk (small blind) folded before Flop
Seat 3: PayTaxOrDie (big blind) folded before Flop
Seat 4: Usska collected ($2.50)
Seat 5: kuhclemO folded before Flop (didn't bet)
Seat 6: Evelexy1 folded before Flop (didn't bet)



PokerStars Hand #254384217827:  Hold'em No Limit ($0.50/$1.00 USD) - 2025/01/15 16:28:12 WET [2025/01/15 11:28:12 ET]
Table 'Aries III' 6-max Seat #2 is the button
Seat 1: m1lkdud ($105 in chips) 
Seat 2: raiseinthedarkk ($100 in chips) 
Seat 3: PayTaxOrDie ($102.50 in chips) 
Seat 4: Usska ($101.50 in chips) 
Seat 5: kuhclemO ($104.22 in chips) 
Seat 6: Evelexy1 ($100 in chips) 
PayTaxOrDie: posts small blind $0.50
Usska: posts big blind $1
*** HOLE CARDS ***
kuhclemO: folds 
Evelexy1: folds 
m1lkdud: folds 
kuhclemO leaves the table
raiseinthedarkk: raises $1.50 to $2.50
PayTaxOrDie: folds 
Usska: folds 
Uncalled bet ($1.50) returned to raiseinthedarkk
raiseinthedarkk collected $2.50 from pot
raiseinthedarkk: doesn't show hand 
*** SUMMARY ***
Total pot $2.50 | Rake $0 
Seat 1: m1lkdud folded before Flop (didn't bet)
Seat 2: raiseinthedarkk (button) collected ($2.50)
Seat 3: PayTaxOrDie (small blind) folded before Flop
Seat 4: Usska (big blind) folded before Flop
Seat 5: kuhclemO folded before Flop (didn't bet)
Seat 6: Evelexy1 folded before Flop (didn't bet)



PokerStars Hand #254384220787:  Hold'em No Limit ($0.50/$1.00 USD) - 2025/01/15 16:28:26 WET [2025/01/15 11:28:26 ET]
Table 'Aries III' 6-max Seat #3 is the button
Seat 1: m1lkdud ($105 in chips) 
Seat 2: raiseinthedarkk ($101.50 in chips) 
Seat 3: PayTaxOrDie ($102 in chips) 
Seat 4: Usska ($100.50 in chips) 
Seat 6: Evelexy1 ($100 in chips) 
Usska: posts small blind $0.50
Evelexy1: posts big blind $1
*** HOLE CARDS ***
m1lkdud: folds 
socito joins the table at seat #5 
raiseinthedarkk: folds 
PayTaxOrDie: folds 
Usska: folds 
Uncalled bet ($0.50) returned to Evelexy1
Evelexy1 collected $1 from pot
Evelexy1: doesn't show hand 
*** SUMMARY ***
Total pot $1 | Rake $0 
Seat 1: m1lkdud folded before Flop (didn't bet)
Seat 2: raiseinthedarkk folded before Flop (didn't bet)
Seat 3: PayTaxOrDie (button) folded before Flop (didn't bet)
Seat 4: Usska (small blind) folded before Flop
Seat 6: Evelexy1 (big blind) collected ($1)



PokerStars Hand #254384223275:  Hold'em No Limit ($0.50/$1.00 USD) - 2025/01/15 16:28:38 WET [2025/01/15 11:28:38 ET]
Table 'Aries III' 6-max Seat #4 is the button
Seat 5: socito ($100 in chips) is sitting out
Seat 1: m1lkdud ($105 in chips) 
Seat 2: raiseinthedarkk ($101.50 in chips) 
Seat 3: PayTaxOrDie ($102 in chips) 
Seat 4: Usska ($100 in chips) 
Seat 6: Evelexy1 ($100.50 in chips) 
Evelexy1: posts small blind $0.50
m1lkdud: posts big blind $1
*** HOLE CARDS ***
raiseinthedarkk: folds 
PayTaxOrDie: folds 
Usska: folds 
Evelexy1: folds 
Uncalled bet ($0.50) returned to m1lkdud
m1lkdud collected $1 from pot
*** SUMMARY ***
Total pot $1 | Rake $0 
Seat 5: socito
Seat 1: m1lkdud (big blind) collected ($1)
Seat 2: raiseinthedarkk folded before Flop (didn't bet)
Seat 3: PayTaxOrDie folded before Flop (didn't bet)
Seat 4: Usska (button) folded before Flop (didn't bet)
Seat 6: Evelexy1 (small blind) folded before Flop



PokerStars Hand #254384228235:  Hold'em No Limit ($0.50/$1.00 USD) - 2025/01/15 16:29:01 WET [2025/01/15 11:29:01 ET]
Table 'Aries III' 6-max Seat #6 is the button
Seat 2: raiseinthedarkk ($101.50 in chips) is sitting out
Seat 5: socito ($100 in chips) is sitting out
Seat 1: m1lkdud ($105.50 in chips) 
Seat 3: PayTaxOrDie ($102 in chips) 
Seat 4: Usska ($100 in chips) 
Seat 6: Evelexy1 ($100 in chips) 
m1lkdud: posts small blind $0.50
raiseinthedarkk: is sitting out 
PayTaxOrDie: posts big blind $1
socito: sits out 
*** HOLE CARDS ***
raiseinthedarkk leaves the table
Usska: raises $1.50 to $2.50
Evelexy1: folds 
m1lkdud: folds 
PayTaxOrDie: folds 
Uncalled bet ($1.50) returned to Usska
Usska collected $2.50 from pot
Usska: doesn't show hand 
*** SUMMARY ***
Total pot $2.50 | Rake $0 
Seat 2: raiseinthedarkk
Seat 5: socito
Seat 1: m1lkdud (small blind) folded before Flop
Seat 3: PayTaxOrDie (big blind) folded before Flop
Seat 4: Usska collected ($2.50)
Seat 6: Evelexy1 (button) folded before Flop (didn't bet)



PokerStars Hand #254384230872:  Hold'em No Limit ($0.50/$1.00 USD) - 2025/01/15 16:29:14 WET [2025/01/15 11:29:14 ET]
Table 'Aries III' 6-max Seat #1 is the button
Seat 5: socito ($100 in chips) is sitting out
Seat 1: m1lkdud ($105 in chips) 
Seat 3: PayTaxOrDie ($101 in chips) 
Seat 4: Usska ($101.50 in chips) 
Seat 6: Evelexy1 ($100 in chips) 
PayTaxOrDie: posts small blind $0.50
Usska: posts big blind $1
socito: sits out 
*** HOLE CARDS ***
Evelexy1: raises $1.50 to $2.50
m1lkdud: folds 
PayTaxOrDie: folds 
Usska: folds 
Uncalled bet ($1.50) returned to Evelexy1
Evelexy1 collected $2.50 from pot
Evelexy1: doesn't show hand 
*** SUMMARY ***
Total pot $2.50 | Rake $0 
Seat 5: socito
Seat 1: m1lkdud (button) folded before Flop (didn't bet)
Seat 3: PayTaxOrDie (small blind) folded before Flop
Seat 4: Usska (big blind) folded before Flop
Seat 6: Evelexy1 collected ($2.50)



PokerStars Hand #254384234831:  Hold'em No Limit ($0.50/$1.00 USD) - 2025/01/15 16:29:33 WET [2025/01/15 11:29:33 ET]
Table 'Aries III' 6-max Seat #3 is the button
Seat 1: m1lkdud ($105 in chips) 
Seat 3: PayTaxOrDie ($100.50 in chips) 
Seat 4: Usska ($100.50 in chips) 
Seat 5: socito ($100 in chips) 
Seat 6: Evelexy1 ($101.50 in chips) 
Usska: posts small blind $0.50
socito: posts big blind $1
*** HOLE CARDS ***
Evelexy1: folds 
m1lkdud: raises $2.50 to $3.50
PayTaxOrDie: folds 
Usska: folds 
kuhclemO joins the table at seat #2 
socito: folds 
Uncalled bet ($2.50) returned to m1lkdud
m1lkdud collected $2.50 from pot
*** SUMMARY ***
Total pot $2.50 | Rake $0 
Seat 1: m1lkdud collected ($2.50)
Seat 3: PayTaxOrDie (button) folded before Flop (didn't bet)
Seat 4: Usska (small blind) folded before Flop
Seat 5: socito (big blind) folded before Flop
Seat 6: Evelexy1 folded before Flop (didn't bet)



PokerStars Hand #254384239472:  Hold'em No Limit ($0.50/$1.00 USD) - 2025/01/15 16:29:54 WET [2025/01/15 11:29:54 ET]
Table 'Aries III' 6-max Seat #4 is the button
Seat 2: kuhclemO ($104.22 in chips) is sitting out
Seat 1: m1lkdud ($106.50 in chips) 
Seat 3: PayTaxOrDie ($100.50 in chips) 
Seat 4: Usska ($100 in chips) 
Seat 5: socito ($100 in chips) 
Seat 6: Evelexy1 ($101.50 in chips) 
socito: posts small blind $0.50
Evelexy1: posts big blind $1
kuhclemO: sits out 
*** HOLE CARDS ***
m1lkdud: raises $2.50 to $3.50
PayTaxOrDie: folds 
Usska: folds 
socito: folds 
Evelexy1: calls $2.50
*** FLOP *** [4h Th 5s]
Evelexy1: checks 
m1lkdud: bets $7.12
Evelexy1: folds 
Uncalled bet ($7.12) returned to m1lkdud
m1lkdud collected $7.12 from pot
*** SUMMARY ***
Total pot $7.50 | Rake $0.38 
Board [4h Th 5s]
Seat 2: kuhclemO
Seat 1: m1lkdud collected ($7.12)
Seat 3: PayTaxOrDie folded before Flop (didn't bet)
Seat 4: Usska (button) folded before Flop (didn't bet)
Seat 5: socito (small blind) folded before Flop
Seat 6: Evelexy1 (big blind) folded on the Flop



PokerStars Hand #254384245131:  Hold'em No Limit ($0.50/$1.00 USD) - 2025/01/15 16:30:20 WET [2025/01/15 11:30:20 ET]
Table 'Aries III' 6-max Seat #5 is the button
Seat 2: kuhclemO ($104.22 in chips) is sitting out
Seat 1: m1lkdud ($110.12 in chips) 
Seat 3: PayTaxOrDie ($100.50 in chips) 
Seat 4: Usska ($100 in chips) 
Seat 5: socito ($100 in chips) 
Seat 6: Evelexy1 ($100 in chips) 
Evelexy1: posts small blind $0.50
m1lkdud: posts big blind $1
kuhclemO: sits out 
*** HOLE CARDS ***
PayTaxOrDie: raises $1 to $2
Usska: raises $5 to $7
socito: folds 
Evelexy1: folds 
m1lkdud: folds 
PayTaxOrDie: raises $13.50 to $20.50
Usska: folds 
Uncalled bet ($13.50) returned to PayTaxOrDie
PayTaxOrDie collected $15.50 from pot
PayTaxOrDie: doesn't show hand 
*** SUMMARY ***
Total pot $15.50 | Rake $0 
Seat 2: kuhclemO
Seat 1: m1lkdud (big blind) folded before Flop
Seat 3: PayTaxOrDie collected ($15.50)
Seat 4: Usska folded before Flop
Seat 5: socito (button) folded before Flop (didn't bet)
Seat 6: Evelexy1 (small blind) folded before Flop



PokerStars Hand #254384252708:  Hold'em No Limit ($0.50/$1.00 USD) - 2025/01/15 16:30:55 WET [2025/01/15 11:30:55 ET]
Table 'Aries III' 6-max Seat #6 is the button
Seat 1: m1lkdud ($109.12 in chips) 
Seat 2: kuhclemO ($104.22 in chips) 
Seat 3: PayTaxOrDie ($109 in chips) 
Seat 4: Usska ($100 in chips) 
Seat 5: socito ($100 in chips) 
Seat 6: Evelexy1 ($100 in chips) 
m1lkdud: posts small blind $0.50
kuhclemO: posts big blind $1
*** HOLE CARDS ***
PayTaxOrDie: folds 
Usska: folds 
socito: raises $1.50 to $2.50
Evelexy1: folds 
m1lkdud: raises $7 to $9.50
kuhclemO: folds 
socito: calls $7
*** FLOP *** [3s 5c Td]
m1lkdud: bets $9.50
socito: calls $9.50
*** TURN *** [3s 5c Td] [Tc]
m1lkdud: bets $90.12 and is all-in
socito: calls $81 and is all-in
Uncalled bet ($9.12) returned to m1lkdud
*** RIVER *** [3s 5c Td Tc] [2c]
*** SHOW DOWN ***
m1lkdud: shows [As Ks] (a pair of Tens)
socito: shows [7h 7s] (two pair, Tens and Sevens)
socito collected $198.50 from pot
*** SUMMARY ***
Total pot $201 | Rake $2.50 
Board [3s 5c Td Tc 2c]
Seat 1: m1lkdud (small blind) showed [As Ks] and lost with a pair of Tens
Seat 2: kuhclemO (big blind) folded before Flop
Seat 3: PayTaxOrDie folded before Flop (didn't bet)
Seat 4: Usska folded before Flop (didn't bet)
Seat 5: socito showed [7h 7s] and won ($198.50) with two pair, Tens and Sevens
Seat 6: Evelexy1 (button) folded before Flop (didn't bet)



PokerStars Hand #254384271884:  Hold'em No Limit ($0.50/$1.00 USD) - 2025/01/15 16:32:22 WET [2025/01/15 11:32:22 ET]
Table 'Aries III' 6-max Seat #2 is the button
Seat 2: kuhclemO ($103.22 in chips) 
Seat 3: PayTaxOrDie ($109 in chips) 
Seat 4: Usska ($100 in chips) 
Seat 5: socito ($198.50 in chips) 
Seat 6: Evelexy1 ($100 in chips) 
PayTaxOrDie: posts small blind $0.50
Usska: posts big blind $1
*** HOLE CARDS ***
socito: folds 
Evelexy1: folds 
kuhclemO: raises $1.25 to $2.25
PayTaxOrDie: folds 
Usska: folds 
Uncalled bet ($1.25) returned to kuhclemO
kuhclemO collected $2.50 from pot
kuhclemO: doesn't show hand 
*** SUMMARY ***
Total pot $2.50 | Rake $0 
Seat 2: kuhclemO (button) collected ($2.50)
Seat 3: PayTaxOrDie (small blind) folded before Flop
Seat 4: Usska (big blind) folded before Flop
Seat 5: socito folded before Flop (didn't bet)
Seat 6: Evelexy1 folded before Flop (didn't bet)



PokerStars Hand #254384276700:  Hold'em No Limit ($0.50/$1.00 USD) - 2025/01/15 16:32:43 WET [2025/01/15 11:32:43 ET]
Table 'Aries III' 6-max Seat #3 is the button
Seat 2: kuhclemO ($104.72 in chips) 
Seat 3: PayTaxOrDie ($108.50 in chips) 
Seat 4: Usska ($100 in chips) 
Seat 5: socito ($198.50 in chips) 
Seat 6: Evelexy1 ($100 in chips) 
Usska: posts small blind $0.50
socito: posts big blind $1
*** HOLE CARDS ***
Evelexy1: raises $1 to $2
kuhclemO: folds 
PayTaxOrDie: folds 
Usska: folds 
socito: folds 
Uncalled bet ($1) returned to Evelexy1
Evelexy1 collected $2.50 from pot
Evelexy1: doesn't show hand 
*** SUMMARY ***
Total pot $2.50 | Rake $0 
Seat 2: kuhclemO folded before Flop (didn't bet)
Seat 3: PayTaxOrDie (button) folded before Flop (didn't bet)
Seat 4: Usska (small blind) folded before Flop
Seat 5: socito (big blind) folded before Flop
Seat 6: Evelexy1 collected ($2.50)



PokerStars Hand #254384283589:  Hold'em No Limit ($0.50/$1.00 USD) - 2025/01/15 16:33:14 WET [2025/01/15 11:33:14 ET]
Table 'Aries III' 6-max Seat #4 is the button
Seat 2: kuhclemO ($104.72 in chips) 
Seat 3: PayTaxOrDie ($108.50 in chips) 
Seat 4: Usska ($100 in chips) 
Seat 5: socito ($197.50 in chips) 
Seat 6: Evelexy1 ($101.50 in chips) 
socito: posts small blind $0.50
Evelexy1: posts big blind $1
*** HOLE CARDS ***
AngelovAlexMKD joins the table at seat #1 
kuhclemO: folds 
PayTaxOrDie: folds 
Usska: folds 
socito: folds 
Uncalled bet ($0.50) returned to Evelexy1
Evelexy1 collected $1 from pot
Evelexy1: doesn't show hand 
AngelovAlexMKD leaves the table
*** SUMMARY ***
Total pot $1 | Rake $0 
Seat 2: kuhclemO folded before Flop (didn't bet)
Seat 3: PayTaxOrDie folded before Flop (didn't bet)
Seat 4: Usska (button) folded before Flop (didn't bet)
Seat 5: socito (small blind) folded before Flop
Seat 6: Evelexy1 (big blind) collected ($1)



PokerStars Hand #254384286771:  Hold'em No Limit ($0.50/$1.00 USD) - 2025/01/15 16:33:28 WET [2025/01/15 11:33:28 ET]
Table 'Aries III' 6-max Seat #5 is the button
Seat 2: kuhclemO ($104.72 in chips) is sitting out
Seat 3: PayTaxOrDie ($108.50 in chips) 
Seat 4: Usska ($100 in chips) 
Seat 5: socito ($197 in chips) 
Seat 6: Evelexy1 ($102 in chips) 
Evelexy1: posts small blind $0.50
kuhclemO: is sitting out 
PayTaxOrDie: posts big blind $1
*** HOLE CARDS ***
kuhclemO leaves the table
Usska: raises $1.50 to $2.50
socito: raises $5 to $7.50
Evelexy1: folds 
PayTaxOrDie: folds 
Usska: folds 
Uncalled bet ($5) returned to socito
PayTaxOrDie leaves the table
socito collected $6.50 from pot
socito: doesn't show hand 
*** SUMMARY ***
Total pot $6.50 | Rake $0 
Seat 2: kuhclemO
Seat 3: PayTaxOrDie (big blind) folded before Flop
Seat 4: Usska folded before Flop
Seat 5: socito (button) collected ($6.50)
Seat 6: Evelexy1 (small blind) folded before Flop



PokerStars Hand #254384291670:  Hold'em No Limit ($0.50/$1.00 USD) - 2025/01/15 16:33:50 WET [2025/01/15 11:33:50 ET]
Table 'Aries III' 6-max Seat #4 is the button
Seat 5: socito ($201 in chips) is sitting out
Seat 4: Usska ($100 in chips) 
Seat 6: Evelexy1 ($101.50 in chips) 
Usska: posts small blind $0.50
socito: is sitting out 
Evelexy1: posts big blind $1
*** HOLE CARDS ***
socito leaves the table
Usska: raises $2 to $3
Evelexy1: calls $2
*** FLOP *** [8h 4c 8d]
Evelexy1: checks 
Usska: checks 
*** TURN *** [8h 4c 8d] [8s]
Evelexy1: checks 
Usska: checks 
*** RIVER *** [8h 4c 8d 8s] [7d]
Evelexy1: checks 
Usska: checks 
*** SHOW DOWN ***
Evelexy1: shows [9d Ac] (three of a kind, Eights)
Usska: mucks hand 
Evelexy1 collected $5.70 from pot
*** SUMMARY ***
Total pot $6 | Rake $0.30 
Board [8h 4c 8d 8s 7d]
Seat 5: socito
Seat 4: Usska (button) (small blind) mucked
Seat 6: Evelexy1 (big blind) showed [9d Ac] and won ($5.70) with three of a kind, Eights



