PokerStars Hand #254379203379:  Hold'em No Limit ($0.50/$1.00 USD) - 2025/01/15 9:19:23 WET [2025/01/15 4:19:23 ET]
Table 'Suttung III' 6-max Seat #6 is the button
Seat 1: ka100pka527 ($111.25 in chips) 
Seat 2: Burlica2013 ($100 in chips) 
Seat 3: NoonTime1991 ($102.49 in chips) 
Seat 4: 7bekon7 ($100 in chips) 
Seat 6: geokomkjdoc ($12 in chips) 
ka100pka527: posts small blind $0.50
Burlica2013: posts big blind $1
*** HOLE CARDS ***
NoonTime1991: folds 
7bekon7: folds 
geokomkjdoc: calls $1
ka100pka527: raises $4 to $5
Burlica2013: folds 
geokomkjdoc: calls $4
*** FLOP *** [Jd 9d 7h]
ka100pka527: bets $7.97
geokomkjdoc: folds 
Uncalled bet ($7.97) returned to ka100pka527
ka100pka527 collected $10.45 from pot
ka100pka527: doesn't show hand 
*** SUMMARY ***
Total pot $11 | Rake $0.55 
Board [Jd 9d 7h]
Seat 1: ka100pka527 (small blind) collected ($10.45)
Seat 2: Burlica2013 (big blind) folded before Flop
Seat 3: NoonTime1991 folded before Flop (didn't bet)
Seat 4: 7bekon7 folded before Flop (didn't bet)
Seat 6: geokomkjdoc (button) folded on the Flop



PokerStars Hand #254379206708:  Hold'em No Limit ($0.50/$1.00 USD) - 2025/01/15 9:19:59 WET [2025/01/15 4:19:59 ET]
Table 'Suttung III' 6-max Seat #1 is the button
Seat 1: ka100pka527 ($116.70 in chips) 
Seat 2: Burlica2013 ($100 in chips) 
Seat 3: NoonTime1991 ($102.49 in chips) 
Seat 4: 7bekon7 ($100 in chips) 
Seat 6: geokomkjdoc ($7 in chips) 
Burlica2013: posts small blind $0.50
NoonTime1991: posts big blind $1
*** HOLE CARDS ***
7bekon7: folds 
geokomkjdoc: folds 
ka100pka527: folds 
Burlica2013: raises $2 to $3
RichDad01 joins the table at seat #5 
NoonTime1991: calls $2
*** FLOP *** [7s 5c Ks]
Burlica2013: bets $1.88
NoonTime1991: calls $1.88
*** TURN *** [7s 5c Ks] [Jc]
RichDad01 leaves the table
Burlica2013: bets $13.91
NoonTime1991: folds 
Uncalled bet ($13.91) returned to Burlica2013
Burlica2013 collected $9.27 from pot
Burlica2013: doesn't show hand 
*** SUMMARY ***
Total pot $9.76 | Rake $0.49 
Board [7s 5c Ks Jc]
Seat 1: ka100pka527 (button) folded before Flop (didn't bet)
Seat 2: Burlica2013 (small blind) collected ($9.27)
Seat 3: NoonTime1991 (big blind) folded on the Turn
Seat 4: 7bekon7 folded before Flop (didn't bet)
Seat 6: geokomkjdoc folded before Flop (didn't bet)



PokerStars Hand #254379212525:  Hold'em No Limit ($0.50/$1.00 USD) - 2025/01/15 9:21:03 WET [2025/01/15 4:21:03 ET]
Table 'Suttung III' 6-max Seat #2 is the button
Seat 1: ka100pka527 ($116.70 in chips) 
Seat 2: Burlica2013 ($104.39 in chips) 
Seat 3: NoonTime1991 ($100 in chips) 
Seat 4: 7bekon7 ($100 in chips) 
Seat 6: geokomkjdoc ($7 in chips) 
NoonTime1991: posts small blind $0.50
7bekon7: posts big blind $1
*** HOLE CARDS ***
geokomkjdoc: calls $1
ka100pka527: raises $3.50 to $4.50
Burlica2013: folds 
NoonTime1991: raises $10 to $14.50
7bekon7: folds 
geokomkjdoc: calls $6 and is all-in
ka100pka527: raises $102.20 to $116.70 and is all-in
NoonTime1991: folds 
Uncalled bet ($102.20) returned to ka100pka527
*** FIRST FLOP *** [9h 5d Qh]
*** FIRST TURN *** [9h 5d Qh] [Jc]
*** FIRST RIVER *** [9h 5d Qh Jc] [7h]
*** SECOND FLOP *** [6s 8c 9d]
*** SECOND TURN *** [6s 8c 9d] [4s]
*** SECOND RIVER *** [6s 8c 9d 4s] [2s]
*** FIRST SHOW DOWN ***
ka100pka527: shows [As Ks] (high card Ace)
ka100pka527 collected $7.13 from side pot
geokomkjdoc: shows [Kc 9c] (a pair of Nines)
geokomkjdoc collected $10.45 from main pot
*** SECOND SHOW DOWN ***
ka100pka527: shows [As Ks] (a flush, Ace high)
ka100pka527 collected $7.12 from side pot
geokomkjdoc: shows [Kc 9c] (a pair of Nines)
ka100pka527 collected $10.45 from main pot
*** SUMMARY ***
Total pot $37 Main pot $20.90. Side pot $14.25. | Rake $1.85 
Hand was run twice
FIRST Board [9h 5d Qh Jc 7h]
SECOND Board [6s 8c 9d 4s 2s]
Seat 1: ka100pka527 showed [As Ks] and won ($7.13) with high card Ace, and won ($17.57) with a flush, Ace high
Seat 2: Burlica2013 (button) folded before Flop (didn't bet)
Seat 3: NoonTime1991 (small blind) folded before Flop
Seat 4: 7bekon7 (big blind) folded before Flop
Seat 6: geokomkjdoc showed [Kc 9c] and won ($10.45) with a pair of Nines, and lost with a pair of Nines



PokerStars Hand #254379216891:  Hold'em No Limit ($0.50/$1.00 USD) - 2025/01/15 9:21:51 WET [2025/01/15 4:21:51 ET]
Table 'Suttung III' 6-max Seat #3 is the button
Seat 1: ka100pka527 ($126.90 in chips) 
Seat 2: Burlica2013 ($104.39 in chips) 
Seat 3: NoonTime1991 ($100 in chips) 
Seat 4: 7bekon7 ($100 in chips) 
Seat 6: geokomkjdoc ($10.45 in chips) 
7bekon7: posts small blind $0.50
geokomkjdoc: posts big blind $1
*** HOLE CARDS ***
ka100pka527: folds 
Burlica2013: folds 
NoonTime1991: raises $2 to $3
7bekon7: folds 
geokomkjdoc: folds 
Uncalled bet ($2) returned to NoonTime1991
NoonTime1991 collected $2.50 from pot
NoonTime1991: doesn't show hand 
*** SUMMARY ***
Total pot $2.50 | Rake $0 
Seat 1: ka100pka527 folded before Flop (didn't bet)
Seat 2: Burlica2013 folded before Flop (didn't bet)
Seat 3: NoonTime1991 (button) collected ($2.50)
Seat 4: 7bekon7 (small blind) folded before Flop
Seat 6: geokomkjdoc (big blind) folded before Flop



PokerStars Hand #254379218059:  Hold'em No Limit ($0.50/$1.00 USD) - 2025/01/15 9:22:03 WET [2025/01/15 4:22:03 ET]
Table 'Suttung III' 6-max Seat #4 is the button
Seat 1: ka100pka527 ($126.90 in chips) 
Seat 2: Burlica2013 ($104.39 in chips) 
Seat 3: NoonTime1991 ($101.50 in chips) 
Seat 4: 7bekon7 ($100 in chips) 
Seat 6: geokomkjdoc ($9.45 in chips) 
geokomkjdoc: posts small blind $0.50
ka100pka527: posts big blind $1
*** HOLE CARDS ***
Burlica2013: folds 
NoonTime1991: folds 
7bekon7: raises $1.50 to $2.50
geokomkjdoc: folds 
ka100pka527: calls $1.50
*** FLOP *** [Kc 9h Ah]
ka100pka527: checks 
7bekon7: checks 
*** TURN *** [Kc 9h Ah] [6h]
ka100pka527: bets $1.72
7bekon7: calls $1.72
*** RIVER *** [Kc 9h Ah 6h] [3d]
ka100pka527: checks 
7bekon7: checks 
*** SHOW DOWN ***
ka100pka527: shows [Jc Kh] (a pair of Kings)
7bekon7: mucks hand 
ka100pka527 collected $8.49 from pot
*** SUMMARY ***
Total pot $8.94 | Rake $0.45 
Board [Kc 9h Ah 6h 3d]
Seat 1: ka100pka527 (big blind) showed [Jc Kh] and won ($8.49) with a pair of Kings
Seat 2: Burlica2013 folded before Flop (didn't bet)
Seat 3: NoonTime1991 folded before Flop (didn't bet)
Seat 4: 7bekon7 (button) mucked
Seat 6: geokomkjdoc (small blind) folded before Flop



PokerStars Hand #254379225457:  Hold'em No Limit ($0.50/$1.00 USD) - 2025/01/15 9:23:23 WET [2025/01/15 4:23:23 ET]
Table 'Suttung III' 6-max Seat #6 is the button
Seat 1: ka100pka527 ($131.17 in chips) 
Seat 2: Burlica2013 ($104.39 in chips) 
Seat 3: NoonTime1991 ($101.50 in chips) 
Seat 4: 7bekon7 ($100 in chips) 
Seat 6: geokomkjdoc ($8.95 in chips) 
ka100pka527: posts small blind $0.50
Burlica2013: posts big blind $1
*** HOLE CARDS ***
NoonTime1991: folds 
7bekon7: raises $1.25 to $2.25
geokomkjdoc: folds 
ka100pka527: folds 
Burlica2013: folds 
Uncalled bet ($1.25) returned to 7bekon7
7bekon7 collected $2.50 from pot
7bekon7: doesn't show hand 
*** SUMMARY ***
Total pot $2.50 | Rake $0 
Seat 1: ka100pka527 (small blind) folded before Flop
Seat 2: Burlica2013 (big blind) folded before Flop
Seat 3: NoonTime1991 folded before Flop (didn't bet)
Seat 4: 7bekon7 collected ($2.50)
Seat 6: geokomkjdoc (button) folded before Flop (didn't bet)



PokerStars Hand #254379227129:  Hold'em No Limit ($0.50/$1.00 USD) - 2025/01/15 9:23:41 WET [2025/01/15 4:23:41 ET]
Table 'Suttung III' 6-max Seat #1 is the button
Seat 1: ka100pka527 ($130.67 in chips) 
Seat 2: Burlica2013 ($103.39 in chips) 
Seat 3: NoonTime1991 ($101.50 in chips) 
Seat 4: 7bekon7 ($101.50 in chips) 
Seat 6: geokomkjdoc ($8.95 in chips) 
Burlica2013: posts small blind $0.50
NoonTime1991: posts big blind $1
*** HOLE CARDS ***
7bekon7: folds 
geokomkjdoc: folds 
ka100pka527: folds 
Burlica2013: raises $2 to $3
NoonTime1991: calls $2
*** FLOP *** [9s Qc Ad]
Burlica2013: bets $1.88
NoonTime1991: folds 
Uncalled bet ($1.88) returned to Burlica2013
Burlica2013 collected $5.70 from pot
Burlica2013: doesn't show hand 
*** SUMMARY ***
Total pot $6 | Rake $0.30 
Board [9s Qc Ad]
Seat 1: ka100pka527 (button) folded before Flop (didn't bet)
Seat 2: Burlica2013 (small blind) collected ($5.70)
Seat 3: NoonTime1991 (big blind) folded on the Flop
Seat 4: 7bekon7 folded before Flop (didn't bet)
Seat 6: geokomkjdoc folded before Flop (didn't bet)



PokerStars Hand #254379230315:  Hold'em No Limit ($0.50/$1.00 USD) - 2025/01/15 9:24:15 WET [2025/01/15 4:24:15 ET]
Table 'Suttung III' 6-max Seat #2 is the button
Seat 1: ka100pka527 ($130.67 in chips) 
Seat 2: Burlica2013 ($106.09 in chips) 
Seat 3: NoonTime1991 ($100 in chips) 
Seat 4: 7bekon7 ($101.50 in chips) 
Seat 6: geokomkjdoc ($8.95 in chips) 
NoonTime1991: posts small blind $0.50
7bekon7: posts big blind $1
*** HOLE CARDS ***
geokomkjdoc: folds 
ka100pka527: folds 
Burlica2013: raises $1.45 to $2.45
NoonTime1991: raises $8.55 to $11
7bekon7: folds 
Burlica2013: calls $8.55
*** FLOP *** [5s Ad As]
NoonTime1991: bets $5.46
Burlica2013: calls $5.46
*** TURN *** [5s Ad As] [7s]
NoonTime1991: checks 
Burlica2013: bets $10.63
NoonTime1991: folds 
Uncalled bet ($10.63) returned to Burlica2013
Burlica2013 collected $32.22 from pot
Burlica2013: doesn't show hand 
*** SUMMARY ***
Total pot $33.92 | Rake $1.70 
Board [5s Ad As 7s]
Seat 1: ka100pka527 folded before Flop (didn't bet)
Seat 2: Burlica2013 (button) collected ($32.22)
Seat 3: NoonTime1991 (small blind) folded on the Turn
Seat 4: 7bekon7 (big blind) folded before Flop
Seat 6: geokomkjdoc folded before Flop (didn't bet)



PokerStars Hand #254379236774:  Hold'em No Limit ($0.50/$1.00 USD) - 2025/01/15 9:25:25 WET [2025/01/15 4:25:25 ET]
Table 'Suttung III' 6-max Seat #3 is the button
Seat 1: ka100pka527 ($130.67 in chips) 
Seat 2: Burlica2013 ($121.85 in chips) 
Seat 3: NoonTime1991 ($100 in chips) 
Seat 4: 7bekon7 ($100.50 in chips) 
Seat 6: geokomkjdoc ($8.95 in chips) 
7bekon7: posts small blind $0.50
geokomkjdoc: posts big blind $1
*** HOLE CARDS ***
ka100pka527: folds 
Burlica2013: folds 
NoonTime1991: raises $1 to $2
7bekon7: folds 
geokomkjdoc: calls $1
*** FLOP *** [3c 2s 9d]
geokomkjdoc: checks 
NoonTime1991: checks 
*** TURN *** [3c 2s 9d] [5c]
geokomkjdoc: bets $1
NoonTime1991: calls $1
*** RIVER *** [3c 2s 9d 5c] [4h]
geokomkjdoc: checks 
NoonTime1991: bets $6
geokomkjdoc: calls $5.95 and is all-in
Uncalled bet ($0.05) returned to NoonTime1991
*** SHOW DOWN ***
NoonTime1991: shows [Td Js] (high card Jack)
geokomkjdoc: shows [3s Ad] (a straight, Ace to Five)
geokomkjdoc collected $17.48 from pot
*** SUMMARY ***
Total pot $18.40 | Rake $0.92 
Board [3c 2s 9d 5c 4h]
Seat 1: ka100pka527 folded before Flop (didn't bet)
Seat 2: Burlica2013 folded before Flop (didn't bet)
Seat 3: NoonTime1991 (button) showed [Td Js] and lost with high card Jack
Seat 4: 7bekon7 (small blind) folded before Flop
Seat 6: geokomkjdoc (big blind) showed [3s Ad] and won ($17.48) with a straight, Ace to Five



PokerStars Hand #254379239970:  Hold'em No Limit ($0.50/$1.00 USD) - 2025/01/15 9:26:01 WET [2025/01/15 4:26:01 ET]
Table 'Suttung III' 6-max Seat #4 is the button
Seat 1: ka100pka527 ($130.67 in chips) 
Seat 2: Burlica2013 ($121.85 in chips) 
Seat 3: NoonTime1991 ($100 in chips) 
Seat 4: 7bekon7 ($100 in chips) 
Seat 6: geokomkjdoc ($17.48 in chips) 
geokomkjdoc: posts small blind $0.50
ka100pka527: posts big blind $1
*** HOLE CARDS ***
Burlica2013: folds 
NoonTime1991: folds 
7bekon7: folds 
geokomkjdoc: folds 
Uncalled bet ($0.50) returned to ka100pka527
ka100pka527 collected $1 from pot
ka100pka527: doesn't show hand 
*** SUMMARY ***
Total pot $1 | Rake $0 
Seat 1: ka100pka527 (big blind) collected ($1)
Seat 2: Burlica2013 folded before Flop (didn't bet)
Seat 3: NoonTime1991 folded before Flop (didn't bet)
Seat 4: 7bekon7 (button) folded before Flop (didn't bet)
Seat 6: geokomkjdoc (small blind) folded before Flop



PokerStars Hand #254379240890:  Hold'em No Limit ($0.50/$1.00 USD) - 2025/01/15 9:26:11 WET [2025/01/15 4:26:11 ET]
Table 'Suttung III' 6-max Seat #6 is the button
Seat 1: ka100pka527 ($131.17 in chips) 
Seat 2: Burlica2013 ($121.85 in chips) 
Seat 3: NoonTime1991 ($100 in chips) 
Seat 4: 7bekon7 ($100 in chips) 
Seat 6: geokomkjdoc ($16.98 in chips) 
ka100pka527: posts small blind $0.50
Burlica2013: posts big blind $1
*** HOLE CARDS ***
NoonTime1991: folds 
7bekon7: raises $1.25 to $2.25
geokomkjdoc: calls $2.25
ka100pka527: folds 
Burlica2013: calls $1.25
*** FLOP *** [Qc 9c 9s]
Burlica2013: checks 
7bekon7: bets $1.72
geokomkjdoc: folds 
Burlica2013: raises $5.17 to $6.89
7bekon7: folds 
Uncalled bet ($5.17) returned to Burlica2013
Burlica2013 collected $10.16 from pot
Burlica2013: doesn't show hand 
*** SUMMARY ***
Total pot $10.69 | Rake $0.53 
Board [Qc 9c 9s]
Seat 1: ka100pka527 (small blind) folded before Flop
Seat 2: Burlica2013 (big blind) collected ($10.16)
Seat 3: NoonTime1991 folded before Flop (didn't bet)
Seat 4: 7bekon7 folded on the Flop
Seat 6: geokomkjdoc (button) folded on the Flop



PokerStars Hand #254379246356:  Hold'em No Limit ($0.50/$1.00 USD) - 2025/01/15 9:27:11 WET [2025/01/15 4:27:11 ET]
Table 'Suttung III' 6-max Seat #1 is the button
Seat 1: ka100pka527 ($130.67 in chips) 
Seat 2: Burlica2013 ($128.04 in chips) 
Seat 3: NoonTime1991 ($100 in chips) 
Seat 4: 7bekon7 ($100 in chips) 
Seat 6: geokomkjdoc ($14.73 in chips) 
Burlica2013: posts small blind $0.50
NoonTime1991: posts big blind $1
*** HOLE CARDS ***
7bekon7: folds 
geokomkjdoc: folds 
ka100pka527: folds 
Burlica2013: folds 
Uncalled bet ($0.50) returned to NoonTime1991
NoonTime1991 collected $1 from pot
NoonTime1991: doesn't show hand 
*** SUMMARY ***
Total pot $1 | Rake $0 
Seat 1: ka100pka527 (button) folded before Flop (didn't bet)
Seat 2: Burlica2013 (small blind) folded before Flop
Seat 3: NoonTime1991 (big blind) collected ($1)
Seat 4: 7bekon7 folded before Flop (didn't bet)
Seat 6: geokomkjdoc folded before Flop (didn't bet)



PokerStars Hand #254379247462:  Hold'em No Limit ($0.50/$1.00 USD) - 2025/01/15 9:27:23 WET [2025/01/15 4:27:23 ET]
Table 'Suttung III' 6-max Seat #2 is the button
Seat 1: ka100pka527 ($130.67 in chips) 
Seat 2: Burlica2013 ($127.54 in chips) 
Seat 3: NoonTime1991 ($100.50 in chips) 
Seat 4: 7bekon7 ($100 in chips) 
Seat 6: geokomkjdoc ($14.73 in chips) 
NoonTime1991: posts small blind $0.50
7bekon7: posts big blind $1
*** HOLE CARDS ***
geokomkjdoc: folds 
ka100pka527: folds 
Burlica2013: raises $1.45 to $2.45
NoonTime1991: raises $8.55 to $11
7bekon7: folds 
Burlica2013: folds 
Uncalled bet ($8.55) returned to NoonTime1991
NoonTime1991 collected $5.90 from pot
NoonTime1991: doesn't show hand 
*** SUMMARY ***
Total pot $5.90 | Rake $0 
Seat 1: ka100pka527 folded before Flop (didn't bet)
Seat 2: Burlica2013 (button) folded before Flop
Seat 3: NoonTime1991 (small blind) collected ($5.90)
Seat 4: 7bekon7 (big blind) folded before Flop
Seat 6: geokomkjdoc folded before Flop (didn't bet)



PokerStars Hand #254379248937:  Hold'em No Limit ($0.50/$1.00 USD) - 2025/01/15 9:27:40 WET [2025/01/15 4:27:40 ET]
Table 'Suttung III' 6-max Seat #3 is the button
Seat 1: ka100pka527 ($130.67 in chips) 
Seat 2: Burlica2013 ($125.09 in chips) 
Seat 3: NoonTime1991 ($103.95 in chips) 
Seat 4: 7bekon7 ($100 in chips) 
Seat 6: geokomkjdoc ($14.73 in chips) 
7bekon7: posts small blind $0.50
geokomkjdoc: posts big blind $1
*** HOLE CARDS ***
ka100pka527: folds 
Burlica2013: folds 
NoonTime1991: folds 
7bekon7: raises $2 to $3
geokomkjdoc: raises $11.73 to $14.73 and is all-in
7bekon7: calls $11.73
*** FLOP *** [Kd Ac Ks]
*** TURN *** [Kd Ac Ks] [9c]
*** RIVER *** [Kd Ac Ks 9c] [6c]
*** SHOW DOWN ***
7bekon7: shows [Jd As] (two pair, Aces and Kings)
geokomkjdoc: shows [Js Ah] (two pair, Aces and Kings)
7bekon7 collected $14 from pot
geokomkjdoc collected $13.99 from pot
*** SUMMARY ***
Total pot $29.46 | Rake $1.47 
Board [Kd Ac Ks 9c 6c]
Seat 1: ka100pka527 folded before Flop (didn't bet)
Seat 2: Burlica2013 folded before Flop (didn't bet)
Seat 3: NoonTime1991 (button) folded before Flop (didn't bet)
Seat 4: 7bekon7 (small blind) showed [Jd As] and won ($14) with two pair, Aces and Kings
Seat 6: geokomkjdoc (big blind) showed [Js Ah] and won ($13.99) with two pair, Aces and Kings



PokerStars Hand #254379251050:  Hold'em No Limit ($0.50/$1.00 USD) - 2025/01/15 9:28:03 WET [2025/01/15 4:28:03 ET]
Table 'Suttung III' 6-max Seat #4 is the button
Seat 1: ka100pka527 ($130.67 in chips) 
Seat 2: Burlica2013 ($125.09 in chips) 
Seat 3: NoonTime1991 ($103.95 in chips) 
Seat 4: 7bekon7 ($100 in chips) 
Seat 6: geokomkjdoc ($13.99 in chips) 
geokomkjdoc: posts small blind $0.50
ka100pka527: posts big blind $1
*** HOLE CARDS ***
Burlica2013: folds 
NoonTime1991: folds 
7bekon7: raises $1.25 to $2.25
geokomkjdoc: raises $11.74 to $13.99 and is all-in
ka100pka527: folds 
7bekon7: calls $11.74
*** FIRST FLOP *** [3d 8s Ks]
*** FIRST TURN *** [3d 8s Ks] [9s]
*** FIRST RIVER *** [3d 8s Ks 9s] [Kd]
*** SECOND FLOP *** [2h 6h 3h]
*** SECOND TURN *** [2h 6h 3h] [2d]
*** SECOND RIVER *** [2h 6h 3h 2d] [5h]
*** FIRST SHOW DOWN ***
geokomkjdoc: shows [Ad Jc] (a pair of Kings)
7bekon7: shows [Qd Ts] (a pair of Kings - lower kicker)
geokomkjdoc collected $13.77 from pot
*** SECOND SHOW DOWN ***
geokomkjdoc: shows [Ad Jc] (a pair of Deuces)
7bekon7: shows [Qd Ts] (a pair of Deuces - lower kicker)
geokomkjdoc collected $13.76 from pot
*** SUMMARY ***
Total pot $28.98 | Rake $1.45 
Hand was run twice
FIRST Board [3d 8s Ks 9s Kd]
SECOND Board [2h 6h 3h 2d 5h]
Seat 1: ka100pka527 (big blind) folded before Flop
Seat 2: Burlica2013 folded before Flop (didn't bet)
Seat 3: NoonTime1991 folded before Flop (didn't bet)
Seat 4: 7bekon7 (button) showed [Qd Ts] and lost with a pair of Kings, and lost with a pair of Deuces
Seat 6: geokomkjdoc (small blind) showed [Ad Jc] and won ($13.77) with a pair of Kings, and won ($13.76) with a pair of Deuces



PokerStars Hand #254379254409:  Hold'em No Limit ($0.50/$1.00 USD) - 2025/01/15 9:28:40 WET [2025/01/15 4:28:40 ET]
Table 'Suttung III' 6-max Seat #6 is the button
Seat 1: ka100pka527 ($129.67 in chips) 
Seat 2: Burlica2013 ($125.09 in chips) 
Seat 3: NoonTime1991 ($103.95 in chips) 
Seat 4: 7bekon7 ($100 in chips) 
Seat 6: geokomkjdoc ($27.53 in chips) 
ka100pka527: posts small blind $0.50
Burlica2013: posts big blind $1
*** HOLE CARDS ***
NoonTime1991: folds 
7bekon7: folds 
geokomkjdoc: calls $1
ka100pka527: raises $2.50 to $3.50
KarP93 joins the table at seat #5 
Burlica2013: folds 
geokomkjdoc: folds 
Uncalled bet ($2.50) returned to ka100pka527
ka100pka527 collected $3 from pot
ka100pka527: doesn't show hand 
*** SUMMARY ***
Total pot $3 | Rake $0 
Seat 1: ka100pka527 (small blind) collected ($3)
Seat 2: Burlica2013 (big blind) folded before Flop
Seat 3: NoonTime1991 folded before Flop (didn't bet)
Seat 4: 7bekon7 folded before Flop (didn't bet)
Seat 6: geokomkjdoc (button) folded before Flop



PokerStars Hand #254379257025:  Hold'em No Limit ($0.50/$1.00 USD) - 2025/01/15 9:29:08 WET [2025/01/15 4:29:08 ET]
Table 'Suttung III' 6-max Seat #1 is the button
Seat 5: KarP93 ($100 in chips) is sitting out
Seat 1: ka100pka527 ($131.67 in chips) 
Seat 2: Burlica2013 ($124.09 in chips) 
Seat 3: NoonTime1991 ($103.95 in chips) 
Seat 4: 7bekon7 ($100 in chips) 
Seat 6: geokomkjdoc ($26.53 in chips) 
Burlica2013: posts small blind $0.50
NoonTime1991: posts big blind $1
KarP93: sits out 
*** HOLE CARDS ***
7bekon7: raises $1.25 to $2.25
geokomkjdoc: calls $2.25
ka100pka527: folds 
Burlica2013: folds 
NoonTime1991: raises $10.75 to $13
7bekon7: folds 
geokomkjdoc: raises $13.53 to $26.53 and is all-in
NoonTime1991: calls $13.53
*** FLOP *** [Qh Ts 3d]
*** TURN *** [Qh Ts 3d] [8c]
Burlica2013 leaves the table
*** RIVER *** [Qh Ts 3d 8c] [9s]
*** SHOW DOWN ***
NoonTime1991: shows [Qs Ad] (a pair of Queens)
geokomkjdoc: shows [Ah Qd] (a pair of Queens)
NoonTime1991 collected $26.66 from pot
geokomkjdoc collected $26.65 from pot
*** SUMMARY ***
Total pot $55.81 | Rake $2.50 
Board [Qh Ts 3d 8c 9s]
Seat 5: KarP93
Seat 1: ka100pka527 (button) folded before Flop (didn't bet)
Seat 2: Burlica2013 (small blind) folded before Flop
Seat 3: NoonTime1991 (big blind) showed [Qs Ad] and won ($26.66) with a pair of Queens
Seat 4: 7bekon7 folded before Flop
Seat 6: geokomkjdoc showed [Ah Qd] and won ($26.65) with a pair of Queens



PokerStars Hand #254379261082:  Hold'em No Limit ($0.50/$1.00 USD) - 2025/01/15 9:29:52 WET [2025/01/15 4:29:52 ET]
Table 'Suttung III' 6-max Seat #3 is the button
Seat 5: KarP93 ($100 in chips) is sitting out
Seat 1: ka100pka527 ($131.67 in chips) 
Seat 3: NoonTime1991 ($104.08 in chips) 
Seat 4: 7bekon7 ($100 in chips) 
Seat 6: geokomkjdoc ($26.65 in chips) 
7bekon7: posts small blind $0.50
geokomkjdoc: posts big blind $1
*** HOLE CARDS ***
ka100pka527: folds 
NoonTime1991: folds 
7bekon7: folds 
Uncalled bet ($0.50) returned to geokomkjdoc
KarP93 leaves the table
geokomkjdoc collected $1 from pot
geokomkjdoc: doesn't show hand 
*** SUMMARY ***
Total pot $1 | Rake $0 
Seat 5: KarP93
Seat 1: ka100pka527 folded before Flop (didn't bet)
Seat 3: NoonTime1991 (button) folded before Flop (didn't bet)
Seat 4: 7bekon7 (small blind) folded before Flop
Seat 6: geokomkjdoc (big blind) collected ($1)



PokerStars Hand #254379261994:  Hold'em No Limit ($0.50/$1.00 USD) - 2025/01/15 9:30:02 WET [2025/01/15 4:30:02 ET]
Table 'Suttung III' 6-max Seat #4 is the button
Seat 1: ka100pka527 ($131.67 in chips) 
Seat 3: NoonTime1991 ($104.08 in chips) 
Seat 4: 7bekon7 ($100 in chips) 
Seat 6: geokomkjdoc ($27.15 in chips) 
geokomkjdoc: posts small blind $0.50
ka100pka527: posts big blind $1
*** HOLE CARDS ***
NoonTime1991: folds 
7bekon7: raises $1.25 to $2.25
geokomkjdoc: folds 
ka100pka527: calls $1.25
*** FLOP *** [7d 6h Ts]
ka100pka527: checks 
value_ftw joins the table at seat #2 
7bekon7: checks 
*** TURN *** [7d 6h Ts] [9c]
ka100pka527: bets $1.57
KarP93 joins the table at seat #5 
7bekon7: calls $1.57
*** RIVER *** [7d 6h Ts 9c] [8c]
ka100pka527: bets $5.87
7bekon7: calls $5.87
*** SHOW DOWN ***
ka100pka527: shows [Js Ah] (a straight, Seven to Jack)
7bekon7: mucks hand 
ka100pka527 collected $18.89 from pot
*** SUMMARY ***
Total pot $19.88 | Rake $0.99 
Board [7d 6h Ts 9c 8c]
Seat 1: ka100pka527 (big blind) showed [Js Ah] and won ($18.89) with a straight, Seven to Jack
Seat 3: NoonTime1991 folded before Flop (didn't bet)
Seat 4: 7bekon7 (button) mucked
Seat 6: geokomkjdoc (small blind) folded before Flop



PokerStars Hand #254379268376:  Hold'em No Limit ($0.50/$1.00 USD) - 2025/01/15 9:31:10 WET [2025/01/15 4:31:10 ET]
Table 'Suttung III' 6-max Seat #6 is the button
Seat 5: KarP93 ($100 in chips) is sitting out
Seat 1: ka100pka527 ($140.87 in chips) 
Seat 2: value_ftw ($100 in chips) 
Seat 3: NoonTime1991 ($104.08 in chips) 
Seat 4: 7bekon7 ($100 in chips) 
Seat 6: geokomkjdoc ($26.65 in chips) 
ka100pka527: posts small blind $0.50
value_ftw: posts big blind $1
KarP93: sits out 
*** HOLE CARDS ***
NoonTime1991: folds 
7bekon7: raises $1.25 to $2.25
geokomkjdoc: calls $2.25
ka100pka527: folds 
value_ftw: folds 
*** FLOP *** [6s Ks 9d]
7bekon7: bets $1.43
geokomkjdoc: folds 
Uncalled bet ($1.43) returned to 7bekon7
7bekon7 collected $5.70 from pot
7bekon7: doesn't show hand 
*** SUMMARY ***
Total pot $6 | Rake $0.30 
Board [6s Ks 9d]
Seat 5: KarP93
Seat 1: ka100pka527 (small blind) folded before Flop
Seat 2: value_ftw (big blind) folded before Flop
Seat 3: NoonTime1991 folded before Flop (didn't bet)
Seat 4: 7bekon7 collected ($5.70)
Seat 6: geokomkjdoc (button) folded on the Flop



PokerStars Hand #254379270039:  Hold'em No Limit ($0.50/$1.00 USD) - 2025/01/15 9:31:28 WET [2025/01/15 4:31:28 ET]
Table 'Suttung III' 6-max Seat #1 is the button
Seat 5: KarP93 ($100 in chips) is sitting out
Seat 1: ka100pka527 ($140.37 in chips) 
Seat 2: value_ftw ($100 in chips) 
Seat 3: NoonTime1991 ($104.08 in chips) 
Seat 4: 7bekon7 ($103.45 in chips) 
Seat 6: geokomkjdoc ($24.40 in chips) 
value_ftw: posts small blind $0.50
NoonTime1991: posts big blind $1
KarP93: sits out 
*** HOLE CARDS ***
7bekon7: folds 
geokomkjdoc: folds 
7bekon7 leaves the table
ka100pka527: raises $1.50 to $2.50
value_ftw: folds 
NoonTime1991: calls $1.50
*** FLOP *** [2c Ad 6s]
NoonTime1991: checks 
ka100pka527: bets $1.72
NoonTime1991: folds 
Uncalled bet ($1.72) returned to ka100pka527
ka100pka527 collected $5.22 from pot
ka100pka527: doesn't show hand 
*** SUMMARY ***
Total pot $5.50 | Rake $0.28 
Board [2c Ad 6s]
Seat 5: KarP93
Seat 1: ka100pka527 (button) collected ($5.22)
Seat 2: value_ftw (small blind) folded before Flop
Seat 3: NoonTime1991 (big blind) folded on the Flop
Seat 4: 7bekon7 folded before Flop (didn't bet)
Seat 6: geokomkjdoc folded before Flop (didn't bet)



PokerStars Hand #254379272659:  Hold'em No Limit ($0.50/$1.00 USD) - 2025/01/15 9:31:56 WET [2025/01/15 4:31:56 ET]
Table 'Suttung III' 6-max Seat #2 is the button
Seat 1: ka100pka527 ($143.09 in chips) 
Seat 2: value_ftw ($100 in chips) 
Seat 3: NoonTime1991 ($101.58 in chips) 
Seat 5: KarP93 ($100 in chips) 
Seat 6: geokomkjdoc ($24.40 in chips) 
NoonTime1991: posts small blind $0.50
KarP93: posts big blind $1
*** HOLE CARDS ***
geokomkjdoc: calls $1
ka100pka527: folds 
value_ftw: folds 
NoonTime1991: folds 
KarP93: checks 
*** FLOP *** [Jd 7s 4c]
Burlica2013 joins the table at seat #4 
KarP93: checks 
geokomkjdoc: checks 
*** TURN *** [Jd 7s 4c] [4s]
KarP93: checks 
geokomkjdoc: bets $1
KarP93: folds 
Uncalled bet ($1) returned to geokomkjdoc
geokomkjdoc collected $2.38 from pot
geokomkjdoc: doesn't show hand 
*** SUMMARY ***
Total pot $2.50 | Rake $0.12 
Board [Jd 7s 4c 4s]
Seat 1: ka100pka527 folded before Flop (didn't bet)
Seat 2: value_ftw (button) folded before Flop (didn't bet)
Seat 3: NoonTime1991 (small blind) folded before Flop
Seat 5: KarP93 (big blind) folded on the Turn
Seat 6: geokomkjdoc collected ($2.38)



PokerStars Hand #254379276805:  Hold'em No Limit ($0.50/$1.00 USD) - 2025/01/15 9:32:41 WET [2025/01/15 4:32:41 ET]
Table 'Suttung III' 6-max Seat #3 is the button
Seat 4: Burlica2013 ($123.59 in chips) is sitting out
Seat 1: ka100pka527 ($143.09 in chips) 
Seat 2: value_ftw ($100 in chips) 
Seat 3: NoonTime1991 ($101.08 in chips) 
Seat 5: KarP93 ($100 in chips) 
Seat 6: geokomkjdoc ($25.78 in chips) 
KarP93: posts small blind $0.50
geokomkjdoc: posts big blind $1
*** HOLE CARDS ***
ka100pka527: folds 
value_ftw: folds 
NoonTime1991: folds 
KarP93: folds 
Uncalled bet ($0.50) returned to geokomkjdoc
geokomkjdoc collected $1 from pot
geokomkjdoc: doesn't show hand 
*** SUMMARY ***
Total pot $1 | Rake $0 
Seat 4: Burlica2013
Seat 1: ka100pka527 folded before Flop (didn't bet)
Seat 2: value_ftw folded before Flop (didn't bet)
Seat 3: NoonTime1991 (button) folded before Flop (didn't bet)
Seat 5: KarP93 (small blind) folded before Flop
Seat 6: geokomkjdoc (big blind) collected ($1)



PokerStars Hand #254379278185:  Hold'em No Limit ($0.50/$1.00 USD) - 2025/01/15 9:32:55 WET [2025/01/15 4:32:55 ET]
Table 'Suttung III' 6-max Seat #5 is the button
Seat 4: Burlica2013 ($123.59 in chips) is sitting out
Seat 1: ka100pka527 ($143.09 in chips) 
Seat 2: value_ftw ($100 in chips) 
Seat 3: NoonTime1991 ($101.08 in chips) 
Seat 5: KarP93 ($100 in chips) 
Seat 6: geokomkjdoc ($26.28 in chips) 
geokomkjdoc: posts small blind $0.50
ka100pka527: posts big blind $1
Burlica2013: sits out 
*** HOLE CARDS ***
value_ftw: raises $1.20 to $2.20
NoonTime1991: folds 
KarP93: folds 
geokomkjdoc: calls $1.70
ka100pka527: calls $1.20
*** FLOP *** [5s 3d Ah]
geokomkjdoc: bets $6.27
ka100pka527: folds 
value_ftw: raises $91.53 to $97.80 and is all-in
geokomkjdoc: calls $17.81 and is all-in
Uncalled bet ($73.72) returned to value_ftw
*** FIRST TURN *** [5s 3d Ah] [8d]
*** FIRST RIVER *** [5s 3d Ah 8d] [2d]
*** SECOND TURN *** [5s 3d Ah] [Qd]
*** SECOND RIVER *** [5s 3d Ah Qd] [Jh]
*** FIRST SHOW DOWN ***
geokomkjdoc: shows [Ad 5d] (a flush, Ace high)
value_ftw: shows [Ac Jd] (a pair of Aces)
geokomkjdoc collected $26.13 from pot
*** SECOND SHOW DOWN ***
geokomkjdoc: shows [Ad 5d] (two pair, Aces and Fives)
value_ftw: shows [Ac Jd] (two pair, Aces and Jacks)
value_ftw collected $26.13 from pot
*** SUMMARY ***
Total pot $54.76 | Rake $2.50 
Hand was run twice
FIRST Board [5s 3d Ah 8d 2d]
SECOND Board [5s 3d Ah Qd Jh]
Seat 4: Burlica2013
Seat 1: ka100pka527 (big blind) folded on the Flop
Seat 2: value_ftw showed [Ac Jd] and lost with a pair of Aces, and won ($26.13) with two pair, Aces and Jacks
Seat 3: NoonTime1991 folded before Flop (didn't bet)
Seat 5: KarP93 (button) folded before Flop (didn't bet)
Seat 6: geokomkjdoc (small blind) showed [Ad 5d] and won ($26.13) with a flush, Ace high, and lost with two pair, Aces and Fives



PokerStars Hand #254379281576:  Hold'em No Limit ($0.50/$1.00 USD) - 2025/01/15 9:33:31 WET [2025/01/15 4:33:31 ET]
Table 'Suttung III' 6-max Seat #6 is the button
Seat 4: Burlica2013 ($123.59 in chips) is sitting out
Seat 1: ka100pka527 ($140.89 in chips) 
Seat 2: value_ftw ($100 in chips) 
Seat 3: NoonTime1991 ($101.08 in chips) 
Seat 5: KarP93 ($100 in chips) 
Seat 6: geokomkjdoc ($26.13 in chips) 
ka100pka527: posts small blind $0.50
value_ftw: posts big blind $1
Burlica2013: sits out 
*** HOLE CARDS ***
NoonTime1991: folds 
KarP93: folds 
geokomkjdoc: folds 
ka100pka527: raises $1.50 to $2.50
value_ftw: calls $1.50
*** FLOP *** [2d 7d Ks]
ka100pka527: bets $1.57
value_ftw: calls $1.57
*** TURN *** [2d 7d Ks] [9s]
ka100pka527: checks 
value_ftw: bets $12
ka100pka527: calls $12
*** RIVER *** [2d 7d Ks 9s] [Kh]
ka100pka527: checks 
Burlica2013 leaves the table
value_ftw: bets $30.53
ka100pka527: folds 
Uncalled bet ($30.53) returned to value_ftw
value_ftw collected $30.53 from pot
value_ftw: doesn't show hand 
*** SUMMARY ***
Total pot $32.14 | Rake $1.61 
Board [2d 7d Ks 9s Kh]
Seat 4: Burlica2013
Seat 1: ka100pka527 (small blind) folded on the River
Seat 2: value_ftw (big blind) collected ($30.53)
Seat 3: NoonTime1991 folded before Flop (didn't bet)
Seat 5: KarP93 folded before Flop (didn't bet)
Seat 6: geokomkjdoc (button) folded before Flop (didn't bet)



PokerStars Hand #254379291312:  Hold'em No Limit ($0.50/$1.00 USD) - 2025/01/15 9:35:14 WET [2025/01/15 4:35:14 ET]
Table 'Suttung III' 6-max Seat #1 is the button
Seat 1: ka100pka527 ($124.82 in chips) 
Seat 2: value_ftw ($114.46 in chips) 
Seat 3: NoonTime1991 ($101.08 in chips) 
Seat 5: KarP93 ($100 in chips) 
Seat 6: geokomkjdoc ($26.13 in chips) 
value_ftw: posts small blind $0.50
NoonTime1991: posts big blind $1
*** HOLE CARDS ***
KarP93: folds 
geokomkjdoc: raises $1 to $2
ka100pka527: folds 
value_ftw: calls $1.50
NoonTime1991: folds 
*** FLOP *** [4s Qh Jh]
value_ftw: checks 
geokomkjdoc: checks 
*** TURN *** [4s Qh Jh] [9c]
value_ftw: checks 
geokomkjdoc: checks 
*** RIVER *** [4s Qh Jh 9c] [6h]
value_ftw: checks 
geokomkjdoc: bets $1
value_ftw: calls $1
*** SHOW DOWN ***
geokomkjdoc: shows [Jc Tc] (a pair of Jacks)
value_ftw: mucks hand 
geokomkjdoc collected $6.65 from pot
*** SUMMARY ***
Total pot $7 | Rake $0.35 
Board [4s Qh Jh 9c 6h]
Seat 1: ka100pka527 (button) folded before Flop (didn't bet)
Seat 2: value_ftw (small blind) mucked
Seat 3: NoonTime1991 (big blind) folded before Flop
Seat 5: KarP93 folded before Flop (didn't bet)
Seat 6: geokomkjdoc showed [Jc Tc] and won ($6.65) with a pair of Jacks



PokerStars Hand #254379293994:  Hold'em No Limit ($0.50/$1.00 USD) - 2025/01/15 9:35:41 WET [2025/01/15 4:35:41 ET]
Table 'Suttung III' 6-max Seat #2 is the button
Seat 1: ka100pka527 ($124.82 in chips) 
Seat 2: value_ftw ($111.46 in chips) 
Seat 3: NoonTime1991 ($100.08 in chips) 
Seat 5: KarP93 ($100 in chips) 
Seat 6: geokomkjdoc ($29.78 in chips) 
NoonTime1991: posts small blind $0.50
KarP93: posts big blind $1
*** HOLE CARDS ***
geokomkjdoc: calls $1
ka100pka527: folds 
value_ftw: folds 
NoonTime1991: folds 
pepelino19 joins the table at seat #4 
KarP93: checks 
*** FLOP *** [8c 9c 8h]
KarP93: checks 
geokomkjdoc: checks 
*** TURN *** [8c 9c 8h] [4h]
KarP93: checks 
geokomkjdoc: checks 
*** RIVER *** [8c 9c 8h 4h] [6s]
KarP93: bets $2.38
geokomkjdoc: folds 
Uncalled bet ($2.38) returned to KarP93
KarP93 collected $2.38 from pot
KarP93: doesn't show hand 
*** SUMMARY ***
Total pot $2.50 | Rake $0.12 
Board [8c 9c 8h 4h 6s]
Seat 1: ka100pka527 folded before Flop (didn't bet)
Seat 2: value_ftw (button) folded before Flop (didn't bet)
Seat 3: NoonTime1991 (small blind) folded before Flop
Seat 5: KarP93 (big blind) collected ($2.38)
Seat 6: geokomkjdoc folded on the River



PokerStars Hand #254379298715:  Hold'em No Limit ($0.50/$1.00 USD) - 2025/01/15 9:36:30 WET [2025/01/15 4:36:30 ET]
Table 'Suttung III' 6-max Seat #3 is the button
Seat 4: pepelino19 ($100 in chips) is sitting out
Seat 1: ka100pka527 ($124.82 in chips) 
Seat 2: value_ftw ($111.46 in chips) 
Seat 3: NoonTime1991 ($100 in chips) 
Seat 5: KarP93 ($101.38 in chips) 
Seat 6: geokomkjdoc ($28.78 in chips) 
KarP93: posts small blind $0.50
geokomkjdoc: posts big blind $1
*** HOLE CARDS ***
ka100pka527: folds 
value_ftw: folds 
NoonTime1991: raises $2 to $3
KarP93: raises $9 to $12
geokomkjdoc: folds 
NoonTime1991: calls $9
*** FLOP *** [8d As 9h]
geokomkjdoc leaves the table
KarP93: bets $7.84
NoonTime1991: folds 
Uncalled bet ($7.84) returned to KarP93
KarP93 collected $23.75 from pot
KarP93: doesn't show hand 
*** SUMMARY ***
Total pot $25 | Rake $1.25 
Board [8d As 9h]
Seat 4: pepelino19
Seat 1: ka100pka527 folded before Flop (didn't bet)
Seat 2: value_ftw folded before Flop (didn't bet)
Seat 3: NoonTime1991 (button) folded on the Flop
Seat 5: KarP93 (small blind) collected ($23.75)
Seat 6: geokomkjdoc (big blind) folded before Flop



PokerStars Hand #254379303566:  Hold'em No Limit ($0.50/$1.00 USD) - 2025/01/15 9:37:21 WET [2025/01/15 4:37:21 ET]
Table 'Suttung III' 6-max Seat #5 is the button
Seat 4: pepelino19 ($100 in chips) is sitting out
Seat 1: ka100pka527 ($124.82 in chips) 
Seat 2: value_ftw ($111.46 in chips) 
Seat 3: NoonTime1991 ($100 in chips) 
Seat 5: KarP93 ($113.13 in chips) 
ka100pka527: posts small blind $0.50
value_ftw: posts big blind $1
pepelino19: sits out 
*** HOLE CARDS ***
NoonTime1991: raises $2 to $3
KarP93: folds 
ka100pka527 has timed out
ka100pka527: folds 
value_ftw: folds 
Uncalled bet ($2) returned to NoonTime1991
NoonTime1991 collected $2.50 from pot
NoonTime1991: doesn't show hand 
*** SUMMARY ***
Total pot $2.50 | Rake $0 
Seat 4: pepelino19
Seat 1: ka100pka527 (small blind) folded before Flop
Seat 2: value_ftw (big blind) folded before Flop
Seat 3: NoonTime1991 collected ($2.50)
Seat 5: KarP93 (button) folded before Flop (didn't bet)



PokerStars Hand #254379309135:  Hold'em No Limit ($0.50/$1.00 USD) - 2025/01/15 9:38:18 WET [2025/01/15 4:38:18 ET]
Table 'Suttung III' 6-max Seat #2 is the button
Seat 1: ka100pka527 ($124.32 in chips) is sitting out
Seat 2: value_ftw ($110.46 in chips) 
Seat 3: NoonTime1991 ($101.50 in chips) 
Seat 4: pepelino19 ($100 in chips) 
Seat 5: KarP93 ($113.13 in chips) 
NoonTime1991: posts small blind $0.50
pepelino19: posts big blind $1
*** HOLE CARDS ***
KarP93: folds 
value_ftw: folds 
NoonTime1991: folds 
Uncalled bet ($0.50) returned to pepelino19
pepelino19 collected $1 from pot
pepelino19: doesn't show hand 
*** SUMMARY ***
Total pot $1 | Rake $0 
Seat 1: ka100pka527
Seat 2: value_ftw (button) folded before Flop (didn't bet)
Seat 3: NoonTime1991 (small blind) folded before Flop
Seat 4: pepelino19 (big blind) collected ($1)
Seat 5: KarP93 folded before Flop (didn't bet)



PokerStars Hand #254379309932:  Hold'em No Limit ($0.50/$1.00 USD) - 2025/01/15 9:38:26 WET [2025/01/15 4:38:26 ET]
Table 'Suttung III' 6-max Seat #3 is the button
Seat 1: ka100pka527 ($124.32 in chips) is sitting out
Seat 5: KarP93 ($113.13 in chips) is sitting out
Seat 2: value_ftw ($110.46 in chips) 
Seat 3: NoonTime1991 ($101 in chips) 
Seat 4: pepelino19 ($100.50 in chips) 
pepelino19: posts small blind $0.50
KarP93: is sitting out 
value_ftw: posts big blind $1
*** HOLE CARDS ***
NoonTime1991: raises $2 to $3
pepelino19: folds 
value_ftw: folds 
Uncalled bet ($2) returned to NoonTime1991
NoonTime1991 collected $2.50 from pot
NoonTime1991: doesn't show hand 
*** SUMMARY ***
Total pot $2.50 | Rake $0 
Seat 1: ka100pka527
Seat 5: KarP93
Seat 2: value_ftw (big blind) folded before Flop
Seat 3: NoonTime1991 (button) collected ($2.50)
Seat 4: pepelino19 (small blind) folded before Flop



PokerStars Hand #254379310959:  Hold'em No Limit ($0.50/$1.00 USD) - 2025/01/15 9:38:37 WET [2025/01/15 4:38:37 ET]
Table 'Suttung III' 6-max Seat #4 is the button
Seat 1: ka100pka527 ($124.32 in chips) is sitting out
Seat 5: KarP93 ($113.13 in chips) is sitting out
Seat 2: value_ftw ($109.46 in chips) 
Seat 3: NoonTime1991 ($102.50 in chips) 
Seat 4: pepelino19 ($100 in chips) 
value_ftw: posts small blind $0.50
NoonTime1991: posts big blind $1
*** HOLE CARDS ***
pepelino19: folds 
value_ftw: raises $2 to $3
NoonTime1991: folds 
Uncalled bet ($2) returned to value_ftw
value_ftw collected $2 from pot
value_ftw: doesn't show hand 
*** SUMMARY ***
Total pot $2 | Rake $0 
Seat 1: ka100pka527
Seat 5: KarP93
Seat 2: value_ftw (small blind) collected ($2)
Seat 3: NoonTime1991 (big blind) folded before Flop
Seat 4: pepelino19 (button) folded before Flop (didn't bet)



PokerStars Hand #254379312257:  Hold'em No Limit ($0.50/$1.00 USD) - 2025/01/15 9:38:50 WET [2025/01/15 4:38:50 ET]
Table 'Suttung III' 6-max Seat #3 is the button
Seat 1: ka100pka527 ($124.32 in chips) is sitting out
Seat 4: pepelino19 ($100 in chips) is sitting out
Seat 5: KarP93 ($113.13 in chips) is sitting out
Seat 2: value_ftw ($110.46 in chips) 
Seat 3: NoonTime1991 ($101.50 in chips) 
NoonTime1991: posts small blind $0.50
value_ftw: posts big blind $1
*** HOLE CARDS ***
NoonTime1991: raises $1.50 to $2.50
value_ftw: calls $1.50
*** FLOP *** [Qd Qc 2s]
value_ftw: checks 
NoonTime1991: bets $1.57
value_ftw: folds 
Uncalled bet ($1.57) returned to NoonTime1991
NoonTime1991 collected $4.75 from pot
NoonTime1991: doesn't show hand 
*** SUMMARY ***
Total pot $5 | Rake $0.25 
Board [Qd Qc 2s]
Seat 1: ka100pka527
Seat 4: pepelino19
Seat 5: KarP93
Seat 2: value_ftw (big blind) folded on the Flop
Seat 3: NoonTime1991 (button) (small blind) collected ($4.75)



PokerStars Hand #254379435822:  Hold'em No Limit ($0.50/$1.00 USD) - 2025/01/15 9:59:23 WET [2025/01/15 4:59:23 ET]
Table 'Suttung III' 6-max Seat #4 is the button
Seat 3: Fotis737 ($50 in chips) 
Seat 4: Burlica2013 ($123.59 in chips) 
Seat 5: SeEevg ($100 in chips) 
Seat 6: Consig|iori ($100 in chips) 
SeEevg: posts small blind $0.50
Consig|iori: posts big blind $1
*** HOLE CARDS ***
Kreayshawn joins the table at seat #1 
Fotis737: calls $1
Burlica2013: raises $3 to $4
SeEevg: folds 
Consig|iori: folds 
Fotis737: calls $3
*** FLOP *** [2h 2s 6h]
Fotis737: checks 
Burlica2013: bets $4.51
Fotis737: calls $4.51
*** TURN *** [2h 2s 6h] [Qh]
Fotis737: checks 
NoonTime1991 joins the table at seat #2 
Burlica2013: bets $8.80
Fotis737: calls $8.80
*** RIVER *** [2h 2s 6h Qh] [6c]
Fotis737: bets $17.56
Burlica2013: calls $17.56
*** SHOW DOWN ***
Fotis737: shows [7s 7d] (two pair, Sevens and Sixes)
Burlica2013: shows [Kd Kc] (two pair, Kings and Sixes)
Burlica2013 collected $70.24 from pot
*** SUMMARY ***
Total pot $71.24 | Rake $1 
Board [2h 2s 6h Qh 6c]
Seat 3: Fotis737 showed [7s 7d] and lost with two pair, Sevens and Sixes
Seat 4: Burlica2013 (button) showed [Kd Kc] and won ($70.24) with two pair, Kings and Sixes
Seat 5: SeEevg (small blind) folded before Flop
Seat 6: Consig|iori (big blind) folded before Flop



PokerStars Hand #254379440060:  Hold'em No Limit ($0.50/$1.00 USD) - 2025/01/15 10:00:10 WET [2025/01/15 5:00:10 ET]
Table 'Suttung III' 6-max Seat #5 is the button
Seat 2: NoonTime1991 ($103.75 in chips) is sitting out
Seat 1: Kreayshawn ($100 in chips) 
Seat 3: Fotis737 ($15.13 in chips) 
Seat 4: Burlica2013 ($158.96 in chips) 
Seat 5: SeEevg ($100 in chips) 
Seat 6: Consig|iori ($100 in chips) 
Consig|iori: posts small blind $0.50
Kreayshawn: posts big blind $1
NoonTime1991: sits out 
*** HOLE CARDS ***
Fotis737: raises $14.13 to $15.13 and is all-in
Burlica2013: folds 
SeEevg: folds 
Consig|iori: folds 
Kreayshawn: folds 
Uncalled bet ($14.13) returned to Fotis737
Fotis737 collected $2.50 from pot
*** SUMMARY ***
Total pot $2.50 | Rake $0 
Seat 2: NoonTime1991
Seat 1: Kreayshawn (big blind) folded before Flop
Seat 3: Fotis737 collected ($2.50)
Seat 4: Burlica2013 folded before Flop (didn't bet)
Seat 5: SeEevg (button) folded before Flop (didn't bet)
Seat 6: Consig|iori (small blind) folded before Flop



PokerStars Hand #254379443154:  Hold'em No Limit ($0.50/$1.00 USD) - 2025/01/15 10:00:43 WET [2025/01/15 5:00:43 ET]
Table 'Suttung III' 6-max Seat #6 is the button
Seat 1: Kreayshawn ($100 in chips) 
Seat 2: NoonTime1991 ($103.75 in chips) 
Seat 3: Fotis737 ($16.63 in chips) 
Seat 4: Burlica2013 ($158.96 in chips) 
Seat 5: SeEevg ($100 in chips) 
Seat 6: Consig|iori ($100 in chips) 
Kreayshawn: posts small blind $0.50
NoonTime1991: posts big blind $1
*** HOLE CARDS ***
Fotis737: calls $1
Burlica2013: folds 
SeEevg: folds 
Consig|iori: folds 
Kreayshawn: folds 
NoonTime1991: checks 
*** FLOP *** [8s 4c 5d]
NoonTime1991: checks 
Fotis737: checks 
*** TURN *** [8s 4c 5d] [3d]
NoonTime1991: checks 
Fotis737: checks 
*** RIVER *** [8s 4c 5d 3d] [9s]
NoonTime1991: checks 
Fotis737: bets $1
NoonTime1991: folds 
Uncalled bet ($1) returned to Fotis737
Fotis737 collected $2.38 from pot
*** SUMMARY ***
Total pot $2.50 | Rake $0.12 
Board [8s 4c 5d 3d 9s]
Seat 1: Kreayshawn (small blind) folded before Flop
Seat 2: NoonTime1991 (big blind) folded on the River
Seat 3: Fotis737 collected ($2.38)
Seat 4: Burlica2013 folded before Flop (didn't bet)
Seat 5: SeEevg folded before Flop (didn't bet)
Seat 6: Consig|iori (button) folded before Flop (didn't bet)



PokerStars Hand #254379449618:  Hold'em No Limit ($0.50/$1.00 USD) - 2025/01/15 10:01:45 WET [2025/01/15 5:01:45 ET]
Table 'Suttung III' 6-max Seat #1 is the button
Seat 1: Kreayshawn ($100 in chips) 
Seat 2: NoonTime1991 ($102.75 in chips) 
Seat 3: Fotis737 ($18.01 in chips) 
Seat 4: Burlica2013 ($158.96 in chips) 
Seat 5: SeEevg ($100 in chips) 
Seat 6: Consig|iori ($100 in chips) 
NoonTime1991: posts small blind $0.50
Fotis737: posts big blind $1
*** HOLE CARDS ***
Burlica2013: folds 
SeEevg: folds 
Consig|iori: folds 
Kreayshawn: raises $1.50 to $2.50
NoonTime1991: folds 
Fotis737: calls $1.50
*** FLOP *** [3d 2h 7c]
Fotis737: checks 
Kreayshawn: checks 
*** TURN *** [3d 2h 7c] [9h]
Fotis737: bets $5.22
Kreayshawn: folds 
Uncalled bet ($5.22) returned to Fotis737
Fotis737 collected $5.22 from pot
*** SUMMARY ***
Total pot $5.50 | Rake $0.28 
Board [3d 2h 7c 9h]
Seat 1: Kreayshawn (button) folded on the Turn
Seat 2: NoonTime1991 (small blind) folded before Flop
Seat 3: Fotis737 (big blind) collected ($5.22)
Seat 4: Burlica2013 folded before Flop (didn't bet)
Seat 5: SeEevg folded before Flop (didn't bet)
Seat 6: Consig|iori folded before Flop (didn't bet)



PokerStars Hand #254379453258:  Hold'em No Limit ($0.50/$1.00 USD) - 2025/01/15 10:02:19 WET [2025/01/15 5:02:19 ET]
Table 'Suttung III' 6-max Seat #2 is the button
Seat 1: Kreayshawn ($100 in chips) 
Seat 2: NoonTime1991 ($102.25 in chips) 
Seat 3: Fotis737 ($20.73 in chips) 
Seat 4: Burlica2013 ($158.96 in chips) 
Seat 5: SeEevg ($100 in chips) 
Seat 6: Consig|iori ($100 in chips) 
Fotis737: posts small blind $0.50
Burlica2013: posts big blind $1
*** HOLE CARDS ***
SeEevg: folds 
Consig|iori: raises $1.40 to $2.40
Kreayshawn: folds 
NoonTime1991: folds 
Fotis737: calls $1.90
Burlica2013: folds 
*** FLOP *** [9c 2s Qc]
Fotis737: checks 
Consig|iori: bets $1.82
Fotis737: calls $1.82
*** TURN *** [9c 2s Qc] [3s]
Fotis737: checks 
Kreayshawn leaves the table
Consig|iori: checks 
*** RIVER *** [9c 2s Qc 3s] [8s]
Fotis737: checks 
Consig|iori: checks 
*** SHOW DOWN ***
Fotis737: shows [Ad 8c] (a pair of Eights)
Consig|iori: mucks hand 
Fotis737 collected $8.97 from pot
*** SUMMARY ***
Total pot $9.44 | Rake $0.47 
Board [9c 2s Qc 3s 8s]
Seat 1: Kreayshawn folded before Flop (didn't bet)
Seat 2: NoonTime1991 (button) folded before Flop (didn't bet)
Seat 3: Fotis737 (small blind) showed [Ad 8c] and won ($8.97) with a pair of Eights
Seat 4: Burlica2013 (big blind) folded before Flop
Seat 5: SeEevg folded before Flop (didn't bet)
Seat 6: Consig|iori mucked



PokerStars Hand #254379461419:  Hold'em No Limit ($0.50/$1.00 USD) - 2025/01/15 10:03:34 WET [2025/01/15 5:03:34 ET]
Table 'Suttung III' 6-max Seat #3 is the button
Seat 2: NoonTime1991 ($102.25 in chips) 
Seat 3: Fotis737 ($25.48 in chips) 
Seat 4: Burlica2013 ($157.96 in chips) 
Seat 5: SeEevg ($100 in chips) 
Seat 6: Consig|iori ($100 in chips) 
Burlica2013: posts small blind $0.50
SeEevg: posts big blind $1
*** HOLE CARDS ***
Consig|iori: folds 
NoonTime1991: folds 
Fotis737: folds 
Burlica2013: raises $2 to $3
SeEevg: raises $6 to $9
Burlica2013: folds 
Uncalled bet ($6) returned to SeEevg
SeEevg collected $6 from pot
SeEevg: doesn't show hand 
*** SUMMARY ***
Total pot $6 | Rake $0 
Seat 2: NoonTime1991 folded before Flop (didn't bet)
Seat 3: Fotis737 (button) folded before Flop (didn't bet)
Seat 4: Burlica2013 (small blind) folded before Flop
Seat 5: SeEevg (big blind) collected ($6)
Seat 6: Consig|iori folded before Flop (didn't bet)



PokerStars Hand #254379464979:  Hold'em No Limit ($0.50/$1.00 USD) - 2025/01/15 10:04:07 WET [2025/01/15 5:04:07 ET]
Table 'Suttung III' 6-max Seat #4 is the button
Seat 2: NoonTime1991 ($102.25 in chips) 
Seat 3: Fotis737 ($25.48 in chips) 
Seat 4: Burlica2013 ($154.96 in chips) 
Seat 5: SeEevg ($103 in chips) 
Seat 6: Consig|iori ($100 in chips) 
SeEevg: posts small blind $0.50
Consig|iori: posts big blind $1
*** HOLE CARDS ***
NoonTime1991: folds 
Fotis737: calls $1
Burlica2013: folds 
SeEevg: folds 
Consig|iori: checks 
*** FLOP *** [6c 8c Qd]
Consig|iori: checks 
Fotis737: checks 
*** TURN *** [6c 8c Qd] [2h]
Consig|iori: bets $1.50
Fotis737: calls $1.50
*** RIVER *** [6c 8c Qd 2h] [Ah]
Consig|iori: checks 
Fotis737: bets $5.22
Consig|iori: folds 
Uncalled bet ($5.22) returned to Fotis737
Fotis737 collected $5.22 from pot
*** SUMMARY ***
Total pot $5.50 | Rake $0.28 
Board [6c 8c Qd 2h Ah]
Seat 2: NoonTime1991 folded before Flop (didn't bet)
Seat 3: Fotis737 collected ($5.22)
Seat 4: Burlica2013 (button) folded before Flop (didn't bet)
Seat 5: SeEevg (small blind) folded before Flop
Seat 6: Consig|iori (big blind) folded on the River



PokerStars Hand #254379469085:  Hold'em No Limit ($0.50/$1.00 USD) - 2025/01/15 10:04:45 WET [2025/01/15 5:04:45 ET]
Table 'Suttung III' 6-max Seat #5 is the button
Seat 2: NoonTime1991 ($102.25 in chips) 
Seat 3: Fotis737 ($28.20 in chips) 
Seat 4: Burlica2013 ($154.96 in chips) 
Seat 5: SeEevg ($102.50 in chips) 
Seat 6: Consig|iori ($100 in chips) 
Consig|iori: posts small blind $0.50
NoonTime1991: posts big blind $1
*** HOLE CARDS ***
Fotis737: calls $1
Burlica2013: folds 
SeEevg: folds 
Consig|iori: folds 
NoonTime1991: raises $3 to $4
Fotis737: calls $3
*** FLOP *** [Tc 9d Jc]
NoonTime1991: bets $2.67
Fotis737: calls $2.67
*** TURN *** [Tc 9d Jc] [6s]
NoonTime1991: bets $4.34
Fotis737: calls $4.34
*** RIVER *** [Tc 9d Jc 6s] [Qs]
NoonTime1991: checks 
Fotis737: checks 
*** SHOW DOWN ***
NoonTime1991: shows [Th Ac] (a pair of Tens)
Fotis737: mucks hand 
NoonTime1991 collected $21.39 from pot
*** SUMMARY ***
Total pot $22.52 | Rake $1.13 
Board [Tc 9d Jc 6s Qs]
Seat 2: NoonTime1991 (big blind) showed [Th Ac] and won ($21.39) with a pair of Tens
Seat 3: Fotis737 mucked
Seat 4: Burlica2013 folded before Flop (didn't bet)
Seat 5: SeEevg (button) folded before Flop (didn't bet)
Seat 6: Consig|iori (small blind) folded before Flop



PokerStars Hand #254379473475:  Hold'em No Limit ($0.50/$1.00 USD) - 2025/01/15 10:05:25 WET [2025/01/15 5:05:25 ET]
Table 'Suttung III' 6-max Seat #6 is the button
Seat 2: NoonTime1991 ($112.63 in chips) 
Seat 3: Fotis737 ($17.19 in chips) 
Seat 4: Burlica2013 ($154.96 in chips) 
Seat 5: SeEevg ($102.50 in chips) 
Seat 6: Consig|iori ($100 in chips) 
NoonTime1991: posts small blind $0.50
Fotis737: posts big blind $1
*** HOLE CARDS ***
Burlica2013: raises $1.20 to $2.20
SeEevg: folds 
Consig|iori: folds 
NoonTime1991: calls $1.70
Fotis737: folds 
*** FLOP *** [4h Th 6c]
NoonTime1991: checks 
Burlica2013: checks 
*** TURN *** [4h Th 6c] [3s]
NoonTime1991: bets $1.28
Burlica2013: calls $1.28
*** RIVER *** [4h Th 6c 3s] [Jc]
NoonTime1991: checks 
Burlica2013: checks 
*** SHOW DOWN ***
NoonTime1991: shows [3c Ac] (a pair of Threes)
Burlica2013: shows [5h 5d] (a pair of Fives)
Burlica2013 collected $7.56 from pot
*** SUMMARY ***
Total pot $7.96 | Rake $0.40 
Board [4h Th 6c 3s Jc]
Seat 2: NoonTime1991 (small blind) showed [3c Ac] and lost with a pair of Threes
Seat 3: Fotis737 (big blind) folded before Flop
Seat 4: Burlica2013 showed [5h 5d] and won ($7.56) with a pair of Fives
Seat 5: SeEevg folded before Flop (didn't bet)
Seat 6: Consig|iori (button) folded before Flop (didn't bet)



PokerStars Hand #254379477094:  Hold'em No Limit ($0.50/$1.00 USD) - 2025/01/15 10:05:57 WET [2025/01/15 5:05:57 ET]
Table 'Suttung III' 6-max Seat #2 is the button
Seat 2: NoonTime1991 ($109.15 in chips) 
Seat 3: Fotis737 ($16.19 in chips) 
Seat 4: Burlica2013 ($159.04 in chips) 
Seat 5: SeEevg ($102.50 in chips) 
Seat 6: Consig|iori ($100 in chips) 
Fotis737: posts small blind $0.50
Burlica2013: posts big blind $1
*** HOLE CARDS ***
rockets184 joins the table at seat #1 
rockets184 is disconnected 
SeEevg: folds 
Consig|iori: folds 
NoonTime1991: raises $2 to $3
Fotis737: folds 
Burlica2013: calls $2
*** FLOP *** [3c 8c 7h]
Burlica2013: checks 
NoonTime1991: checks 
*** TURN *** [3c 8c 7h] [6d]
Burlica2013: checks 
NoonTime1991: checks 
*** RIVER *** [3c 8c 7h 6d] [Jh]
Burlica2013: checks 
NoonTime1991: bets $8.34
Burlica2013: folds 
Uncalled bet ($8.34) returned to NoonTime1991
NoonTime1991 collected $6.18 from pot
NoonTime1991: doesn't show hand 
*** SUMMARY ***
Total pot $6.50 | Rake $0.32 
Board [3c 8c 7h 6d Jh]
Seat 2: NoonTime1991 (button) collected ($6.18)
Seat 3: Fotis737 (small blind) folded before Flop
Seat 4: Burlica2013 (big blind) folded on the River
Seat 5: SeEevg folded before Flop (didn't bet)
Seat 6: Consig|iori folded before Flop (didn't bet)



PokerStars Hand #254379482504:  Hold'em No Limit ($0.50/$1.00 USD) - 2025/01/15 10:06:46 WET [2025/01/15 5:06:46 ET]
Table 'Suttung III' 6-max Seat #3 is the button
Seat 1: rockets184 ($26.64 in chips) 
Seat 2: NoonTime1991 ($112.33 in chips) 
Seat 3: Fotis737 ($15.69 in chips) 
Seat 4: Burlica2013 ($156.04 in chips) 
Seat 5: SeEevg ($102.50 in chips) 
Seat 6: Consig|iori ($100 in chips) 
Burlica2013: posts small blind $0.50
SeEevg: posts big blind $1
rockets184: posts big blind $1
*** HOLE CARDS ***
Consig|iori: raises $3 to $4
rockets184: folds 
NoonTime1991: folds 
Fotis737: calls $4
Burlica2013: folds 
SeEevg: folds 
*** FLOP *** [3s Qc 2c]
Consig|iori: checks 
Fotis737: checks 
*** TURN *** [3s Qc 2c] [Js]
Consig|iori: checks 
Fotis737: checks 
*** RIVER *** [3s Qc 2c Js] [6s]
Consig|iori: checks 
Fotis737: checks 
*** SHOW DOWN ***
Consig|iori: shows [9d Ad] (high card Ace)
Fotis737: mucks hand 
Consig|iori collected $9.98 from pot
*** SUMMARY ***
Total pot $10.50 | Rake $0.52 
Board [3s Qc 2c Js 6s]
Seat 1: rockets184 folded before Flop (didn't bet)
Seat 2: NoonTime1991 folded before Flop (didn't bet)
Seat 3: Fotis737 (button) mucked
Seat 4: Burlica2013 (small blind) folded before Flop
Seat 5: SeEevg (big blind) folded before Flop
Seat 6: Consig|iori showed [9d Ad] and won ($9.98) with high card Ace



PokerStars Hand #254379488442:  Hold'em No Limit ($0.50/$1.00 USD) - 2025/01/15 10:07:40 WET [2025/01/15 5:07:40 ET]
Table 'Suttung III' 6-max Seat #4 is the button
Seat 1: rockets184 ($25.64 in chips) 
Seat 2: NoonTime1991 ($112.33 in chips) 
Seat 3: Fotis737 ($11.69 in chips) 
Seat 4: Burlica2013 ($155.54 in chips) 
Seat 5: SeEevg ($101.50 in chips) 
Seat 6: Consig|iori ($105.98 in chips) 
SeEevg: posts small blind $0.50
Consig|iori: posts big blind $1
*** HOLE CARDS ***
rockets184: folds 
NoonTime1991: folds 
Fotis737: raises $10.69 to $11.69 and is all-in
Burlica2013: folds 
SeEevg: folds 
Consig|iori: calls $10.69
*** FLOP *** [Qs 5c 6h]
*** TURN *** [Qs 5c 6h] [5d]
*** RIVER *** [Qs 5c 6h 5d] [Qd]
*** SHOW DOWN ***
Consig|iori: shows [Ah 8h] (two pair, Queens and Fives)
Fotis737: shows [9c 7c] (two pair, Queens and Fives - lower kicker)
Consig|iori collected $22.69 from pot
*** SUMMARY ***
Total pot $23.88 | Rake $1.19 
Board [Qs 5c 6h 5d Qd]
Seat 1: rockets184 folded before Flop (didn't bet)
Seat 2: NoonTime1991 folded before Flop (didn't bet)
Seat 3: Fotis737 showed [9c 7c] and lost with two pair, Queens and Fives
Seat 4: Burlica2013 (button) folded before Flop (didn't bet)
Seat 5: SeEevg (small blind) folded before Flop
Seat 6: Consig|iori (big blind) showed [Ah 8h] and won ($22.69) with two pair, Queens and Fives



PokerStars Hand #254379491089:  Hold'em No Limit ($0.50/$1.00 USD) - 2025/01/15 10:08:05 WET [2025/01/15 5:08:05 ET]
Table 'Suttung III' 6-max Seat #5 is the button
Seat 3: Fotis737 ($0 in chips) is sitting out
Seat 1: rockets184 ($25.64 in chips) 
Seat 2: NoonTime1991 ($112.33 in chips) 
Seat 4: Burlica2013 ($155.54 in chips) 
Seat 5: SeEevg ($101 in chips) 
Seat 6: Consig|iori ($116.98 in chips) 
Consig|iori: posts small blind $0.50
rockets184: posts big blind $1
*** HOLE CARDS ***
NoonTime1991: folds 
Burlica2013: folds 
SeEevg: folds 
Consig|iori: folds 
Uncalled bet ($0.50) returned to rockets184
rockets184 collected $1 from pot
*** SUMMARY ***
Total pot $1 | Rake $0 
Seat 3: Fotis737
Seat 1: rockets184 (big blind) collected ($1)
Seat 2: NoonTime1991 folded before Flop (didn't bet)
Seat 4: Burlica2013 folded before Flop (didn't bet)
Seat 5: SeEevg (button) folded before Flop (didn't bet)
Seat 6: Consig|iori (small blind) folded before Flop



PokerStars Hand #254379492150:  Hold'em No Limit ($0.50/$1.00 USD) - 2025/01/15 10:08:15 WET [2025/01/15 5:08:15 ET]
Table 'Suttung III' 6-max Seat #6 is the button
Seat 3: Fotis737 ($0 in chips) is sitting out
Seat 1: rockets184 ($26.14 in chips) 
Seat 2: NoonTime1991 ($112.33 in chips) 
Seat 4: Burlica2013 ($155.54 in chips) 
Seat 5: SeEevg ($101 in chips) 
Seat 6: Consig|iori ($116.48 in chips) 
rockets184: posts small blind $0.50
NoonTime1991: posts big blind $1
*** HOLE CARDS ***
Burlica2013: folds 
SeEevg: folds 
Consig|iori: folds 
rockets184: folds 
Uncalled bet ($0.50) returned to NoonTime1991
NoonTime1991 collected $1 from pot
NoonTime1991: doesn't show hand 
Burlica2013 leaves the table
*** SUMMARY ***
Total pot $1 | Rake $0 
Seat 3: Fotis737
Seat 1: rockets184 (small blind) folded before Flop
Seat 2: NoonTime1991 (big blind) collected ($1)
Seat 4: Burlica2013 folded before Flop (didn't bet)
Seat 5: SeEevg folded before Flop (didn't bet)
Seat 6: Consig|iori (button) folded before Flop (didn't bet)



PokerStars Hand #254379493359:  Hold'em No Limit ($0.50/$1.00 USD) - 2025/01/15 10:08:26 WET [2025/01/15 5:08:26 ET]
Table 'Suttung III' 6-max Seat #1 is the button
Seat 3: Fotis737 ($0 in chips) is sitting out
Seat 1: rockets184 ($25.64 in chips) 
Seat 2: NoonTime1991 ($112.83 in chips) 
Seat 5: SeEevg ($101 in chips) 
Seat 6: Consig|iori ($116.48 in chips) 
NoonTime1991: posts small blind $0.50
SeEevg: posts big blind $1
*** HOLE CARDS ***
Consig|iori: folds 
rockets184: raises $2 to $3
gig.gyty joins the table at seat #4 
NoonTime1991: raises $9 to $12
SeEevg: folds 
rockets184: folds 
Uncalled bet ($9) returned to NoonTime1991
NoonTime1991 collected $7 from pot
NoonTime1991: doesn't show hand 
*** SUMMARY ***
Total pot $7 | Rake $0 
Seat 3: Fotis737
Seat 1: rockets184 (button) folded before Flop
Seat 2: NoonTime1991 (small blind) collected ($7)
Seat 5: SeEevg (big blind) folded before Flop
Seat 6: Consig|iori folded before Flop (didn't bet)



PokerStars Hand #254379496202:  Hold'em No Limit ($0.50/$1.00 USD) - 2025/01/15 10:08:52 WET [2025/01/15 5:08:52 ET]
Table 'Suttung III' 6-max Seat #2 is the button
Seat 3: Fotis737 ($0 in chips) is sitting out
Seat 4: gig.gyty ($100 in chips) is sitting out
Seat 1: rockets184 ($22.64 in chips) 
Seat 2: NoonTime1991 ($116.83 in chips) 
Seat 5: SeEevg ($100 in chips) 
Seat 6: Consig|iori ($116.48 in chips) 
SeEevg: posts small blind $0.50
Consig|iori: posts big blind $1
*** HOLE CARDS ***
rockets184: folds 
NoonTime1991: folds 
SeEevg: raises $2 to $3
Consig|iori: folds 
Uncalled bet ($2) returned to SeEevg
SeEevg collected $2 from pot
SeEevg: doesn't show hand 
*** SUMMARY ***
Total pot $2 | Rake $0 
Seat 3: Fotis737
Seat 4: gig.gyty
Seat 1: rockets184 folded before Flop (didn't bet)
Seat 2: NoonTime1991 (button) folded before Flop (didn't bet)
Seat 5: SeEevg (small blind) collected ($2)
Seat 6: Consig|iori (big blind) folded before Flop



PokerStars Hand #254379497693:  Hold'em No Limit ($0.50/$1.00 USD) - 2025/01/15 10:09:06 WET [2025/01/15 5:09:06 ET]
Table 'Suttung III' 6-max Seat #5 is the button
Seat 3: Fotis737 ($0 in chips) is sitting out
Seat 4: gig.gyty ($100 in chips) is sitting out
Seat 1: rockets184 ($22.64 in chips) 
Seat 2: NoonTime1991 ($116.83 in chips) 
Seat 5: SeEevg ($101 in chips) 
Seat 6: Consig|iori ($115.48 in chips) 
Consig|iori: posts small blind $0.50
rockets184: posts big blind $1
gig.gyty: sits out 
*** HOLE CARDS ***
NoonTime1991: folds 
SeEevg: raises $1 to $2
Consig|iori: raises $8 to $10
rockets184: folds 
SeEevg: raises $14 to $24
Consig|iori: folds 
Uncalled bet ($14) returned to SeEevg
SeEevg collected $21 from pot
SeEevg: doesn't show hand 
*** SUMMARY ***
Total pot $21 | Rake $0 
Seat 3: Fotis737
Seat 4: gig.gyty
Seat 1: rockets184 (big blind) folded before Flop
Seat 2: NoonTime1991 folded before Flop (didn't bet)
Seat 5: SeEevg (button) collected ($21)
Seat 6: Consig|iori (small blind) folded before Flop



PokerStars Hand #254379502048:  Hold'em No Limit ($0.50/$1.00 USD) - 2025/01/15 10:09:45 WET [2025/01/15 5:09:45 ET]
Table 'Suttung III' 6-max Seat #6 is the button
Seat 3: Fotis737 ($0 in chips) is sitting out
Seat 4: gig.gyty ($100 in chips) is sitting out
Seat 1: rockets184 ($21.64 in chips) 
Seat 2: NoonTime1991 ($116.83 in chips) 
Seat 5: SeEevg ($112 in chips) 
Seat 6: Consig|iori ($105.48 in chips) 
rockets184: posts small blind $0.50
NoonTime1991: posts big blind $1
gig.gyty: sits out 
*** HOLE CARDS ***
SeEevg: raises $1.50 to $2.50
Fotis737 leaves the table
Consig|iori: folds 
rockets184: calls $2
NoonTime1991: folds 
*** FLOP *** [2h 2d 2c]
rockets184: checks 
SeEevg: bets $2.85
rockets184: calls $2.85
*** TURN *** [2h 2d 2c] [7d]
rockets184: bets $5.56
SeEevg: raises $16.68 to $22.24
4ikkiBamBoni joins the table at seat #3 
rockets184: folds 
Uncalled bet ($16.68) returned to SeEevg
SeEevg collected $21.82 from pot
SeEevg: doesn't show hand 
*** SUMMARY ***
Total pot $22.82 | Rake $1 
Board [2h 2d 2c 7d]
Seat 3: Fotis737
Seat 4: gig.gyty
Seat 1: rockets184 (small blind) folded on the Turn
Seat 2: NoonTime1991 (big blind) folded before Flop
Seat 5: SeEevg collected ($21.82)
Seat 6: Consig|iori (button) folded before Flop (didn't bet)



PokerStars Hand #254379505220:  Hold'em No Limit ($0.50/$1.00 USD) - 2025/01/15 10:10:14 WET [2025/01/15 5:10:14 ET]
Table 'Suttung III' 6-max Seat #1 is the button
Seat 4: gig.gyty ($100 in chips) is sitting out
Seat 1: rockets184 ($10.73 in chips) 
Seat 2: NoonTime1991 ($115.83 in chips) 
Seat 3: 4ikkiBamBoni ($100 in chips) 
Seat 5: SeEevg ($122.91 in chips) 
Seat 6: Consig|iori ($105.48 in chips) 
NoonTime1991: posts small blind $0.50
4ikkiBamBoni: posts big blind $1
gig.gyty: sits out 
*** HOLE CARDS ***
SeEevg: folds 
Consig|iori: folds 
rockets184: raises $9.73 to $10.73 and is all-in
NoonTime1991: folds 
4ikkiBamBoni: folds 
Uncalled bet ($9.73) returned to rockets184
rockets184 collected $2.50 from pot
*** SUMMARY ***
Total pot $2.50 | Rake $0 
Seat 4: gig.gyty
Seat 1: rockets184 (button) collected ($2.50)
Seat 2: NoonTime1991 (small blind) folded before Flop
Seat 3: 4ikkiBamBoni (big blind) folded before Flop
Seat 5: SeEevg folded before Flop (didn't bet)
Seat 6: Consig|iori folded before Flop (didn't bet)



PokerStars Hand #254379507807:  Hold'em No Limit ($0.50/$1.00 USD) - 2025/01/15 10:10:38 WET [2025/01/15 5:10:38 ET]
Table 'Suttung III' 6-max Seat #2 is the button
Seat 1: rockets184 ($12.23 in chips) 
Seat 2: NoonTime1991 ($115.33 in chips) 
Seat 3: 4ikkiBamBoni ($100 in chips) 
Seat 4: gig.gyty ($100 in chips) 
Seat 5: SeEevg ($122.91 in chips) 
Seat 6: Consig|iori ($105.48 in chips) 
4ikkiBamBoni: posts small blind $0.50
gig.gyty: posts big blind $1
*** HOLE CARDS ***
SeEevg: raises $1.50 to $2.50
Consig|iori: folds 
rockets184: folds 
NoonTime1991: folds 
4ikkiBamBoni: raises $8.25 to $10.75
gig.gyty: folds 
rockets184 leaves the table
SeEevg: calls $8.25
*** FLOP *** [6s 4s Qs]
4ikkiBamBoni: checks 
SeEevg: bets $5.34
4ikkiBamBoni: calls $5.34
*** TURN *** [6s 4s Qs] [3h]
4ikkiBamBoni: checks 
SeEevg: checks 
*** RIVER *** [6s 4s Qs 3h] [Qd]
4ikkiBamBoni: checks 
SeEevg: checks 
*** SHOW DOWN ***
4ikkiBamBoni: shows [Ac As] (two pair, Aces and Queens)
SeEevg: mucks hand 
4ikkiBamBoni collected $31.52 from pot
*** SUMMARY ***
Total pot $33.18 | Rake $1.66 
Board [6s 4s Qs 3h Qd]
Seat 1: rockets184 folded before Flop (didn't bet)
Seat 2: NoonTime1991 (button) folded before Flop (didn't bet)
Seat 3: 4ikkiBamBoni (small blind) showed [Ac As] and won ($31.52) with two pair, Aces and Queens
Seat 4: gig.gyty (big blind) folded before Flop
Seat 5: SeEevg mucked
Seat 6: Consig|iori folded before Flop (didn't bet)



PokerStars Hand #254379514539:  Hold'em No Limit ($0.50/$1.00 USD) - 2025/01/15 10:11:39 WET [2025/01/15 5:11:39 ET]
Table 'Suttung III' 6-max Seat #3 is the button
Seat 2: NoonTime1991 ($115.33 in chips) 
Seat 3: 4ikkiBamBoni ($115.43 in chips) 
Seat 4: gig.gyty ($100 in chips) 
Seat 5: SeEevg ($106.82 in chips) 
Seat 6: Consig|iori ($105.48 in chips) 
gig.gyty: posts small blind $0.50
SeEevg: posts big blind $1
*** HOLE CARDS ***
Consig|iori: raises $1.40 to $2.40
NoonTime1991: folds 
4ikkiBamBoni: folds 
gig.gyty: folds 
SeEevg: folds 
Uncalled bet ($1.40) returned to Consig|iori
Consig|iori collected $2.50 from pot
Consig|iori: doesn't show hand 
*** SUMMARY ***
Total pot $2.50 | Rake $0 
Seat 2: NoonTime1991 folded before Flop (didn't bet)
Seat 3: 4ikkiBamBoni (button) folded before Flop (didn't bet)
Seat 4: gig.gyty (small blind) folded before Flop
Seat 5: SeEevg (big blind) folded before Flop
Seat 6: Consig|iori collected ($2.50)



PokerStars Hand #254379517103:  Hold'em No Limit ($0.50/$1.00 USD) - 2025/01/15 10:12:02 WET [2025/01/15 5:12:02 ET]
Table 'Suttung III' 6-max Seat #4 is the button
Seat 6: Consig|iori ($106.98 in chips) is sitting out
Seat 2: NoonTime1991 ($115.33 in chips) 
Seat 3: 4ikkiBamBoni ($115.43 in chips) 
Seat 4: gig.gyty ($100 in chips) 
Seat 5: SeEevg ($105.82 in chips) 
SeEevg: posts small blind $0.50
Consig|iori: is sitting out 
NoonTime1991: posts big blind $1
*** HOLE CARDS ***
4ikkiBamBoni: folds 
gig.gyty: raises $1.50 to $2.50
Consig|iori leaves the table
SeEevg: folds 
NoonTime1991: calls $1.50
*** FLOP *** [4s 4c 5h]
NoonTime1991: checks 
gig.gyty: bets $1.72
NoonTime1991: calls $1.72
*** TURN *** [4s 4c 5h] [Qd]
NoonTime1991: checks 
gig.gyty: bets $6.54
NoonTime1991: folds 
Uncalled bet ($6.54) returned to gig.gyty
gig.gyty collected $8.49 from pot
gig.gyty: doesn't show hand 
*** SUMMARY ***
Total pot $8.94 | Rake $0.45 
Board [4s 4c 5h Qd]
Seat 6: Consig|iori
Seat 2: NoonTime1991 (big blind) folded on the Turn
Seat 3: 4ikkiBamBoni folded before Flop (didn't bet)
Seat 4: gig.gyty (button) collected ($8.49)
Seat 5: SeEevg (small blind) folded before Flop



PokerStars Hand #254379526555:  Hold'em No Limit ($0.50/$1.00 USD) - 2025/01/15 10:13:28 WET [2025/01/15 5:13:28 ET]
Table 'Suttung III' 6-max Seat #5 is the button
Seat 2: NoonTime1991 ($111.11 in chips) 
Seat 3: 4ikkiBamBoni ($115.43 in chips) 
Seat 4: gig.gyty ($104.27 in chips) 
Seat 5: SeEevg ($105.32 in chips) 
NoonTime1991: posts small blind $0.50
4ikkiBamBoni: posts big blind $1
*** HOLE CARDS ***
gig.gyty: folds 
SeEevg: raises $1.50 to $2.50
NoonTime1991: raises $8.50 to $11
4ikkiBamBoni: folds 
SeEevg: raises $13 to $24
NoonTime1991: folds 
Uncalled bet ($13) returned to SeEevg
SeEevg collected $23 from pot
SeEevg: doesn't show hand 
*** SUMMARY ***
Total pot $23 | Rake $0 
Seat 2: NoonTime1991 (small blind) folded before Flop
Seat 3: 4ikkiBamBoni (big blind) folded before Flop
Seat 4: gig.gyty folded before Flop (didn't bet)
Seat 5: SeEevg (button) collected ($23)



PokerStars Hand #254379538145:  Hold'em No Limit ($0.50/$1.00 USD) - 2025/01/15 10:15:13 WET [2025/01/15 5:15:13 ET]
Table 'Suttung III' 6-max Seat #6 is the button
Seat 1: NikoPale ($100 in chips) 
Seat 2: NoonTime1991 ($100.11 in chips) 
Seat 6: pip2155 ($22.87 in chips) 
NikoPale: posts small blind $0.50
NoonTime1991: posts big blind $1
*** HOLE CARDS ***
pip2155: raises $2.50 to $3.50
NikoPale: folds 
Pon4uk.ua joins the table at seat #4 
NoonTime1991: raises $9.50 to $13
pip2155: calls $9.50
*** FLOP *** [7h 4h As]
gig.gyty joins the table at seat #3 
NoonTime1991: bets $12.75
pip2155: calls $9.87 and is all-in
Uncalled bet ($2.88) returned to NoonTime1991
*** TURN *** [7h 4h As] [Ah]
*** RIVER *** [7h 4h As Ah] [Qs]
*** SHOW DOWN ***
NoonTime1991: shows [8d 8h] (two pair, Aces and Eights)
pip2155: shows [Jh 7s] (two pair, Aces and Sevens)
NoonTime1991 collected $45.24 from pot
*** SUMMARY ***
Total pot $46.24 | Rake $1 
Board [7h 4h As Ah Qs]
Seat 1: NikoPale (small blind) folded before Flop
Seat 2: NoonTime1991 (big blind) showed [8d 8h] and won ($45.24) with two pair, Aces and Eights
Seat 6: pip2155 (button) showed [Jh 7s] and lost with two pair, Aces and Sevens



PokerStars Hand #254379542499:  Hold'em No Limit ($0.50/$1.00 USD) - 2025/01/15 10:15:52 WET [2025/01/15 5:15:52 ET]
Table 'Suttung III' 6-max Seat #1 is the button
Seat 4: Pon4uk.ua ($100 in chips) is sitting out
Seat 6: pip2155 ($0 in chips) is sitting out
Seat 1: NikoPale ($100 in chips) 
Seat 2: NoonTime1991 ($122.48 in chips) 
Seat 3: gig.gyty ($104.27 in chips) 
NoonTime1991: posts small blind $0.50
gig.gyty: posts big blind $1
Pon4uk.ua: sits out 
*** HOLE CARDS ***
NikoPale: folds 
NoonTime1991: folds 
Uncalled bet ($0.50) returned to gig.gyty
gig.gyty collected $1 from pot
gig.gyty: doesn't show hand 
*** SUMMARY ***
Total pot $1 | Rake $0 
Seat 4: Pon4uk.ua
Seat 6: pip2155
Seat 1: NikoPale (button) folded before Flop (didn't bet)
Seat 2: NoonTime1991 (small blind) folded before Flop
Seat 3: gig.gyty (big blind) collected ($1)



PokerStars Hand #254379543773:  Hold'em No Limit ($0.50/$1.00 USD) - 2025/01/15 10:16:03 WET [2025/01/15 5:16:03 ET]
Table 'Suttung III' 6-max Seat #2 is the button
Seat 1: NikoPale ($100 in chips) 
Seat 2: NoonTime1991 ($121.98 in chips) 
Seat 3: gig.gyty ($104.77 in chips) 
Seat 4: Pon4uk.ua ($100 in chips) 
Seat 6: pip2155 ($36.12 in chips) 
gig.gyty: posts small blind $0.50
Pon4uk.ua: posts big blind $1
*** HOLE CARDS ***
pip2155: calls $1
NikoPale: folds 
NoonTime1991: raises $4 to $5
gig.gyty: folds 
SeEevg joins the table at seat #5 
Pon4uk.ua: folds 
pip2155: calls $4
*** FLOP *** [3h 5c Qc]
pip2155: checks 
NoonTime1991: bets $2.73
pip2155: raises $2.73 to $5.46
NoonTime1991: calls $2.73
*** TURN *** [3h 5c Qc] [9c]
pip2155: checks 
NoonTime1991: checks 
*** RIVER *** [3h 5c Qc 9c] [7h]
pip2155: bets $25.66 and is all-in
NoonTime1991: folds 
Uncalled bet ($25.66) returned to pip2155
pip2155 collected $21.30 from pot
*** SUMMARY ***
Total pot $22.42 | Rake $1.12 
Board [3h 5c Qc 9c 7h]
Seat 1: NikoPale folded before Flop (didn't bet)
Seat 2: NoonTime1991 (button) folded on the River
Seat 3: gig.gyty (small blind) folded before Flop
Seat 4: Pon4uk.ua (big blind) folded before Flop
Seat 6: pip2155 collected ($21.30)



PokerStars Hand #254379550004:  Hold'em No Limit ($0.50/$1.00 USD) - 2025/01/15 10:16:58 WET [2025/01/15 5:16:58 ET]
Table 'Suttung III' 6-max Seat #3 is the button
Seat 1: NikoPale ($100 in chips) 
Seat 2: NoonTime1991 ($111.52 in chips) 
Seat 3: gig.gyty ($104.27 in chips) 
Seat 4: Pon4uk.ua ($100 in chips) 
Seat 5: SeEevg ($117.32 in chips) 
Seat 6: pip2155 ($46.96 in chips) 
Pon4uk.ua: posts small blind $0.50
SeEevg: posts big blind $1
*** HOLE CARDS ***
pip2155: folds 
NikoPale: folds 
NoonTime1991: folds 
gig.gyty: raises $1.50 to $2.50
Pon4uk.ua: folds 
SeEevg: folds 
Uncalled bet ($1.50) returned to gig.gyty
gig.gyty collected $2.50 from pot
gig.gyty: doesn't show hand 
*** SUMMARY ***
Total pot $2.50 | Rake $0 
Seat 1: NikoPale folded before Flop (didn't bet)
Seat 2: NoonTime1991 folded before Flop (didn't bet)
Seat 3: gig.gyty (button) collected ($2.50)
Seat 4: Pon4uk.ua (small blind) folded before Flop
Seat 5: SeEevg (big blind) folded before Flop
Seat 6: pip2155 folded before Flop (didn't bet)



PokerStars Hand #254379553211:  Hold'em No Limit ($0.50/$1.00 USD) - 2025/01/15 10:17:26 WET [2025/01/15 5:17:26 ET]
Table 'Suttung III' 6-max Seat #4 is the button
Seat 1: NikoPale ($100 in chips) 
Seat 2: NoonTime1991 ($111.52 in chips) 
Seat 3: gig.gyty ($105.77 in chips) 
Seat 4: Pon4uk.ua ($100 in chips) 
Seat 5: SeEevg ($116.32 in chips) 
Seat 6: pip2155 ($46.96 in chips) 
SeEevg: posts small blind $0.50
pip2155: posts big blind $1
*** HOLE CARDS ***
NikoPale: folds 
NoonTime1991: folds 
gig.gyty: raises $1.25 to $2.25
Pon4uk.ua: folds 
SeEevg: folds 
pip2155: calls $1.25
*** FLOP *** [Ah 5s Jc]
pip2155: checks 
gig.gyty: bets $3.66
pip2155: folds 
Uncalled bet ($3.66) returned to gig.gyty
gig.gyty collected $4.75 from pot
gig.gyty: doesn't show hand 
*** SUMMARY ***
Total pot $5 | Rake $0.25 
Board [Ah 5s Jc]
Seat 1: NikoPale folded before Flop (didn't bet)
Seat 2: NoonTime1991 folded before Flop (didn't bet)
Seat 3: gig.gyty collected ($4.75)
Seat 4: Pon4uk.ua (button) folded before Flop (didn't bet)
Seat 5: SeEevg (small blind) folded before Flop
Seat 6: pip2155 (big blind) folded on the Flop



PokerStars Hand #254379556495:  Hold'em No Limit ($0.50/$1.00 USD) - 2025/01/15 10:17:55 WET [2025/01/15 5:17:55 ET]
Table 'Suttung III' 6-max Seat #5 is the button
Seat 1: NikoPale ($100 in chips) 
Seat 2: NoonTime1991 ($111.52 in chips) 
Seat 3: gig.gyty ($108.27 in chips) 
Seat 4: Pon4uk.ua ($100 in chips) 
Seat 5: SeEevg ($115.82 in chips) 
Seat 6: pip2155 ($44.71 in chips) 
pip2155: posts small blind $0.50
NikoPale: posts big blind $1
*** HOLE CARDS ***
NoonTime1991: folds 
gig.gyty: folds 
Pon4uk.ua: raises $1.50 to $2.50
SeEevg: folds 
pip2155: calls $2
NikoPale: folds 
*** FLOP *** [5c 4h 4s]
pip2155: bets $7.70
Pon4uk.ua: folds 
Uncalled bet ($7.70) returned to pip2155
pip2155 collected $5.70 from pot
*** SUMMARY ***
Total pot $6 | Rake $0.30 
Board [5c 4h 4s]
Seat 1: NikoPale (big blind) folded before Flop
Seat 2: NoonTime1991 folded before Flop (didn't bet)
Seat 3: gig.gyty folded before Flop (didn't bet)
Seat 4: Pon4uk.ua folded on the Flop
Seat 5: SeEevg (button) folded before Flop (didn't bet)
Seat 6: pip2155 (small blind) collected ($5.70)



PokerStars Hand #254379561138:  Hold'em No Limit ($0.50/$1.00 USD) - 2025/01/15 10:18:37 WET [2025/01/15 5:18:37 ET]
Table 'Suttung III' 6-max Seat #6 is the button
Seat 1: NikoPale ($99 in chips) 
Seat 2: NoonTime1991 ($111.52 in chips) 
Seat 3: gig.gyty ($108.27 in chips) 
Seat 4: Pon4uk.ua ($100 in chips) 
Seat 5: SeEevg ($115.82 in chips) 
Seat 6: pip2155 ($47.91 in chips) 
NikoPale: posts small blind $0.50
NoonTime1991: posts big blind $1
*** HOLE CARDS ***
gig.gyty: folds 
Pon4uk.ua: folds 
SeEevg: folds 
pip2155: raises $2.50 to $3.50
NikoPale: folds 
NoonTime1991: folds 
Uncalled bet ($2.50) returned to pip2155
pip2155 collected $2.50 from pot
*** SUMMARY ***
Total pot $2.50 | Rake $0 
Seat 1: NikoPale (small blind) folded before Flop
Seat 2: NoonTime1991 (big blind) folded before Flop
Seat 3: gig.gyty folded before Flop (didn't bet)
Seat 4: Pon4uk.ua folded before Flop (didn't bet)
Seat 5: SeEevg folded before Flop (didn't bet)
Seat 6: pip2155 (button) collected ($2.50)



PokerStars Hand #254379563073:  Hold'em No Limit ($0.50/$1.00 USD) - 2025/01/15 10:18:55 WET [2025/01/15 5:18:55 ET]
Table 'Suttung III' 6-max Seat #1 is the button
Seat 1: NikoPale ($98.50 in chips) 
Seat 2: NoonTime1991 ($110.52 in chips) 
Seat 3: gig.gyty ($108.27 in chips) 
Seat 4: Pon4uk.ua ($100 in chips) 
Seat 5: SeEevg ($115.82 in chips) 
Seat 6: pip2155 ($49.41 in chips) 
NoonTime1991: posts small blind $0.50
gig.gyty: posts big blind $1
*** HOLE CARDS ***
Pon4uk.ua has timed out
Pon4uk.ua: folds 
SeEevg: folds 
pip2155: raises $2.50 to $3.50
NikoPale: raises $5.50 to $9
NoonTime1991: folds 
gig.gyty: folds 
pip2155: calls $5.50
*** FLOP *** [5d 9c Ks]
pip2155: bets $40.41 and is all-in
NikoPale: folds 
Uncalled bet ($40.41) returned to pip2155
pip2155 collected $18.52 from pot
*** SUMMARY ***
Total pot $19.50 | Rake $0.98 
Board [5d 9c Ks]
Seat 1: NikoPale (button) folded on the Flop
Seat 2: NoonTime1991 (small blind) folded before Flop
Seat 3: gig.gyty (big blind) folded before Flop
Seat 4: Pon4uk.ua folded before Flop (didn't bet)
Seat 5: SeEevg folded before Flop (didn't bet)
Seat 6: pip2155 collected ($18.52)



PokerStars Hand #254379567323:  Hold'em No Limit ($0.50/$1.00 USD) - 2025/01/15 10:19:33 WET [2025/01/15 5:19:33 ET]
Table 'Suttung III' 6-max Seat #2 is the button
Seat 1: NikoPale ($89.50 in chips) 
Seat 2: NoonTime1991 ($110.02 in chips) 
Seat 3: gig.gyty ($107.27 in chips) 
Seat 4: Pon4uk.ua ($100 in chips) 
Seat 5: SeEevg ($115.82 in chips) 
Seat 6: pip2155 ($58.93 in chips) 
gig.gyty: posts small blind $0.50
Pon4uk.ua: posts big blind $1
*** HOLE CARDS ***
SeEevg: folds 
pip2155: folds 
NikoPale: folds 
NoonTime1991: raises $1 to $2
gig.gyty: folds 
Pon4uk.ua: calls $1
*** FLOP *** [Ad 3s Jh]
Pon4uk.ua: checks 
NoonTime1991: bets $2.14
Pon4uk.ua: calls $2.14
*** TURN *** [Ad 3s Jh] [Jd]
Pon4uk.ua: checks 
NoonTime1991: checks 
*** RIVER *** [Ad 3s Jh Jd] [4h]
Pon4uk.ua: checks 
NoonTime1991: bets $5.50
Pon4uk.ua: folds 
Uncalled bet ($5.50) returned to NoonTime1991
NoonTime1991 collected $8.34 from pot
NoonTime1991: doesn't show hand 
*** SUMMARY ***
Total pot $8.78 | Rake $0.44 
Board [Ad 3s Jh Jd 4h]
Seat 1: NikoPale folded before Flop (didn't bet)
Seat 2: NoonTime1991 (button) collected ($8.34)
Seat 3: gig.gyty (small blind) folded before Flop
Seat 4: Pon4uk.ua (big blind) folded on the River
Seat 5: SeEevg folded before Flop (didn't bet)
Seat 6: pip2155 folded before Flop (didn't bet)



PokerStars Hand #254379575833:  Hold'em No Limit ($0.50/$1.00 USD) - 2025/01/15 10:20:47 WET [2025/01/15 5:20:47 ET]
Table 'Suttung III' 6-max Seat #3 is the button
Seat 1: NikoPale ($89.50 in chips) 
Seat 2: NoonTime1991 ($114.22 in chips) 
Seat 3: gig.gyty ($106.77 in chips) 
Seat 4: Pon4uk.ua ($100 in chips) 
Seat 5: SeEevg ($115.82 in chips) 
Seat 6: pip2155 ($58.93 in chips) 
Pon4uk.ua: posts small blind $0.50
SeEevg: posts big blind $1
*** HOLE CARDS ***
pip2155: calls $1
NikoPale: folds 
NoonTime1991: folds 
gig.gyty: folds 
Pon4uk.ua: folds 
SeEevg: checks 
*** FLOP *** [9d 5d Qh]
SeEevg: checks 
pip2155: bets $1
SeEevg: folds 
Uncalled bet ($1) returned to pip2155
pip2155 collected $2.38 from pot
*** SUMMARY ***
Total pot $2.50 | Rake $0.12 
Board [9d 5d Qh]
Seat 1: NikoPale folded before Flop (didn't bet)
Seat 2: NoonTime1991 folded before Flop (didn't bet)
Seat 3: gig.gyty (button) folded before Flop (didn't bet)
Seat 4: Pon4uk.ua (small blind) folded before Flop
Seat 5: SeEevg (big blind) folded on the Flop
Seat 6: pip2155 collected ($2.38)



PokerStars Hand #254379580850:  Hold'em No Limit ($0.50/$1.00 USD) - 2025/01/15 10:21:30 WET [2025/01/15 5:21:30 ET]
Table 'Suttung III' 6-max Seat #4 is the button
Seat 1: NikoPale ($89.50 in chips) 
Seat 2: NoonTime1991 ($114.22 in chips) 
Seat 3: gig.gyty ($106.77 in chips) 
Seat 4: Pon4uk.ua ($100 in chips) 
Seat 5: SeEevg ($114.82 in chips) 
Seat 6: pip2155 ($60.31 in chips) 
SeEevg: posts small blind $0.50
pip2155: posts big blind $1
*** HOLE CARDS ***
NikoPale: folds 
NoonTime1991: raises $2 to $3
gig.gyty: folds 
Pon4uk.ua: folds 
SeEevg: raises $8 to $11
pip2155: calls $10
NoonTime1991: folds 
*** FLOP *** [3h Ks Qc]
SeEevg: bets $9.50
pip2155: folds 
Uncalled bet ($9.50) returned to SeEevg
SeEevg collected $23.75 from pot
SeEevg: doesn't show hand 
*** SUMMARY ***
Total pot $25 | Rake $1.25 
Board [3h Ks Qc]
Seat 1: NikoPale folded before Flop (didn't bet)
Seat 2: NoonTime1991 folded before Flop
Seat 3: gig.gyty folded before Flop (didn't bet)
Seat 4: Pon4uk.ua (button) folded before Flop (didn't bet)
Seat 5: SeEevg (small blind) collected ($23.75)
Seat 6: pip2155 (big blind) folded on the Flop



PokerStars Hand #254379586845:  Hold'em No Limit ($0.50/$1.00 USD) - 2025/01/15 10:22:22 WET [2025/01/15 5:22:22 ET]
Table 'Suttung III' 6-max Seat #5 is the button
Seat 1: NikoPale ($89.50 in chips) 
Seat 2: NoonTime1991 ($111.22 in chips) 
Seat 3: gig.gyty ($106.77 in chips) 
Seat 4: Pon4uk.ua ($100 in chips) 
Seat 5: SeEevg ($127.57 in chips) 
Seat 6: pip2155 ($49.31 in chips) 
pip2155: posts small blind $0.50
NikoPale: posts big blind $1
*** HOLE CARDS ***
NoonTime1991: folds 
gig.gyty: raises $1.25 to $2.25
Pon4uk.ua: folds 
SeEevg: folds 
pip2155: raises $8.50 to $10.75
NikoPale: folds 
gig.gyty: calls $8.50
*** FLOP *** [7d Kh Qc]
pip2155: bets $2
gig.gyty: raises $10 to $12
pip2155: calls $10
*** TURN *** [7d Kh Qc] [6h]
pip2155: bets $2
gig.gyty: calls $2
*** RIVER *** [7d Kh Qc 6h] [4c]
pip2155: bets $2
gig.gyty: raises $80.02 to $82.02 and is all-in
pip2155: calls $22.56 and is all-in
Uncalled bet ($57.46) returned to gig.gyty
*** SHOW DOWN ***
gig.gyty: shows [Kd Td] (a pair of Kings)
pip2155: shows [9c 9d] (a pair of Nines)
gig.gyty collected $97.12 from pot
*** SUMMARY ***
Total pot $99.62 | Rake $2.50 
Board [7d Kh Qc 6h 4c]
Seat 1: NikoPale (big blind) folded before Flop
Seat 2: NoonTime1991 folded before Flop (didn't bet)
Seat 3: gig.gyty showed [Kd Td] and won ($97.12) with a pair of Kings
Seat 4: Pon4uk.ua folded before Flop (didn't bet)
Seat 5: SeEevg (button) folded before Flop (didn't bet)
Seat 6: pip2155 (small blind) showed [9c 9d] and lost with a pair of Nines



PokerStars Hand #254379596348:  Hold'em No Limit ($0.50/$1.00 USD) - 2025/01/15 10:23:47 WET [2025/01/15 5:23:47 ET]
Table 'Suttung III' 6-max Seat #1 is the button
Seat 6: pip2155 ($0 in chips) is sitting out
Seat 1: NikoPale ($88.50 in chips) 
Seat 2: NoonTime1991 ($111.22 in chips) 
Seat 3: gig.gyty ($154.58 in chips) 
Seat 4: Pon4uk.ua ($100 in chips) 
Seat 5: SeEevg ($127.57 in chips) 
NoonTime1991: posts small blind $0.50
gig.gyty: posts big blind $1
*** HOLE CARDS ***
Pon4uk.ua: folds 
SeEevg: folds 
NikoPale: folds 
NoonTime1991: raises $2 to $3
gig.gyty: calls $2
*** FLOP *** [7d 4h 3c]
NoonTime1991: checks 
gig.gyty: bets $2.85
NoonTime1991: folds 
Uncalled bet ($2.85) returned to gig.gyty
gig.gyty collected $5.70 from pot
gig.gyty: doesn't show hand 
*** SUMMARY ***
Total pot $6 | Rake $0.30 
Board [7d 4h 3c]
Seat 6: pip2155
Seat 1: NikoPale (button) folded before Flop (didn't bet)
Seat 2: NoonTime1991 (small blind) folded on the Flop
Seat 3: gig.gyty (big blind) collected ($5.70)
Seat 4: Pon4uk.ua folded before Flop (didn't bet)
Seat 5: SeEevg folded before Flop (didn't bet)



PokerStars Hand #254379600547:  Hold'em No Limit ($0.50/$1.00 USD) - 2025/01/15 10:24:24 WET [2025/01/15 5:24:24 ET]
Table 'Suttung III' 6-max Seat #2 is the button
Seat 1: NikoPale ($88.50 in chips) 
Seat 2: NoonTime1991 ($108.22 in chips) 
Seat 3: gig.gyty ($157.28 in chips) 
Seat 4: Pon4uk.ua ($100 in chips) 
Seat 5: SeEevg ($127.57 in chips) 
Seat 6: pip2155 ($35.55 in chips) 
gig.gyty: posts small blind $0.50
Pon4uk.ua: posts big blind $1
*** HOLE CARDS ***
SeEevg: folds 
pip2155: calls $1
NikoPale: folds 
NoonTime1991: folds 
gig.gyty: calls $0.50
Pon4uk.ua: raises $3 to $4
pip2155: calls $3
gig.gyty: folds 
*** FLOP *** [2c 5c 5h]
Pon4uk.ua: bets $2.82
pip2155: calls $2.82
*** TURN *** [2c 5c 5h] [9d]
Pon4uk.ua: checks 
pip2155: bets $6.96
Pon4uk.ua: calls $6.96
*** RIVER *** [2c 5c 5h 9d] [Qd]
Pon4uk.ua: checks 
pip2155: bets $21.77 and is all-in
Pon4uk.ua: folds 
Uncalled bet ($21.77) returned to pip2155
pip2155 collected $27.13 from pot
*** SUMMARY ***
Total pot $28.56 | Rake $1.43 
Board [2c 5c 5h 9d Qd]
Seat 1: NikoPale folded before Flop (didn't bet)
Seat 2: NoonTime1991 (button) folded before Flop (didn't bet)
Seat 3: gig.gyty (small blind) folded before Flop
Seat 4: Pon4uk.ua (big blind) folded on the River
Seat 5: SeEevg folded before Flop (didn't bet)
Seat 6: pip2155 collected ($27.13)



PokerStars Hand #254379608041:  Hold'em No Limit ($0.50/$1.00 USD) - 2025/01/15 10:25:30 WET [2025/01/15 5:25:30 ET]
Table 'Suttung III' 6-max Seat #3 is the button
Seat 1: NikoPale ($88.50 in chips) 
Seat 2: NoonTime1991 ($108.22 in chips) 
Seat 3: gig.gyty ($156.28 in chips) 
Seat 4: Pon4uk.ua ($100 in chips) 
Seat 5: SeEevg ($127.57 in chips) 
Seat 6: pip2155 ($48.90 in chips) 
Pon4uk.ua: posts small blind $0.50
SeEevg: posts big blind $1
*** HOLE CARDS ***
pip2155: calls $1
NikoPale: folds 
NoonTime1991: folds 
gig.gyty: folds 
Pon4uk.ua: raises $4 to $5
SeEevg: raises $9 to $14
pip2155: folds 
Pon4uk.ua: folds 
Uncalled bet ($9) returned to SeEevg
SeEevg collected $11 from pot
SeEevg: doesn't show hand 
*** SUMMARY ***
Total pot $11 | Rake $0 
Seat 1: NikoPale folded before Flop (didn't bet)
Seat 2: NoonTime1991 folded before Flop (didn't bet)
Seat 3: gig.gyty (button) folded before Flop (didn't bet)
Seat 4: Pon4uk.ua (small blind) folded before Flop
Seat 5: SeEevg (big blind) collected ($11)
Seat 6: pip2155 folded before Flop



PokerStars Hand #254379611367:  Hold'em No Limit ($0.50/$1.00 USD) - 2025/01/15 10:26:00 WET [2025/01/15 5:26:00 ET]
Table 'Suttung III' 6-max Seat #4 is the button
Seat 1: NikoPale ($88.50 in chips) 
Seat 2: NoonTime1991 ($108.22 in chips) 
Seat 3: gig.gyty ($156.28 in chips) 
Seat 4: Pon4uk.ua ($100 in chips) 
Seat 5: SeEevg ($133.57 in chips) 
Seat 6: pip2155 ($47.90 in chips) 
SeEevg: posts small blind $0.50
pip2155: posts big blind $1
*** HOLE CARDS ***
NikoPale: raises $2 to $3
NoonTime1991: folds 
gig.gyty: folds 
Pon4uk.ua: folds 
SeEevg: folds 
pip2155: calls $2
*** FLOP *** [Tc Td Ac]
pip2155: checks 
NikoPale: bets $3.09
pip2155: calls $3.09
*** TURN *** [Tc Td Ac] [Ks]
pip2155: checks 
NikoPale: checks 
*** RIVER *** [Tc Td Ac Ks] [Qs]
pip2155: bets $3
NikoPale: calls $3
*** SHOW DOWN ***
pip2155: shows [2d Ad] (two pair, Aces and Tens)
NikoPale: shows [As 8s] (two pair, Aces and Tens)
pip2155 collected $8.88 from pot
NikoPale collected $8.87 from pot
*** SUMMARY ***
Total pot $18.68 | Rake $0.93 
Board [Tc Td Ac Ks Qs]
Seat 1: NikoPale showed [As 8s] and won ($8.87) with two pair, Aces and Tens
Seat 2: NoonTime1991 folded before Flop (didn't bet)
Seat 3: gig.gyty folded before Flop (didn't bet)
Seat 4: Pon4uk.ua (button) folded before Flop (didn't bet)
Seat 5: SeEevg (small blind) folded before Flop
Seat 6: pip2155 (big blind) showed [2d Ad] and won ($8.88) with two pair, Aces and Tens



PokerStars Hand #254379615781:  Hold'em No Limit ($0.50/$1.00 USD) - 2025/01/15 10:26:38 WET [2025/01/15 5:26:38 ET]
Table 'Suttung III' 6-max Seat #5 is the button
Seat 1: NikoPale ($88.28 in chips) 
Seat 2: NoonTime1991 ($108.22 in chips) 
Seat 3: gig.gyty ($156.28 in chips) 
Seat 4: Pon4uk.ua ($100 in chips) 
Seat 5: SeEevg ($133.07 in chips) 
Seat 6: pip2155 ($47.69 in chips) 
pip2155: posts small blind $0.50
NikoPale: posts big blind $1
*** HOLE CARDS ***
NoonTime1991: raises $1 to $2
gig.gyty: folds 
Pon4uk.ua: folds 
SeEevg: raises $5 to $7
pip2155: folds 
NikoPale: folds 
NoonTime1991: folds 
Uncalled bet ($5) returned to SeEevg
SeEevg collected $5.50 from pot
SeEevg: doesn't show hand 
*** SUMMARY ***
Total pot $5.50 | Rake $0 
Seat 1: NikoPale (big blind) folded before Flop
Seat 2: NoonTime1991 folded before Flop
Seat 3: gig.gyty folded before Flop (didn't bet)
Seat 4: Pon4uk.ua folded before Flop (didn't bet)
Seat 5: SeEevg (button) collected ($5.50)
Seat 6: pip2155 (small blind) folded before Flop



PokerStars Hand #254379619007:  Hold'em No Limit ($0.50/$1.00 USD) - 2025/01/15 10:27:07 WET [2025/01/15 5:27:07 ET]
Table 'Suttung III' 6-max Seat #6 is the button
Seat 1: NikoPale ($87.28 in chips) 
Seat 2: NoonTime1991 ($106.22 in chips) 
Seat 3: gig.gyty ($156.28 in chips) 
Seat 4: Pon4uk.ua ($100 in chips) 
Seat 5: SeEevg ($136.57 in chips) 
Seat 6: pip2155 ($47.19 in chips) 
NikoPale: posts small blind $0.50
NoonTime1991: posts big blind $1
*** HOLE CARDS ***
gig.gyty: folds 
Pon4uk.ua: folds 
SeEevg: folds 
pip2155: raises $4 to $5
NikoPale: folds 
NoonTime1991: raises $10 to $15
pip2155: calls $10
*** FLOP *** [7h 2c 3c]
NoonTime1991: checks 
pip2155: bets $32.19 and is all-in
NoonTime1991: calls $32.19
*** TURN *** [7h 2c 3c] [Ts]
*** RIVER *** [7h 2c 3c Ts] [Qc]
*** SHOW DOWN ***
NoonTime1991: shows [As Ah] (a pair of Aces)
pip2155: shows [5c 3d] (a pair of Threes)
NoonTime1991 collected $92.38 from pot
*** SUMMARY ***
Total pot $94.88 | Rake $2.50 
Board [7h 2c 3c Ts Qc]
Seat 1: NikoPale (small blind) folded before Flop
Seat 2: NoonTime1991 (big blind) showed [As Ah] and won ($92.38) with a pair of Aces
Seat 3: gig.gyty folded before Flop (didn't bet)
Seat 4: Pon4uk.ua folded before Flop (didn't bet)
Seat 5: SeEevg folded before Flop (didn't bet)
Seat 6: pip2155 (button) showed [5c 3d] and lost with a pair of Threes



PokerStars Hand #254379624094:  Hold'em No Limit ($0.50/$1.00 USD) - 2025/01/15 10:27:52 WET [2025/01/15 5:27:52 ET]
Table 'Suttung III' 6-max Seat #1 is the button
Seat 6: pip2155 ($0 in chips) is sitting out
Seat 1: NikoPale ($86.78 in chips) 
Seat 2: NoonTime1991 ($151.41 in chips) 
Seat 3: gig.gyty ($156.28 in chips) 
Seat 4: Pon4uk.ua ($100 in chips) 
Seat 5: SeEevg ($136.57 in chips) 
NoonTime1991: posts small blind $0.50
gig.gyty: posts big blind $1
*** HOLE CARDS ***
Pon4uk.ua: folds 
SeEevg: raises $1.50 to $2.50
NikoPale: folds 
NoonTime1991: raises $8.50 to $11
gig.gyty: folds 
SeEevg: calls $8.50
*** FLOP *** [6s 5s Qc]
NoonTime1991: bets $10.93
SeEevg: calls $10.93
*** TURN *** [6s 5s Qc] [Tc]
NoonTime1991: checks 
SeEevg: bets $14.06
NoonTime1991: calls $14.06
*** RIVER *** [6s 5s Qc Tc] [Kh]
NoonTime1991: checks 
SeEevg: bets $100.58 and is all-in
NoonTime1991: folds 
Uncalled bet ($100.58) returned to SeEevg
SeEevg collected $70.48 from pot
SeEevg: doesn't show hand 
*** SUMMARY ***
Total pot $72.98 | Rake $2.50 
Board [6s 5s Qc Tc Kh]
Seat 6: pip2155
Seat 1: NikoPale (button) folded before Flop (didn't bet)
Seat 2: NoonTime1991 (small blind) folded on the River
Seat 3: gig.gyty (big blind) folded before Flop
Seat 4: Pon4uk.ua folded before Flop (didn't bet)
Seat 5: SeEevg collected ($70.48)



PokerStars Hand #254379634345:  Hold'em No Limit ($0.50/$1.00 USD) - 2025/01/15 10:29:23 WET [2025/01/15 5:29:23 ET]
Table 'Suttung III' 6-max Seat #2 is the button
Seat 1: NikoPale ($86.78 in chips) 
Seat 2: NoonTime1991 ($115.42 in chips) 
Seat 3: gig.gyty ($155.28 in chips) 
Seat 4: Pon4uk.ua ($100 in chips) 
Seat 5: SeEevg ($171.06 in chips) 
Seat 6: pip2155 ($32.31 in chips) 
gig.gyty: posts small blind $0.50
Pon4uk.ua: posts big blind $1
*** HOLE CARDS ***
SeEevg: folds 
pip2155: raises $1 to $2
NikoPale: folds 
SeEevg leaves the table
NoonTime1991: folds 
gig.gyty: folds 
Pon4uk.ua: calls $1
*** FLOP *** [2d 3s Kc]
Pon4uk.ua: checks 
pip2155: bets $4.28
jeffy27dt1 joins the table at seat #5 
Pon4uk.ua: folds 
Uncalled bet ($4.28) returned to pip2155
pip2155 collected $4.28 from pot
*** SUMMARY ***
Total pot $4.50 | Rake $0.22 
Board [2d 3s Kc]
Seat 1: NikoPale folded before Flop (didn't bet)
Seat 2: NoonTime1991 (button) folded before Flop (didn't bet)
Seat 3: gig.gyty (small blind) folded before Flop
Seat 4: Pon4uk.ua (big blind) folded on the Flop
Seat 5: SeEevg folded before Flop (didn't bet)
Seat 6: pip2155 collected ($4.28)



PokerStars Hand #254379636932:  Hold'em No Limit ($0.50/$1.00 USD) - 2025/01/15 10:29:45 WET [2025/01/15 5:29:45 ET]
Table 'Suttung III' 6-max Seat #3 is the button
Seat 1: NikoPale ($86.78 in chips) 
Seat 2: NoonTime1991 ($115.42 in chips) 
Seat 3: gig.gyty ($154.78 in chips) 
Seat 4: Pon4uk.ua ($100 in chips) 
Seat 5: jeffy27dt1 ($100 in chips) 
Seat 6: pip2155 ($34.59 in chips) 
Pon4uk.ua: posts small blind $0.50
jeffy27dt1: posts big blind $1
*** HOLE CARDS ***
pip2155: calls $1
NikoPale: raises $4 to $5
NoonTime1991: folds 
gig.gyty: folds 
Pon4uk.ua: folds 
jeffy27dt1: folds 
pip2155: calls $4
*** FLOP *** [7s Ad Jh]
pip2155: checks 
NikoPale: bets $5.46
pip2155: folds 
Uncalled bet ($5.46) returned to NikoPale
NikoPale collected $10.92 from pot
NikoPale: doesn't show hand 
*** SUMMARY ***
Total pot $11.50 | Rake $0.58 
Board [7s Ad Jh]
Seat 1: NikoPale collected ($10.92)
Seat 2: NoonTime1991 folded before Flop (didn't bet)
Seat 3: gig.gyty (button) folded before Flop (didn't bet)
Seat 4: Pon4uk.ua (small blind) folded before Flop
Seat 5: jeffy27dt1 (big blind) folded before Flop
Seat 6: pip2155 folded on the Flop



PokerStars Hand #254379642399:  Hold'em No Limit ($0.50/$1.00 USD) - 2025/01/15 10:30:33 WET [2025/01/15 5:30:33 ET]
Table 'Suttung III' 6-max Seat #4 is the button
Seat 1: NikoPale ($92.70 in chips) 
Seat 2: NoonTime1991 ($115.42 in chips) 
Seat 3: gig.gyty ($154.78 in chips) 
Seat 4: Pon4uk.ua ($100 in chips) 
Seat 5: jeffy27dt1 ($100 in chips) 
Seat 6: pip2155 ($29.59 in chips) 
jeffy27dt1: posts small blind $0.50
pip2155: posts big blind $1
*** HOLE CARDS ***
NikoPale: folds 
NoonTime1991: folds 
gig.gyty: folds 
Pon4uk.ua: folds 
jeffy27dt1: folds 
Uncalled bet ($0.50) returned to pip2155
pip2155 collected $1 from pot
*** SUMMARY ***
Total pot $1 | Rake $0 
Seat 1: NikoPale folded before Flop (didn't bet)
Seat 2: NoonTime1991 folded before Flop (didn't bet)
Seat 3: gig.gyty folded before Flop (didn't bet)
Seat 4: Pon4uk.ua (button) folded before Flop (didn't bet)
Seat 5: jeffy27dt1 (small blind) folded before Flop
Seat 6: pip2155 (big blind) collected ($1)



PokerStars Hand #254379644239:  Hold'em No Limit ($0.50/$1.00 USD) - 2025/01/15 10:30:48 WET [2025/01/15 5:30:48 ET]
Table 'Suttung III' 6-max Seat #5 is the button
Seat 1: NikoPale ($92.70 in chips) 
Seat 2: NoonTime1991 ($115.42 in chips) 
Seat 3: gig.gyty ($154.78 in chips) 
Seat 4: Pon4uk.ua ($100 in chips) 
Seat 5: jeffy27dt1 ($100 in chips) 
Seat 6: pip2155 ($30.09 in chips) 
pip2155: posts small blind $0.50
NikoPale: posts big blind $1
*** HOLE CARDS ***
NoonTime1991: raises $1 to $2
gig.gyty: folds 
Pon4uk.ua: calls $2
jeffy27dt1: folds 
pip2155: folds 
NikoPale: folds 
*** FLOP *** [2c 2s 7s]
NoonTime1991: bets $2.61
Pon4uk.ua: raises $5.22 to $7.83
NoonTime1991: calls $5.22
*** TURN *** [2c 2s 7s] [3d]
NoonTime1991: bets $15.08
Pon4uk.ua: calls $15.08
*** RIVER *** [2c 2s 7s 3d] [9d]
NoonTime1991: bets $16.11
Pon4uk.ua: folds 
Uncalled bet ($16.11) returned to NoonTime1991
NoonTime1991 collected $48.82 from pot
NoonTime1991: doesn't show hand 
*** SUMMARY ***
Total pot $51.32 | Rake $2.50 
Board [2c 2s 7s 3d 9d]
Seat 1: NikoPale (big blind) folded before Flop
Seat 2: NoonTime1991 collected ($48.82)
Seat 3: gig.gyty folded before Flop (didn't bet)
Seat 4: Pon4uk.ua folded on the River
Seat 5: jeffy27dt1 (button) folded before Flop (didn't bet)
Seat 6: pip2155 (small blind) folded before Flop



PokerStars Hand #254379653739:  Hold'em No Limit ($0.50/$1.00 USD) - 2025/01/15 10:32:12 WET [2025/01/15 5:32:12 ET]
Table 'Suttung III' 6-max Seat #6 is the button
Seat 1: NikoPale ($91.70 in chips) 
Seat 2: NoonTime1991 ($139.33 in chips) 
Seat 3: gig.gyty ($154.78 in chips) 
Seat 4: Pon4uk.ua ($100 in chips) 
Seat 5: jeffy27dt1 ($100 in chips) 
Seat 6: pip2155 ($29.59 in chips) 
NikoPale: posts small blind $0.50
NoonTime1991: posts big blind $1
*** HOLE CARDS ***
gig.gyty: folds 
Pon4uk.ua: folds 
jeffy27dt1: raises $1.50 to $2.50
pip2155: raises $6.50 to $9
NikoPale: folds 
NoonTime1991: folds 
jeffy27dt1: folds 
Uncalled bet ($6.50) returned to pip2155
pip2155 collected $6.50 from pot
*** SUMMARY ***
Total pot $6.50 | Rake $0 
Seat 1: NikoPale (small blind) folded before Flop
Seat 2: NoonTime1991 (big blind) folded before Flop
Seat 3: gig.gyty folded before Flop (didn't bet)
Seat 4: Pon4uk.ua folded before Flop (didn't bet)
Seat 5: jeffy27dt1 folded before Flop
Seat 6: pip2155 (button) collected ($6.50)



PokerStars Hand #254379656363:  Hold'em No Limit ($0.50/$1.00 USD) - 2025/01/15 10:32:35 WET [2025/01/15 5:32:35 ET]
Table 'Suttung III' 6-max Seat #1 is the button
Seat 1: NikoPale ($91.20 in chips) 
Seat 2: NoonTime1991 ($138.33 in chips) 
Seat 3: gig.gyty ($154.78 in chips) 
Seat 4: Pon4uk.ua ($100 in chips) 
Seat 5: jeffy27dt1 ($100 in chips) 
Seat 6: pip2155 ($33.59 in chips) 
NoonTime1991: posts small blind $0.50
gig.gyty: posts big blind $1
*** HOLE CARDS ***
Pon4uk.ua: folds 
jeffy27dt1: folds 
pip2155: folds 
NikoPale: raises $1.50 to $2.50
NoonTime1991: folds 
gig.gyty: raises $7.50 to $10
NikoPale: calls $7.50
*** FLOP *** [Kh 6d Jc]
gig.gyty: bets $6.43
NikoPale: calls $6.43
*** TURN *** [Kh 6d Jc] [3s]
gig.gyty: checks 
NikoPale: checks 
*** RIVER *** [Kh 6d Jc 3s] [3d]
gig.gyty: checks 
NikoPale: checks 
*** SHOW DOWN ***
gig.gyty: shows [Qd Ah] (a pair of Threes)
NikoPale: shows [9h 9d] (two pair, Nines and Threes)
NikoPale collected $31.69 from pot
*** SUMMARY ***
Total pot $33.36 | Rake $1.67 
Board [Kh 6d Jc 3s 3d]
Seat 1: NikoPale (button) showed [9h 9d] and won ($31.69) with two pair, Nines and Threes
Seat 2: NoonTime1991 (small blind) folded before Flop
Seat 3: gig.gyty (big blind) showed [Qd Ah] and lost with a pair of Threes
Seat 4: Pon4uk.ua folded before Flop (didn't bet)
Seat 5: jeffy27dt1 folded before Flop (didn't bet)
Seat 6: pip2155 folded before Flop (didn't bet)



PokerStars Hand #254379663386:  Hold'em No Limit ($0.50/$1.00 USD) - 2025/01/15 10:33:38 WET [2025/01/15 5:33:38 ET]
Table 'Suttung III' 6-max Seat #2 is the button
Seat 1: NikoPale ($106.46 in chips) 
Seat 2: NoonTime1991 ($137.83 in chips) 
Seat 3: gig.gyty ($138.35 in chips) 
Seat 4: Pon4uk.ua ($100 in chips) 
Seat 5: jeffy27dt1 ($100 in chips) 
Seat 6: pip2155 ($33.59 in chips) 
gig.gyty: posts small blind $0.50
Pon4uk.ua: posts big blind $1
*** HOLE CARDS ***
jeffy27dt1: folds 
pip2155: raises $2.50 to $3.50
NikoPale: folds 
NoonTime1991: folds 
gig.gyty: folds 
Pon4uk.ua: folds 
Uncalled bet ($2.50) returned to pip2155
pip2155 collected $2.50 from pot
*** SUMMARY ***
Total pot $2.50 | Rake $0 
Seat 1: NikoPale folded before Flop (didn't bet)
Seat 2: NoonTime1991 (button) folded before Flop (didn't bet)
Seat 3: gig.gyty (small blind) folded before Flop
Seat 4: Pon4uk.ua (big blind) folded before Flop
Seat 5: jeffy27dt1 folded before Flop (didn't bet)
Seat 6: pip2155 collected ($2.50)



PokerStars Hand #254379666667:  Hold'em No Limit ($0.50/$1.00 USD) - 2025/01/15 10:34:07 WET [2025/01/15 5:34:07 ET]
Table 'Suttung III' 6-max Seat #3 is the button
Seat 1: NikoPale ($106.46 in chips) 
Seat 2: NoonTime1991 ($137.83 in chips) 
Seat 3: gig.gyty ($137.85 in chips) 
Seat 4: Pon4uk.ua ($100 in chips) 
Seat 5: jeffy27dt1 ($100 in chips) 
Seat 6: pip2155 ($35.09 in chips) 
Pon4uk.ua: posts small blind $0.50
jeffy27dt1: posts big blind $1
*** HOLE CARDS ***
pip2155: calls $1
NikoPale: folds 
NoonTime1991: folds 
gig.gyty: raises $2.50 to $3.50
Pon4uk.ua: folds 
jeffy27dt1: folds 
pip2155: calls $2.50
*** FLOP *** [6h 5h 2d]
pip2155: bets $10.08
gig.gyty: folds 
Uncalled bet ($10.08) returned to pip2155
pip2155 collected $8.08 from pot
*** SUMMARY ***
Total pot $8.50 | Rake $0.42 
Board [6h 5h 2d]
Seat 1: NikoPale folded before Flop (didn't bet)
Seat 2: NoonTime1991 folded before Flop (didn't bet)
Seat 3: gig.gyty (button) folded on the Flop
Seat 4: Pon4uk.ua (small blind) folded before Flop
Seat 5: jeffy27dt1 (big blind) folded before Flop
Seat 6: pip2155 collected ($8.08)



PokerStars Hand #254379669455:  Hold'em No Limit ($0.50/$1.00 USD) - 2025/01/15 10:34:32 WET [2025/01/15 5:34:32 ET]
Table 'Suttung III' 6-max Seat #4 is the button
Seat 1: NikoPale ($106.46 in chips) 
Seat 2: NoonTime1991 ($137.83 in chips) 
Seat 3: gig.gyty ($134.35 in chips) 
Seat 4: Pon4uk.ua ($100 in chips) 
Seat 5: jeffy27dt1 ($100 in chips) 
Seat 6: pip2155 ($39.67 in chips) 
jeffy27dt1: posts small blind $0.50
pip2155: posts big blind $1
*** HOLE CARDS ***
NikoPale: folds 
NoonTime1991: folds 
gig.gyty: raises $1.25 to $2.25
Pon4uk.ua has timed out
Pon4uk.ua: folds 
jeffy27dt1: raises $9.75 to $12
pip2155: folds 
gig.gyty: calls $9.75
*** FLOP *** [Ac Qd 4d]
jeffy27dt1: checks 
gig.gyty: bets $7.84
jeffy27dt1: raises $16.16 to $24
gig.gyty: folds 
Uncalled bet ($16.16) returned to jeffy27dt1
jeffy27dt1 collected $38.65 from pot
jeffy27dt1: doesn't show hand 
*** SUMMARY ***
Total pot $40.68 | Rake $2.03 
Board [Ac Qd 4d]
Seat 1: NikoPale folded before Flop (didn't bet)
Seat 2: NoonTime1991 folded before Flop (didn't bet)
Seat 3: gig.gyty folded on the Flop
Seat 4: Pon4uk.ua (button) folded before Flop (didn't bet)
Seat 5: jeffy27dt1 (small blind) collected ($38.65)
Seat 6: pip2155 (big blind) folded before Flop



PokerStars Hand #254379681567:  Hold'em No Limit ($0.50/$1.00 USD) - 2025/01/15 10:36:18 WET [2025/01/15 5:36:18 ET]
Table 'Suttung III' 6-max Seat #5 is the button
Seat 1: NikoPale ($106.46 in chips) is sitting out
Seat 2: NoonTime1991 ($137.83 in chips) 
Seat 3: gig.gyty ($114.51 in chips) 
Seat 4: Pon4uk.ua ($100 in chips) 
Seat 5: jeffy27dt1 ($118.81 in chips) 
Seat 6: pip2155 ($38.67 in chips) 
pip2155: posts small blind $0.50
NikoPale: is sitting out 
NoonTime1991: posts big blind $1
*** HOLE CARDS ***
NikoPale leaves the table
gig.gyty: folds 
Pon4uk.ua: folds 
blistein joins the table at seat #1 
jeffy27dt1: folds 
pip2155: raises $2 to $3
NoonTime1991: folds 
Uncalled bet ($2) returned to pip2155
pip2155 collected $2 from pot
*** SUMMARY ***
Total pot $2 | Rake $0 
Seat 1: NikoPale
Seat 2: NoonTime1991 (big blind) folded before Flop
Seat 3: gig.gyty folded before Flop (didn't bet)
Seat 4: Pon4uk.ua folded before Flop (didn't bet)
Seat 5: jeffy27dt1 (button) folded before Flop (didn't bet)
Seat 6: pip2155 (small blind) collected ($2)



PokerStars Hand #254379684361:  Hold'em No Limit ($0.50/$1.00 USD) - 2025/01/15 10:36:41 WET [2025/01/15 5:36:41 ET]
Table 'Suttung III' 6-max Seat #6 is the button
Seat 1: blistein ($100 in chips) is sitting out
Seat 2: NoonTime1991 ($136.83 in chips) 
Seat 3: gig.gyty ($114.51 in chips) 
Seat 4: Pon4uk.ua ($100 in chips) 
Seat 5: jeffy27dt1 ($118.81 in chips) 
Seat 6: pip2155 ($39.67 in chips) 
NoonTime1991: posts small blind $0.50
gig.gyty: posts big blind $1
*** HOLE CARDS ***
Pon4uk.ua: folds 
jeffy27dt1: folds 
pip2155: folds 
NoonTime1991: folds 
Uncalled bet ($0.50) returned to gig.gyty
gig.gyty collected $1 from pot
gig.gyty: doesn't show hand 
*** SUMMARY ***
Total pot $1 | Rake $0 
Seat 1: blistein
Seat 2: NoonTime1991 (small blind) folded before Flop
Seat 3: gig.gyty (big blind) collected ($1)
Seat 4: Pon4uk.ua folded before Flop (didn't bet)
Seat 5: jeffy27dt1 folded before Flop (didn't bet)
Seat 6: pip2155 (button) folded before Flop (didn't bet)



PokerStars Hand #254379685679:  Hold'em No Limit ($0.50/$1.00 USD) - 2025/01/15 10:36:53 WET [2025/01/15 5:36:53 ET]
Table 'Suttung III' 6-max Seat #2 is the button
Seat 1: blistein ($100 in chips) is sitting out
Seat 2: NoonTime1991 ($136.33 in chips) 
Seat 3: gig.gyty ($115.01 in chips) 
Seat 4: Pon4uk.ua ($100 in chips) 
Seat 5: jeffy27dt1 ($118.81 in chips) 
Seat 6: pip2155 ($39.67 in chips) 
gig.gyty: posts small blind $0.50
Pon4uk.ua: posts big blind $1
blistein: sits out 
*** HOLE CARDS ***
jeffy27dt1: folds 
pip2155: folds 
NoonTime1991: folds 
gig.gyty: folds 
Uncalled bet ($0.50) returned to Pon4uk.ua
Pon4uk.ua collected $1 from pot
Pon4uk.ua: doesn't show hand 
*** SUMMARY ***
Total pot $1 | Rake $0 
Seat 1: blistein
Seat 2: NoonTime1991 (button) folded before Flop (didn't bet)
Seat 3: gig.gyty (small blind) folded before Flop
Seat 4: Pon4uk.ua (big blind) collected ($1)
Seat 5: jeffy27dt1 folded before Flop (didn't bet)
Seat 6: pip2155 folded before Flop (didn't bet)



PokerStars Hand #254379687405:  Hold'em No Limit ($0.50/$1.00 USD) - 2025/01/15 10:37:08 WET [2025/01/15 5:37:08 ET]
Table 'Suttung III' 6-max Seat #3 is the button
Seat 1: blistein ($100 in chips) is sitting out
Seat 2: NoonTime1991 ($136.33 in chips) 
Seat 3: gig.gyty ($114.51 in chips) 
Seat 4: Pon4uk.ua ($100.50 in chips) 
Seat 5: jeffy27dt1 ($118.81 in chips) 
Seat 6: pip2155 ($39.67 in chips) 
Pon4uk.ua: posts small blind $0.50
jeffy27dt1: posts big blind $1
blistein: sits out 
*** HOLE CARDS ***
pip2155: calls $1
NoonTime1991: folds 
gig.gyty: folds 
Pon4uk.ua: calls $0.50
jeffy27dt1: raises $4 to $5
pip2155: calls $4
Pon4uk.ua: folds 
*** FLOP *** [Td Jc Ts]
jeffy27dt1: bets $3.45
pip2155: calls $3.45
*** TURN *** [Td Jc Ts] [Qc]
jeffy27dt1: checks 
pip2155: bets $8.50
jeffy27dt1: calls $8.50
*** RIVER *** [Td Jc Ts Qc] [Kh]
jeffy27dt1: checks 
pip2155: checks 
*** SHOW DOWN ***
jeffy27dt1: shows [Ks Js] (two pair, Kings and Jacks)
pip2155: shows [9h 8c] (a straight, Nine to King)
pip2155 collected $33.16 from pot
*** SUMMARY ***
Total pot $34.90 | Rake $1.74 
Board [Td Jc Ts Qc Kh]
Seat 1: blistein
Seat 2: NoonTime1991 folded before Flop (didn't bet)
Seat 3: gig.gyty (button) folded before Flop (didn't bet)
Seat 4: Pon4uk.ua (small blind) folded before Flop
Seat 5: jeffy27dt1 (big blind) showed [Ks Js] and lost with two pair, Kings and Jacks
Seat 6: pip2155 showed [9h 8c] and won ($33.16) with a straight, Nine to King



PokerStars Hand #254379696193:  Hold'em No Limit ($0.50/$1.00 USD) - 2025/01/15 10:38:22 WET [2025/01/15 5:38:22 ET]
Table 'Suttung III' 6-max Seat #4 is the button
Seat 1: blistein ($100 in chips) is sitting out
Seat 2: NoonTime1991 ($136.33 in chips) 
Seat 3: gig.gyty ($114.51 in chips) 
Seat 4: Pon4uk.ua ($100 in chips) 
Seat 5: jeffy27dt1 ($101.86 in chips) 
Seat 6: pip2155 ($55.88 in chips) 
jeffy27dt1: posts small blind $0.50
pip2155: posts big blind $1
blistein: sits out 
*** HOLE CARDS ***
NoonTime1991: folds 
gig.gyty: folds 
Pon4uk.ua: raises $1.50 to $2.50
jeffy27dt1: folds 
pip2155: calls $1.50
*** FLOP *** [9s Jc 8d]
pip2155: bets $5.22
Pon4uk.ua: folds 
Uncalled bet ($5.22) returned to pip2155
pip2155 collected $5.22 from pot
*** SUMMARY ***
Total pot $5.50 | Rake $0.28 
Board [9s Jc 8d]
Seat 1: blistein
Seat 2: NoonTime1991 folded before Flop (didn't bet)
Seat 3: gig.gyty folded before Flop (didn't bet)
Seat 4: Pon4uk.ua (button) folded on the Flop
Seat 5: jeffy27dt1 (small blind) folded before Flop
Seat 6: pip2155 (big blind) collected ($5.22)



PokerStars Hand #254379698352:  Hold'em No Limit ($0.50/$1.00 USD) - 2025/01/15 10:38:41 WET [2025/01/15 5:38:41 ET]
Table 'Suttung III' 6-max Seat #5 is the button
Seat 1: blistein ($100 in chips) 
Seat 2: NoonTime1991 ($136.33 in chips) 
Seat 3: gig.gyty ($114.51 in chips) 
Seat 4: Pon4uk.ua ($100 in chips) 
Seat 5: jeffy27dt1 ($101.36 in chips) 
Seat 6: pip2155 ($58.60 in chips) 
pip2155: posts small blind $0.50
blistein: posts big blind $1
*** HOLE CARDS ***
NoonTime1991: folds 
gig.gyty: folds 
Pon4uk.ua: folds 
jeffy27dt1: folds 
pip2155: calls $0.50
blistein: checks 
*** FLOP *** [As 3h Js]
pip2155: bets $1
blistein: calls $1
*** TURN *** [As 3h Js] [9c]
pip2155: bets $3.80
blistein: folds 
Uncalled bet ($3.80) returned to pip2155
pip2155 collected $3.80 from pot
*** SUMMARY ***
Total pot $4 | Rake $0.20 
Board [As 3h Js 9c]
Seat 1: blistein (big blind) folded on the Turn
Seat 2: NoonTime1991 folded before Flop (didn't bet)
Seat 3: gig.gyty folded before Flop (didn't bet)
Seat 4: Pon4uk.ua folded before Flop (didn't bet)
Seat 5: jeffy27dt1 (button) folded before Flop (didn't bet)
Seat 6: pip2155 (small blind) collected ($3.80)



PokerStars Hand #254379702500:  Hold'em No Limit ($0.50/$1.00 USD) - 2025/01/15 10:39:16 WET [2025/01/15 5:39:16 ET]
Table 'Suttung III' 6-max Seat #6 is the button
Seat 1: blistein ($100 in chips) 
Seat 2: NoonTime1991 ($136.33 in chips) 
Seat 3: gig.gyty ($114.51 in chips) 
Seat 4: Pon4uk.ua ($100 in chips) 
Seat 5: jeffy27dt1 ($101.36 in chips) 
Seat 6: pip2155 ($60.40 in chips) 
blistein: posts small blind $0.50
NoonTime1991: posts big blind $1
*** HOLE CARDS ***
gig.gyty: folds 
Pon4uk.ua: folds 
jeffy27dt1: folds 
pip2155: calls $1
blistein: folds 
NoonTime1991: checks 
*** FLOP *** [4c 8c Ac]
NoonTime1991: checks 
pip2155: checks 
*** TURN *** [4c 8c Ac] [7d]
NoonTime1991: checks 
pip2155: checks 
*** RIVER *** [4c 8c Ac 7d] [7c]
NoonTime1991: checks 
pip2155: bets $1
NoonTime1991: folds 
Uncalled bet ($1) returned to pip2155
pip2155 collected $2.38 from pot
*** SUMMARY ***
Total pot $2.50 | Rake $0.12 
Board [4c 8c Ac 7d 7c]
Seat 1: blistein (small blind) folded before Flop
Seat 2: NoonTime1991 (big blind) folded on the River
Seat 3: gig.gyty folded before Flop (didn't bet)
Seat 4: Pon4uk.ua folded before Flop (didn't bet)
Seat 5: jeffy27dt1 folded before Flop (didn't bet)
Seat 6: pip2155 (button) collected ($2.38)



PokerStars Hand #254379707765:  Hold'em No Limit ($0.50/$1.00 USD) - 2025/01/15 10:40:02 WET [2025/01/15 5:40:02 ET]
Table 'Suttung III' 6-max Seat #1 is the button
Seat 1: blistein ($100 in chips) 
Seat 2: NoonTime1991 ($135.33 in chips) 
Seat 3: gig.gyty ($114.51 in chips) 
Seat 4: Pon4uk.ua ($100 in chips) 
Seat 5: jeffy27dt1 ($101.36 in chips) 
Seat 6: pip2155 ($61.78 in chips) 
NoonTime1991: posts small blind $0.50
gig.gyty: posts big blind $1
*** HOLE CARDS ***
Pon4uk.ua: folds 
jeffy27dt1: raises $1.50 to $2.50
pip2155: folds 
blistein: folds 
NoonTime1991: folds 
gig.gyty: calls $1.50
*** FLOP *** [Kd Ac Js]
gig.gyty: checks 
jeffy27dt1: bets $3.92
gig.gyty: calls $3.92
*** TURN *** [Kd Ac Js] [Kh]
gig.gyty: checks 
jeffy27dt1: checks 
*** RIVER *** [Kd Ac Js Kh] [Ts]
gig.gyty: checks 
jeffy27dt1: bets $6
gig.gyty: calls $6
*** SHOW DOWN ***
jeffy27dt1: shows [2s 2c] (two pair, Kings and Deuces)
gig.gyty: shows [Ad 9d] (two pair, Aces and Kings)
gig.gyty collected $24.07 from pot
*** SUMMARY ***
Total pot $25.34 | Rake $1.27 
Board [Kd Ac Js Kh Ts]
Seat 1: blistein (button) folded before Flop (didn't bet)
Seat 2: NoonTime1991 (small blind) folded before Flop
Seat 3: gig.gyty (big blind) showed [Ad 9d] and won ($24.07) with two pair, Aces and Kings
Seat 4: Pon4uk.ua folded before Flop (didn't bet)
Seat 5: jeffy27dt1 showed [2s 2c] and lost with two pair, Kings and Deuces
Seat 6: pip2155 folded before Flop (didn't bet)



PokerStars Hand #254379719711:  Hold'em No Limit ($0.50/$1.00 USD) - 2025/01/15 10:41:46 WET [2025/01/15 5:41:46 ET]
Table 'Suttung III' 6-max Seat #2 is the button
Seat 1: blistein ($100 in chips) 
Seat 2: NoonTime1991 ($134.83 in chips) 
Seat 3: gig.gyty ($126.16 in chips) 
Seat 4: Pon4uk.ua ($100 in chips) 
Seat 5: jeffy27dt1 ($100 in chips) 
Seat 6: pip2155 ($61.78 in chips) 
gig.gyty: posts small blind $0.50
Pon4uk.ua: posts big blind $1
*** HOLE CARDS ***
jeffy27dt1: folds 
pip2155: calls $1
blistein: raises $2.50 to $3.50
NoonTime1991: folds 
gig.gyty: folds 
Pon4uk.ua: folds 
pip2155: calls $2.50
*** FLOP *** [7d Ah 2c]
pip2155: checks 
blistein: bets $2.02
pip2155: calls $2.02
*** TURN *** [7d Ah 2c] [Th]
pip2155: checks 
blistein: bets $8
pip2155: calls $8
*** RIVER *** [7d Ah 2c Th] [5h]
pip2155: checks 
blistein: checks 
*** SHOW DOWN ***
pip2155: shows [9d 8d] (high card Ace)
blistein: shows [Kh Js] (high card Ace - King kicker)
blistein collected $27.11 from pot
*** SUMMARY ***
Total pot $28.54 | Rake $1.43 
Board [7d Ah 2c Th 5h]
Seat 1: blistein showed [Kh Js] and won ($27.11) with high card Ace
Seat 2: NoonTime1991 (button) folded before Flop (didn't bet)
Seat 3: gig.gyty (small blind) folded before Flop
Seat 4: Pon4uk.ua (big blind) folded before Flop
Seat 5: jeffy27dt1 folded before Flop (didn't bet)
Seat 6: pip2155 showed [9d 8d] and lost with high card Ace



PokerStars Hand #254379728328:  Hold'em No Limit ($0.50/$1.00 USD) - 2025/01/15 10:43:00 WET [2025/01/15 5:43:00 ET]
Table 'Suttung III' 6-max Seat #3 is the button
Seat 1: blistein ($113.59 in chips) 
Seat 2: NoonTime1991 ($134.83 in chips) 
Seat 3: gig.gyty ($125.66 in chips) 
Seat 4: Pon4uk.ua ($100 in chips) 
Seat 5: jeffy27dt1 ($100 in chips) 
Seat 6: pip2155 ($48.26 in chips) 
Pon4uk.ua: posts small blind $0.50
jeffy27dt1: posts big blind $1
*** HOLE CARDS ***
pip2155: folds 
blistein: raises $1.20 to $2.20
NoonTime1991: folds 
gig.gyty: folds 
Pon4uk.ua: raises $8.80 to $11
jeffy27dt1: folds 
blistein: calls $8.80
*** FLOP *** [Qh Ad Jd]
Pon4uk.ua: bets $7.21
blistein: calls $7.21
*** TURN *** [Qh Ad Jd] [5s]
Pon4uk.ua: bets $17.78
blistein: calls $17.78
*** RIVER *** [Qh Ad Jd 5s] [Jh]
pip2155 is disconnected 
Pon4uk.ua: bets $7
blistein: calls $7
*** SHOW DOWN ***
Pon4uk.ua: shows [Kc Ac] (two pair, Aces and Jacks)
blistein: shows [Qs As] (two pair, Aces and Queens)
blistein collected $84.48 from pot
*** SUMMARY ***
Total pot $86.98 | Rake $2.50 
Board [Qh Ad Jd 5s Jh]
Seat 1: blistein showed [Qs As] and won ($84.48) with two pair, Aces and Queens
Seat 2: NoonTime1991 folded before Flop (didn't bet)
Seat 3: gig.gyty (button) folded before Flop (didn't bet)
Seat 4: Pon4uk.ua (small blind) showed [Kc Ac] and lost with two pair, Aces and Jacks
Seat 5: jeffy27dt1 (big blind) folded before Flop
Seat 6: pip2155 folded before Flop (didn't bet)



PokerStars Hand #254379741366:  Hold'em No Limit ($0.50/$1.00 USD) - 2025/01/15 10:44:52 WET [2025/01/15 5:44:52 ET]
Table 'Suttung III' 6-max Seat #4 is the button
Seat 1: blistein ($155.08 in chips) 
Seat 2: NoonTime1991 ($134.83 in chips) 
Seat 3: gig.gyty ($125.66 in chips) 
Seat 4: Pon4uk.ua ($100 in chips) 
Seat 5: jeffy27dt1 ($100 in chips) 
Seat 6: pip2155 ($48.26 in chips) 
jeffy27dt1: posts small blind $0.50
pip2155: posts big blind $1
*** HOLE CARDS ***
blistein: folds 
NoonTime1991: folds 
gig.gyty: raises $1.25 to $2.25
Pon4uk.ua: folds 
jeffy27dt1: calls $1.75
pip2155: calls $1.25
*** FLOP *** [6h Ts Js]
jeffy27dt1: checks 
pip2155: checks 
gig.gyty: checks 
*** TURN *** [6h Ts Js] [Ac]
jeffy27dt1: bets $2.12
pip2155: calls $2.12
gig.gyty: raises $6.39 to $8.51
jeffy27dt1: calls $6.39
pip2155: calls $6.39
*** RIVER *** [6h Ts Js Ac] [5s]
jeffy27dt1: bets $15
pip2155: folds 
gig.gyty: folds 
Uncalled bet ($15) returned to jeffy27dt1
jeffy27dt1 collected $30.67 from pot
jeffy27dt1: doesn't show hand 
*** SUMMARY ***
Total pot $32.28 | Rake $1.61 
Board [6h Ts Js Ac 5s]
Seat 1: blistein folded before Flop (didn't bet)
Seat 2: NoonTime1991 folded before Flop (didn't bet)
Seat 3: gig.gyty folded on the River
Seat 4: Pon4uk.ua (button) folded before Flop (didn't bet)
Seat 5: jeffy27dt1 (small blind) collected ($30.67)
Seat 6: pip2155 (big blind) folded on the River



PokerStars Hand #254379752229:  Hold'em No Limit ($0.50/$1.00 USD) - 2025/01/15 10:46:22 WET [2025/01/15 5:46:22 ET]
Table 'Suttung III' 6-max Seat #5 is the button
Seat 1: blistein ($155.08 in chips) 
Seat 2: NoonTime1991 ($134.83 in chips) 
Seat 3: gig.gyty ($114.90 in chips) 
Seat 4: Pon4uk.ua ($100 in chips) 
Seat 5: jeffy27dt1 ($119.91 in chips) 
Seat 6: pip2155 ($37.50 in chips) 
pip2155: posts small blind $0.50
blistein: posts big blind $1
*** HOLE CARDS ***
NoonTime1991: folds 
gig.gyty: folds 
Pon4uk.ua: folds 
jeffy27dt1: raises $1.50 to $2.50
pip2155: raises $4.50 to $7
blistein: folds 
jeffy27dt1: calls $4.50
*** FLOP *** [5h Qc 8h]
pip2155: bets $7
jeffy27dt1: calls $7
*** TURN *** [5h Qc 8h] [4c]
pip2155: bets $23.50 and is all-in
jeffy27dt1: calls $23.50
*** RIVER *** [5h Qc 8h 4c] [9c]
*** SHOW DOWN ***
pip2155: shows [5c 7c] (a flush, Queen high)
jeffy27dt1: shows [Qs Kc] (a pair of Queens)
pip2155 collected $73.50 from pot
*** SUMMARY ***
Total pot $76 | Rake $2.50 
Board [5h Qc 8h 4c 9c]
Seat 1: blistein (big blind) folded before Flop
Seat 2: NoonTime1991 folded before Flop (didn't bet)
Seat 3: gig.gyty folded before Flop (didn't bet)
Seat 4: Pon4uk.ua folded before Flop (didn't bet)
Seat 5: jeffy27dt1 (button) showed [Qs Kc] and lost with a pair of Queens
Seat 6: pip2155 (small blind) showed [5c 7c] and won ($73.50) with a flush, Queen high



PokerStars Hand #254379758969:  Hold'em No Limit ($0.50/$1.00 USD) - 2025/01/15 10:47:18 WET [2025/01/15 5:47:18 ET]
Table 'Suttung III' 6-max Seat #6 is the button
Seat 1: blistein ($154.08 in chips) 
Seat 2: NoonTime1991 ($134.83 in chips) 
Seat 3: gig.gyty ($114.90 in chips) 
Seat 4: Pon4uk.ua ($100 in chips) 
Seat 5: jeffy27dt1 ($100 in chips) 
Seat 6: pip2155 ($73.50 in chips) 
blistein: posts small blind $0.50
NoonTime1991: posts big blind $1
*** HOLE CARDS ***
gig.gyty: folds 
Pon4uk.ua: folds 
jeffy27dt1: folds 
pip2155: folds 
blistein: raises $2 to $3
NoonTime1991: folds 
Uncalled bet ($2) returned to blistein
blistein collected $2 from pot
blistein: doesn't show hand 
*** SUMMARY ***
Total pot $2 | Rake $0 
Seat 1: blistein (small blind) collected ($2)
Seat 2: NoonTime1991 (big blind) folded before Flop
Seat 3: gig.gyty folded before Flop (didn't bet)
Seat 4: Pon4uk.ua folded before Flop (didn't bet)
Seat 5: jeffy27dt1 folded before Flop (didn't bet)
Seat 6: pip2155 (button) folded before Flop (didn't bet)



PokerStars Hand #254379761905:  Hold'em No Limit ($0.50/$1.00 USD) - 2025/01/15 10:47:42 WET [2025/01/15 5:47:42 ET]
Table 'Suttung III' 6-max Seat #1 is the button
Seat 1: blistein ($155.08 in chips) 
Seat 2: NoonTime1991 ($133.83 in chips) 
Seat 3: gig.gyty ($114.90 in chips) 
Seat 4: Pon4uk.ua ($100 in chips) 
Seat 5: jeffy27dt1 ($100 in chips) 
Seat 6: pip2155 ($73.50 in chips) 
NoonTime1991: posts small blind $0.50
gig.gyty: posts big blind $1
*** HOLE CARDS ***
Pon4uk.ua: folds 
jeffy27dt1: folds 
pip2155: calls $1
blistein: raises $2.50 to $3.50
NoonTime1991: folds 
gig.gyty: calls $2.50
pip2155: calls $2.50
*** FLOP *** [Js 4d Qs]
gig.gyty: checks 
pip2155: bets $2
blistein: calls $2
gig.gyty: folds 
*** TURN *** [Js 4d Qs] [Qh]
pip2155: checks 
blistein: bets $9.55
pip2155: folds 
Uncalled bet ($9.55) returned to blistein
blistein collected $14.25 from pot
blistein: doesn't show hand 
*** SUMMARY ***
Total pot $15 | Rake $0.75 
Board [Js 4d Qs Qh]
Seat 1: blistein (button) collected ($14.25)
Seat 2: NoonTime1991 (small blind) folded before Flop
Seat 3: gig.gyty (big blind) folded on the Flop
Seat 4: Pon4uk.ua folded before Flop (didn't bet)
Seat 5: jeffy27dt1 folded before Flop (didn't bet)
Seat 6: pip2155 folded on the Turn



PokerStars Hand #254379768619:  Hold'em No Limit ($0.50/$1.00 USD) - 2025/01/15 10:48:40 WET [2025/01/15 5:48:40 ET]
Table 'Suttung III' 6-max Seat #2 is the button
Seat 1: blistein ($163.83 in chips) 
Seat 2: NoonTime1991 ($133.33 in chips) 
Seat 3: gig.gyty ($111.40 in chips) 
Seat 4: Pon4uk.ua ($100 in chips) 
Seat 5: jeffy27dt1 ($100 in chips) 
Seat 6: pip2155 ($68 in chips) 
gig.gyty: posts small blind $0.50
Pon4uk.ua: posts big blind $1
*** HOLE CARDS ***
jeffy27dt1: folds 
pip2155 is disconnected 
pip2155 has timed out while disconnected
pip2155: folds 
blistein: folds 
NoonTime1991: raises $1 to $2
gig.gyty: folds 
Pon4uk.ua: calls $1
*** FLOP *** [Jd Th Ks]
Pon4uk.ua: checks 
NoonTime1991: bets $2.14
Pon4uk.ua: calls $2.14
*** TURN *** [Jd Th Ks] [3s]
Pon4uk.ua: checks 
NoonTime1991: bets $11.26
Pon4uk.ua: folds 
Uncalled bet ($11.26) returned to NoonTime1991
NoonTime1991 collected $8.34 from pot
NoonTime1991: doesn't show hand 
*** SUMMARY ***
Total pot $8.78 | Rake $0.44 
Board [Jd Th Ks 3s]
Seat 1: blistein folded before Flop (didn't bet)
Seat 2: NoonTime1991 (button) collected ($8.34)
Seat 3: gig.gyty (small blind) folded before Flop
Seat 4: Pon4uk.ua (big blind) folded on the Turn
Seat 5: jeffy27dt1 folded before Flop (didn't bet)
Seat 6: pip2155 folded before Flop (didn't bet)



PokerStars Hand #254379777171:  Hold'em No Limit ($0.50/$1.00 USD) - 2025/01/15 10:49:52 WET [2025/01/15 5:49:52 ET]
Table 'Suttung III' 6-max Seat #3 is the button
Seat 6: pip2155 ($68 in chips) is sitting out
Seat 1: blistein ($163.83 in chips) 
Seat 2: NoonTime1991 ($137.53 in chips) 
Seat 3: gig.gyty ($110.90 in chips) 
Seat 4: Pon4uk.ua ($100 in chips) 
Seat 5: jeffy27dt1 ($100 in chips) 
Pon4uk.ua: posts small blind $0.50
jeffy27dt1: posts big blind $1
*** HOLE CARDS ***
blistein: folds 
NoonTime1991: folds 
gig.gyty: folds 
Pon4uk.ua: folds 
Uncalled bet ($0.50) returned to jeffy27dt1
jeffy27dt1 collected $1 from pot
jeffy27dt1: doesn't show hand 
*** SUMMARY ***
Total pot $1 | Rake $0 
Seat 6: pip2155
Seat 1: blistein folded before Flop (didn't bet)
Seat 2: NoonTime1991 folded before Flop (didn't bet)
Seat 3: gig.gyty (button) folded before Flop (didn't bet)
Seat 4: Pon4uk.ua (small blind) folded before Flop
Seat 5: jeffy27dt1 (big blind) collected ($1)



PokerStars Hand #254379778833:  Hold'em No Limit ($0.50/$1.00 USD) - 2025/01/15 10:50:06 WET [2025/01/15 5:50:06 ET]
Table 'Suttung III' 6-max Seat #4 is the button
Seat 6: pip2155 ($68 in chips) is sitting out
Seat 1: blistein ($163.83 in chips) 
Seat 2: NoonTime1991 ($137.53 in chips) 
Seat 3: gig.gyty ($110.90 in chips) 
Seat 4: Pon4uk.ua ($100 in chips) 
Seat 5: jeffy27dt1 ($100.50 in chips) 
jeffy27dt1: posts small blind $0.50
blistein: posts big blind $1
*** HOLE CARDS ***
NoonTime1991: folds 
gig.gyty: folds 
Pon4uk.ua: folds 
jeffy27dt1: folds 
Uncalled bet ($0.50) returned to blistein
blistein collected $1 from pot
blistein: doesn't show hand 
*** SUMMARY ***
Total pot $1 | Rake $0 
Seat 6: pip2155
Seat 1: blistein (big blind) collected ($1)
Seat 2: NoonTime1991 folded before Flop (didn't bet)
Seat 3: gig.gyty folded before Flop (didn't bet)
Seat 4: Pon4uk.ua (button) folded before Flop (didn't bet)
Seat 5: jeffy27dt1 (small blind) folded before Flop



PokerStars Hand #254379780832:  Hold'em No Limit ($0.50/$1.00 USD) - 2025/01/15 10:50:22 WET [2025/01/15 5:50:22 ET]
Table 'Suttung III' 6-max Seat #5 is the button
Seat 6: pip2155 ($68 in chips) is sitting out
Seat 1: blistein ($164.33 in chips) 
Seat 2: NoonTime1991 ($137.53 in chips) 
Seat 3: gig.gyty ($110.90 in chips) 
Seat 4: Pon4uk.ua ($100 in chips) 
Seat 5: jeffy27dt1 ($100 in chips) 
blistein: posts small blind $0.50
NoonTime1991: posts big blind $1
*** HOLE CARDS ***
gig.gyty: raises $1.25 to $2.25
Pon4uk.ua: folds 
jeffy27dt1: folds 
blistein: folds 
NoonTime1991: folds 
Uncalled bet ($1.25) returned to gig.gyty
gig.gyty collected $2.50 from pot
gig.gyty: doesn't show hand 
*** SUMMARY ***
Total pot $2.50 | Rake $0 
Seat 6: pip2155
Seat 1: blistein (small blind) folded before Flop
Seat 2: NoonTime1991 (big blind) folded before Flop
Seat 3: gig.gyty collected ($2.50)
Seat 4: Pon4uk.ua folded before Flop (didn't bet)
Seat 5: jeffy27dt1 (button) folded before Flop (didn't bet)



PokerStars Hand #254379782591:  Hold'em No Limit ($0.50/$1.00 USD) - 2025/01/15 10:50:37 WET [2025/01/15 5:50:37 ET]
Table 'Suttung III' 6-max Seat #1 is the button
Seat 1: blistein ($163.83 in chips) 
Seat 2: NoonTime1991 ($136.53 in chips) 
Seat 3: gig.gyty ($112.40 in chips) 
Seat 4: Pon4uk.ua ($100 in chips) 
Seat 5: jeffy27dt1 ($100 in chips) 
Seat 6: pip2155 ($68 in chips) 
NoonTime1991: posts small blind $0.50
gig.gyty: posts big blind $1
pip2155: posts small & big blinds $1.50
*** HOLE CARDS ***
Pon4uk.ua: folds 
jeffy27dt1: folds 
pip2155: checks 
blistein: folds 
NoonTime1991: raises $5 to $6
gig.gyty: folds 
pip2155: folds 
Uncalled bet ($5) returned to NoonTime1991
NoonTime1991 collected $3.50 from pot
NoonTime1991: doesn't show hand 
*** SUMMARY ***
Total pot $3.50 | Rake $0 
Seat 1: blistein (button) folded before Flop (didn't bet)
Seat 2: NoonTime1991 (small blind) collected ($3.50)
Seat 3: gig.gyty (big blind) folded before Flop
Seat 4: Pon4uk.ua folded before Flop (didn't bet)
Seat 5: jeffy27dt1 folded before Flop (didn't bet)
Seat 6: pip2155 folded before Flop (didn't bet)



PokerStars Hand #254379785574:  Hold'em No Limit ($0.50/$1.00 USD) - 2025/01/15 10:51:02 WET [2025/01/15 5:51:02 ET]
Table 'Suttung III' 6-max Seat #2 is the button
Seat 1: blistein ($163.83 in chips) 
Seat 2: NoonTime1991 ($139.03 in chips) 
Seat 3: gig.gyty ($111.40 in chips) 
Seat 4: Pon4uk.ua ($100 in chips) 
Seat 5: jeffy27dt1 ($100 in chips) 
Seat 6: pip2155 ($66.50 in chips) 
gig.gyty: posts small blind $0.50
Pon4uk.ua: posts big blind $1
*** HOLE CARDS ***
jeffy27dt1: raises $1.50 to $2.50
pip2155: folds 
blistein: folds 
NoonTime1991: folds 
gig.gyty: folds 
Pon4uk.ua: folds 
Uncalled bet ($1.50) returned to jeffy27dt1
jeffy27dt1 collected $2.50 from pot
jeffy27dt1: doesn't show hand 
*** SUMMARY ***
Total pot $2.50 | Rake $0 
Seat 1: blistein folded before Flop (didn't bet)
Seat 2: NoonTime1991 (button) folded before Flop (didn't bet)
Seat 3: gig.gyty (small blind) folded before Flop
Seat 4: Pon4uk.ua (big blind) folded before Flop
Seat 5: jeffy27dt1 collected ($2.50)
Seat 6: pip2155 folded before Flop (didn't bet)



PokerStars Hand #254379787356:  Hold'em No Limit ($0.50/$1.00 USD) - 2025/01/15 10:51:17 WET [2025/01/15 5:51:17 ET]
Table 'Suttung III' 6-max Seat #3 is the button
Seat 1: blistein ($163.83 in chips) 
Seat 2: NoonTime1991 ($139.03 in chips) 
Seat 3: gig.gyty ($110.90 in chips) 
Seat 4: Pon4uk.ua ($100 in chips) 
Seat 5: jeffy27dt1 ($101.50 in chips) 
Seat 6: pip2155 ($66.50 in chips) 
Pon4uk.ua: posts small blind $0.50
jeffy27dt1: posts big blind $1
*** HOLE CARDS ***
pip2155: folds 
blistein: folds 
NoonTime1991: folds 
gig.gyty: folds 
Pon4uk.ua: folds 
Uncalled bet ($0.50) returned to jeffy27dt1
jeffy27dt1 collected $1 from pot
jeffy27dt1: doesn't show hand 
*** SUMMARY ***
Total pot $1 | Rake $0 
Seat 1: blistein folded before Flop (didn't bet)
Seat 2: NoonTime1991 folded before Flop (didn't bet)
Seat 3: gig.gyty (button) folded before Flop (didn't bet)
Seat 4: Pon4uk.ua (small blind) folded before Flop
Seat 5: jeffy27dt1 (big blind) collected ($1)
Seat 6: pip2155 folded before Flop (didn't bet)



PokerStars Hand #254379789012:  Hold'em No Limit ($0.50/$1.00 USD) - 2025/01/15 10:51:30 WET [2025/01/15 5:51:30 ET]
Table 'Suttung III' 6-max Seat #4 is the button
Seat 1: blistein ($163.83 in chips) 
Seat 2: NoonTime1991 ($139.03 in chips) 
Seat 3: gig.gyty ($110.90 in chips) 
Seat 4: Pon4uk.ua ($100 in chips) 
Seat 5: jeffy27dt1 ($102 in chips) 
Seat 6: pip2155 ($66.50 in chips) 
jeffy27dt1: posts small blind $0.50
pip2155: posts big blind $1
*** HOLE CARDS ***
blistein: folds 
NoonTime1991: folds 
gig.gyty: folds 
Pon4uk.ua: raises $1.50 to $2.50
jeffy27dt1: folds 
pip2155: calls $1.50
*** FLOP *** [Ac 2c Tc]
pip2155: checks 
Pon4uk.ua: bets $1.72
pip2155: folds 
Uncalled bet ($1.72) returned to Pon4uk.ua
Pon4uk.ua collected $5.22 from pot
Pon4uk.ua: doesn't show hand 
*** SUMMARY ***
Total pot $5.50 | Rake $0.28 
Board [Ac 2c Tc]
Seat 1: blistein folded before Flop (didn't bet)
Seat 2: NoonTime1991 folded before Flop (didn't bet)
Seat 3: gig.gyty folded before Flop (didn't bet)
Seat 4: Pon4uk.ua (button) collected ($5.22)
Seat 5: jeffy27dt1 (small blind) folded before Flop
Seat 6: pip2155 (big blind) folded on the Flop



PokerStars Hand #254379792868:  Hold'em No Limit ($0.50/$1.00 USD) - 2025/01/15 10:52:01 WET [2025/01/15 5:52:01 ET]
Table 'Suttung III' 6-max Seat #5 is the button
Seat 1: blistein ($163.83 in chips) 
Seat 2: NoonTime1991 ($139.03 in chips) 
Seat 3: gig.gyty ($110.90 in chips) 
Seat 4: Pon4uk.ua ($102.72 in chips) 
Seat 5: jeffy27dt1 ($101.50 in chips) 
Seat 6: pip2155 ($64 in chips) 
pip2155: posts small blind $0.50
blistein: posts big blind $1
*** HOLE CARDS ***
NoonTime1991: folds 
gig.gyty: folds 
Pon4uk.ua: folds 
jeffy27dt1: raises $1.50 to $2.50
pip2155: folds 
blistein: folds 
Uncalled bet ($1.50) returned to jeffy27dt1
jeffy27dt1 collected $2.50 from pot
jeffy27dt1: doesn't show hand 
*** SUMMARY ***
Total pot $2.50 | Rake $0 
Seat 1: blistein (big blind) folded before Flop
Seat 2: NoonTime1991 folded before Flop (didn't bet)
Seat 3: gig.gyty folded before Flop (didn't bet)
Seat 4: Pon4uk.ua folded before Flop (didn't bet)
Seat 5: jeffy27dt1 (button) collected ($2.50)
Seat 6: pip2155 (small blind) folded before Flop



PokerStars Hand #254379795817:  Hold'em No Limit ($0.50/$1.00 USD) - 2025/01/15 10:52:26 WET [2025/01/15 5:52:26 ET]
Table 'Suttung III' 6-max Seat #6 is the button
Seat 1: blistein ($162.83 in chips) 
Seat 2: NoonTime1991 ($139.03 in chips) 
Seat 3: gig.gyty ($110.90 in chips) 
Seat 4: Pon4uk.ua ($102.72 in chips) 
Seat 5: jeffy27dt1 ($103 in chips) 
Seat 6: pip2155 ($63.50 in chips) 
blistein: posts small blind $0.50
NoonTime1991: posts big blind $1
*** HOLE CARDS ***
gig.gyty: folds 
Pon4uk.ua: folds 
jeffy27dt1: raises $1.50 to $2.50
pip2155: calls $2.50
blistein: folds 
NoonTime1991: folds 
*** FLOP *** [2h 4s Kd]
jeffy27dt1: checks 
pip2155: bets $3.09
jeffy27dt1: calls $3.09
*** TURN *** [2h 4s Kd] [Ah]
jeffy27dt1: checks 
pip2155: checks 
*** RIVER *** [2h 4s Kd Ah] [3c]
jeffy27dt1: bets $15.06
pip2155 is disconnected 
pip2155 is connected 
pip2155: folds 
Uncalled bet ($15.06) returned to jeffy27dt1
jeffy27dt1 collected $12.05 from pot
jeffy27dt1: doesn't show hand 
*** SUMMARY ***
Total pot $12.68 | Rake $0.63 
Board [2h 4s Kd Ah 3c]
Seat 1: blistein (small blind) folded before Flop
Seat 2: NoonTime1991 (big blind) folded before Flop
Seat 3: gig.gyty folded before Flop (didn't bet)
Seat 4: Pon4uk.ua folded before Flop (didn't bet)
Seat 5: jeffy27dt1 collected ($12.05)
Seat 6: pip2155 (button) folded on the River



PokerStars Hand #254379811430:  Hold'em No Limit ($0.50/$1.00 USD) - 2025/01/15 10:54:38 WET [2025/01/15 5:54:38 ET]
Table 'Suttung III' 6-max Seat #1 is the button
Seat 1: blistein ($162.33 in chips) 
Seat 2: NoonTime1991 ($138.03 in chips) 
Seat 3: gig.gyty ($110.90 in chips) 
Seat 4: Pon4uk.ua ($102.72 in chips) 
Seat 5: jeffy27dt1 ($109.46 in chips) 
Seat 6: pip2155 ($57.91 in chips) 
NoonTime1991: posts small blind $0.50
gig.gyty: posts big blind $1
*** HOLE CARDS ***
Pon4uk.ua: folds 
jeffy27dt1: folds 
pip2155 is disconnected 
pip2155 has timed out while being disconnected
pip2155: folds 
blistein: folds 
NoonTime1991: folds 
Uncalled bet ($0.50) returned to gig.gyty
gig.gyty collected $1 from pot
gig.gyty: doesn't show hand 
*** SUMMARY ***
Total pot $1 | Rake $0 
Seat 1: blistein (button) folded before Flop (didn't bet)
Seat 2: NoonTime1991 (small blind) folded before Flop
Seat 3: gig.gyty (big blind) collected ($1)
Seat 4: Pon4uk.ua folded before Flop (didn't bet)
Seat 5: jeffy27dt1 folded before Flop (didn't bet)
Seat 6: pip2155 folded before Flop (didn't bet)



PokerStars Hand #254379816289:  Hold'em No Limit ($0.50/$1.00 USD) - 2025/01/15 10:55:20 WET [2025/01/15 5:55:20 ET]
Table 'Suttung III' 6-max Seat #2 is the button
Seat 6: pip2155 ($57.91 in chips) is sitting out
Seat 1: blistein ($162.33 in chips) 
Seat 2: NoonTime1991 ($137.53 in chips) 
Seat 3: gig.gyty ($111.40 in chips) 
Seat 4: Pon4uk.ua ($102.72 in chips) 
Seat 5: jeffy27dt1 ($109.46 in chips) 
gig.gyty: posts small blind $0.50
Pon4uk.ua: posts big blind $1
*** HOLE CARDS ***
jeffy27dt1: folds 
blistein: folds 
NoonTime1991: folds 
gig.gyty: raises $2 to $3
Pon4uk.ua: calls $2
*** FLOP *** [Jc 5h 6c]
gig.gyty: checks 
Pon4uk.ua: checks 
*** TURN *** [Jc 5h 6c] [3d]
gig.gyty: bets $1.88
Pon4uk.ua: folds 
Uncalled bet ($1.88) returned to gig.gyty
gig.gyty collected $5.70 from pot
gig.gyty: doesn't show hand 
*** SUMMARY ***
Total pot $6 | Rake $0.30 
Board [Jc 5h 6c 3d]
Seat 6: pip2155
Seat 1: blistein folded before Flop (didn't bet)
Seat 2: NoonTime1991 (button) folded before Flop (didn't bet)
Seat 3: gig.gyty (small blind) collected ($5.70)
Seat 4: Pon4uk.ua (big blind) folded on the Turn
Seat 5: jeffy27dt1 folded before Flop (didn't bet)



PokerStars Hand #254379820414:  Hold'em No Limit ($0.50/$1.00 USD) - 2025/01/15 10:56:02 WET [2025/01/15 5:56:02 ET]
Table 'Suttung III' 6-max Seat #3 is the button
Seat 1: blistein ($162.33 in chips) 
Seat 2: NoonTime1991 ($137.53 in chips) 
Seat 3: gig.gyty ($114.10 in chips) 
Seat 4: Pon4uk.ua ($100 in chips) 
Seat 5: jeffy27dt1 ($109.46 in chips) 
Seat 6: pip2155 ($57.91 in chips) 
Pon4uk.ua: posts small blind $0.50
jeffy27dt1: posts big blind $1
*** HOLE CARDS ***
pip2155: calls $1
blistein: folds 
NoonTime1991: folds 
gig.gyty: raises $2.50 to $3.50
Pon4uk.ua: folds 
jeffy27dt1: folds 
pip2155: calls $2.50
*** FLOP *** [Jc 3d 7h]
pip2155: bets $4.04
gig.gyty: calls $4.04
*** TURN *** [Jc 3d 7h] [Qd]
pip2155: checks 
gig.gyty: bets $13
pip2155: folds 
Uncalled bet ($13) returned to gig.gyty
gig.gyty collected $15.75 from pot
gig.gyty: doesn't show hand 
*** SUMMARY ***
Total pot $16.58 | Rake $0.83 
Board [Jc 3d 7h Qd]
Seat 1: blistein folded before Flop (didn't bet)
Seat 2: NoonTime1991 folded before Flop (didn't bet)
Seat 3: gig.gyty (button) collected ($15.75)
Seat 4: Pon4uk.ua (small blind) folded before Flop
Seat 5: jeffy27dt1 (big blind) folded before Flop
Seat 6: pip2155 folded on the Turn



PokerStars Hand #254379826614:  Hold'em No Limit ($0.50/$1.00 USD) - 2025/01/15 10:57:05 WET [2025/01/15 5:57:05 ET]
Table 'Suttung III' 6-max Seat #4 is the button
Seat 1: blistein ($162.33 in chips) 
Seat 2: NoonTime1991 ($137.53 in chips) 
Seat 3: gig.gyty ($122.31 in chips) 
Seat 4: Pon4uk.ua ($100 in chips) 
Seat 5: jeffy27dt1 ($108.46 in chips) 
Seat 6: pip2155 ($50.37 in chips) 
jeffy27dt1: posts small blind $0.50
pip2155: posts big blind $1
*** HOLE CARDS ***
blistein: folds 
NoonTime1991: folds 
gig.gyty: folds 
Pon4uk.ua: raises $1.50 to $2.50
jeffy27dt1: folds 
pip2155: calls $1.50
*** FLOP *** [3d 8s 5c]
pip2155: bets $5.22
Pon4uk.ua: calls $5.22
*** TURN *** [3d 8s 5c] [Kd]
pip2155: bets $7.57
Pon4uk.ua: folds 
Uncalled bet ($7.57) returned to pip2155
pip2155 collected $15.14 from pot
*** SUMMARY ***
Total pot $15.94 | Rake $0.80 
Board [3d 8s 5c Kd]
Seat 1: blistein folded before Flop (didn't bet)
Seat 2: NoonTime1991 folded before Flop (didn't bet)
Seat 3: gig.gyty folded before Flop (didn't bet)
Seat 4: Pon4uk.ua (button) folded on the Turn
Seat 5: jeffy27dt1 (small blind) folded before Flop
Seat 6: pip2155 (big blind) collected ($15.14)



PokerStars Hand #254379831743:  Hold'em No Limit ($0.50/$1.00 USD) - 2025/01/15 10:57:58 WET [2025/01/15 5:57:58 ET]
Table 'Suttung III' 6-max Seat #5 is the button
Seat 1: blistein ($162.33 in chips) 
Seat 2: NoonTime1991 ($137.53 in chips) 
Seat 3: gig.gyty ($122.31 in chips) 
Seat 4: Pon4uk.ua ($100 in chips) 
Seat 5: jeffy27dt1 ($107.96 in chips) 
Seat 6: pip2155 ($57.79 in chips) 
pip2155: posts small blind $0.50
blistein: posts big blind $1
*** HOLE CARDS ***
NoonTime1991: raises $2 to $3
gig.gyty: folds 
Pon4uk.ua: folds 
jeffy27dt1: folds 
pip2155: folds 
blistein: folds 
Uncalled bet ($2) returned to NoonTime1991
NoonTime1991 collected $2.50 from pot
NoonTime1991: doesn't show hand 
*** SUMMARY ***
Total pot $2.50 | Rake $0 
Seat 1: blistein (big blind) folded before Flop
Seat 2: NoonTime1991 collected ($2.50)
Seat 3: gig.gyty folded before Flop (didn't bet)
Seat 4: Pon4uk.ua folded before Flop (didn't bet)
Seat 5: jeffy27dt1 (button) folded before Flop (didn't bet)
Seat 6: pip2155 (small blind) folded before Flop



PokerStars Hand #254379833510:  Hold'em No Limit ($0.50/$1.00 USD) - 2025/01/15 10:58:16 WET [2025/01/15 5:58:16 ET]
Table 'Suttung III' 6-max Seat #6 is the button
Seat 1: blistein ($161.33 in chips) 
Seat 2: NoonTime1991 ($139.03 in chips) 
Seat 3: gig.gyty ($122.31 in chips) 
Seat 4: Pon4uk.ua ($100 in chips) 
Seat 5: jeffy27dt1 ($107.96 in chips) 
Seat 6: pip2155 ($57.29 in chips) 
blistein: posts small blind $0.50
NoonTime1991: posts big blind $1
*** HOLE CARDS ***
gig.gyty: folds 
Pon4uk.ua: folds 
jeffy27dt1: folds 
pip2155: folds 
blistein: raises $2 to $3
NoonTime1991: raises $7 to $10
blistein: folds 
Uncalled bet ($7) returned to NoonTime1991
NoonTime1991 collected $6 from pot
NoonTime1991: doesn't show hand 
*** SUMMARY ***
Total pot $6 | Rake $0 
Seat 1: blistein (small blind) folded before Flop
Seat 2: NoonTime1991 (big blind) collected ($6)
Seat 3: gig.gyty folded before Flop (didn't bet)
Seat 4: Pon4uk.ua folded before Flop (didn't bet)
Seat 5: jeffy27dt1 folded before Flop (didn't bet)
Seat 6: pip2155 (button) folded before Flop (didn't bet)



PokerStars Hand #254379861513:  Hold'em No Limit ($0.50/$1.00 USD) - 2025/01/15 11:02:37 WET [2025/01/15 6:02:37 ET]
Table 'Suttung III' 6-max Seat #1 is the button
Seat 1: blistein ($151.13 in chips) 
Seat 2: NoonTime1991 ($173.27 in chips) 
Seat 3: gig.gyty ($120.81 in chips) 
Seat 4: Pon4uk.ua ($100 in chips) 
Seat 5: jeffy27dt1 ($107.96 in chips) 
Seat 6: pip2155 ($59.82 in chips) 
NoonTime1991: posts small blind $0.50
gig.gyty: posts big blind $1
*** HOLE CARDS ***
Pon4uk.ua: folds 
jeffy27dt1: folds 
pip2155: folds 
blistein: raises $1.50 to $2.50
NoonTime1991: folds 
gig.gyty: folds 
Uncalled bet ($1.50) returned to blistein
blistein collected $2.50 from pot
blistein: doesn't show hand 
*** SUMMARY ***
Total pot $2.50 | Rake $0 
Seat 1: blistein (button) collected ($2.50)
Seat 2: NoonTime1991 (small blind) folded before Flop
Seat 3: gig.gyty (big blind) folded before Flop
Seat 4: Pon4uk.ua folded before Flop (didn't bet)
Seat 5: jeffy27dt1 folded before Flop (didn't bet)
Seat 6: pip2155 folded before Flop (didn't bet)



PokerStars Hand #254379863194:  Hold'em No Limit ($0.50/$1.00 USD) - 2025/01/15 11:02:51 WET [2025/01/15 6:02:51 ET]
Table 'Suttung III' 6-max Seat #2 is the button
Seat 1: blistein ($152.63 in chips) 
Seat 2: NoonTime1991 ($172.77 in chips) 
Seat 3: gig.gyty ($119.81 in chips) 
Seat 4: Pon4uk.ua ($100 in chips) 
Seat 5: jeffy27dt1 ($107.96 in chips) 
Seat 6: pip2155 ($59.82 in chips) 
gig.gyty: posts small blind $0.50
Pon4uk.ua: posts big blind $1
*** HOLE CARDS ***
jeffy27dt1: folds 
pip2155: calls $1
blistein: folds 
NoonTime1991: folds 
gig.gyty: raises $4 to $5
Pon4uk.ua: folds 
pip2155: folds 
Uncalled bet ($4) returned to gig.gyty
gig.gyty collected $3 from pot
gig.gyty: doesn't show hand 
*** SUMMARY ***
Total pot $3 | Rake $0 
Seat 1: blistein folded before Flop (didn't bet)
Seat 2: NoonTime1991 (button) folded before Flop (didn't bet)
Seat 3: gig.gyty (small blind) collected ($3)
Seat 4: Pon4uk.ua (big blind) folded before Flop
Seat 5: jeffy27dt1 folded before Flop (didn't bet)
Seat 6: pip2155 folded before Flop



PokerStars Hand #254379867124:  Hold'em No Limit ($0.50/$1.00 USD) - 2025/01/15 11:03:22 WET [2025/01/15 6:03:22 ET]
Table 'Suttung III' 6-max Seat #3 is the button
Seat 1: blistein ($152.63 in chips) 
Seat 2: NoonTime1991 ($172.77 in chips) 
Seat 3: gig.gyty ($121.81 in chips) 
Seat 4: Pon4uk.ua ($100 in chips) 
Seat 5: jeffy27dt1 ($107.96 in chips) 
Seat 6: pip2155 ($58.82 in chips) 
Pon4uk.ua: posts small blind $0.50
jeffy27dt1: posts big blind $1
*** HOLE CARDS ***
pip2155: calls $1
blistein: folds 
NoonTime1991: folds 
gig.gyty: folds 
Pon4uk.ua: folds 
jeffy27dt1: checks 
*** FLOP *** [9c Jd Kd]
jeffy27dt1: checks 
pip2155: bets $1
jeffy27dt1: folds 
Uncalled bet ($1) returned to pip2155
pip2155 collected $2.38 from pot
*** SUMMARY ***
Total pot $2.50 | Rake $0.12 
Board [9c Jd Kd]
Seat 1: blistein folded before Flop (didn't bet)
Seat 2: NoonTime1991 folded before Flop (didn't bet)
Seat 3: gig.gyty (button) folded before Flop (didn't bet)
Seat 4: Pon4uk.ua (small blind) folded before Flop
Seat 5: jeffy27dt1 (big blind) folded on the Flop
Seat 6: pip2155 collected ($2.38)



PokerStars Hand #254379870580:  Hold'em No Limit ($0.50/$1.00 USD) - 2025/01/15 11:03:50 WET [2025/01/15 6:03:50 ET]
Table 'Suttung III' 6-max Seat #4 is the button
Seat 1: blistein ($152.63 in chips) 
Seat 2: NoonTime1991 ($172.77 in chips) 
Seat 3: gig.gyty ($121.81 in chips) 
Seat 4: Pon4uk.ua ($100 in chips) 
Seat 5: jeffy27dt1 ($106.96 in chips) 
Seat 6: pip2155 ($60.20 in chips) 
jeffy27dt1: posts small blind $0.50
pip2155: posts big blind $1
*** HOLE CARDS ***
blistein: folds 
NoonTime1991: folds 
gig.gyty: folds 
Pon4uk.ua: raises $1.50 to $2.50
jeffy27dt1: folds 
pip2155: calls $1.50
*** FLOP *** [8s Tc As]
pip2155: bets $2.61
Pon4uk.ua: calls $2.61
*** TURN *** [8s Tc As] [4d]
pip2155: bets $1
Pon4uk.ua: raises $7 to $8
pip2155: calls $7
*** RIVER *** [8s Tc As 4d] [2h]
pip2155: bets $1
Pon4uk.ua: calls $1
*** SHOW DOWN ***
pip2155: shows [8h Qd] (a pair of Eights)
Pon4uk.ua: shows [9d Ah] (a pair of Aces)
Pon4uk.ua collected $27.28 from pot
*** SUMMARY ***
Total pot $28.72 | Rake $1.44 
Board [8s Tc As 4d 2h]
Seat 1: blistein folded before Flop (didn't bet)
Seat 2: NoonTime1991 folded before Flop (didn't bet)
Seat 3: gig.gyty folded before Flop (didn't bet)
Seat 4: Pon4uk.ua (button) showed [9d Ah] and won ($27.28) with a pair of Aces
Seat 5: jeffy27dt1 (small blind) folded before Flop
Seat 6: pip2155 (big blind) showed [8h Qd] and lost with a pair of Eights



PokerStars Hand #254379875657:  Hold'em No Limit ($0.50/$1.00 USD) - 2025/01/15 11:04:32 WET [2025/01/15 6:04:32 ET]
Table 'Suttung III' 6-max Seat #5 is the button
Seat 6: pip2155 ($46.09 in chips) is sitting out
Seat 1: blistein ($152.63 in chips) 
Seat 2: NoonTime1991 ($172.77 in chips) 
Seat 3: gig.gyty ($121.81 in chips) 
Seat 4: Pon4uk.ua ($113.17 in chips) 
Seat 5: jeffy27dt1 ($106.46 in chips) 
pip2155 has timed out
pip2155: is sitting out 
blistein: posts small blind $0.50
NoonTime1991: posts big blind $1
*** HOLE CARDS ***
gig.gyty: folds 
Pon4uk.ua: raises $1.50 to $2.50
jeffy27dt1: folds 
blistein: folds 
NoonTime1991: folds 
Uncalled bet ($1.50) returned to Pon4uk.ua
Pon4uk.ua collected $2.50 from pot
Pon4uk.ua: doesn't show hand 
*** SUMMARY ***
Total pot $2.50 | Rake $0 
Seat 6: pip2155
Seat 1: blistein (small blind) folded before Flop
Seat 2: NoonTime1991 (big blind) folded before Flop
Seat 3: gig.gyty folded before Flop (didn't bet)
Seat 4: Pon4uk.ua collected ($2.50)
Seat 5: jeffy27dt1 (button) folded before Flop (didn't bet)



PokerStars Hand #254379880167:  Hold'em No Limit ($0.50/$1.00 USD) - 2025/01/15 11:05:09 WET [2025/01/15 6:05:09 ET]
Table 'Suttung III' 6-max Seat #1 is the button
Seat 1: blistein ($152.13 in chips) 
Seat 2: NoonTime1991 ($171.77 in chips) 
Seat 3: gig.gyty ($121.81 in chips) 
Seat 4: Pon4uk.ua ($114.67 in chips) 
Seat 5: jeffy27dt1 ($106.46 in chips) 
Seat 6: pip2155 ($46.09 in chips) 
NoonTime1991: posts small blind $0.50
gig.gyty: posts big blind $1
pip2155: posts small blind $0.50
*** HOLE CARDS ***
Pon4uk.ua: folds 
jeffy27dt1: folds 
pip2155: raises $5 to $6
blistein: folds 
NoonTime1991: folds 
gig.gyty: folds 
Uncalled bet ($5) returned to pip2155
pip2155 collected $3 from pot
*** SUMMARY ***
Total pot $3 | Rake $0 
Seat 1: blistein (button) folded before Flop (didn't bet)
Seat 2: NoonTime1991 (small blind) folded before Flop
Seat 3: gig.gyty (big blind) folded before Flop
Seat 4: Pon4uk.ua folded before Flop (didn't bet)
Seat 5: jeffy27dt1 folded before Flop (didn't bet)
Seat 6: pip2155 collected ($3)



PokerStars Hand #254379885624:  Hold'em No Limit ($0.50/$1.00 USD) - 2025/01/15 11:05:54 WET [2025/01/15 6:05:54 ET]
Table 'Suttung III' 6-max Seat #2 is the button
Seat 1: blistein ($152.13 in chips) 
Seat 2: NoonTime1991 ($171.27 in chips) 
Seat 3: gig.gyty ($120.81 in chips) 
Seat 4: Pon4uk.ua ($114.67 in chips) 
Seat 5: jeffy27dt1 ($106.46 in chips) 
Seat 6: pip2155 ($47.59 in chips) 
gig.gyty: posts small blind $0.50
Pon4uk.ua: posts big blind $1
*** HOLE CARDS ***
jeffy27dt1: folds 
pip2155: raises $3 to $4
blistein: folds 
NoonTime1991: folds 
gig.gyty: folds 
Pon4uk.ua: folds 
Uncalled bet ($3) returned to pip2155
pip2155 collected $2.50 from pot
*** SUMMARY ***
Total pot $2.50 | Rake $0 
Seat 1: blistein folded before Flop (didn't bet)
Seat 2: NoonTime1991 (button) folded before Flop (didn't bet)
Seat 3: gig.gyty (small blind) folded before Flop
Seat 4: Pon4uk.ua (big blind) folded before Flop
Seat 5: jeffy27dt1 folded before Flop (didn't bet)
Seat 6: pip2155 collected ($2.50)



PokerStars Hand #254379887975:  Hold'em No Limit ($0.50/$1.00 USD) - 2025/01/15 11:06:13 WET [2025/01/15 6:06:13 ET]
Table 'Suttung III' 6-max Seat #3 is the button
Seat 1: blistein ($152.13 in chips) 
Seat 2: NoonTime1991 ($171.27 in chips) 
Seat 3: gig.gyty ($120.31 in chips) 
Seat 4: Pon4uk.ua ($113.67 in chips) 
Seat 5: jeffy27dt1 ($106.46 in chips) 
Seat 6: pip2155 ($49.09 in chips) 
Pon4uk.ua: posts small blind $0.50
jeffy27dt1: posts big blind $1
*** HOLE CARDS ***
pip2155: folds 
blistein: folds 
NoonTime1991: folds 
gig.gyty: folds 
Pon4uk.ua: raises $1.75 to $2.75
jeffy27dt1: folds 
Uncalled bet ($1.75) returned to Pon4uk.ua
Pon4uk.ua collected $2 from pot
Pon4uk.ua: doesn't show hand 
*** SUMMARY ***
Total pot $2 | Rake $0 
Seat 1: blistein folded before Flop (didn't bet)
Seat 2: NoonTime1991 folded before Flop (didn't bet)
Seat 3: gig.gyty (button) folded before Flop (didn't bet)
Seat 4: Pon4uk.ua (small blind) collected ($2)
Seat 5: jeffy27dt1 (big blind) folded before Flop
Seat 6: pip2155 folded before Flop (didn't bet)



PokerStars Hand #254379889284:  Hold'em No Limit ($0.50/$1.00 USD) - 2025/01/15 11:06:24 WET [2025/01/15 6:06:24 ET]
Table 'Suttung III' 6-max Seat #4 is the button
Seat 1: blistein ($152.13 in chips) 
Seat 2: NoonTime1991 ($171.27 in chips) 
Seat 3: gig.gyty ($120.31 in chips) 
Seat 4: Pon4uk.ua ($114.67 in chips) 
Seat 5: jeffy27dt1 ($105.46 in chips) 
Seat 6: pip2155 ($49.09 in chips) 
jeffy27dt1: posts small blind $0.50
pip2155: posts big blind $1
*** HOLE CARDS ***
blistein: folds 
NoonTime1991: raises $1 to $2
gig.gyty: folds 
Pon4uk.ua: folds 
jeffy27dt1: folds 
pip2155: folds 
Uncalled bet ($1) returned to NoonTime1991
NoonTime1991 collected $2.50 from pot
NoonTime1991: doesn't show hand 
*** SUMMARY ***
Total pot $2.50 | Rake $0 
Seat 1: blistein folded before Flop (didn't bet)
Seat 2: NoonTime1991 collected ($2.50)
Seat 3: gig.gyty folded before Flop (didn't bet)
Seat 4: Pon4uk.ua (button) folded before Flop (didn't bet)
Seat 5: jeffy27dt1 (small blind) folded before Flop
Seat 6: pip2155 (big blind) folded before Flop



PokerStars Hand #254379890797:  Hold'em No Limit ($0.50/$1.00 USD) - 2025/01/15 11:06:37 WET [2025/01/15 6:06:37 ET]
Table 'Suttung III' 6-max Seat #5 is the button
Seat 1: blistein ($152.13 in chips) 
Seat 2: NoonTime1991 ($172.77 in chips) 
Seat 3: gig.gyty ($120.31 in chips) 
Seat 4: Pon4uk.ua ($114.67 in chips) 
Seat 5: jeffy27dt1 ($104.96 in chips) 
Seat 6: pip2155 ($48.09 in chips) 
pip2155: posts small blind $0.50
blistein: posts big blind $1
*** HOLE CARDS ***
NoonTime1991: folds 
gig.gyty: folds 
Pon4uk.ua: folds 
jeffy27dt1: raises $1.50 to $2.50
pip2155: raises $6.50 to $9
blistein: folds 
jeffy27dt1: folds 
Uncalled bet ($6.50) returned to pip2155
pip2155 collected $6 from pot
*** SUMMARY ***
Total pot $6 | Rake $0 
Seat 1: blistein (big blind) folded before Flop
Seat 2: NoonTime1991 folded before Flop (didn't bet)
Seat 3: gig.gyty folded before Flop (didn't bet)
Seat 4: Pon4uk.ua folded before Flop (didn't bet)
Seat 5: jeffy27dt1 (button) folded before Flop
Seat 6: pip2155 (small blind) collected ($6)



PokerStars Hand #254379896576:  Hold'em No Limit ($0.50/$1.00 USD) - 2025/01/15 11:07:24 WET [2025/01/15 6:07:24 ET]
Table 'Suttung III' 6-max Seat #6 is the button
Seat 1: blistein ($151.13 in chips) 
Seat 2: NoonTime1991 ($172.77 in chips) 
Seat 3: gig.gyty ($120.31 in chips) 
Seat 4: Pon4uk.ua ($114.67 in chips) 
Seat 5: jeffy27dt1 ($102.46 in chips) 
Seat 6: pip2155 ($51.59 in chips) 
blistein: posts small blind $0.50
NoonTime1991: posts big blind $1
*** HOLE CARDS ***
gig.gyty: folds 
Pon4uk.ua: folds 
jeffy27dt1: folds 
pip2155: calls $1
blistein: folds 
NoonTime1991: checks 
*** FLOP *** [Qh 6h 9d]
NoonTime1991: checks 
pip2155: checks 
*** TURN *** [Qh 6h 9d] [6c]
NoonTime1991: checks 
pip2155: checks 
*** RIVER *** [Qh 6h 9d 6c] [5d]
NoonTime1991: bets $1
pip2155: calls $1
*** SHOW DOWN ***
NoonTime1991: shows [4s 3h] (a pair of Sixes)
pip2155: shows [3c Ac] (a pair of Sixes - Ace kicker)
pip2155 collected $4.28 from pot
*** SUMMARY ***
Total pot $4.50 | Rake $0.22 
Board [Qh 6h 9d 6c 5d]
Seat 1: blistein (small blind) folded before Flop
Seat 2: NoonTime1991 (big blind) showed [4s 3h] and lost with a pair of Sixes
Seat 3: gig.gyty folded before Flop (didn't bet)
Seat 4: Pon4uk.ua folded before Flop (didn't bet)
Seat 5: jeffy27dt1 folded before Flop (didn't bet)
Seat 6: pip2155 (button) showed [3c Ac] and won ($4.28) with a pair of Sixes



PokerStars Hand #254379901372:  Hold'em No Limit ($0.50/$1.00 USD) - 2025/01/15 11:08:04 WET [2025/01/15 6:08:04 ET]
Table 'Suttung III' 6-max Seat #1 is the button
Seat 1: blistein ($150.63 in chips) 
Seat 2: NoonTime1991 ($170.77 in chips) 
Seat 3: gig.gyty ($120.31 in chips) 
Seat 4: Pon4uk.ua ($114.67 in chips) 
Seat 5: jeffy27dt1 ($102.46 in chips) 
Seat 6: pip2155 ($53.87 in chips) 
NoonTime1991: posts small blind $0.50
gig.gyty: posts big blind $1
*** HOLE CARDS ***
Pon4uk.ua: folds 
jeffy27dt1: folds 
pip2155: calls $1
blistein: folds 
NoonTime1991: calls $0.50
gig.gyty: raises $6 to $7
pip2155: calls $6
NoonTime1991: folds 
*** FLOP *** [6d 2d Ah]
gig.gyty: checks 
pip2155: checks 
*** TURN *** [6d 2d Ah] [7c]
gig.gyty: bets $12
pip2155: folds 
Uncalled bet ($12) returned to gig.gyty
gig.gyty collected $14.25 from pot
gig.gyty: doesn't show hand 
*** SUMMARY ***
Total pot $15 | Rake $0.75 
Board [6d 2d Ah 7c]
Seat 1: blistein (button) folded before Flop (didn't bet)
Seat 2: NoonTime1991 (small blind) folded before Flop
Seat 3: gig.gyty (big blind) collected ($14.25)
Seat 4: Pon4uk.ua folded before Flop (didn't bet)
Seat 5: jeffy27dt1 folded before Flop (didn't bet)
Seat 6: pip2155 folded on the Turn



PokerStars Hand #254379907946:  Hold'em No Limit ($0.50/$1.00 USD) - 2025/01/15 11:08:58 WET [2025/01/15 6:08:58 ET]
Table 'Suttung III' 6-max Seat #2 is the button
Seat 1: blistein ($150.63 in chips) 
Seat 2: NoonTime1991 ($169.77 in chips) 
Seat 3: gig.gyty ($127.56 in chips) 
Seat 4: Pon4uk.ua ($114.67 in chips) 
Seat 5: jeffy27dt1 ($102.46 in chips) 
Seat 6: pip2155 ($46.87 in chips) 
gig.gyty: posts small blind $0.50
Pon4uk.ua: posts big blind $1
*** HOLE CARDS ***
jeffy27dt1: folds 
pip2155: raises $2.50 to $3.50
blistein: folds 
NoonTime1991: raises $6.50 to $10
gig.gyty: folds 
Pon4uk.ua: folds 
pip2155: folds 
Uncalled bet ($6.50) returned to NoonTime1991
NoonTime1991 collected $8.50 from pot
NoonTime1991: doesn't show hand 
*** SUMMARY ***
Total pot $8.50 | Rake $0 
Seat 1: blistein folded before Flop (didn't bet)
Seat 2: NoonTime1991 (button) collected ($8.50)
Seat 3: gig.gyty (small blind) folded before Flop
Seat 4: Pon4uk.ua (big blind) folded before Flop
Seat 5: jeffy27dt1 folded before Flop (didn't bet)
Seat 6: pip2155 folded before Flop



PokerStars Hand #254379911383:  Hold'em No Limit ($0.50/$1.00 USD) - 2025/01/15 11:09:25 WET [2025/01/15 6:09:25 ET]
Table 'Suttung III' 6-max Seat #3 is the button
Seat 1: blistein ($150.63 in chips) 
Seat 2: NoonTime1991 ($174.77 in chips) 
Seat 3: gig.gyty ($127.06 in chips) 
Seat 4: Pon4uk.ua ($113.67 in chips) 
Seat 5: jeffy27dt1 ($102.46 in chips) 
Seat 6: pip2155 ($43.37 in chips) 
Pon4uk.ua: posts small blind $0.50
jeffy27dt1: posts big blind $1
*** HOLE CARDS ***
pip2155: folds 
blistein: folds 
NoonTime1991: folds 
gig.gyty: raises $1.50 to $2.50
Pon4uk.ua: folds 
jeffy27dt1: raises $10.50 to $13
gig.gyty: folds 
Uncalled bet ($10.50) returned to jeffy27dt1
jeffy27dt1 collected $5.50 from pot
jeffy27dt1: doesn't show hand 
*** SUMMARY ***
Total pot $5.50 | Rake $0 
Seat 1: blistein folded before Flop (didn't bet)
Seat 2: NoonTime1991 folded before Flop (didn't bet)
Seat 3: gig.gyty (button) folded before Flop
Seat 4: Pon4uk.ua (small blind) folded before Flop
Seat 5: jeffy27dt1 (big blind) collected ($5.50)
Seat 6: pip2155 folded before Flop (didn't bet)



PokerStars Hand #254379916503:  Hold'em No Limit ($0.50/$1.00 USD) - 2025/01/15 11:10:07 WET [2025/01/15 6:10:07 ET]
Table 'Suttung III' 6-max Seat #4 is the button
Seat 1: blistein ($150.63 in chips) 
Seat 2: NoonTime1991 ($174.77 in chips) 
Seat 3: gig.gyty ($124.56 in chips) 
Seat 4: Pon4uk.ua ($113.17 in chips) 
Seat 5: jeffy27dt1 ($105.46 in chips) 
Seat 6: pip2155 ($43.37 in chips) 
jeffy27dt1: posts small blind $0.50
pip2155: posts big blind $1
*** HOLE CARDS ***
blistein: folds 
NoonTime1991: folds 
gig.gyty: folds 
Pon4uk.ua: raises $1.50 to $2.50
jeffy27dt1: folds 
pip2155: raises $5.50 to $8
Pon4uk.ua: folds 
Uncalled bet ($5.50) returned to pip2155
pip2155 collected $5.50 from pot
*** SUMMARY ***
Total pot $5.50 | Rake $0 
Seat 1: blistein folded before Flop (didn't bet)
Seat 2: NoonTime1991 folded before Flop (didn't bet)
Seat 3: gig.gyty folded before Flop (didn't bet)
Seat 4: Pon4uk.ua (button) folded before Flop
Seat 5: jeffy27dt1 (small blind) folded before Flop
Seat 6: pip2155 (big blind) collected ($5.50)



PokerStars Hand #254379919761:  Hold'em No Limit ($0.50/$1.00 USD) - 2025/01/15 11:10:34 WET [2025/01/15 6:10:34 ET]
Table 'Suttung III' 6-max Seat #5 is the button
Seat 1: blistein ($150.63 in chips) 
Seat 2: NoonTime1991 ($174.77 in chips) 
Seat 3: gig.gyty ($124.56 in chips) 
Seat 4: Pon4uk.ua ($110.67 in chips) 
Seat 5: jeffy27dt1 ($104.96 in chips) 
Seat 6: pip2155 ($46.37 in chips) 
pip2155: posts small blind $0.50
blistein: posts big blind $1
*** HOLE CARDS ***
NoonTime1991: folds 
gig.gyty: folds 
Pon4uk.ua: raises $1.50 to $2.50
jeffy27dt1: folds 
pip2155: calls $2
blistein: folds 
*** FLOP *** [Qs Ac Ad]
pip2155: checks 
Pon4uk.ua: bets $1.88
pip2155: folds 
Uncalled bet ($1.88) returned to Pon4uk.ua
Pon4uk.ua collected $5.70 from pot
Pon4uk.ua: doesn't show hand 
*** SUMMARY ***
Total pot $6 | Rake $0.30 
Board [Qs Ac Ad]
Seat 1: blistein (big blind) folded before Flop
Seat 2: NoonTime1991 folded before Flop (didn't bet)
Seat 3: gig.gyty folded before Flop (didn't bet)
Seat 4: Pon4uk.ua collected ($5.70)
Seat 5: jeffy27dt1 (button) folded before Flop (didn't bet)
Seat 6: pip2155 (small blind) folded on the Flop



PokerStars Hand #254379922762:  Hold'em No Limit ($0.50/$1.00 USD) - 2025/01/15 11:10:59 WET [2025/01/15 6:10:59 ET]
Table 'Suttung III' 6-max Seat #6 is the button
Seat 1: blistein ($149.63 in chips) 
Seat 2: NoonTime1991 ($174.77 in chips) 
Seat 3: gig.gyty ($124.56 in chips) 
Seat 4: Pon4uk.ua ($113.87 in chips) 
Seat 5: jeffy27dt1 ($104.96 in chips) 
Seat 6: pip2155 ($43.87 in chips) 
blistein: posts small blind $0.50
NoonTime1991: posts big blind $1
*** HOLE CARDS ***
gig.gyty: folds 
Pon4uk.ua: raises $1 to $2
jeffy27dt1: folds 
pip2155: folds 
blistein: folds 
NoonTime1991: folds 
Uncalled bet ($1) returned to Pon4uk.ua
Pon4uk.ua collected $2.50 from pot
Pon4uk.ua: doesn't show hand 
*** SUMMARY ***
Total pot $2.50 | Rake $0 
Seat 1: blistein (small blind) folded before Flop
Seat 2: NoonTime1991 (big blind) folded before Flop
Seat 3: gig.gyty folded before Flop (didn't bet)
Seat 4: Pon4uk.ua collected ($2.50)
Seat 5: jeffy27dt1 folded before Flop (didn't bet)
Seat 6: pip2155 (button) folded before Flop (didn't bet)



PokerStars Hand #254379924059:  Hold'em No Limit ($0.50/$1.00 USD) - 2025/01/15 11:11:09 WET [2025/01/15 6:11:09 ET]
Table 'Suttung III' 6-max Seat #1 is the button
Seat 1: blistein ($149.13 in chips) 
Seat 2: NoonTime1991 ($173.77 in chips) 
Seat 3: gig.gyty ($124.56 in chips) 
Seat 4: Pon4uk.ua ($115.37 in chips) 
Seat 5: jeffy27dt1 ($104.96 in chips) 
Seat 6: pip2155 ($43.87 in chips) 
NoonTime1991: posts small blind $0.50
gig.gyty: posts big blind $1
*** HOLE CARDS ***
Pon4uk.ua: folds 
jeffy27dt1: folds 
pip2155: calls $1
blistein: raises $2.50 to $3.50
NoonTime1991: folds 
gig.gyty: folds 
pip2155: calls $2.50
*** FLOP *** [4c Qs 9d]
pip2155: bets $1
blistein: calls $1
*** TURN *** [4c Qs 9d] [6d]
pip2155: bets $4
blistein: folds 
Uncalled bet ($4) returned to pip2155
pip2155 collected $9.98 from pot
*** SUMMARY ***
Total pot $10.50 | Rake $0.52 
Board [4c Qs 9d 6d]
Seat 1: blistein (button) folded on the Turn
Seat 2: NoonTime1991 (small blind) folded before Flop
Seat 3: gig.gyty (big blind) folded before Flop
Seat 4: Pon4uk.ua folded before Flop (didn't bet)
Seat 5: jeffy27dt1 folded before Flop (didn't bet)
Seat 6: pip2155 collected ($9.98)



PokerStars Hand #254379929592:  Hold'em No Limit ($0.50/$1.00 USD) - 2025/01/15 11:11:54 WET [2025/01/15 6:11:54 ET]
Table 'Suttung III' 6-max Seat #2 is the button
Seat 1: blistein ($144.63 in chips) 
Seat 2: NoonTime1991 ($173.27 in chips) 
Seat 3: gig.gyty ($123.56 in chips) 
Seat 4: Pon4uk.ua ($115.37 in chips) 
Seat 5: jeffy27dt1 ($104.96 in chips) 
Seat 6: pip2155 ($49.35 in chips) 
gig.gyty: posts small blind $0.50
Pon4uk.ua: posts big blind $1
*** HOLE CARDS ***
jeffy27dt1: raises $1.50 to $2.50
pip2155: folds 
blistein: folds 
NoonTime1991: folds 
gig.gyty: folds 
Pon4uk.ua: calls $1.50
*** FLOP *** [5d 2c 4c]
Pon4uk.ua: checks 
jeffy27dt1: checks 
*** TURN *** [5d 2c 4c] [3c]
Pon4uk.ua: checks 
jeffy27dt1: checks 
*** RIVER *** [5d 2c 4c 3c] [7h]
Pon4uk.ua: checks 
jeffy27dt1: checks 
*** SHOW DOWN ***
Pon4uk.ua: shows [Jh Kh] (high card King)
jeffy27dt1: mucks hand 
Pon4uk.ua collected $5.22 from pot
*** SUMMARY ***
Total pot $5.50 | Rake $0.28 
Board [5d 2c 4c 3c 7h]
Seat 1: blistein folded before Flop (didn't bet)
Seat 2: NoonTime1991 (button) folded before Flop (didn't bet)
Seat 3: gig.gyty (small blind) folded before Flop
Seat 4: Pon4uk.ua (big blind) showed [Jh Kh] and won ($5.22) with high card King
Seat 5: jeffy27dt1 mucked
Seat 6: pip2155 folded before Flop (didn't bet)



PokerStars Hand #254379934832:  Hold'em No Limit ($0.50/$1.00 USD) - 2025/01/15 11:12:36 WET [2025/01/15 6:12:36 ET]
Table 'Suttung III' 6-max Seat #3 is the button
Seat 1: blistein ($144.63 in chips) 
Seat 2: NoonTime1991 ($173.27 in chips) 
Seat 3: gig.gyty ($123.06 in chips) 
Seat 4: Pon4uk.ua ($118.09 in chips) 
Seat 5: jeffy27dt1 ($102.46 in chips) 
Seat 6: pip2155 ($49.35 in chips) 
Pon4uk.ua: posts small blind $0.50
jeffy27dt1: posts big blind $1
*** HOLE CARDS ***
pip2155: folds 
blistein: folds 
NoonTime1991: folds 
gig.gyty: raises $1.50 to $2.50
Pon4uk.ua: folds 
jeffy27dt1: folds 
Uncalled bet ($1.50) returned to gig.gyty
gig.gyty collected $2.50 from pot
gig.gyty: doesn't show hand 
*** SUMMARY ***
Total pot $2.50 | Rake $0 
Seat 1: blistein folded before Flop (didn't bet)
Seat 2: NoonTime1991 folded before Flop (didn't bet)
Seat 3: gig.gyty (button) collected ($2.50)
Seat 4: Pon4uk.ua (small blind) folded before Flop
Seat 5: jeffy27dt1 (big blind) folded before Flop
Seat 6: pip2155 folded before Flop (didn't bet)



PokerStars Hand #254379937464:  Hold'em No Limit ($0.50/$1.00 USD) - 2025/01/15 11:12:58 WET [2025/01/15 6:12:58 ET]
Table 'Suttung III' 6-max Seat #4 is the button
Seat 1: blistein ($144.63 in chips) 
Seat 2: NoonTime1991 ($173.27 in chips) 
Seat 3: gig.gyty ($124.56 in chips) 
Seat 4: Pon4uk.ua ($117.59 in chips) 
Seat 5: jeffy27dt1 ($101.46 in chips) 
Seat 6: pip2155 ($49.35 in chips) 
jeffy27dt1: posts small blind $0.50
pip2155: posts big blind $1
*** HOLE CARDS ***
blistein: folds 
NoonTime1991: folds 
gig.gyty: raises $1.25 to $2.25
Pon4uk.ua: raises $5.25 to $7.50
jeffy27dt1: folds 
pip2155: folds 
gig.gyty: raises $13 to $20.50
Pon4uk.ua: calls $13
*** FLOP *** [3c 4s 4d]
gig.gyty: bets $10.10
Pon4uk.ua: calls $10.10
*** TURN *** [3c 4s 4d] [8c]
gig.gyty: bets $19.87
Pon4uk.ua: folds 
Uncalled bet ($19.87) returned to gig.gyty
gig.gyty collected $60.20 from pot
gig.gyty: doesn't show hand 
*** SUMMARY ***
Total pot $62.70 | Rake $2.50 
Board [3c 4s 4d 8c]
Seat 1: blistein folded before Flop (didn't bet)
Seat 2: NoonTime1991 folded before Flop (didn't bet)
Seat 3: gig.gyty collected ($60.20)
Seat 4: Pon4uk.ua (button) folded on the Turn
Seat 5: jeffy27dt1 (small blind) folded before Flop
Seat 6: pip2155 (big blind) folded before Flop



PokerStars Hand #254379950424:  Hold'em No Limit ($0.50/$1.00 USD) - 2025/01/15 11:14:41 WET [2025/01/15 6:14:41 ET]
Table 'Suttung III' 6-max Seat #5 is the button
Seat 1: blistein ($144.63 in chips) 
Seat 2: NoonTime1991 ($173.27 in chips) 
Seat 3: gig.gyty ($154.16 in chips) 
Seat 4: Pon4uk.ua ($100 in chips) 
Seat 5: jeffy27dt1 ($100.96 in chips) 
Seat 6: pip2155 ($48.35 in chips) 
pip2155: posts small blind $0.50
blistein: posts big blind $1
*** HOLE CARDS ***
NoonTime1991: folds 
gig.gyty: folds 
Pon4uk.ua: folds 
jeffy27dt1: raises $1.50 to $2.50
pip2155: folds 
blistein: folds 
Uncalled bet ($1.50) returned to jeffy27dt1
jeffy27dt1 collected $2.50 from pot
jeffy27dt1: doesn't show hand 
*** SUMMARY ***
Total pot $2.50 | Rake $0 
Seat 1: blistein (big blind) folded before Flop
Seat 2: NoonTime1991 folded before Flop (didn't bet)
Seat 3: gig.gyty folded before Flop (didn't bet)
Seat 4: Pon4uk.ua folded before Flop (didn't bet)
Seat 5: jeffy27dt1 (button) collected ($2.50)
Seat 6: pip2155 (small blind) folded before Flop



PokerStars Hand #254379952473:  Hold'em No Limit ($0.50/$1.00 USD) - 2025/01/15 11:14:57 WET [2025/01/15 6:14:57 ET]
Table 'Suttung III' 6-max Seat #6 is the button
Seat 1: blistein ($143.63 in chips) 
Seat 2: NoonTime1991 ($173.27 in chips) 
Seat 3: gig.gyty ($154.16 in chips) 
Seat 4: Pon4uk.ua ($100 in chips) 
Seat 5: jeffy27dt1 ($102.46 in chips) 
Seat 6: pip2155 ($47.85 in chips) 
blistein: posts small blind $0.50
NoonTime1991: posts big blind $1
*** HOLE CARDS ***
gig.gyty: folds 
Pon4uk.ua: folds 
jeffy27dt1: folds 
pip2155: calls $1
blistein: folds 
NoonTime1991: raises $3 to $4
pip2155: raises $8 to $12
NoonTime1991: raises $161.27 to $173.27 and is all-in
pip2155: calls $35.85 and is all-in
Uncalled bet ($125.42) returned to NoonTime1991
*** FLOP *** [Tc Ks 6h]
*** TURN *** [Tc Ks 6h] [Qs]
*** RIVER *** [Tc Ks 6h Qs] [9h]
*** SHOW DOWN ***
NoonTime1991: shows [Kc Kd] (three of a kind, Kings)
pip2155: shows [9c 9s] (three of a kind, Nines)
NoonTime1991 collected $93.70 from pot
*** SUMMARY ***
Total pot $96.20 | Rake $2.50 
Board [Tc Ks 6h Qs 9h]
Seat 1: blistein (small blind) folded before Flop
Seat 2: NoonTime1991 (big blind) showed [Kc Kd] and won ($93.70) with three of a kind, Kings
Seat 3: gig.gyty folded before Flop (didn't bet)
Seat 4: Pon4uk.ua folded before Flop (didn't bet)
Seat 5: jeffy27dt1 folded before Flop (didn't bet)
Seat 6: pip2155 (button) showed [9c 9s] and lost with three of a kind, Nines



PokerStars Hand #254379956570:  Hold'em No Limit ($0.50/$1.00 USD) - 2025/01/15 11:15:30 WET [2025/01/15 6:15:30 ET]
Table 'Suttung III' 6-max Seat #1 is the button
Seat 6: pip2155 ($0 in chips) is sitting out
Seat 1: blistein ($143.13 in chips) 
Seat 2: NoonTime1991 ($219.12 in chips) 
Seat 3: gig.gyty ($154.16 in chips) 
Seat 4: Pon4uk.ua ($100 in chips) 
Seat 5: jeffy27dt1 ($102.46 in chips) 
NoonTime1991: posts small blind $0.50
gig.gyty: posts big blind $1
*** HOLE CARDS ***
Pon4uk.ua: folds 
pip2155 is disconnected 
jeffy27dt1: folds 
blistein: raises $1.50 to $2.50
NoonTime1991: folds 
gig.gyty: folds 
Uncalled bet ($1.50) returned to blistein
blistein collected $2.50 from pot
blistein: doesn't show hand 
*** SUMMARY ***
Total pot $2.50 | Rake $0 
Seat 6: pip2155
Seat 1: blistein (button) collected ($2.50)
Seat 2: NoonTime1991 (small blind) folded before Flop
Seat 3: gig.gyty (big blind) folded before Flop
Seat 4: Pon4uk.ua folded before Flop (didn't bet)
Seat 5: jeffy27dt1 folded before Flop (didn't bet)



PokerStars Hand #254379959002:  Hold'em No Limit ($0.50/$1.00 USD) - 2025/01/15 11:15:50 WET [2025/01/15 6:15:50 ET]
Table 'Suttung III' 6-max Seat #2 is the button
Seat 6: pip2155 ($0 in chips) is sitting out
Seat 1: blistein ($144.63 in chips) 
Seat 2: NoonTime1991 ($218.62 in chips) 
Seat 3: gig.gyty ($153.16 in chips) 
Seat 4: Pon4uk.ua ($100 in chips) 
Seat 5: jeffy27dt1 ($102.46 in chips) 
gig.gyty: posts small blind $0.50
Pon4uk.ua: posts big blind $1
*** HOLE CARDS ***
jeffy27dt1: folds 
blistein: folds 
NoonTime1991: raises $1 to $2
gig.gyty: folds 
Pon4uk.ua: folds 
Uncalled bet ($1) returned to NoonTime1991
NoonTime1991 collected $2.50 from pot
NoonTime1991: doesn't show hand 
*** SUMMARY ***
Total pot $2.50 | Rake $0 
Seat 6: pip2155
Seat 1: blistein folded before Flop (didn't bet)
Seat 2: NoonTime1991 (button) collected ($2.50)
Seat 3: gig.gyty (small blind) folded before Flop
Seat 4: Pon4uk.ua (big blind) folded before Flop
Seat 5: jeffy27dt1 folded before Flop (didn't bet)



PokerStars Hand #254379960828:  Hold'em No Limit ($0.50/$1.00 USD) - 2025/01/15 11:16:05 WET [2025/01/15 6:16:05 ET]
Table 'Suttung III' 6-max Seat #3 is the button
Seat 6: pip2155 ($0 in chips) is sitting out
Seat 1: blistein ($144.63 in chips) 
Seat 2: NoonTime1991 ($220.12 in chips) 
Seat 3: gig.gyty ($152.66 in chips) 
Seat 4: Pon4uk.ua ($100 in chips) 
Seat 5: jeffy27dt1 ($102.46 in chips) 
Pon4uk.ua: posts small blind $0.50
jeffy27dt1: posts big blind $1
*** HOLE CARDS ***
blistein: folds 
NoonTime1991: folds 
gig.gyty: folds 
Pon4uk.ua: raises $1.75 to $2.75
jeffy27dt1: folds 
Uncalled bet ($1.75) returned to Pon4uk.ua
Pon4uk.ua collected $2 from pot
Pon4uk.ua: doesn't show hand 
*** SUMMARY ***
Total pot $2 | Rake $0 
Seat 6: pip2155
Seat 1: blistein folded before Flop (didn't bet)
Seat 2: NoonTime1991 folded before Flop (didn't bet)
Seat 3: gig.gyty (button) folded before Flop (didn't bet)
Seat 4: Pon4uk.ua (small blind) collected ($2)
Seat 5: jeffy27dt1 (big blind) folded before Flop



PokerStars Hand #254379963087:  Hold'em No Limit ($0.50/$1.00 USD) - 2025/01/15 11:16:23 WET [2025/01/15 6:16:23 ET]
Table 'Suttung III' 6-max Seat #5 is the button
Seat 1: blistein ($144.63 in chips) is sitting out
Seat 2: NoonTime1991 ($220.12 in chips) is sitting out
Seat 3: gig.gyty ($152.66 in chips) is sitting out
Seat 6: pip2155 ($0 in chips) is sitting out
Seat 4: Pon4uk.ua ($101 in chips) 
Seat 5: jeffy27dt1 ($101.46 in chips) 
jeffy27dt1: posts small blind $0.50
blistein: is sitting out 
NoonTime1991: is sitting out 
gig.gyty: is sitting out 
Pon4uk.ua: posts big blind $1
*** HOLE CARDS ***
blistein leaves the table
gig.gyty leaves the table
Mariuoos joins the table at seat #3 
jeffy27dt1: raises $1.50 to $2.50
Pon4uk.ua: folds 
Uncalled bet ($1.50) returned to jeffy27dt1
jeffy27dt1 collected $2 from pot
jeffy27dt1: doesn't show hand 
*** SUMMARY ***
Total pot $2 | Rake $0 
Seat 1: blistein
Seat 2: NoonTime1991
Seat 3: gig.gyty
Seat 6: pip2155
Seat 4: Pon4uk.ua (big blind) folded before Flop
Seat 5: jeffy27dt1 (button) (small blind) collected ($2)



PokerStars Hand #254379966377:  Hold'em No Limit ($0.50/$1.00 USD) - 2025/01/15 11:16:50 WET [2025/01/15 6:16:50 ET]
Table 'Suttung III' 6-max Seat #5 is the button
Seat 2: NoonTime1991 ($220.12 in chips) is sitting out
Seat 4: Pon4uk.ua ($100 in chips) is sitting out
Seat 6: pip2155 ($0 in chips) is sitting out
Seat 3: Mariuoos ($100 in chips) 
Seat 5: jeffy27dt1 ($102.46 in chips) 
jeffy27dt1: posts small blind $0.50
Mariuoos: posts big blind $1
*** HOLE CARDS ***
NoonTime1991 leaves the table
jeffy27dt1: folds 
Uncalled bet ($0.50) returned to Mariuoos
Mariuoos collected $1 from pot
Mariuoos: doesn't show hand 
*** SUMMARY ***
Total pot $1 | Rake $0 
Seat 2: NoonTime1991
Seat 4: Pon4uk.ua
Seat 6: pip2155
Seat 3: Mariuoos (big blind) collected ($1)
Seat 5: jeffy27dt1 (button) (small blind) folded before Flop



