PokerStars Hand #254383938960:  Hold'em No Limit ($0.50/$1.00 USD) - 2025/01/15 16:05:40 WET [2025/01/15 11:05:40 ET]
Table 'Zelinda III' 6-max Seat #5 is the button
Seat 1: ninidica ($61.49 in chips) 
Seat 2: Poker9803 ($130.55 in chips) 
Seat 3: ReVeu710 ($115.50 in chips) 
Seat 4: mr.Jckpot ($101.68 in chips) 
Seat 5: socito ($100 in chips) 
Seat 6: Evelexy1 ($105.34 in chips) 
Evelexy1: posts small blind $0.50
ninidica: posts big blind $1
*** HOLE CARDS ***
Poker9803: folds 
ReVeu710: folds 
mr.Jckpot: folds 
socito: folds 
Evelexy1: folds 
Uncalled bet ($0.50) returned to ninidica
ninidica collected $1 from pot
*** SUMMARY ***
Total pot $1 | Rake $0 
Seat 1: ninidica (big blind) collected ($1)
Seat 2: Poker9803 folded before Flop (didn't bet)
Seat 3: ReVeu710 folded before Flop (didn't bet)
Seat 4: mr.Jckpot folded before Flop (didn't bet)
Seat 5: socito (button) folded before Flop (didn't bet)
Seat 6: Evelexy1 (small blind) folded before Flop



PokerStars Hand #254383944113:  Hold'em No Limit ($0.50/$1.00 USD) - 2025/01/15 16:06:03 WET [2025/01/15 11:06:03 ET]
Table 'Zelinda III' 6-max Seat #6 is the button
Seat 1: ninidica ($61.99 in chips) 
Seat 2: Poker9803 ($130.55 in chips) 
Seat 3: ReVeu710 ($115.50 in chips) 
Seat 4: mr.Jckpot ($101.68 in chips) 
Seat 5: socito ($100 in chips) 
Seat 6: Evelexy1 ($104.84 in chips) 
ninidica: posts small blind $0.50
Poker9803: posts big blind $1
*** HOLE CARDS ***
ReVeu710: folds 
mr.Jckpot: folds 
socito: raises $1.50 to $2.50
Evelexy1: folds 
ninidica: folds 
Poker9803: folds 
Uncalled bet ($1.50) returned to socito
socito collected $2.50 from pot
socito: doesn't show hand 
*** SUMMARY ***
Total pot $2.50 | Rake $0 
Seat 1: ninidica (small blind) folded before Flop
Seat 2: Poker9803 (big blind) folded before Flop
Seat 3: ReVeu710 folded before Flop (didn't bet)
Seat 4: mr.Jckpot folded before Flop (didn't bet)
Seat 5: socito collected ($2.50)
Seat 6: Evelexy1 (button) folded before Flop (didn't bet)



PokerStars Hand #254383947560:  Hold'em No Limit ($0.50/$1.00 USD) - 2025/01/15 16:06:18 WET [2025/01/15 11:06:18 ET]
Table 'Zelinda III' 6-max Seat #1 is the button
Seat 1: ninidica ($61.49 in chips) 
Seat 2: Poker9803 ($129.55 in chips) 
Seat 3: ReVeu710 ($115.50 in chips) 
Seat 4: mr.Jckpot ($101.68 in chips) 
Seat 5: socito ($101.50 in chips) 
Seat 6: Evelexy1 ($104.84 in chips) 
Poker9803: posts small blind $0.50
ReVeu710: posts big blind $1
*** HOLE CARDS ***
mr.Jckpot: raises $1.50 to $2.50
socito: folds 
Evelexy1: folds 
ninidica: folds 
Poker9803: folds 
ReVeu710: folds 
Uncalled bet ($1.50) returned to mr.Jckpot
mr.Jckpot collected $2.50 from pot
mr.Jckpot: doesn't show hand 
*** SUMMARY ***
Total pot $2.50 | Rake $0 
Seat 1: ninidica (button) folded before Flop (didn't bet)
Seat 2: Poker9803 (small blind) folded before Flop
Seat 3: ReVeu710 (big blind) folded before Flop
Seat 4: mr.Jckpot collected ($2.50)
Seat 5: socito folded before Flop (didn't bet)
Seat 6: Evelexy1 folded before Flop (didn't bet)



PokerStars Hand #254383949862:  Hold'em No Limit ($0.50/$1.00 USD) - 2025/01/15 16:06:28 WET [2025/01/15 11:06:28 ET]
Table 'Zelinda III' 6-max Seat #2 is the button
Seat 1: ninidica ($61.49 in chips) 
Seat 2: Poker9803 ($129.05 in chips) 
Seat 3: ReVeu710 ($114.50 in chips) 
Seat 4: mr.Jckpot ($103.18 in chips) 
Seat 5: socito ($101.50 in chips) 
Seat 6: Evelexy1 ($104.84 in chips) 
ReVeu710: posts small blind $0.50
mr.Jckpot: posts big blind $1
*** HOLE CARDS ***
socito: raises $1.50 to $2.50
Evelexy1: folds 
ninidica: raises $2.50 to $5
Poker9803: folds 
ReVeu710: folds 
mr.Jckpot: folds 
socito: raises $10 to $15
ninidica: calls $10
*** FLOP *** [Jc Qd Ah]
socito: checks 
ninidica: bets $14.96
socito: calls $14.96
*** TURN *** [Jc Qd Ah] [Td]
socito: checks 
ninidica: bets $31.53 and is all-in
socito: calls $31.53
*** RIVER *** [Jc Qd Ah Td] [5h]
*** SHOW DOWN ***
socito: shows [Kc Ks] (a straight, Ten to Ace)
ninidica: shows [Kh Qc] (a straight, Ten to Ace)
socito collected $60.99 from pot
ninidica collected $60.99 from pot
*** SUMMARY ***
Total pot $124.48 | Rake $2.50 
Board [Jc Qd Ah Td 5h]
Seat 1: ninidica showed [Kh Qc] and won ($60.99) with a straight, Ten to Ace
Seat 2: Poker9803 (button) folded before Flop (didn't bet)
Seat 3: ReVeu710 (small blind) folded before Flop
Seat 4: mr.Jckpot (big blind) folded before Flop
Seat 5: socito showed [Kc Ks] and won ($60.99) with a straight, Ten to Ace
Seat 6: Evelexy1 folded before Flop (didn't bet)



PokerStars Hand #254383962966:  Hold'em No Limit ($0.50/$1.00 USD) - 2025/01/15 16:07:26 WET [2025/01/15 11:07:26 ET]
Table 'Zelinda III' 6-max Seat #3 is the button
Seat 1: ninidica ($60.99 in chips) 
Seat 2: Poker9803 ($129.05 in chips) 
Seat 3: ReVeu710 ($114 in chips) 
Seat 4: mr.Jckpot ($102.18 in chips) 
Seat 5: socito ($101 in chips) 
Seat 6: Evelexy1 ($104.84 in chips) 
mr.Jckpot: posts small blind $0.50
socito: posts big blind $1
*** HOLE CARDS ***
Evelexy1: folds 
ninidica: folds 
Poker9803: folds 
ReVeu710: folds 
mr.Jckpot: raises $2 to $3
socito: calls $2
*** FLOP *** [4c Qh 8d]
mr.Jckpot: bets $3.14
socito: folds 
Uncalled bet ($3.14) returned to mr.Jckpot
mr.Jckpot collected $5.70 from pot
mr.Jckpot: doesn't show hand 
*** SUMMARY ***
Total pot $6 | Rake $0.30 
Board [4c Qh 8d]
Seat 1: ninidica folded before Flop (didn't bet)
Seat 2: Poker9803 folded before Flop (didn't bet)
Seat 3: ReVeu710 (button) folded before Flop (didn't bet)
Seat 4: mr.Jckpot (small blind) collected ($5.70)
Seat 5: socito (big blind) folded on the Flop
Seat 6: Evelexy1 folded before Flop (didn't bet)



PokerStars Hand #254383971902:  Hold'em No Limit ($0.50/$1.00 USD) - 2025/01/15 16:08:05 WET [2025/01/15 11:08:05 ET]
Table 'Zelinda III' 6-max Seat #4 is the button
Seat 1: ninidica ($60.99 in chips) 
Seat 2: Poker9803 ($129.05 in chips) 
Seat 3: ReVeu710 ($114 in chips) 
Seat 4: mr.Jckpot ($104.88 in chips) 
Seat 5: socito ($100 in chips) 
Seat 6: Evelexy1 ($104.84 in chips) 
socito: posts small blind $0.50
Evelexy1: posts big blind $1
*** HOLE CARDS ***
ninidica: raises $1 to $2
Poker9803: raises $4 to $6
ReVeu710: folds 
mr.Jckpot: folds 
socito: folds 
Evelexy1: folds 
ninidica: calls $4
*** FLOP *** [6c 9d 6d]
ninidica: checks 
Poker9803: checks 
*** TURN *** [6c 9d 6d] [6h]
ninidica: checks 
Poker9803: bets $9.62
ninidica: calls $9.62
*** RIVER *** [6c 9d 6d 6h] [Jh]
ninidica: checks 
Poker9803: checks 
*** SHOW DOWN ***
ninidica: shows [3d Ac] (three of a kind, Sixes)
Poker9803: mucks hand 
ninidica collected $31.10 from pot
*** SUMMARY ***
Total pot $32.74 | Rake $1.64 
Board [6c 9d 6d 6h Jh]
Seat 1: ninidica showed [3d Ac] and won ($31.10) with three of a kind, Sixes
Seat 2: Poker9803 mucked
Seat 3: ReVeu710 folded before Flop (didn't bet)
Seat 4: mr.Jckpot (button) folded before Flop (didn't bet)
Seat 5: socito (small blind) folded before Flop
Seat 6: Evelexy1 (big blind) folded before Flop



PokerStars Hand #254383981931:  Hold'em No Limit ($0.50/$1.00 USD) - 2025/01/15 16:08:49 WET [2025/01/15 11:08:49 ET]
Table 'Zelinda III' 6-max Seat #5 is the button
Seat 1: ninidica ($76.47 in chips) 
Seat 2: Poker9803 ($113.43 in chips) 
Seat 3: ReVeu710 ($114 in chips) 
Seat 4: mr.Jckpot ($104.88 in chips) 
Seat 5: socito ($100 in chips) 
Seat 6: Evelexy1 ($103.84 in chips) 
Evelexy1: posts small blind $0.50
ninidica: posts big blind $1
*** HOLE CARDS ***
Poker9803: raises $1 to $2
ReVeu710: folds 
mr.Jckpot: folds 
socito: folds 
Evelexy1: folds 
ninidica: calls $1
*** FLOP *** [3s Qd 5c]
ninidica: checks 
Poker9803: bets $1.41
ninidica: folds 
Uncalled bet ($1.41) returned to Poker9803
Poker9803 collected $4.28 from pot
Poker9803: doesn't show hand 
*** SUMMARY ***
Total pot $4.50 | Rake $0.22 
Board [3s Qd 5c]
Seat 1: ninidica (big blind) folded on the Flop
Seat 2: Poker9803 collected ($4.28)
Seat 3: ReVeu710 folded before Flop (didn't bet)
Seat 4: mr.Jckpot folded before Flop (didn't bet)
Seat 5: socito (button) folded before Flop (didn't bet)
Seat 6: Evelexy1 (small blind) folded before Flop



PokerStars Hand #254383987040:  Hold'em No Limit ($0.50/$1.00 USD) - 2025/01/15 16:09:11 WET [2025/01/15 11:09:11 ET]
Table 'Zelinda III' 6-max Seat #6 is the button
Seat 1: ninidica ($74.47 in chips) 
Seat 2: Poker9803 ($115.71 in chips) 
Seat 3: ReVeu710 ($114 in chips) 
Seat 4: mr.Jckpot ($104.88 in chips) 
Seat 5: socito ($100 in chips) 
Seat 6: Evelexy1 ($103.34 in chips) 
ninidica: posts small blind $0.50
Poker9803: posts big blind $1
*** HOLE CARDS ***
ReVeu710: folds 
mr.Jckpot: folds 
socito: folds 
Evelexy1: folds 
ninidica: folds 
Uncalled bet ($0.50) returned to Poker9803
Poker9803 collected $1 from pot
Poker9803: doesn't show hand 
*** SUMMARY ***
Total pot $1 | Rake $0 
Seat 1: ninidica (small blind) folded before Flop
Seat 2: Poker9803 (big blind) collected ($1)
Seat 3: ReVeu710 folded before Flop (didn't bet)
Seat 4: mr.Jckpot folded before Flop (didn't bet)
Seat 5: socito folded before Flop (didn't bet)
Seat 6: Evelexy1 (button) folded before Flop (didn't bet)



PokerStars Hand #254383989149:  Hold'em No Limit ($0.50/$1.00 USD) - 2025/01/15 16:09:21 WET [2025/01/15 11:09:21 ET]
Table 'Zelinda III' 6-max Seat #1 is the button
Seat 1: ninidica ($73.97 in chips) 
Seat 2: Poker9803 ($116.21 in chips) 
Seat 3: ReVeu710 ($114 in chips) 
Seat 4: mr.Jckpot ($104.88 in chips) 
Seat 5: socito ($100 in chips) 
Seat 6: Evelexy1 ($103.34 in chips) 
Poker9803: posts small blind $0.50
ReVeu710: posts big blind $1
*** HOLE CARDS ***
mr.Jckpot: folds 
socito: folds 
Evelexy1: folds 
ninidica: calls $1
Poker9803: folds 
ReVeu710: checks 
*** FLOP *** [Ts Qh Th]
ReVeu710: checks 
ninidica: checks 
*** TURN *** [Ts Qh Th] [4d]
ReVeu710: checks 
ninidica: checks 
*** RIVER *** [Ts Qh Th 4d] [6s]
ReVeu710: checks 
ninidica: bets $4.38
ReVeu710: calls $4.38
*** SHOW DOWN ***
ninidica: shows [6h 7s] (two pair, Tens and Sixes)
ReVeu710: mucks hand 
ninidica collected $10.70 from pot
*** SUMMARY ***
Total pot $11.26 | Rake $0.56 
Board [Ts Qh Th 4d 6s]
Seat 1: ninidica (button) showed [6h 7s] and won ($10.70) with two pair, Tens and Sixes
Seat 2: Poker9803 (small blind) folded before Flop
Seat 3: ReVeu710 (big blind) mucked
Seat 4: mr.Jckpot folded before Flop (didn't bet)
Seat 5: socito folded before Flop (didn't bet)
Seat 6: Evelexy1 folded before Flop (didn't bet)



PokerStars Hand #254383997486:  Hold'em No Limit ($0.50/$1.00 USD) - 2025/01/15 16:09:57 WET [2025/01/15 11:09:57 ET]
Table 'Zelinda III' 6-max Seat #2 is the button
Seat 1: ninidica ($79.29 in chips) 
Seat 2: Poker9803 ($115.71 in chips) 
Seat 3: ReVeu710 ($108.62 in chips) 
Seat 4: mr.Jckpot ($104.88 in chips) 
Seat 5: socito ($100 in chips) 
Seat 6: Evelexy1 ($103.34 in chips) 
ReVeu710: posts small blind $0.50
mr.Jckpot: posts big blind $1
*** HOLE CARDS ***
socito: folds 
Evelexy1: folds 
ninidica: raises $2 to $3
Poker9803: folds 
ReVeu710: folds 
mr.Jckpot: folds 
Uncalled bet ($2) returned to ninidica
ninidica collected $2.50 from pot
*** SUMMARY ***
Total pot $2.50 | Rake $0 
Seat 1: ninidica collected ($2.50)
Seat 2: Poker9803 (button) folded before Flop (didn't bet)
Seat 3: ReVeu710 (small blind) folded before Flop
Seat 4: mr.Jckpot (big blind) folded before Flop
Seat 5: socito folded before Flop (didn't bet)
Seat 6: Evelexy1 folded before Flop (didn't bet)



PokerStars Hand #254384006852:  Hold'em No Limit ($0.50/$1.00 USD) - 2025/01/15 16:10:38 WET [2025/01/15 11:10:38 ET]
Table 'Zelinda III' 6-max Seat #3 is the button
Seat 1: ninidica ($80.79 in chips) 
Seat 2: Poker9803 ($115.71 in chips) 
Seat 3: ReVeu710 ($108.12 in chips) 
Seat 4: mr.Jckpot ($103.88 in chips) 
Seat 5: socito ($100 in chips) 
Seat 6: Evelexy1 ($103.34 in chips) 
mr.Jckpot: posts small blind $0.50
socito: posts big blind $1
*** HOLE CARDS ***
Evelexy1: raises $1 to $2
ninidica: folds 
Poker9803: folds 
ReVeu710: folds 
mr.Jckpot: raises $10 to $12
socito: folds 
Evelexy1: calls $10
*** FLOP *** [2d 9s 8h]
mr.Jckpot: bets $7.84
Evelexy1: calls $7.84
*** TURN *** [2d 9s 8h] [Qs]
mr.Jckpot: checks 
Evelexy1: bets $19.33
mr.Jckpot: calls $19.33
*** RIVER *** [2d 9s 8h Qs] [2c]
mr.Jckpot: checks 
Evelexy1: bets $64.17 and is all-in
mr.Jckpot: folds 
Uncalled bet ($64.17) returned to Evelexy1
Evelexy1 collected $76.84 from pot
Evelexy1: doesn't show hand 
*** SUMMARY ***
Total pot $79.34 | Rake $2.50 
Board [2d 9s 8h Qs 2c]
Seat 1: ninidica folded before Flop (didn't bet)
Seat 2: Poker9803 folded before Flop (didn't bet)
Seat 3: ReVeu710 (button) folded before Flop (didn't bet)
Seat 4: mr.Jckpot (small blind) folded on the River
Seat 5: socito (big blind) folded before Flop
Seat 6: Evelexy1 collected ($76.84)



PokerStars Hand #254384029218:  Hold'em No Limit ($0.50/$1.00 USD) - 2025/01/15 16:12:14 WET [2025/01/15 11:12:14 ET]
Table 'Zelinda III' 6-max Seat #4 is the button
Seat 1: ninidica ($80.79 in chips) 
Seat 2: Poker9803 ($115.71 in chips) 
Seat 3: ReVeu710 ($108.12 in chips) 
Seat 4: mr.Jckpot ($100 in chips) 
Seat 5: socito ($100 in chips) 
Seat 6: Evelexy1 ($141.01 in chips) 
socito: posts small blind $0.50
Evelexy1: posts big blind $1
*** HOLE CARDS ***
ninidica: calls $1
Poker9803: folds 
ReVeu710: folds 
mr.Jckpot: folds 
socito: folds 
Evelexy1: checks 
*** FLOP *** [6h Kh 7d]
Evelexy1: checks 
ninidica: checks 
*** TURN *** [6h Kh 7d] [3h]
Evelexy1: checks 
ninidica: checks 
*** RIVER *** [6h Kh 7d 3h] [Qc]
Evelexy1: checks 
ninidica: checks 
*** SHOW DOWN ***
Evelexy1: shows [8h 3c] (a pair of Threes)
ninidica: mucks hand 
Evelexy1 collected $2.38 from pot
*** SUMMARY ***
Total pot $2.50 | Rake $0.12 
Board [6h Kh 7d 3h Qc]
Seat 1: ninidica mucked
Seat 2: Poker9803 folded before Flop (didn't bet)
Seat 3: ReVeu710 folded before Flop (didn't bet)
Seat 4: mr.Jckpot (button) folded before Flop (didn't bet)
Seat 5: socito (small blind) folded before Flop
Seat 6: Evelexy1 (big blind) showed [8h 3c] and won ($2.38) with a pair of Threes



PokerStars Hand #254384037948:  Hold'em No Limit ($0.50/$1.00 USD) - 2025/01/15 16:12:52 WET [2025/01/15 11:12:52 ET]
Table 'Zelinda III' 6-max Seat #5 is the button
Seat 1: ninidica ($79.79 in chips) 
Seat 2: Poker9803 ($115.71 in chips) 
Seat 3: ReVeu710 ($108.12 in chips) 
Seat 4: mr.Jckpot ($100 in chips) 
Seat 5: socito ($100 in chips) 
Seat 6: Evelexy1 ($142.39 in chips) 
Evelexy1: posts small blind $0.50
ninidica: posts big blind $1
*** HOLE CARDS ***
Poker9803: folds 
ReVeu710: raises $1 to $2
mr.Jckpot: folds 
socito: raises $5 to $7
Evelexy1: folds 
ninidica: folds 
ReVeu710: folds 
Uncalled bet ($5) returned to socito
socito collected $5.50 from pot
socito: doesn't show hand 
*** SUMMARY ***
Total pot $5.50 | Rake $0 
Seat 1: ninidica (big blind) folded before Flop
Seat 2: Poker9803 folded before Flop (didn't bet)
Seat 3: ReVeu710 folded before Flop
Seat 4: mr.Jckpot folded before Flop (didn't bet)
Seat 5: socito (button) collected ($5.50)
Seat 6: Evelexy1 (small blind) folded before Flop



PokerStars Hand #254384072045:  Hold'em No Limit ($0.50/$1.00 USD) - 2025/01/15 16:15:26 WET [2025/01/15 11:15:26 ET]
Table 'Zelinda III' 6-max Seat #3 is the button
Seat 1: ninidica ($81.99 in chips) 
Seat 2: Poker9803 ($116.93 in chips) 
Seat 3: ReVeu710 ($106.12 in chips) 
Seat 4: mr.Jckpot ($100 in chips) 
Seat 5: socito ($101 in chips) 
Seat 6: Evelexy1 ($141.89 in chips) 
mr.Jckpot: posts small blind $0.50
socito: posts big blind $1
*** HOLE CARDS ***
Evelexy1: folds 
ninidica: calls $1
Poker9803: folds 
ReVeu710: folds 
mr.Jckpot: folds 
socito: checks 
*** FLOP *** [7c 6d Kd]
socito: checks 
ninidica: checks 
*** TURN *** [7c 6d Kd] [Qd]
socito: checks 
ninidica: bets $4.38
socito: folds 
Uncalled bet ($4.38) returned to ninidica
ninidica collected $2.38 from pot
*** SUMMARY ***
Total pot $2.50 | Rake $0.12 
Board [7c 6d Kd Qd]
Seat 1: ninidica collected ($2.38)
Seat 2: Poker9803 folded before Flop (didn't bet)
Seat 3: ReVeu710 (button) folded before Flop (didn't bet)
Seat 4: mr.Jckpot (small blind) folded before Flop
Seat 5: socito (big blind) folded on the Turn
Seat 6: Evelexy1 folded before Flop (didn't bet)



PokerStars Hand #254384080318:  Hold'em No Limit ($0.50/$1.00 USD) - 2025/01/15 16:16:05 WET [2025/01/15 11:16:05 ET]
Table 'Zelinda III' 6-max Seat #4 is the button
Seat 1: ninidica ($83.37 in chips) 
Seat 2: Poker9803 ($116.93 in chips) 
Seat 3: ReVeu710 ($106.12 in chips) 
Seat 4: mr.Jckpot ($100 in chips) 
Seat 5: socito ($100 in chips) 
Seat 6: Evelexy1 ($141.89 in chips) 
socito: posts small blind $0.50
Evelexy1: posts big blind $1
*** HOLE CARDS ***
ninidica: folds 
Poker9803: folds 
ReVeu710: folds 
mr.Jckpot: folds 
socito: folds 
Uncalled bet ($0.50) returned to Evelexy1
Evelexy1 collected $1 from pot
Evelexy1: doesn't show hand 
*** SUMMARY ***
Total pot $1 | Rake $0 
Seat 1: ninidica folded before Flop (didn't bet)
Seat 2: Poker9803 folded before Flop (didn't bet)
Seat 3: ReVeu710 folded before Flop (didn't bet)
Seat 4: mr.Jckpot (button) folded before Flop (didn't bet)
Seat 5: socito (small blind) folded before Flop
Seat 6: Evelexy1 (big blind) collected ($1)



PokerStars Hand #254384082887:  Hold'em No Limit ($0.50/$1.00 USD) - 2025/01/15 16:16:17 WET [2025/01/15 11:16:17 ET]
Table 'Zelinda III' 6-max Seat #5 is the button
Seat 1: ninidica ($83.37 in chips) 
Seat 2: Poker9803 ($116.93 in chips) 
Seat 3: ReVeu710 ($106.12 in chips) 
Seat 4: mr.Jckpot ($100 in chips) 
Seat 5: socito ($100 in chips) 
Seat 6: Evelexy1 ($142.39 in chips) 
Evelexy1: posts small blind $0.50
ninidica: posts big blind $1
*** HOLE CARDS ***
Poker9803: raises $1.50 to $2.50
ReVeu710: folds 
mr.Jckpot: folds 
socito: folds 
Evelexy1: calls $2
ninidica: folds 
*** FLOP *** [Ad Qh 5c]
Evelexy1: checks 
Poker9803: bets $1.88
Evelexy1: folds 
Uncalled bet ($1.88) returned to Poker9803
Poker9803 collected $5.70 from pot
Poker9803: doesn't show hand 
*** SUMMARY ***
Total pot $6 | Rake $0.30 
Board [Ad Qh 5c]
Seat 1: ninidica (big blind) folded before Flop
Seat 2: Poker9803 collected ($5.70)
Seat 3: ReVeu710 folded before Flop (didn't bet)
Seat 4: mr.Jckpot folded before Flop (didn't bet)
Seat 5: socito (button) folded before Flop (didn't bet)
Seat 6: Evelexy1 (small blind) folded on the Flop



PokerStars Hand #254384088969:  Hold'em No Limit ($0.50/$1.00 USD) - 2025/01/15 16:16:47 WET [2025/01/15 11:16:47 ET]
Table 'Zelinda III' 6-max Seat #6 is the button
Seat 1: ninidica ($82.37 in chips) 
Seat 2: Poker9803 ($120.13 in chips) 
Seat 3: ReVeu710 ($106.12 in chips) 
Seat 4: mr.Jckpot ($100 in chips) 
Seat 5: socito ($100 in chips) 
Seat 6: Evelexy1 ($139.89 in chips) 
ninidica: posts small blind $0.50
Poker9803: posts big blind $1
*** HOLE CARDS ***
ReVeu710: folds 
mr.Jckpot: folds 
socito: raises $1.50 to $2.50
Evelexy1: folds 
ninidica: folds 
Poker9803: calls $1.50
*** FLOP *** [6s Ad 2d]
Poker9803: checks 
socito: bets $1.72
Poker9803: folds 
Uncalled bet ($1.72) returned to socito
socito collected $5.22 from pot
socito: doesn't show hand 
*** SUMMARY ***
Total pot $5.50 | Rake $0.28 
Board [6s Ad 2d]
Seat 1: ninidica (small blind) folded before Flop
Seat 2: Poker9803 (big blind) folded on the Flop
Seat 3: ReVeu710 folded before Flop (didn't bet)
Seat 4: mr.Jckpot folded before Flop (didn't bet)
Seat 5: socito collected ($5.22)
Seat 6: Evelexy1 (button) folded before Flop (didn't bet)



PokerStars Hand #254384097703:  Hold'em No Limit ($0.50/$1.00 USD) - 2025/01/15 16:17:30 WET [2025/01/15 11:17:30 ET]
Table 'Zelinda III' 6-max Seat #1 is the button
Seat 1: ninidica ($81.87 in chips) 
Seat 2: Poker9803 ($117.63 in chips) 
Seat 3: ReVeu710 ($106.12 in chips) 
Seat 4: mr.Jckpot ($100 in chips) 
Seat 5: socito ($102.72 in chips) 
Seat 6: Evelexy1 ($139.89 in chips) 
Poker9803: posts small blind $0.50
ReVeu710: posts big blind $1
*** HOLE CARDS ***
mr.Jckpot: folds 
socito: folds 
Evelexy1: folds 
ninidica: calls $1
Poker9803: folds 
ReVeu710: raises $3 to $4
ninidica: calls $3
*** FLOP *** [Tc 6d 3c]
ReVeu710: bets $4.36
ninidica: calls $4.36
*** TURN *** [Tc 6d 3c] [2c]
ReVeu710: checks 
ninidica: checks 
*** RIVER *** [Tc 6d 3c 2c] [Kh]
ReVeu710: bets $12.11
ninidica: folds 
Uncalled bet ($12.11) returned to ReVeu710
ReVeu710 collected $16.36 from pot
ReVeu710: doesn't show hand 
*** SUMMARY ***
Total pot $17.22 | Rake $0.86 
Board [Tc 6d 3c 2c Kh]
Seat 1: ninidica (button) folded on the River
Seat 2: Poker9803 (small blind) folded before Flop
Seat 3: ReVeu710 (big blind) collected ($16.36)
Seat 4: mr.Jckpot folded before Flop (didn't bet)
Seat 5: socito folded before Flop (didn't bet)
Seat 6: Evelexy1 folded before Flop (didn't bet)



PokerStars Hand #254384103289:  Hold'em No Limit ($0.50/$1.00 USD) - 2025/01/15 16:17:59 WET [2025/01/15 11:17:59 ET]
Table 'Zelinda III' 6-max Seat #2 is the button
Seat 1: ninidica ($73.51 in chips) 
Seat 2: Poker9803 ($117.13 in chips) 
Seat 3: ReVeu710 ($114.12 in chips) 
Seat 4: mr.Jckpot ($100 in chips) 
Seat 5: socito ($102.72 in chips) 
Seat 6: Evelexy1 ($139.89 in chips) 
ReVeu710: posts small blind $0.50
mr.Jckpot: posts big blind $1
*** HOLE CARDS ***
socito: raises $1.50 to $2.50
Evelexy1: folds 
ninidica: calls $2.50
Poker9803: folds 
ReVeu710: folds 
mr.Jckpot: folds 
*** FLOP *** [As 8c Js]
socito: bets $2.04
ninidica: calls $2.04
*** TURN *** [As 8c Js] [8s]
socito: bets $3.32
ninidica: calls $3.32
*** RIVER *** [As 8c Js 8s] [3c]
socito: checks 
ninidica: checks 
*** SHOW DOWN ***
socito: shows [Qc Ks] (a pair of Eights)
ninidica: shows [6d 6s] (two pair, Eights and Sixes)
ninidica collected $16.36 from pot
*** SUMMARY ***
Total pot $17.22 | Rake $0.86 
Board [As 8c Js 8s 3c]
Seat 1: ninidica showed [6d 6s] and won ($16.36) with two pair, Eights and Sixes
Seat 2: Poker9803 (button) folded before Flop (didn't bet)
Seat 3: ReVeu710 (small blind) folded before Flop
Seat 4: mr.Jckpot (big blind) folded before Flop
Seat 5: socito showed [Qc Ks] and lost with a pair of Eights
Seat 6: Evelexy1 folded before Flop (didn't bet)



PokerStars Hand #254384114235:  Hold'em No Limit ($0.50/$1.00 USD) - 2025/01/15 16:18:56 WET [2025/01/15 11:18:56 ET]
Table 'Zelinda III' 6-max Seat #3 is the button
Seat 1: ninidica ($82.01 in chips) 
Seat 2: Poker9803 ($117.13 in chips) 
Seat 3: ReVeu710 ($113.62 in chips) 
Seat 4: mr.Jckpot ($100 in chips) 
Seat 5: socito ($100 in chips) 
Seat 6: Evelexy1 ($139.89 in chips) 
mr.Jckpot: posts small blind $0.50
socito: posts big blind $1
*** HOLE CARDS ***
Evelexy1: folds 
ninidica: calls $1
Poker9803: folds 
ReVeu710: folds 
mr.Jckpot: folds 
socito: checks 
*** FLOP *** [Ah 2h 5h]
socito: checks 
ninidica: checks 
*** TURN *** [Ah 2h 5h] [2d]
socito: checks 
ninidica: checks 
*** RIVER *** [Ah 2h 5h 2d] [6d]
socito: bets $1
ninidica: folds 
Uncalled bet ($1) returned to socito
socito collected $2.38 from pot
socito: doesn't show hand 
*** SUMMARY ***
Total pot $2.50 | Rake $0.12 
Board [Ah 2h 5h 2d 6d]
Seat 1: ninidica folded on the River
Seat 2: Poker9803 folded before Flop (didn't bet)
Seat 3: ReVeu710 (button) folded before Flop (didn't bet)
Seat 4: mr.Jckpot (small blind) folded before Flop
Seat 5: socito (big blind) collected ($2.38)
Seat 6: Evelexy1 folded before Flop (didn't bet)



PokerStars Hand #254384121652:  Hold'em No Limit ($0.50/$1.00 USD) - 2025/01/15 16:19:36 WET [2025/01/15 11:19:36 ET]
Table 'Zelinda III' 6-max Seat #4 is the button
Seat 1: ninidica ($81.01 in chips) 
Seat 2: Poker9803 ($117.13 in chips) 
Seat 3: ReVeu710 ($113.62 in chips) 
Seat 4: mr.Jckpot ($100 in chips) 
Seat 5: socito ($101.38 in chips) 
Seat 6: Evelexy1 ($139.89 in chips) 
socito: posts small blind $0.50
Evelexy1: posts big blind $1
*** HOLE CARDS ***
ninidica: folds 
Poker9803: folds 
ReVeu710: folds 
mr.Jckpot: raises $1.50 to $2.50
socito: folds 
Evelexy1: calls $1.50
*** FLOP *** [9s 8d 3c]
Evelexy1: checks 
mr.Jckpot: bets $1.72
Evelexy1: calls $1.72
*** TURN *** [9s 8d 3c] [Ah]
Evelexy1: checks 
mr.Jckpot: bets $5.60
Evelexy1: calls $5.60
*** RIVER *** [9s 8d 3c Ah] [3h]
Evelexy1: checks 
mr.Jckpot: bets $11.50
Evelexy1: calls $11.50
*** SHOW DOWN ***
mr.Jckpot: shows [Ad Kd] (two pair, Aces and Threes)
Evelexy1: mucks hand 
mr.Jckpot collected $40.98 from pot
*** SUMMARY ***
Total pot $43.14 | Rake $2.16 
Board [9s 8d 3c Ah 3h]
Seat 1: ninidica folded before Flop (didn't bet)
Seat 2: Poker9803 folded before Flop (didn't bet)
Seat 3: ReVeu710 folded before Flop (didn't bet)
Seat 4: mr.Jckpot (button) showed [Ad Kd] and won ($40.98) with two pair, Aces and Threes
Seat 5: socito (small blind) folded before Flop
Seat 6: Evelexy1 (big blind) mucked



PokerStars Hand #254384128510:  Hold'em No Limit ($0.50/$1.00 USD) - 2025/01/15 16:20:14 WET [2025/01/15 11:20:14 ET]
Table 'Zelinda III' 6-max Seat #5 is the button
Seat 1: ninidica ($81.01 in chips) 
Seat 2: Poker9803 ($117.13 in chips) 
Seat 3: ReVeu710 ($113.62 in chips) 
Seat 4: mr.Jckpot ($119.66 in chips) 
Seat 5: socito ($100.88 in chips) 
Seat 6: Evelexy1 ($118.57 in chips) 
Evelexy1: posts small blind $0.50
ninidica: posts big blind $1
*** HOLE CARDS ***
Poker9803: folds 
ReVeu710: raises $1 to $2
mr.Jckpot: folds 
socito: folds 
Evelexy1: raises $7.76 to $9.76
ninidica: folds 
ReVeu710: folds 
Uncalled bet ($7.76) returned to Evelexy1
Evelexy1 collected $5 from pot
Evelexy1: doesn't show hand 
*** SUMMARY ***
Total pot $5 | Rake $0 
Seat 1: ninidica (big blind) folded before Flop
Seat 2: Poker9803 folded before Flop (didn't bet)
Seat 3: ReVeu710 folded before Flop
Seat 4: mr.Jckpot folded before Flop (didn't bet)
Seat 5: socito (button) folded before Flop (didn't bet)
Seat 6: Evelexy1 (small blind) collected ($5)



PokerStars Hand #254384133438:  Hold'em No Limit ($0.50/$1.00 USD) - 2025/01/15 16:20:41 WET [2025/01/15 11:20:41 ET]
Table 'Zelinda III' 6-max Seat #6 is the button
Seat 1: ninidica ($80.01 in chips) 
Seat 2: Poker9803 ($117.13 in chips) 
Seat 3: ReVeu710 ($111.62 in chips) 
Seat 4: mr.Jckpot ($119.66 in chips) 
Seat 5: socito ($100.88 in chips) 
Seat 6: Evelexy1 ($121.57 in chips) 
ninidica: posts small blind $0.50
Poker9803: posts big blind $1
*** HOLE CARDS ***
ReVeu710: folds 
mr.Jckpot: folds 
socito: raises $1.50 to $2.50
Evelexy1: folds 
ninidica: calls $2
Poker9803: calls $1.50
*** FLOP *** [Jd 8h Qh]
ninidica: checks 
Poker9803: checks 
socito: checks 
*** TURN *** [Jd 8h Qh] [9h]
ninidica: checks 
Poker9803: bets $5.34
socito: folds 
ninidica: folds 
Uncalled bet ($5.34) returned to Poker9803
Poker9803 collected $7.12 from pot
Poker9803: doesn't show hand 
*** SUMMARY ***
Total pot $7.50 | Rake $0.38 
Board [Jd 8h Qh 9h]
Seat 1: ninidica (small blind) folded on the Turn
Seat 2: Poker9803 (big blind) collected ($7.12)
Seat 3: ReVeu710 folded before Flop (didn't bet)
Seat 4: mr.Jckpot folded before Flop (didn't bet)
Seat 5: socito folded on the Turn
Seat 6: Evelexy1 (button) folded before Flop (didn't bet)



PokerStars Hand #254384142849:  Hold'em No Limit ($0.50/$1.00 USD) - 2025/01/15 16:21:33 WET [2025/01/15 11:21:33 ET]
Table 'Zelinda III' 6-max Seat #1 is the button
Seat 1: ninidica ($77.51 in chips) 
Seat 2: Poker9803 ($121.75 in chips) 
Seat 3: ReVeu710 ($111.62 in chips) 
Seat 4: mr.Jckpot ($119.66 in chips) 
Seat 5: socito ($100 in chips) 
Seat 6: Evelexy1 ($121.57 in chips) 
Poker9803: posts small blind $0.50
ReVeu710: posts big blind $1
*** HOLE CARDS ***
mr.Jckpot: folds 
socito: folds 
Evelexy1: raises $1.50 to $2.50
ninidica: folds 
Poker9803: folds 
ReVeu710: calls $1.50
*** FLOP *** [2h 6c Qc]
ReVeu710: checks 
Evelexy1: checks 
*** TURN *** [2h 6c Qc] [Jc]
ReVeu710: bets $2.82
Evelexy1: folds 
Uncalled bet ($2.82) returned to ReVeu710
ReVeu710 collected $5.22 from pot
ReVeu710: doesn't show hand 
*** SUMMARY ***
Total pot $5.50 | Rake $0.28 
Board [2h 6c Qc Jc]
Seat 1: ninidica (button) folded before Flop (didn't bet)
Seat 2: Poker9803 (small blind) folded before Flop
Seat 3: ReVeu710 (big blind) collected ($5.22)
Seat 4: mr.Jckpot folded before Flop (didn't bet)
Seat 5: socito folded before Flop (didn't bet)
Seat 6: Evelexy1 folded on the Turn



PokerStars Hand #254384147907:  Hold'em No Limit ($0.50/$1.00 USD) - 2025/01/15 16:22:02 WET [2025/01/15 11:22:02 ET]
Table 'Zelinda III' 6-max Seat #2 is the button
Seat 1: ninidica ($77.51 in chips) 
Seat 2: Poker9803 ($121.25 in chips) 
Seat 3: ReVeu710 ($114.34 in chips) 
Seat 4: mr.Jckpot ($119.66 in chips) 
Seat 5: socito ($100 in chips) 
Seat 6: Evelexy1 ($119.07 in chips) 
ReVeu710: posts small blind $0.50
mr.Jckpot: posts big blind $1
*** HOLE CARDS ***
socito: raises $1.50 to $2.50
Evelexy1: folds 
ninidica: calls $2.50
Poker9803: folds 
ReVeu710: folds 
mr.Jckpot: folds 
*** FLOP *** [4c Kh Ah]
socito: checks 
ninidica: checks 
*** TURN *** [4c Kh Ah] [6s]
socito: bets $1.55
ninidica: folds 
Uncalled bet ($1.55) returned to socito
socito collected $6.18 from pot
socito: doesn't show hand 
*** SUMMARY ***
Total pot $6.50 | Rake $0.32 
Board [4c Kh Ah 6s]
Seat 1: ninidica folded on the Turn
Seat 2: Poker9803 (button) folded before Flop (didn't bet)
Seat 3: ReVeu710 (small blind) folded before Flop
Seat 4: mr.Jckpot (big blind) folded before Flop
Seat 5: socito collected ($6.18)
Seat 6: Evelexy1 folded before Flop (didn't bet)



PokerStars Hand #254384151826:  Hold'em No Limit ($0.50/$1.00 USD) - 2025/01/15 16:22:24 WET [2025/01/15 11:22:24 ET]
Table 'Zelinda III' 6-max Seat #3 is the button
Seat 1: ninidica ($75.01 in chips) 
Seat 2: Poker9803 ($121.25 in chips) 
Seat 3: ReVeu710 ($113.84 in chips) 
Seat 4: mr.Jckpot ($118.66 in chips) 
Seat 5: socito ($103.68 in chips) 
Seat 6: Evelexy1 ($119.07 in chips) 
mr.Jckpot: posts small blind $0.50
socito: posts big blind $1
*** HOLE CARDS ***
Evelexy1: folds 
ninidica: folds 
Poker9803: raises $1.50 to $2.50
ReVeu710: folds 
mr.Jckpot: folds 
socito: folds 
Uncalled bet ($1.50) returned to Poker9803
Poker9803 collected $2.50 from pot
Poker9803: doesn't show hand 
*** SUMMARY ***
Total pot $2.50 | Rake $0 
Seat 1: ninidica folded before Flop (didn't bet)
Seat 2: Poker9803 collected ($2.50)
Seat 3: ReVeu710 (button) folded before Flop (didn't bet)
Seat 4: mr.Jckpot (small blind) folded before Flop
Seat 5: socito (big blind) folded before Flop
Seat 6: Evelexy1 folded before Flop (didn't bet)



PokerStars Hand #254384161513:  Hold'em No Limit ($0.50/$1.00 USD) - 2025/01/15 16:23:18 WET [2025/01/15 11:23:18 ET]
Table 'Zelinda III' 6-max Seat #4 is the button
Seat 1: ninidica ($75.01 in chips) 
Seat 2: Poker9803 ($122.75 in chips) 
Seat 3: ReVeu710 ($113.84 in chips) 
Seat 4: mr.Jckpot ($118.16 in chips) 
Seat 5: socito ($102.68 in chips) 
Seat 6: Evelexy1 ($119.07 in chips) 
socito: posts small blind $0.50
Evelexy1: posts big blind $1
*** HOLE CARDS ***
ninidica: folds 
Poker9803: raises $1.50 to $2.50
ReVeu710: folds 
mr.Jckpot: folds 
socito: folds 
Evelexy1: folds 
Uncalled bet ($1.50) returned to Poker9803
Poker9803 collected $2.50 from pot
Poker9803: doesn't show hand 
*** SUMMARY ***
Total pot $2.50 | Rake $0 
Seat 1: ninidica folded before Flop (didn't bet)
Seat 2: Poker9803 collected ($2.50)
Seat 3: ReVeu710 folded before Flop (didn't bet)
Seat 4: mr.Jckpot (button) folded before Flop (didn't bet)
Seat 5: socito (small blind) folded before Flop
Seat 6: Evelexy1 (big blind) folded before Flop



PokerStars Hand #254384164961:  Hold'em No Limit ($0.50/$1.00 USD) - 2025/01/15 16:23:38 WET [2025/01/15 11:23:38 ET]
Table 'Zelinda III' 6-max Seat #5 is the button
Seat 1: ninidica ($75.01 in chips) 
Seat 2: Poker9803 ($124.25 in chips) 
Seat 3: ReVeu710 ($113.84 in chips) 
Seat 4: mr.Jckpot ($118.16 in chips) 
Seat 5: socito ($102.18 in chips) 
Seat 6: Evelexy1 ($118.07 in chips) 
Evelexy1: posts small blind $0.50
ninidica: posts big blind $1
*** HOLE CARDS ***
Poker9803: folds 
ReVeu710: folds 
mr.Jckpot: folds 
socito: raises $1.50 to $2.50
Evelexy1: folds 
ninidica: folds 
Uncalled bet ($1.50) returned to socito
socito collected $2.50 from pot
socito: doesn't show hand 
*** SUMMARY ***
Total pot $2.50 | Rake $0 
Seat 1: ninidica (big blind) folded before Flop
Seat 2: Poker9803 folded before Flop (didn't bet)
Seat 3: ReVeu710 folded before Flop (didn't bet)
Seat 4: mr.Jckpot folded before Flop (didn't bet)
Seat 5: socito (button) collected ($2.50)
Seat 6: Evelexy1 (small blind) folded before Flop



PokerStars Hand #254384167157:  Hold'em No Limit ($0.50/$1.00 USD) - 2025/01/15 16:23:50 WET [2025/01/15 11:23:50 ET]
Table 'Zelinda III' 6-max Seat #6 is the button
Seat 1: ninidica ($74.01 in chips) 
Seat 2: Poker9803 ($124.25 in chips) 
Seat 3: ReVeu710 ($113.84 in chips) 
Seat 4: mr.Jckpot ($118.16 in chips) 
Seat 5: socito ($103.68 in chips) 
Seat 6: Evelexy1 ($117.57 in chips) 
ninidica: posts small blind $0.50
Poker9803: posts big blind $1
*** HOLE CARDS ***
ReVeu710: folds 
mr.Jckpot: folds 
socito: folds 
Evelexy1: raises $2 to $3
ninidica: folds 
Poker9803: folds 
Uncalled bet ($2) returned to Evelexy1
Evelexy1 collected $2.50 from pot
Evelexy1: doesn't show hand 
*** SUMMARY ***
Total pot $2.50 | Rake $0 
Seat 1: ninidica (small blind) folded before Flop
Seat 2: Poker9803 (big blind) folded before Flop
Seat 3: ReVeu710 folded before Flop (didn't bet)
Seat 4: mr.Jckpot folded before Flop (didn't bet)
Seat 5: socito folded before Flop (didn't bet)
Seat 6: Evelexy1 (button) collected ($2.50)



PokerStars Hand #254384169590:  Hold'em No Limit ($0.50/$1.00 USD) - 2025/01/15 16:24:04 WET [2025/01/15 11:24:04 ET]
Table 'Zelinda III' 6-max Seat #1 is the button
Seat 1: ninidica ($73.51 in chips) 
Seat 2: Poker9803 ($123.25 in chips) 
Seat 3: ReVeu710 ($113.84 in chips) 
Seat 4: mr.Jckpot ($118.16 in chips) 
Seat 5: socito ($103.68 in chips) 
Seat 6: Evelexy1 ($119.07 in chips) 
Poker9803: posts small blind $0.50
ReVeu710: posts big blind $1
*** HOLE CARDS ***
mr.Jckpot: raises $1.50 to $2.50
socito: folds 
Evelexy1: folds 
ninidica: folds 
Poker9803: folds 
ReVeu710: folds 
Uncalled bet ($1.50) returned to mr.Jckpot
mr.Jckpot collected $2.50 from pot
mr.Jckpot: doesn't show hand 
*** SUMMARY ***
Total pot $2.50 | Rake $0 
Seat 1: ninidica (button) folded before Flop (didn't bet)
Seat 2: Poker9803 (small blind) folded before Flop
Seat 3: ReVeu710 (big blind) folded before Flop
Seat 4: mr.Jckpot collected ($2.50)
Seat 5: socito folded before Flop (didn't bet)
Seat 6: Evelexy1 folded before Flop (didn't bet)



PokerStars Hand #254384171626:  Hold'em No Limit ($0.50/$1.00 USD) - 2025/01/15 16:24:16 WET [2025/01/15 11:24:16 ET]
Table 'Zelinda III' 6-max Seat #2 is the button
Seat 1: ninidica ($73.51 in chips) 
Seat 2: Poker9803 ($122.75 in chips) 
Seat 3: ReVeu710 ($112.84 in chips) 
Seat 4: mr.Jckpot ($119.66 in chips) 
Seat 5: socito ($103.68 in chips) 
Seat 6: Evelexy1 ($119.07 in chips) 
ReVeu710: posts small blind $0.50
mr.Jckpot: posts big blind $1
*** HOLE CARDS ***
socito: folds 
Evelexy1: folds 
ninidica: calls $1
Poker9803: folds 
ReVeu710: folds 
mr.Jckpot: checks 
*** FLOP *** [8s Qh 4c]
mr.Jckpot: checks 
ninidica: bets $2.38
mr.Jckpot: folds 
Uncalled bet ($2.38) returned to ninidica
ninidica collected $2.38 from pot
*** SUMMARY ***
Total pot $2.50 | Rake $0.12 
Board [8s Qh 4c]
Seat 1: ninidica collected ($2.38)
Seat 2: Poker9803 (button) folded before Flop (didn't bet)
Seat 3: ReVeu710 (small blind) folded before Flop
Seat 4: mr.Jckpot (big blind) folded on the Flop
Seat 5: socito folded before Flop (didn't bet)
Seat 6: Evelexy1 folded before Flop (didn't bet)



PokerStars Hand #254384175226:  Hold'em No Limit ($0.50/$1.00 USD) - 2025/01/15 16:24:35 WET [2025/01/15 11:24:35 ET]
Table 'Zelinda III' 6-max Seat #3 is the button
Seat 1: ninidica ($74.89 in chips) 
Seat 2: Poker9803 ($122.75 in chips) 
Seat 3: ReVeu710 ($112.34 in chips) 
Seat 4: mr.Jckpot ($118.66 in chips) 
Seat 5: socito ($103.68 in chips) 
Seat 6: Evelexy1 ($119.07 in chips) 
mr.Jckpot: posts small blind $0.50
socito: posts big blind $1
*** HOLE CARDS ***
Evelexy1: raises $1 to $2
ninidica: calls $2
Poker9803: folds 
ReVeu710: folds 
mr.Jckpot: folds 
socito: calls $1
*** FLOP *** [Jh 9d 9c]
socito: checks 
Evelexy1: checks 
ninidica: checks 
*** TURN *** [Jh 9d 9c] [5h]
socito: bets $3.09
Evelexy1: folds 
ninidica: calls $3.09
*** RIVER *** [Jh 9d 9c 5h] [7h]
socito: bets $6.03
ninidica: calls $6.03
*** SHOW DOWN ***
socito: shows [Ks Jd] (two pair, Jacks and Nines)
ninidica: mucks hand 
socito collected $23.50 from pot
*** SUMMARY ***
Total pot $24.74 | Rake $1.24 
Board [Jh 9d 9c 5h 7h]
Seat 1: ninidica mucked
Seat 2: Poker9803 folded before Flop (didn't bet)
Seat 3: ReVeu710 (button) folded before Flop (didn't bet)
Seat 4: mr.Jckpot (small blind) folded before Flop
Seat 5: socito (big blind) showed [Ks Jd] and won ($23.50) with two pair, Jacks and Nines
Seat 6: Evelexy1 folded on the Turn



PokerStars Hand #254384183561:  Hold'em No Limit ($0.50/$1.00 USD) - 2025/01/15 16:25:19 WET [2025/01/15 11:25:19 ET]
Table 'Zelinda III' 6-max Seat #4 is the button
Seat 3: ReVeu710 ($112.34 in chips) is sitting out
Seat 1: ninidica ($63.77 in chips) 
Seat 2: Poker9803 ($122.75 in chips) 
Seat 4: mr.Jckpot ($118.16 in chips) 
Seat 5: socito ($116.06 in chips) 
Seat 6: Evelexy1 ($117.07 in chips) 
socito: posts small blind $0.50
Evelexy1: posts big blind $1
*** HOLE CARDS ***
ninidica: raises $1 to $2
Poker9803: raises $4 to $6
mr.Jckpot: raises $11.50 to $17.50
socito: folds 
Evelexy1: folds 
ninidica: calls $15.50
Poker9803: folds 
*** FLOP *** [7h 7c 3c]
ninidica: bets $20.19
mr.Jckpot: raises $39.31 to $59.50
ninidica: calls $26.08 and is all-in
Uncalled bet ($13.23) returned to mr.Jckpot
*** TURN *** [7h 7c 3c] [As]
*** RIVER *** [7h 7c 3c As] [7d]
*** SHOW DOWN ***
ninidica: shows [3h 3s] (a full house, Sevens full of Threes)
mr.Jckpot: shows [Qd Qs] (a full house, Sevens full of Queens)
mr.Jckpot collected $132.54 from pot
*** SUMMARY ***
Total pot $135.04 | Rake $2.50 
Board [7h 7c 3c As 7d]
Seat 3: ReVeu710
Seat 1: ninidica showed [3h 3s] and lost with a full house, Sevens full of Threes
Seat 2: Poker9803 folded before Flop
Seat 4: mr.Jckpot (button) showed [Qd Qs] and won ($132.54) with a full house, Sevens full of Queens
Seat 5: socito (small blind) folded before Flop
Seat 6: Evelexy1 (big blind) folded before Flop



PokerStars Hand #254384192766:  Hold'em No Limit ($0.50/$1.00 USD) - 2025/01/15 16:26:07 WET [2025/01/15 11:26:07 ET]
Table 'Zelinda III' 6-max Seat #5 is the button
Seat 1: ninidica ($0 in chips) is sitting out
Seat 3: ReVeu710 ($112.34 in chips) is sitting out
Seat 2: Poker9803 ($116.75 in chips) 
Seat 4: mr.Jckpot ($186.93 in chips) 
Seat 5: socito ($115.56 in chips) 
Seat 6: Evelexy1 ($116.07 in chips) 
Evelexy1: posts small blind $0.50
Poker9803: posts big blind $1
*** HOLE CARDS ***
mr.Jckpot: folds 
socito: raises $1.50 to $2.50
ninidica is disconnected 
Evelexy1: folds 
Poker9803: folds 
Uncalled bet ($1.50) returned to socito
socito collected $2.50 from pot
socito: doesn't show hand 
*** SUMMARY ***
Total pot $2.50 | Rake $0 
Seat 1: ninidica
Seat 3: ReVeu710
Seat 2: Poker9803 (big blind) folded before Flop
Seat 4: mr.Jckpot folded before Flop (didn't bet)
Seat 5: socito (button) collected ($2.50)
Seat 6: Evelexy1 (small blind) folded before Flop



PokerStars Hand #254384196126:  Hold'em No Limit ($0.50/$1.00 USD) - 2025/01/15 16:26:24 WET [2025/01/15 11:26:24 ET]
Table 'Zelinda III' 6-max Seat #6 is the button
Seat 1: ninidica ($0 in chips) is sitting out
Seat 3: ReVeu710 ($112.34 in chips) is sitting out
Seat 2: Poker9803 ($115.75 in chips) 
Seat 4: mr.Jckpot ($186.93 in chips) 
Seat 5: socito ($117.06 in chips) 
Seat 6: Evelexy1 ($115.57 in chips) 
Poker9803: posts small blind $0.50
mr.Jckpot: posts big blind $1
*** HOLE CARDS ***
socito: folds 
Evelexy1: raises $1.50 to $2.50
Poker9803: folds 
mr.Jckpot: folds 
Uncalled bet ($1.50) returned to Evelexy1
Evelexy1 collected $2.50 from pot
Evelexy1: doesn't show hand 
*** SUMMARY ***
Total pot $2.50 | Rake $0 
Seat 1: ninidica
Seat 3: ReVeu710
Seat 2: Poker9803 (small blind) folded before Flop
Seat 4: mr.Jckpot (big blind) folded before Flop
Seat 5: socito folded before Flop (didn't bet)
Seat 6: Evelexy1 (button) collected ($2.50)



PokerStars Hand #254384198737:  Hold'em No Limit ($0.50/$1.00 USD) - 2025/01/15 16:26:37 WET [2025/01/15 11:26:37 ET]
Table 'Zelinda III' 6-max Seat #2 is the button
Seat 1: ninidica ($0 in chips) is sitting out
Seat 3: ReVeu710 ($112.34 in chips) is sitting out
Seat 2: Poker9803 ($115.25 in chips) 
Seat 4: mr.Jckpot ($185.93 in chips) 
Seat 5: socito ($117.06 in chips) 
Seat 6: Evelexy1 ($117.07 in chips) 
mr.Jckpot: posts small blind $0.50
socito: posts big blind $1
*** HOLE CARDS ***
Evelexy1: folds 
Poker9803: folds 
mr.Jckpot: folds 
Uncalled bet ($0.50) returned to socito
socito collected $1 from pot
socito: doesn't show hand 
*** SUMMARY ***
Total pot $1 | Rake $0 
Seat 1: ninidica
Seat 3: ReVeu710
Seat 2: Poker9803 (button) folded before Flop (didn't bet)
Seat 4: mr.Jckpot (small blind) folded before Flop
Seat 5: socito (big blind) collected ($1)
Seat 6: Evelexy1 folded before Flop (didn't bet)



PokerStars Hand #254384200474:  Hold'em No Limit ($0.50/$1.00 USD) - 2025/01/15 16:26:46 WET [2025/01/15 11:26:46 ET]
Table 'Zelinda III' 6-max Seat #4 is the button
Seat 1: ninidica ($0 in chips) is sitting out
Seat 3: ReVeu710 ($112.34 in chips) is sitting out
Seat 2: Poker9803 ($115.25 in chips) 
Seat 4: mr.Jckpot ($185.43 in chips) 
Seat 5: socito ($117.56 in chips) 
Seat 6: Evelexy1 ($117.07 in chips) 
socito: posts small blind $0.50
Evelexy1: posts big blind $1
*** HOLE CARDS ***
Poker9803: raises $1.50 to $2.50
mr.Jckpot: folds 
socito: folds 
Evelexy1: folds 
Uncalled bet ($1.50) returned to Poker9803
Poker9803 collected $2.50 from pot
Poker9803: doesn't show hand 
*** SUMMARY ***
Total pot $2.50 | Rake $0 
Seat 1: ninidica
Seat 3: ReVeu710
Seat 2: Poker9803 collected ($2.50)
Seat 4: mr.Jckpot (button) folded before Flop (didn't bet)
Seat 5: socito (small blind) folded before Flop
Seat 6: Evelexy1 (big blind) folded before Flop



PokerStars Hand #254384203493:  Hold'em No Limit ($0.50/$1.00 USD) - 2025/01/15 16:27:01 WET [2025/01/15 11:27:01 ET]
Table 'Zelinda III' 6-max Seat #6 is the button
Seat 1: ninidica ($0 in chips) is sitting out
Seat 2: Poker9803 ($116.75 in chips) is sitting out
Seat 3: ReVeu710 ($112.34 in chips) is sitting out
Seat 4: mr.Jckpot ($185.43 in chips) is sitting out
Seat 5: socito ($117.06 in chips) 
Seat 6: Evelexy1 ($116.07 in chips) 
Evelexy1: posts small blind $0.50
Poker9803: is sitting out 
mr.Jckpot: is sitting out 
socito: posts big blind $1
*** HOLE CARDS ***
Poker9803 leaves the table
Evelexy1: raises $1.50 to $2.50
mr.Jckpot leaves the table
socito: calls $1.50
*** FLOP *** [2d Th Kc]
socito: checks 
Evelexy1: bets $1.19
socito: calls $1.19
*** TURN *** [2d Th Kc] [Jc]
socito: checks 
Evelexy1: checks 
*** RIVER *** [2d Th Kc Jc] [Ah]
socito: checks 
Evelexy1: bets $5.26
socito: folds 
Uncalled bet ($5.26) returned to Evelexy1
Evelexy1 collected $7.01 from pot
Evelexy1: doesn't show hand 
*** SUMMARY ***
Total pot $7.38 | Rake $0.37 
Board [2d Th Kc Jc Ah]
Seat 1: ninidica
Seat 2: Poker9803
Seat 3: ReVeu710
Seat 4: mr.Jckpot
Seat 5: socito (big blind) folded on the River
Seat 6: Evelexy1 (button) (small blind) collected ($7.01)



PokerStars Hand #254384218863:  Hold'em No Limit ($0.50/$1.00 USD) - 2025/01/15 16:28:17 WET [2025/01/15 11:28:17 ET]
Table 'Zelinda III' 6-max Seat #5 is the button
Seat 1: ninidica ($0 in chips) is sitting out
Seat 3: ReVeu710 ($112.34 in chips) is sitting out
Seat 5: socito ($113.37 in chips) 
Seat 6: Evelexy1 ($119.39 in chips) 
socito: posts small blind $0.50
Evelexy1: posts big blind $1
*** HOLE CARDS ***
socito: folds 
Uncalled bet ($0.50) returned to Evelexy1
Evelexy1 collected $1 from pot
Evelexy1: doesn't show hand 
*** SUMMARY ***
Total pot $1 | Rake $0 
Seat 1: ninidica
Seat 3: ReVeu710
Seat 5: socito (button) (small blind) folded before Flop
Seat 6: Evelexy1 (big blind) collected ($1)



PokerStars Hand #254384300707:  Hold'em No Limit ($0.50/$1.00 USD) - 2025/01/15 16:34:29 WET [2025/01/15 11:34:29 ET]
Table 'Zelinda III' 6-max Seat #6 is the button
Seat 1: ninidica ($0 in chips) is sitting out
Seat 3: MauriFierro27 ($100 in chips) is sitting out
Seat 5: socito ($112.87 in chips) 
Seat 6: BoyLoc0 ($100 in chips) 
BoyLoc0: posts small blind $0.50
socito: posts big blind $1
*** HOLE CARDS ***
MauriFierro27 leaves the table
BoyLoc0: raises $1.50 to $2.50
socito: folds 
Uncalled bet ($1.50) returned to BoyLoc0
BoyLoc0 collected $2 from pot
BoyLoc0: doesn't show hand 
*** SUMMARY ***
Total pot $2 | Rake $0 
Seat 1: ninidica
Seat 3: MauriFierro27
Seat 5: socito (big blind) folded before Flop
Seat 6: BoyLoc0 (button) (small blind) collected ($2)



PokerStars Hand #254384303460:  Hold'em No Limit ($0.50/$1.00 USD) - 2025/01/15 16:34:41 WET [2025/01/15 11:34:41 ET]
Table 'Zelinda III' 6-max Seat #5 is the button
Seat 1: ninidica ($0 in chips) is sitting out
Seat 5: socito ($111.87 in chips) 
Seat 6: BoyLoc0 ($101 in chips) 
FAZY011 joins the table at seat #3 
socito: posts small blind $0.50
FAZY011 is disconnected 
BoyLoc0: posts big blind $1
*** HOLE CARDS ***
socito: folds 
Uncalled bet ($0.50) returned to BoyLoc0
BoyLoc0 collected $1 from pot
BoyLoc0: doesn't show hand 
*** SUMMARY ***
Total pot $1 | Rake $0 
Seat 1: ninidica
Seat 5: socito (button) (small blind) folded before Flop
Seat 6: BoyLoc0 (big blind) collected ($1)



PokerStars Hand #254384306279:  Hold'em No Limit ($0.50/$1.00 USD) - 2025/01/15 16:34:54 WET [2025/01/15 11:34:54 ET]
Table 'Zelinda III' 6-max Seat #5 is the button
Seat 1: ninidica ($0 in chips) is sitting out
Seat 3: FAZY011 ($10 in chips) 
Seat 5: socito ($111.37 in chips) 
Seat 6: BoyLoc0 ($101.50 in chips) 
BoyLoc0: posts small blind $0.50
FAZY011: posts big blind $1
*** HOLE CARDS ***
socito: raises $1 to $2
BoyLoc0: folds 
FAZY011: calls $1
*** FLOP *** [Ks 3s 4h]
FAZY011: checks 
socito: bets $1.41
EAroca joins the table at seat #4 
FAZY011: calls $1.41
*** TURN *** [Ks 3s 4h] [8s]
FAZY011: checks 
socito: checks 
*** RIVER *** [Ks 3s 4h 8s] [7d]
FAZY011: bets $3.48
fobot21 joins the table at seat #2 
socito: calls $3.48
*** SHOW DOWN ***
FAZY011: shows [2h As] (high card Ace)
socito: shows [7s Qc] (a pair of Sevens)
socito collected $13.57 from pot
*** SUMMARY ***
Total pot $14.28 | Rake $0.71 
Board [Ks 3s 4h 8s 7d]
Seat 1: ninidica
Seat 3: FAZY011 (big blind) showed [2h As] and lost with high card Ace
Seat 5: socito (button) showed [7s Qc] and won ($13.57) with a pair of Sevens
Seat 6: BoyLoc0 (small blind) folded before Flop



PokerStars Hand #254384321442:  Hold'em No Limit ($0.50/$1.00 USD) - 2025/01/15 16:36:00 WET [2025/01/15 11:36:00 ET]
Table 'Zelinda III' 6-max Seat #6 is the button
Seat 1: ninidica ($0 in chips) is sitting out
Seat 2: fobot21 ($100 in chips) is sitting out
Seat 3: FAZY011 ($3.11 in chips) 
Seat 4: EAroca ($100 in chips) 
Seat 5: socito ($118.05 in chips) 
Seat 6: BoyLoc0 ($101 in chips) 
FAZY011: posts small blind $0.50
EAroca: posts big blind $1
*** HOLE CARDS ***
socito: folds 
BoyLoc0: folds 
FAZY011: folds 
Uncalled bet ($0.50) returned to EAroca
EAroca collected $1 from pot
EAroca: doesn't show hand 
*** SUMMARY ***
Total pot $1 | Rake $0 
Seat 1: ninidica
Seat 2: fobot21
Seat 3: FAZY011 (small blind) folded before Flop
Seat 4: EAroca (big blind) collected ($1)
Seat 5: socito folded before Flop (didn't bet)
Seat 6: BoyLoc0 (button) folded before Flop (didn't bet)



PokerStars Hand #254384324034:  Hold'em No Limit ($0.50/$1.00 USD) - 2025/01/15 16:36:11 WET [2025/01/15 11:36:11 ET]
Table 'Zelinda III' 6-max Seat #3 is the button
Seat 1: ninidica ($0 in chips) is sitting out
Seat 2: fobot21 ($100 in chips) is sitting out
Seat 3: FAZY011 ($2.61 in chips) 
Seat 4: EAroca ($100.50 in chips) 
Seat 5: socito ($118.05 in chips) 
Seat 6: BoyLoc0 ($101 in chips) 
EAroca: posts small blind $0.50
socito: posts big blind $1
fobot21: sits out 
*** HOLE CARDS ***
ninidica leaves the table
BoyLoc0: raises $1.50 to $2.50
FAZY011: folds 
EAroca: folds 
socito: folds 
Uncalled bet ($1.50) returned to BoyLoc0
BoyLoc0 collected $2.50 from pot
BoyLoc0: doesn't show hand 
*** SUMMARY ***
Total pot $2.50 | Rake $0 
Seat 1: ninidica
Seat 2: fobot21
Seat 3: FAZY011 (button) folded before Flop (didn't bet)
Seat 4: EAroca (small blind) folded before Flop
Seat 5: socito (big blind) folded before Flop
Seat 6: BoyLoc0 collected ($2.50)



PokerStars Hand #254384327356:  Hold'em No Limit ($0.50/$1.00 USD) - 2025/01/15 16:36:25 WET [2025/01/15 11:36:25 ET]
Table 'Zelinda III' 6-max Seat #4 is the button
Seat 2: fobot21 ($100 in chips) is sitting out
Seat 3: FAZY011 ($2.61 in chips) 
Seat 4: EAroca ($100 in chips) 
Seat 5: socito ($117.05 in chips) 
Seat 6: BoyLoc0 ($102.50 in chips) 
socito: posts small blind $0.50
BoyLoc0: posts big blind $1
fobot21: sits out 
*** HOLE CARDS ***
FAZY011: folds 
EAroca: folds 
socito: raises $2 to $3
BoyLoc0: calls $2
*** FLOP *** [4s 9s 6c]
socito: bets $1.88
BoyLoc0: folds 
Uncalled bet ($1.88) returned to socito
socito collected $5.70 from pot
socito: doesn't show hand 
*** SUMMARY ***
Total pot $6 | Rake $0.30 
Board [4s 9s 6c]
Seat 2: fobot21
Seat 3: FAZY011 folded before Flop (didn't bet)
Seat 4: EAroca (button) folded before Flop (didn't bet)
Seat 5: socito (small blind) collected ($5.70)
Seat 6: BoyLoc0 (big blind) folded on the Flop



PokerStars Hand #254384336487:  Hold'em No Limit ($0.50/$1.00 USD) - 2025/01/15 16:37:04 WET [2025/01/15 11:37:04 ET]
Table 'Zelinda III' 6-max Seat #5 is the button
Seat 2: fobot21 ($100 in chips) 
Seat 3: FAZY011 ($2.61 in chips) 
Seat 4: EAroca ($100 in chips) 
Seat 5: socito ($119.75 in chips) 
Seat 6: BoyLoc0 ($100 in chips) 
BoyLoc0: posts small blind $0.50
fobot21: posts big blind $1
*** HOLE CARDS ***
FAZY011: folds 
EAroca: folds 
socito: raises $1.50 to $2.50
BoyLoc0: folds 
fobot21: folds 
Uncalled bet ($1.50) returned to socito
socito collected $2.50 from pot
socito: doesn't show hand 
*** SUMMARY ***
Total pot $2.50 | Rake $0 
Seat 2: fobot21 (big blind) folded before Flop
Seat 3: FAZY011 folded before Flop (didn't bet)
Seat 4: EAroca folded before Flop (didn't bet)
Seat 5: socito (button) collected ($2.50)
Seat 6: BoyLoc0 (small blind) folded before Flop



PokerStars Hand #254384341619:  Hold'em No Limit ($0.50/$1.00 USD) - 2025/01/15 16:37:25 WET [2025/01/15 11:37:25 ET]
Table 'Zelinda III' 6-max Seat #6 is the button
Seat 2: fobot21 ($100 in chips) 
Seat 3: FAZY011 ($2.61 in chips) 
Seat 4: EAroca ($100 in chips) 
Seat 5: socito ($121.25 in chips) 
Seat 6: BoyLoc0 ($100 in chips) 
fobot21: posts small blind $0.50
FAZY011: posts big blind $1
*** HOLE CARDS ***
EAroca: folds 
socito: folds 
BoyLoc0: raises $1.50 to $2.50
fobot21: raises $9 to $11.50
FAZY011: calls $1.61 and is all-in
BoyLoc0: folds 
Uncalled bet ($8.89) returned to fobot21
*** FLOP *** [Kd Jh 6s]
*** TURN *** [Kd Jh 6s] [Ad]
*** RIVER *** [Kd Jh 6s Ad] [Ac]
*** SHOW DOWN ***
fobot21: shows [Qc Kc] (two pair, Aces and Kings)
FAZY011: shows [4h 5s] (a pair of Aces)
fobot21 collected $7.33 from pot
*** SUMMARY ***
Total pot $7.72 | Rake $0.39 
Board [Kd Jh 6s Ad Ac]
Seat 2: fobot21 (small blind) showed [Qc Kc] and won ($7.33) with two pair, Aces and Kings
Seat 3: FAZY011 (big blind) showed [4h 5s] and lost with a pair of Aces
Seat 4: EAroca folded before Flop (didn't bet)
Seat 5: socito folded before Flop (didn't bet)
Seat 6: BoyLoc0 (button) folded before Flop



PokerStars Hand #254384349606:  Hold'em No Limit ($0.50/$1.00 USD) - 2025/01/15 16:38:00 WET [2025/01/15 11:38:00 ET]
Table 'Zelinda III' 6-max Seat #2 is the button
Seat 3: FAZY011 ($0 in chips) is sitting out
Seat 2: fobot21 ($104.72 in chips) 
Seat 4: EAroca ($100 in chips) 
Seat 5: socito ($121.25 in chips) 
Seat 6: BoyLoc0 ($100 in chips) 
EAroca: posts small blind $0.50
socito: posts big blind $1
*** HOLE CARDS ***
BoyLoc0: raises $1.50 to $2.50
fobot21: folds 
EAroca: folds 
socito: folds 
Uncalled bet ($1.50) returned to BoyLoc0
BoyLoc0 collected $2.50 from pot
BoyLoc0: doesn't show hand 
*** SUMMARY ***
Total pot $2.50 | Rake $0 
Seat 3: FAZY011
Seat 2: fobot21 (button) folded before Flop (didn't bet)
Seat 4: EAroca (small blind) folded before Flop
Seat 5: socito (big blind) folded before Flop
Seat 6: BoyLoc0 collected ($2.50)



PokerStars Hand #254384353063:  Hold'em No Limit ($0.50/$1.00 USD) - 2025/01/15 16:38:14 WET [2025/01/15 11:38:14 ET]
Table 'Zelinda III' 6-max Seat #4 is the button
Seat 2: fobot21 ($104.72 in chips) 
Seat 3: FAZY011 ($10 in chips) 
Seat 4: EAroca ($100 in chips) 
Seat 5: socito ($120.25 in chips) 
Seat 6: BoyLoc0 ($101.50 in chips) 
socito: posts small blind $0.50
BoyLoc0: posts big blind $1
FAZY011: posts small blind $0.50
*** HOLE CARDS ***
fobot21: raises $1.50 to $2.50
FAZY011: folds 
EAroca: folds 
socito: folds 
BoyLoc0: folds 
Uncalled bet ($1.50) returned to fobot21
fobot21 collected $3 from pot
fobot21: doesn't show hand 
*** SUMMARY ***
Total pot $3 | Rake $0 
Seat 2: fobot21 collected ($3)
Seat 3: FAZY011 folded before Flop (didn't bet)
Seat 4: EAroca (button) folded before Flop (didn't bet)
Seat 5: socito (small blind) folded before Flop
Seat 6: BoyLoc0 (big blind) folded before Flop



PokerStars Hand #254384356905:  Hold'em No Limit ($0.50/$1.00 USD) - 2025/01/15 16:38:31 WET [2025/01/15 11:38:31 ET]
Table 'Zelinda III' 6-max Seat #5 is the button
Seat 2: fobot21 ($106.72 in chips) is sitting out
Seat 3: FAZY011 ($9.50 in chips) 
Seat 4: EAroca ($100 in chips) 
Seat 5: socito ($119.75 in chips) 
Seat 6: BoyLoc0 ($100.50 in chips) 
BoyLoc0: posts small blind $0.50
fobot21: is sitting out 
FAZY011: posts big blind $1
*** HOLE CARDS ***
EAroca: folds 
socito: folds 
BoyLoc0: folds 
Uncalled bet ($0.50) returned to FAZY011
FAZY011 collected $1 from pot
*** SUMMARY ***
Total pot $1 | Rake $0 
Seat 2: fobot21
Seat 3: FAZY011 (big blind) collected ($1)
Seat 4: EAroca folded before Flop (didn't bet)
Seat 5: socito (button) folded before Flop (didn't bet)
Seat 6: BoyLoc0 (small blind) folded before Flop



PokerStars Hand #254384358747:  Hold'em No Limit ($0.50/$1.00 USD) - 2025/01/15 16:38:39 WET [2025/01/15 11:38:39 ET]
Table 'Zelinda III' 6-max Seat #6 is the button
Seat 2: fobot21 ($106.72 in chips) is sitting out
Seat 4: EAroca ($100 in chips) is sitting out
Seat 3: FAZY011 ($10 in chips) 
Seat 5: socito ($119.75 in chips) 
Seat 6: BoyLoc0 ($100 in chips) 
FAZY011: posts small blind $0.50
EAroca: is sitting out 
socito: posts big blind $1
*** HOLE CARDS ***
BoyLoc0: folds 
EAroca leaves the table
FAZY011: raises $1 to $2
socito: calls $1
*** FLOP *** [9s 7s 4c]
FAZY011: checks 
socito: bets $1
FAZY011: folds 
Uncalled bet ($1) returned to socito
socito collected $3.80 from pot
socito: doesn't show hand 
*** SUMMARY ***
Total pot $4 | Rake $0.20 
Board [9s 7s 4c]
Seat 2: fobot21
Seat 4: EAroca
Seat 3: FAZY011 (small blind) folded on the Flop
Seat 5: socito (big blind) collected ($3.80)
Seat 6: BoyLoc0 (button) folded before Flop (didn't bet)



PokerStars Hand #254384364113:  Hold'em No Limit ($0.50/$1.00 USD) - 2025/01/15 16:39:02 WET [2025/01/15 11:39:02 ET]
Table 'Zelinda III' 6-max Seat #3 is the button
Seat 2: fobot21 ($106.72 in chips) is sitting out
Seat 3: FAZY011 ($8 in chips) 
Seat 5: socito ($121.55 in chips) 
Seat 6: BoyLoc0 ($100 in chips) 
socito: posts small blind $0.50
BoyLoc0: posts big blind $1
*** HOLE CARDS ***
FAZY011: calls $1
socito: raises $2.50 to $3.50
BoyLoc0: folds 
FAZY011: folds 
Uncalled bet ($2.50) returned to socito
socito collected $3 from pot
socito: doesn't show hand 
*** SUMMARY ***
Total pot $3 | Rake $0 
Seat 2: fobot21
Seat 3: FAZY011 (button) folded before Flop
Seat 5: socito (small blind) collected ($3)
Seat 6: BoyLoc0 (big blind) folded before Flop



PokerStars Hand #254384367537:  Hold'em No Limit ($0.50/$1.00 USD) - 2025/01/15 16:39:17 WET [2025/01/15 11:39:17 ET]
Table 'Zelinda III' 6-max Seat #5 is the button
Seat 2: fobot21 ($106.72 in chips) is sitting out
Seat 3: FAZY011 ($7 in chips) 
Seat 5: socito ($123.55 in chips) 
Seat 6: BoyLoc0 ($100 in chips) 
BoyLoc0: posts small blind $0.50
FAZY011: posts big blind $1
*** HOLE CARDS ***
socito: folds 
BoyLoc0: raises $2 to $3
FAZY011: calls $2
*** FLOP *** [Ah Qd 4d]
BoyLoc0: checks 
FAZY011: bets $4 and is all-in
BoyLoc0: calls $4
*** TURN *** [Ah Qd 4d] [2h]
*** RIVER *** [Ah Qd 4d 2h] [3h]
*** SHOW DOWN ***
BoyLoc0: shows [Ad 9c] (a pair of Aces)
FAZY011: shows [Th Qs] (a pair of Queens)
BoyLoc0 collected $13.30 from pot
*** SUMMARY ***
Total pot $14 | Rake $0.70 
Board [Ah Qd 4d 2h 3h]
Seat 2: fobot21
Seat 3: FAZY011 (big blind) showed [Th Qs] and lost with a pair of Queens
Seat 5: socito (button) folded before Flop (didn't bet)
Seat 6: BoyLoc0 (small blind) showed [Ad 9c] and won ($13.30) with a pair of Aces



PokerStars Hand #254384373297:  Hold'em No Limit ($0.50/$1.00 USD) - 2025/01/15 16:39:42 WET [2025/01/15 11:39:42 ET]
Table 'Zelinda III' 6-max Seat #6 is the button
Seat 2: fobot21 ($106.72 in chips) is sitting out
Seat 3: FAZY011 ($0 in chips) is sitting out
Seat 5: socito ($123.55 in chips) 
Seat 6: BoyLoc0 ($106.30 in chips) 
BoyLoc0: posts small blind $0.50
socito: posts big blind $1
*** HOLE CARDS ***
BoyLoc0: raises $1.50 to $2.50
FAZY011 leaves the table
socito: raises $9 to $11.50
BoyLoc0: folds 
Uncalled bet ($9) returned to socito
socito collected $5 from pot
socito: doesn't show hand 
*** SUMMARY ***
Total pot $5 | Rake $0 
Seat 2: fobot21
Seat 3: FAZY011
Seat 5: socito (big blind) collected ($5)
Seat 6: BoyLoc0 (button) (small blind) folded before Flop



PokerStars Hand #254384378463:  Hold'em No Limit ($0.50/$1.00 USD) - 2025/01/15 16:40:04 WET [2025/01/15 11:40:04 ET]
Table 'Zelinda III' 6-max Seat #5 is the button
Seat 2: fobot21 ($106.72 in chips) is sitting out
Seat 5: socito ($126.05 in chips) 
Seat 6: BoyLoc0 ($103.80 in chips) 
socito: posts small blind $0.50
BoyLoc0: posts big blind $1
*** HOLE CARDS ***
socito: raises $1.50 to $2.50
BoyLoc0: calls $1.50
*** FLOP *** [Jd 8d 5c]
BoyLoc0: checks 
socito: bets $1.57
BoyLoc0: calls $1.57
*** TURN *** [Jd 8d 5c] [Kc]
BoyLoc0: checks 
socito: checks 
*** RIVER *** [Jd 8d 5c Kc] [Qc]
BoyLoc0: checks 
socito: checks 
*** SHOW DOWN ***
BoyLoc0: shows [4c 4h] (a pair of Fours)
socito: shows [5s Ac] (a pair of Fives)
socito collected $7.73 from pot
*** SUMMARY ***
Total pot $8.14 | Rake $0.41 
Board [Jd 8d 5c Kc Qc]
Seat 2: fobot21
Seat 5: socito (button) (small blind) showed [5s Ac] and won ($7.73) with a pair of Fives
Seat 6: BoyLoc0 (big blind) showed [4c 4h] and lost with a pair of Fours



PokerStars Hand #254384385867:  Hold'em No Limit ($0.50/$1.00 USD) - 2025/01/15 16:40:35 WET [2025/01/15 11:40:35 ET]
Table 'Zelinda III' 6-max Seat #6 is the button
Seat 2: fobot21 ($106.72 in chips) is sitting out
Seat 5: socito ($129.71 in chips) 
Seat 6: BoyLoc0 ($100 in chips) 
BoyLoc0: posts small blind $0.50
socito: posts big blind $1
*** HOLE CARDS ***
BoyLoc0: raises $1.50 to $2.50
socito: calls $1.50
*** FLOP *** [8s 9s As]
socito: checks 
BoyLoc0: checks 
*** TURN *** [8s 9s As] [Ts]
socito: checks 
BoyLoc0: checks 
*** RIVER *** [8s 9s As Ts] [Td]
fobot21 leaves the table
socito: bets $3.56
BoyLoc0: calls $3.56
*** SHOW DOWN ***
socito: shows [2h Kh] (a pair of Tens)
BoyLoc0: shows [Ah 6h] (two pair, Aces and Tens)
BoyLoc0 collected $11.51 from pot
*** SUMMARY ***
Total pot $12.12 | Rake $0.61 
Board [8s 9s As Ts Td]
Seat 2: fobot21
Seat 5: socito (big blind) showed [2h Kh] and lost with a pair of Tens
Seat 6: BoyLoc0 (button) (small blind) showed [Ah 6h] and won ($11.51) with two pair, Aces and Tens



PokerStars Hand #254384399803:  Hold'em No Limit ($0.50/$1.00 USD) - 2025/01/15 16:41:34 WET [2025/01/15 11:41:34 ET]
Table 'Zelinda III' 6-max Seat #5 is the button
Seat 5: socito ($123.65 in chips) 
Seat 6: BoyLoc0 ($105.45 in chips) 
socito: posts small blind $0.50
BoyLoc0: posts big blind $1
*** HOLE CARDS ***
socito: folds 
Uncalled bet ($0.50) returned to BoyLoc0
BoyLoc0 collected $1 from pot
BoyLoc0: doesn't show hand 
*** SUMMARY ***
Total pot $1 | Rake $0 
Seat 5: socito (button) (small blind) folded before Flop
Seat 6: BoyLoc0 (big blind) collected ($1)



PokerStars Hand #254384401825:  Hold'em No Limit ($0.50/$1.00 USD) - 2025/01/15 16:41:43 WET [2025/01/15 11:41:43 ET]
Table 'Zelinda III' 6-max Seat #6 is the button
Seat 5: socito ($123.15 in chips) 
Seat 6: BoyLoc0 ($105.95 in chips) 
BoyLoc0: posts small blind $0.50
socito: posts big blind $1
*** HOLE CARDS ***
BoyLoc0: raises $1.50 to $2.50
socito: raises $7.50 to $10
BoyLoc0: calls $7.50
*** FLOP *** [Js 9d Ts]
socito: bets $9.50
BoyLoc0: folds 
Uncalled bet ($9.50) returned to socito
socito collected $19 from pot
socito: doesn't show hand 
*** SUMMARY ***
Total pot $20 | Rake $1 
Board [Js 9d Ts]
Seat 5: socito (big blind) collected ($19)
Seat 6: BoyLoc0 (button) (small blind) folded on the Flop



PokerStars Hand #254384408169:  Hold'em No Limit ($0.50/$1.00 USD) - 2025/01/15 16:42:10 WET [2025/01/15 11:42:10 ET]
Table 'Zelinda III' 6-max Seat #5 is the button
Seat 5: socito ($132.15 in chips) 
Seat 6: BoyLoc0 ($100 in chips) 
socito: posts small blind $0.50
BoyLoc0: posts big blind $1
*** HOLE CARDS ***
socito: folds 
Uncalled bet ($0.50) returned to BoyLoc0
BoyLoc0 collected $1 from pot
BoyLoc0: doesn't show hand 
*** SUMMARY ***
Total pot $1 | Rake $0 
Seat 5: socito (button) (small blind) folded before Flop
Seat 6: BoyLoc0 (big blind) collected ($1)



PokerStars Hand #254384410791:  Hold'em No Limit ($0.50/$1.00 USD) - 2025/01/15 16:42:21 WET [2025/01/15 11:42:21 ET]
Table 'Zelinda III' 6-max Seat #6 is the button
Seat 5: socito ($131.65 in chips) 
Seat 6: BoyLoc0 ($100.50 in chips) 
BoyLoc0: posts small blind $0.50
socito: posts big blind $1
*** HOLE CARDS ***
BoyLoc0: folds 
Uncalled bet ($0.50) returned to socito
socito collected $1 from pot
socito: doesn't show hand 
*** SUMMARY ***
Total pot $1 | Rake $0 
Seat 5: socito (big blind) collected ($1)
Seat 6: BoyLoc0 (button) (small blind) folded before Flop



PokerStars Hand #254384412267:  Hold'em No Limit ($0.50/$1.00 USD) - 2025/01/15 16:42:27 WET [2025/01/15 11:42:27 ET]
Table 'Zelinda III' 6-max Seat #5 is the button
Seat 5: socito ($132.15 in chips) 
Seat 6: BoyLoc0 ($100 in chips) 
socito: posts small blind $0.50
BoyLoc0: posts big blind $1
*** HOLE CARDS ***
socito: folds 
Uncalled bet ($0.50) returned to BoyLoc0
BoyLoc0 collected $1 from pot
BoyLoc0: doesn't show hand 
*** SUMMARY ***
Total pot $1 | Rake $0 
Seat 5: socito (button) (small blind) folded before Flop
Seat 6: BoyLoc0 (big blind) collected ($1)



PokerStars Hand #254384413580:  Hold'em No Limit ($0.50/$1.00 USD) - 2025/01/15 16:42:33 WET [2025/01/15 11:42:33 ET]
Table 'Zelinda III' 6-max Seat #6 is the button
Seat 5: socito ($131.65 in chips) 
Seat 6: BoyLoc0 ($100.50 in chips) 
BoyLoc0: posts small blind $0.50
socito: posts big blind $1
*** HOLE CARDS ***
BoyLoc0: folds 
Uncalled bet ($0.50) returned to socito
socito collected $1 from pot
socito: doesn't show hand 
*** SUMMARY ***
Total pot $1 | Rake $0 
Seat 5: socito (big blind) collected ($1)
Seat 6: BoyLoc0 (button) (small blind) folded before Flop



PokerStars Hand #254384415444:  Hold'em No Limit ($0.50/$1.00 USD) - 2025/01/15 16:42:41 WET [2025/01/15 11:42:41 ET]
Table 'Zelinda III' 6-max Seat #5 is the button
Seat 5: socito ($132.15 in chips) 
Seat 6: BoyLoc0 ($100 in chips) 
socito: posts small blind $0.50
BoyLoc0: posts big blind $1
*** HOLE CARDS ***
socito: raises $1.50 to $2.50
BoyLoc0: raises $8.50 to $11
socito: folds 
Uncalled bet ($8.50) returned to BoyLoc0
BoyLoc0 collected $5 from pot
BoyLoc0: doesn't show hand 
*** SUMMARY ***
Total pot $5 | Rake $0 
Seat 5: socito (button) (small blind) folded before Flop
Seat 6: BoyLoc0 (big blind) collected ($5)



